4052 5358
299 353 426 408 ΙΣΞΤ
1673 349 1899 404 ιωεεγ

1953 349 2218 404 Ειιτιυε.
2345 351 2348 358 ’
3451 355 3553 412 153

293 473 368 525 τινιί
399 473 798 542 experientiam
823 471 1028 526 litteras
1057 487 1120 526 ex
1149 471 1362 524 nomine
1383 469 1564 524 domui
1595 469 1870 538 apostoli:-i
1907 471 1948 524 Α
1981 465 2054 518 rei
2082 465 2306 532 publica!
2337 481 2654 521 succurrere.
2681 467 2926 522 arbitrati
2959 476 3105 534 sunt,
3157 467 3202 522 si
3233 467 3558 536 Burgundiae

293 563 426 616 lalso
453 563 698 628 signatas
731 563 786 616 in
811 564 990 617 medio
1019 562 1322 630 publicavit,
1355 561 1622 630 inquibus
1653 561 1876 614 llardui-
1977 556 2352 624 episcoporum
2377 558 2700 612 sententiam
2737 567 3110 626 sequeremur.
3159 557 3244 613 liii
3293 559 3550 614 nimirum

291 668 414 704 num
447 667 554 720 pro
583 651 772 706 multis
821 652 1142 704 criminibus
1189 651 1702 704 anatlieinatizatum
1755 665 1876 700 esse
1979 647 2143 700 totius
2167 647 2507 700 auctoritatis
2537 659 2807 716 expertes.
2837 665 3122 702 cmumime
3167 651 3440 704 decretum
3475 650 3556 704 fc-

287 745 588 798 eon-tcndit.
617 745 700 796 Ad
725 745 868 812 quod
903 743 1262 796 roborandum
1295 741 1498 808 aliquot
1525 741 1873 808 coepiscopo.
1977 744 2186 800 cerunt,
2220 745 2278 787 ut
2309 747 2414 790 tam
2458 751 2578 790 sese
2621 753 2781 806 quam
2837 729 3024 794 onmcs
3073 739 3316 794 homines
3345 741 3444 794 sub
3472 755 3554 794 sa.

289 853 406 888 rum
441 835 820 890 fraudulenter
849 835 1059 892 illectis,
1091 835 1252 886 etiam
1283 835 1534 886 domuum
1563 843 1874 900 episcopum
1977 835 2258 879 erameuto
2285 827 2740 896 constringet‘ent,
2779 843 2962 896 pacem
2995 829 3246 882 videlicet
3294 839 3348 882 ct
3395 830 3554 899 justi-

289 926 492 980 illiccre
547 927 844 980 cstimavit.
899 928 1134 979 Domnus
1183 934 1358 976 autern
1409 925 1692 992 episcopus
1759 923 1874 990 ejus
1979 916 2108 968 tiam
2151 927 2482 972 servaturos.
2539 917 2852 986 Hujusmodi
2909 921 3070 988 igitur
3097 929 3406 974 commento
3431 935 3554 988 pre-

287 1029 596 1072 cmumenta
629 1018 928 1080 declinans,
961 1017 1206 1084 quamvis
1247 1015 1504 1068 llarduini
1555 1017 1734 1082 lapsus
1779 1013 1876 1064 ali-
1977 1008 2104 1062 dicti
2161 1010 2394 1078 episcopi
2443 1012 2684 1072 excitati,
2741 1011 3034 1080 superioris
3103 1013 3318 1082 quidem
3367 1011 3552 1066 Gallia:

289 1119 414 1177 quot
435 1122 544 1160 non
579 1107 838 1168 nesciret,
885 1108 1040 1174 longe
1093 1106 1366 1168 dissensit,
1405 1104 1654 1172 judicans
1704 1113 1872 1166 certe,
1978 1099 2314 1168 coepiscnpis
2354 1101 2814 1170 conspirantibus,
2844 1103 3006 1156 etiam
3055 1103 3308 1156 domuum
3355 1102 3554 1158 Gerar-

289 1199 630 1253 llardninum
677 1215 1015 1267 nequaquam
1060 1199 1262 1268 judicio
1322 1201 1436 1266 ejus
1487 1199 1680 1250 debere
1726 1195 1876 1248 dam-
1981 1190 2102 1242 dum
2128 1193 2458 1261 episcopum,
2493 1203 2550 1246 ut
2599 1211 2782 1248 secum
2831 1195 3056 1249 sentiret
3095 1195 3298 1264 pariter
3325 1209 3550 1248 monue-

289 1293 458 1362 pnari,
494 1291 652 1358 cujus
675 1291 900 1344 consilio
923 1291 1130 1358 objecta
1157 1290 1382 1342 crimina
1425 1295 1807 1358 perpetrasset.
1833 1287 1872 1338 Α
1981 1291 2125 1336 runt.
2159 1281 2259 1348 Qui
2292 1283 2452 1336 altius
2485 1299 2676 1338 causas
2705 1285 3011 1348 advertens,
3051 1285 3236 1354 procul
3283 1299 3552 1338 renuucrc

289 1383 588 1452 capellanis
615 1383 760 1436 enim
785 1397 992 1444 eorum,
1021 1379 1354 1434 l‘lardninum
1377 1381 1628 1432 hortante
1655 1377 1874 1430 Azelino
1977 1375 2272 1438 cstimavit,
2307 1377 2622 1446 cunctisque
2675 1377 3034 1444 perniciosum
3065 1377 3349 1432 consilium
3379 1393 3442 1432 ac
3471 1377 3552 1430 iu-

289 1473 532 1543 qamdam
567 1473 748 1540 turpia
774 1472 970 1526 fecisse
999 1472 1262 1524 audierat.
1289 1470 1526 1536 Quorum
1577 1485 1702 1520 vero
1747 1483 1876 1520 eon-
1977 1467 2232 1536 possibile.
2261 1467 2580 1538 intelligens,
2617 1469 2819 1521 nullum
2845 1485 3122 1523 assensum
3153 1472 3409 1539 porrexit.
3442 1469 3552 1524 llre

291 1568 456 1622 teutio
483 1567 576 1620 diu
603 1567 840 1620 invicem
873 1563 1152 1625 ventilata,
1189 1575 1254 1614 eo
1299 1575 1468 1628 usque
1505 1559 1786 1628 processit,
1817 1567 1874 1610 nt
1975 1556 2120 1608 enim
2153 1571 2258 1610 non
2293 1565 2400 1610 tam
2431 1558 2742 1626 inpossibile
2785 1575 2944 1626 quam
3001 1559 3348 1624 incongruum
3381 1560 3548 1612 videri

291 1658 546 1712 instinctu
581 1655 852 1710 diabolica
899 1654 950 1706 in
993 1666 1142 1706 arma
1183 1651 1364 1704 volare
1395 1649 1870 1704 excandescereut.
1979 1648 2276 1714 respondit,
2335 1648 2378 1702 si
2417 1649 2558 1719 quod
2601 1649 2794 1720 regalis
2821 1650 2958 1720 juris
3005 1659 3108 1714 est,
3141 1649 3242 1704 sibi
3275 1651 3548 1706 vendicari

291 1747 529 1800 Domnus
553 1755 737 1798 autem
759 1744 1040 1810 cpiscopus
1069 1739 1262 1808 partim
1287 1739 1654 1792 blainlimcuto
1683 1739 1874 1792 verbo-
1910 1803 1948 1824 ῃ
1977 1751 2372 1806 prcsumerent.
2401 1741 2512 1796 [loc
2537 1743 2698 1796 etiam
2729 1743 2887 1796 modo
2917 1752 3118 1796 sancte
3161 1742 3414 1796 :ccclrsiie
3441 1751 3552 1796 sta-

289 1851 402 1888 rum
453 1834 688 1892 lactans,
737 1833 934 1902 partim
985 1831 1264 1884 canonicis
1311 1829 1498 1883 ferulis
1549 1829 1870 1882 alterutrum
1910 1803 1948 1858 Β
1979 1841 2089 1884 tum
2121 1831 2400 1898 confundi,
2433 1849 2550 1903 quite
2581 1835 2809 1904 geminis
2839 1835 3552 1905 personis,regalividelicet

287 1939 548 1994 pongens,
579 1925 646 1978 ad
681 1935 894 1991 tempus
915 1921 1226 1974 difﬁcillime
1273 1921 1658 1990 tranquillavit.
1975 1939 2038 1978 ac
2063 1925 2410 1990 sacerdotali,
2451 1915 2820 1980 administrari
2851 1927 3164 1998 precipitur.
3221 1927 3356 1982 lluic
3407 1927 3550 1982 cuitu

349 2015 442 2068 25.
485 2013 752 2068 Defuncto
773 2009 838 2066 Ai
868 2013 1014 2084 (557)
1039 2011 1386 2065 Remcnsium
1441 2011 1868 2080 archiepiscopn,
1972 2031 2152 2079 orare,
2179 2017 2252 2070 illi
2277 2033 2407 2071 vero
2435 2035 2674 2090 pugnare
2705 2020 2978 2073 tribuitur.
3011 2020 3178 2090 igitur
3205 2035 3388 2090 regum
3432 2033 3553 2074 esse

283 2107 543 2162 Azelinus
573 2107 952 2160 Lauduuensis
1001 2105 1272 2173 quendam
1321 2105 1518 2158 laicqu
1575 2105 1868 2158 Ebuloaem
1975 2106 2271 2161 seditiones
2313 2109 2512 2162 virtute
2561 2125 2936 2179 compescere,
2967 2108 3104 2163 bella
3153 2109 3371 2172 sedare,
3404 2109 3553 2179 pacis

283 2197 520 2260 nomine,
549 2205 707 2251 antea
737 2211 894 2250 suum
931 2197 1290 2249 secretarium
1320 2203 1374 2248 et
1403 2211 1511 2248 sine
1557 2195 1872 2248 calliditatis
1973 2197 2294 2249 commercia
2319 2197 2575 2262 dilatare;
2611 2199 2982 2268 episcoporum
3032 2213 3180 2264 vero,
3215 2213 3368 2267 reges
3391 2207 3448 2252 ut
3475 2199 3556 2252 vi-

287 2291 584 2352 mnscium,
634 2289 976 2353 acclamavit,
1027 2297 1080 2342 et
1133 2299 1191 2342 ut
1241 2305 1336 2342 rex
1391 2289 1731 2350 concederet,
1760 2287 1870 2340 suis
1975 2285 2148 2338 rilitcr
2171 2303 2266 2356 pro
2289 2287 2464 2342 salute
2491 2289 2682 2358 patria:
2707 2299 2945 2358 pugnent
2978 2306 3220 2354 monere,
3247 2299 3306 2342 ut
3329 2289 3552 2344 vincant

283 2383 684 2437 adulationibus
717 2383 1038 2451 inpetravit;
1073 2383 1246 2436 virum
1280 2395 1412 2436 sane
1461 2379 1662 2434 nullius
1704 2379 1870 2432 disci-
1971 2389 2148 2430 orare.
2187 2377 2298 2432 lloc
2327 2393 2456 2448 ergo
2485 2381 2764 2434 decretmn
2811 2379 3176 2449 periculosum
3233 2394 3353 2435 esse
3379 2381 3554 2434 omni-

281 2474 460 2542 pliut'e,
487 2475 620 2528 nihil
648 2475 816 2528 etiam
841 2474 1138 2528 litterarum
1167 2483 1348 2542 preter
1369 2487 1539 2542 pauca
1567 2473 1870 2540 silogismo-
1971 2463 2070 2518 bus
2096 2483 2108 2516 :
2135 2481 2324 2520 omnes
2342 2468 2592 2524 videlicet
2625 2480 2718 2522 aut
2740 2467 2926 2536 jurare
2953 2479 3044 2523 aut
3068 2471 3401 2524 anathemati
3425 2471 3556 2524 sub-

283 2579 396 2618 rum
425 2575 748 2635 argumenta
767 2565 1050 2628 scientem,
1073 2553 1270 2634 quibus
1297 2565 1494 2618 idiotas
1521 2561 1869 2630 acsimpliccs
1962 2553 2164 2624 jacere.
2211 2556 2410 2614 Omnes
2463 2561 2607 2614 enim
2657 2561 2928 2616 communi
2979 2571 3202 2631 peccato
3233 2561 3451 2624 involvi,
3506 2563 3552 2615 si

281 2671 524 2726 quosque
557 2655 828 2710 ludificari
863 2657 1090 2710 solebat.
1119 2657 1232 2710 Sub
1261 2658 1440 2725 specie
1491 2669 1622 2710 vero
1655 2655 1866 2708 littera-
1970 2657 2278 2702 commento
2321 2647 2626 2716 liujusniodi
2673 2660 2973 2705 uterentur.
3007 2652 3190 2720 Itaque
3237 2652 3552 2721 episcopum

285 2763 398 2800 rum
426 2747 495 2800 ad
525 2747 658 2800 tanti
695 2746 922 2801 honoris
947 2747 1218 2816 fastigium
1253 2745 1422 2800 multo
1447 2755 1572 2799 ante.
1595 2745 1866 2808 tendebat,
1970 2738 2378 2795 dissentientem
2425 2744 2590 2796 Ceteri
2627 2743 2930 2814 coepiscopi
2981 2744 3208 2799 occultis
3257 2745 3556 2814 reprehen-
3589 2767 3592 2770 ‘

281 2851 539 2906 spemque
561 2851 716 2891 suam
744 2837 912 2890 multa
939 2838 1168 2907 pecunia
1195 2837 1529 2900 cumulabat,
1553 2851 1715 2905 quant
1740 2849 1868 2889 usu-
1969 2829 2214 2885 sicuibus
2235 2832 2634 2901 improbabant,
2660 2827 2904 2888 dicentes
2947 2849 3070 2888 cum
3117 2849 3222 2888 non
3255 2849 3375 2889 esse
3403 2835 3554 2904 pacis

284 2929 356 2982 ris
387 2925 621 2997 turpiter
651 2929 962 2984 acervabal.
999 2929 1110 2984 lloc
1145 2943 1360 2997 quoque
1393 2927 1649 2980 Azelimis
1695 2927 1866 2980 multo
1969 2921 2224 2986 amicum,
2281 2923 2372 2992 qui
2405 2939 2592 2992 pacem
2645 2925 2952 2981 volentibus
2993 2927 3322 2982 dissentiret.
3357 2925 3553 2980 Postea

283 3027 406 3072 ante
437 3019 690 3089 qumsivit
721 3029 778 3074 et
821 3029 972 3074 nunc
997 3019 1232 3074 maxime
1259 3019 1566 3082 insudabat,
1611 3019 1866 3086 quatinus
1967 3025 2096 3066 vero
2123 3027 2346 3068 suorum
2375 3017 2569 3070 crebro
2617 3017 2924 3072 hortamine
2977 3019 3401 3084 circumventus,
3457 3018 3554 3072 sed

281 3123 376 3177 per
409 3125 532 3163 eum
559 3125 688 3164 suas
713 3109 1045 3164 calliditates
1073 3109 1296 3163 liberius
1329 3117 1628 3163 exerceret.
1655 3109 1734 3162 Ad
1765 3124 1862 3161 cu-
1893 3155 1936 3212 Ο
1969 3104 2204 3158 maxime
2258 3107 2535 3172 abbatum,
2581 3107 2806 3163 Leduini
2858 3109 3004 3181 (359)
3049 3111 3295 3166 \idelicet
3341 3119 3397 3166 et
3447 3111 3554 3166 llo-

277 3197 362 3268 jus
381 3199 782 3254 ordinationem
808 3209 864 3252 et
889 3203 1354 3254 consecrationem
1383 3209 1606 3256 vocatus
1637 3201 1867 3252 domnus
1895 3197 1936 3212 υ
1971 3197 2092 3250 trici
2117 3197 2288 3266 (560),
2321 3211 2542 3269 precatu
2589 3211 2836 3268 coactus,
2889 3203 3164 3270 adquievit
3195 3202 3415 3256 invitus.
3445 3200 3552 3256 Sed

283 3291 588 3360 episcopus,
639 3291 804 3346 altius
857 3291 1190 3354 reelamavit,
1243 3299 1298 3344 et
1327 3291 1428 3346 hoc
1460 3291 1757 3360 indignum,
1807 3301 1866 3343 ut
1969 3290 2112 3355 quod
2139 3301 2266 3342 ante
2291 3291 2640 3354 reclamabat,
2685 3302 2868 3362 postea
2899 3293 3146 3363 probavit
3180 3302 3424 3347 eventus.
3452 3291 3550 3345 Vix

281 3391 460 3451 postea
493 3383 740 3451 probavit
787 3392 1036 3444 eventus,
1092 3391 1146 3437 et
1193 3391 1383 3436 contra
1429 3381 1608 3434 divina
1655 3379 1864 3449 eloquia
1967 3381 2112 3432 enim
2143 3383 2452 3449 paucissimi
2473 3384 2678 3436 crimen
2703 3383 2930 3452 periurii.
2955 3393 3266 3438 evaserunt.

281 3469 480 3526 factum
512 3473 664 3541 juxta
697 3472 826 3526 illud
853 3471 1080 3540 apostoli
1117 3489 1130 3524 :
1169 3469 1290 3524 Non
1323 3473 1618 3540 neaphitum
1649 3469 1698 3538 (I
1725 3469 1863 3523 Tim.
2031 3471 2120 3526 28.
2163 3471 2254 3526 Sic
2279 3473 2460 3541 itaque
2483 3475 2712 3526 domnus
2733 3475 3019 3543 episcopus
3045 3474 3224 3526 divina
3247 3473 3552 3527 crmlitionc

283 3577 362 3628 ut,
389 3561 470 3632 6),
506 3563 628 3616 viva
655 3561 1098 3617 contradictione
1125 3561 1418 3630 redarguit.
1968 3571 2232 3626 scutatus,
2260 3563 2404 3631 leges
2423 3563 2861 3626 :ccclesiasticas,
2883 3575 3040 3632 prout
3063 3572 3294 3633 poterat,
3323 3561 3552 3616 viriliter

345 3651 434 3705 26.
463 3651 654 3707 Postea
689 3662 870 3706 tamen
903 3651 1234 3720 procedente
1259 3659 1500 3720 tempore
1523 3649 1711 3702 videns
1737 3649 1862 3718 quia
1970 3654 2240 3714 tuebatur,
2277 3654 2594 3723 «motisque
2629 3655 3044 3708 adversantibus
3091 3655 3342 3710 obviabat
3407 3655 3548 3708 invi-

283 3743 560 3796 emendari
603 3759 708 3798 non
743 3751 980 3811 poterat,
1018 3742 1256 3794 fraterna
1289 3741 1553 3810 siquidem
1585 3741 1862 3808 coepisco-
1968 3756 2105 3800 ctus.
2141 3741 2500 3800 Leodicenses
2524 3761 2652 3816 ergo
2683 3745 3110 3811 archidiaconos,
3141 3747 3231 3815 qui
3253 3753 3343 3798 aut
3365 3759 3550 3800 amore
3589 3757 3592 3762 '

281 3845 470 3900 porum
507 3835 701 3901 quibus
767 3834 1060 3887 inhaeserat
1103 3833 1494 3888 annnonitione
1537 3833 1750 3892 ductus.
1796 3833 1862 3886 ad
1967 3837 2212 3905 pecuniae
2241 3837 2647 3890 autamicorum
2671 3837 2842 3906 gratia
2859 3837 3022 3900 ducti,
3051 3839 3550 3891 cxcommuuicatos
3587 3855 3590 3858 ν

281 3925 548 3993 quandam
599 3926 872 3988 sinodum,
921 3941 1086 3995 quam
1141 3925 1192 3978 in
1227 3925 1406 3979 Monte
1441 3935 1644 3978 sanctae
1685 3923 1865 3976 Marhe
1968 3926 2036 3978 ab
2058 3926 2188 3994 ipsis
2223 3925 2508 3980 cunabulis
2531 3935 2699 3980 totum
2725 3929 2849 3980 vitze
2875 3928 3108 3996 spatium
3137 3929 3188 3980 in
3231 3927 3376 3980 omni
3428 3943 3551 3996 pra-
3585 3947 3590 3952 ·

283 4017 428 4088 (558)
462 4018 788 4072 celebraturi
813 4025 996 4073 essent
1024 4058 1039 4082 ,
1071 4027 1424 4072 convenerat.
1453 4017 1556 4072 Ubi
1605 4016 1862 4069 nimirum
1911 4051 1920 4060 ι
1965 4017 2374 4084 vitatisgencre
2411 4013 2875 4083 censummantcs,
2911 4019 3050 4072 inter
3089 4017 3275 4071 ﬁdeles
3329 4018 3548 4086 quidem
3585 4035 3590 4042 '

281 4109 536 4164 Azelinus
559 4111 756 4166 timens
787 4110 1124 4180 objectioues
1155 4109 1442 4174 llarduini,
1474 4125 1634 4178 quem
1679 4123 1864 4178 suspc-
1965 4109 2302 4164 Christianos
2327 4111 2693 4164 concedebant
2725 4111 2926 4179 pariter
2951 4111 3228 4172 tumulari,
3253 4109 3400 4176 justo
3431 4113 3546 4164 red-

283 4211 424 4256 ctum
457 4203 712 4266 habebat,
737 4203 884 4257 illius
909 4211 1220 4258 commenta
1261 4211 1576 4271 pervertens
1600 4200 1702 4255 sibi
1731 4213 1863 4252 con-
1967 4200 2172 4267 arguit,
2207 4207 2264 4253 et
2303 4209 2363 4253 ut
2397 4201 2498 4254 hoc
2525 4201 2909 4264 abhorrerent,
2941 4198 3179 4254 fraterna
3209 4201 3549 4254 correctione
3587 4203 3590 4206 ’

285 4291 462 4354 soluit,
501 4293 918 4362 epistolamque,
967 4309 1134 4362 quam
1193 4293 1260 4346 dc
1289 4290 1549 4344 llarduini
1581 4289 1754 4357 culpis
1785 4289 1868 4342 in-
1965 4293 2267 4344 ammouuit
2297 4293 2399 4345 hoc
2427 4293 2624 4345 modo:
2661 4291 2972 4346 «(lerat-dus
3021 4292 3197 4361 gratia
3257 4291 3370 4356 Dei,
3421 4291 3549 4346 licet
3589 4311 3596 4320 ’

287 4385 598 4456 scripserat,
661 4385 754 4439 uni
803 4386 1182 4454 episcoporum
1253 4381 1496 4451 porrexit
1555 4380 1859 4448 legendam.
1967 4383 2270 4448 inmeritus,
2313 4383 2620 4452 episcolius,
2669 4391 2872 4436 sancta:
2899 4382 3246 4437 Leodicensis
3290 4382 3550 4437 a‘cclesite

287 4475 408 4544 Quae
431 4493 554 4532 cum
577 4477 682 4531 alta
715 4493 848 4532 voce
875 4478 926 4530 in
953 4477 1132 4530 medio
1159 4475 1451 4544 legeretur,
1499 4473 1738 4526 auditum
1781 4481 1864 4526 est
1896 4491 1942 4547 υ
1967 4474 2368 4529 archidiaconis
2393 4513 2407 4537 ,
2465 4473 2594 4526 illud
2639 4473 2888 4542 supplere
2955 4473 3195 4526 moribus
3248 4470 3546 4538 iuoil‘ensis,

289 4569 574 4623 anathema
629 4583 748 4622 esse
799 4571 942 4622 inter
971 4583 1084 4630 eos,
1119 4565 1454 4618 llarduinum
1499 4563 1752 4618 videlicet
1795 4565 1865 4618 ibi
1972 4567 2114 4636 quod
2159 4566 2324 4636 exigit
2381 4566 2718 4636 prerogotiva
2767 4565 3019 4618 nominis.
3043 4564 3308 4631 Quoniam
3333 4563 3548 4632 quidem

293 4657 608 4712 adstantem.
636 4657 754 4724 Quo
775 4657 917 4711 lecto
949 4657 1174 4710 sinodus
1225 4655 1594 4724 perturbatur.
1644 4669 1866 4724 magna-
1973 4673 2188 4728 semper
2239 4657 2304 4710 de
2353 4656 2596 4710 caritatis
2645 4665 2838 4709 vestrae
2890 4657 3103 4710 actibus
3151 4656 3385 4710 fraterna
3421 4653 3552 4709 alle-

293 4762 390 4818 qne
411 4749 692 4803 altercatio
721 4749 886 4812 facta,
938 4756 1120 4802 tamen
1169 4747 1478 4814 diligentius
1531 4745 1866 4801 discutienda
1899 4787 1904 4796 .
1975 4751 2156 4806 ctione
2183 4747 2461 4810 sollicitor,
2499 4754 2639 4801 pete.
2673 4744 2920 4812 (Reliqua
2947 4748 3136 4800 videin
3161 4747 3418 4800 ςειωωο
3442 4743 3554 4798 pa-

293 4837 342 4894 in
373 4841 594 4895 alteram
625 4841 876 4894 sinodum
903 4855 1072 4908 usque
1103 4837 1368 4892 dill'ertur.
1621 4863 1624 4868 -
1857 4861 1860 4864 ’
1977 4841 2212 4911 trologirr
2238 4851 2366 4892 tom.
2395 4836 2594 4899 CXLII,
2622 4835 2722 4888 col.
2763 4837 2946 4908 1515.)
3307 4869 3312 4872 -
3515 4883 3520 4886 .

359 4929 444 4983 2'7.
486 4931 605 5001 Ipso
647 4931 698 4984 in
749 4941 988 4999 tempore
1039 4931 1280 4982 videntes
1315 4929 1550 4992 episcopi
1609 4929 1866 4984 Rei-oldus

2046 4935 2118 4988 9.9
2181 4931 2382 4984 Dehinc
2445 4943 2574 4981 vero
2646 4925 3040 4982 Adalbcronem
3111 4923 3555 4980 LtltldttllCllSitll“

295 5017 778 5084 Suessioncnsium,
805 5031 857 5075 et
886 5019 1248 5075 Walerannus
1277 5021 1710 5086 Belvacensium,
1755 5036 1866 5090 prze
1975 5024 2280 5095 praesulem,
2313 5020 2402 5087 qui
2427 5017 2785 5088 episcopium,
2823 5035 2934 5078 uim
2961 5017 3304 5082 iungebatur,
3331 5013 3560 5067 Widoni

297 5105 630 5152 inlmoillilnln
681 5113 823 5154 rnoic
853 5113 1090 5154 nom-silit;
1135 5111 1352 5154 miiilmn
1377 5113 1724 5154 nvionnlilmc
1753 5121 1864 5154 ctu-
1975 5116 2188 5156 nimii-0-
2231 5117 2406 5156 nmmlt
2459 5111 2706 5156 videlicet
2745 5107 2959 5156 Iitzl‘hltli
3013 5108 3276 5156 cltlscom.
3323 5106 3562 5156 vendere
