4026 5370
403 317 548 408 περ’

1443 349 1667 406 GESTA
1707 338 2120 404 PONTIFICUM
2161 339 2761 402 CAMERACENSIUM.

3549 351 3670 404 ιιισ

401 473 605 520 sancta:
656 463 1032 526 'Landunensis
1094 464 1334 520 ecclesia
1393 466 1644 534 episcopo
1692 457 1973 515 Gerardus
2000 459 2047 513 A
2079 452 2214 509 forte
2243 470 2306 508 ex
2330 473 2632 525 consensu;
2671 480 2689 511 ι
2734 469 2827 514 aut
2852 461 2894 514 si
2920 461 3160 516 debitum
3190 463 3374 520 uxoris
3395 479 3496 534 per
3520 479 3656 520 Octo

405 556 577 626 gratia
601 555 695 614 Dei
718 556 1087 626 coepiscopns.
1115 555 1224 612 Etsi
1259 557 1536 626 hucusque
1564 556 1714 610 vario
1737 556 1802 609 de
1824 555 1978 609 vobis
2005 599 2007 602 ‹

403 645 578 714 plebis
627 660 843 702 rumore
889 645 1024 700 nihil
1066 645 1438 711 movebamur,
1489 666 1507 699 ι
1557 655 1663 700 etc.
1716 644 1855 700 Vide.
1887 647 1976 699 ubi

403 751 583 805 supra,
611 737 714 792 col.
743 735 897 791 l5l7.

473 826 565 880 50.
607 828 737 881 ltcm
790 829 856 881 ad
897 827 1360 896 archiepiscopum
1400 825 1693 882 Ebnlonem
1733 826 1823 896 qui
1875 827 2008 880 hoc,

405 925 777 980 consenserat,
818 917 891 971 ita
931 916 1121 972 scribit
1157 933 1170 970 :
1225 935 1244 969 ι
1295 915 1521 972 Ebuloni
1563 915 1974 986 archiepiscopo

403 1005 674 1064 Cerardus
695 1007 892 1062 nullius
913 1007 1088 1062 meriti
1115 1007 1488 1076 coepisc0pus.
1514 1007 1778 1074 Quoniam
1802 1021 1973 1075 quan-

403 1097 526 1152 dam
557 1097 876 1152 execranda:
902 1098 1269 1167 usurpationis
1299 1099 1590 1152 novitatem
1626 1097 1760 1152 infra
1792 1099 1973 1154 dioce-

402 1188 503 1243 sim
525 1196 756 1244 vestram
789 1188 1096 1246 coalescere
1125 1190 1450 1255 audivimus,
1483 1210 1502 1243 ι
1531 1201 1638 1246 etc.
1672 1189 1794 1244 Vide
1817 1191 1968 1256 ibid.,

401 1277 502 1336 col.
540 1278 698 1335 1518.-

469 1369 557 1424 51.
597 1369 680 1424 Ad
716 1371 1028 1441 episcopum
1063 1371 1538 1436 Snessonensmm,
1568 1373 1712 1428 unde
1742 1388 1906 1442 supra
1952 1392 1964 1426 :

404 1479 424 1510 ι
472 1459 701 1516 Beroldo
727 1463 944 1516 nomine
967 1472 1021 1516 et
1052 1464 1244 1519 merito
1274 1465 1526 1532 episcopo
1551 1464 1824 1519 Gerardus
1852 1464 1971 1518 nul-

397 1549 503 1606 lius
524 1551 702 1607 meriti
727 1553 1100 1622 coepiscopus,
1130 1553 1387 1624 quicquid
1413 1555 1478 1609 ad
1501 1554 1657 1610 beate
1681 1554 1973 1610 vivendum.

397 1643 763 1711 priestantius.
799 1643 1063 1710 Quoniam
1092 1644 1362 1714 quandam
1399 1647 1716 1700 execranda:
1742 1661 1969 1701 consue-

400 1732 601 1788 tudinis
635 1734 931 1790 novitatem
979 1735 1116 1791 intra
1160 1747 1400 1791 sanctam
1444 1737 1741 1792 recclesiam
1786 1738 1965 1800 coale-

397 1835 552 1878 soere
579 1825 906 1890 audivimus,
943 1845 962 1880 ι
998 1837 1104 1882 etc.
1152 1826 1280 1886 Vide
1303 1829 1456 1892 ibid.,
1485 1828 1773 1888 col.,15l8.

466 1910 553 1965 52.
603 1930 645 1964 ι.
676 1913 950 1970 Gerardus
990 1916 1227 1982 nomine,
1279 1932 1384 1971 non
1414 1918 1608 1972 merito
1658 1919 1970 1989 episcopus,

397 1999 637 2056 Leduino
666 2001 849 2058 abbati
879 2013 935 2059 et
972 2005 1118 2060 omni
1155 2008 1557 2078 congregationi
1595 2010 1766 2063 sancti
1797 1995 2002 2064 Patris

397 2092 568 2148 nostri
600 2093 812 2148 Vedasti
848 2095 949 2150 sub
972 2111 1038 2150 eo
1063 2096 1302 2164 degenti,
1331 2108 1387 2152 et
1422 2099 1675 2155 omnibus
1701 2099 1843 2154 hanc
1874 2115 1970 2169 pa-

398 2180 799 2248 ginamdevote
829 2182 1148 2255 legentibus,
1176 2195 1230 2240 et
1252 2187 1359 2242 vita
1389 2196 1438 2242 et
1464 2203 1566 2256 pax
1591 2204 1622 2240 a
1656 2189 1764 2244 Deo
1791 2189 1972 2242 inulti-

396 2271 648 2342 plicetur,
673 2277 761 2344 qui
786 2284 868 2331 est
892 2277 997 2331 vita
1025 2291 1082 2332 et
1106 2278 1273 2349 gloria
1296 2281 1507 2335 eunetis
1537 2281 1588 2334 in
1622 2296 1678 2335 se
1700 2282 1972 2336 credenti-

395 2366 519 2424 bus.
552 2367 822 2434 Quoniam
864 2380 1066 2426 sanctte
1107 2372 1296 2427 matris
1324 2371 1586 2428 mcclesiae
1617 2376 1971 2443 cognovimus

395 2471 492 2513 vos
511 2472 631 2513 esse
661 2459 853 2526 ﬁlium,
879 2461 1139 2522 imitando
1162 2472 1370 2532 patrem
1401 2473 1642 2520 vestrum
1667 2466 1971 2528 misericor-

397 2548 520 2603 dem
548 2549 741 2616 Deum,
775 2571 792 2603 ι
831 2560 941 2606 etc.
984 2550 1109 2606 Vide
1135 2553 1222 2615 ubi
1246 2571 1428 2622 supra,
1457 2557 1555 2610 col.
1592 2556 1750 2611 1519.

463 2641 555 2697 55.
588 2662 608 2694 ι
631 2643 907 2701 Cerardus
931 2646 1223 2716 episc0pus
1249 2648 1490 2714 nomine,
1515 2664 1624 2703 non
1653 2649 1868 2715 merito,
1899 2649 1965 2704 G.

394 2733 578 2790 abbati
622 2735 878 2790 virtutum
917 2737 1160 2792 roborari
1199 2739 1570 2794 incrementis.
1608 2739 1971 2796 Leodieenses

395 2825 762 2882 archidiaconi
793 2843 981 2897 .nuper
1027 2829 1097 2884 de
1143 2828 1400 2887 llezelino
1448 2842 1504 2886 et
1539 2843 1702 2902 nepte
1758 2843 1966 2898 nostra,

395 2932 566 2981 uxore
593 2918 710 2988 ejus
735 2919 900 2985 dicta,
931 2921 1238 2980 habuerunt
1265 2923 1584 2990 concilium,
1625 2925 1780 2982 unde.
1799 2926 1971 2980 mira-

395 3024 542 3075 mur,
590 3019 876 3080 postquam
918 3013 1266 3072 cx.veritate
1302 3017 1674 3087 cognovimus,
1726 3019 1868 3088 quod
1903 3027 1973 3073 et
2004 3057 2006 3060 μ

395 3100 848 3166 quemadmodum
875 3101 1015 3158 inter
1035 3117 1133 3162 eos
1159 3101 1407 3162 fecerunt
1431 3104 1973 3175 judicium..Andi.vi-

396 3203 518 3244 mus
534 3189 704 3256 enim,
726 3193 956 3255 eundem
981 3191 1296 3258 llczelinum
1323 3211 1464 3253 nunc
1485 3197 1720 3267 primum
1743 3199 1965 3265 dixisse,

396 3279 527 3350 quia
557 3282 723 3337 semel
759 3298 881 3339 cum
908 3299 971 3339 ea
997 3287 1314 3353 concubuit;
1349 3289 1495 3358 quod
1527 3288 1735 3344 factum
1773 3292 1967 3346 hacte-

396 3383 499 3424 nus
530 3372 712 3436 tacuit,
733 3373 868 3436 dum
893 3377 1034 3445 apud
1055 3375 1312 3447 pleraque
1335 3379 1715 3436 conventicula
1741 3383 1986 3452 proinde.

397 3459 1070 3534 interpellatusextiterit;
1111 3484 1142 3522 ει
1177 3470 1375 3538 quibus
1401 3469 1566 3525 etiam
1603 3485 1700 3540 pro
1739 3472 1969 3542 inpossi-

396 3550 608 3616 bilitate
623 3553 905 3624 ejusmodi,
929 3559 1123 3614 rubore
1145 3561 1485 3617 verecundiae
1501 3577 1755 3631 aspersus
1773 3564 1968 3617 crebro

398 3642 581 3704 rediit.
633 3643 732 3699 Ubi
786 3662 1175 3708 reverasuum
1227 3658 1408 3706 tacere
1452 3652 1588 3705 nihil
1641 3653 1787 3708 aliud
1840 3653 1967 3719 fuit,

398 3747 559 3799 quam
582 3735 1076 3794 contradicentibus
1107 3753 1388 3796 assensum
1419 3742 1666 3810 prebere.
1696 3741 1847 3812 Ergo.
1862 3759 1968 3798 non

399 3823 538 3884 ultra
567 3823 827 3880 debuerat
853 3827 1026 3894 audiri
1061 3828 1116 3882 in
1157 3831 1266 3886 hoc
1307 3831 1450 3900 apud
1489 3831 1734 3887 sinodale
1781 3833 1972 3888 conci-

399 3909 557 3977 lium,
589 3913 681 3969 ubi
723 3931 756 3968 a
790 3916 1066 3987 magistris
1094 3921 1309 3980 concilii
1348 3922 1610 3977 attentius
1644 3923 1968 3994 inquirenda

398 4011 482 4058 est
503 4003 726 4072 probata
745 4009 968 4074 veritas,
995 4011 1078 4065 vel
1103 4009 1384 4068 refutanda
1409 4012 1965 4084 falsitasprolatorum

397 4094 711 4164 verberum.
738 4097 844 4156 Sed
873 4110 1014 4166 esto,
1050 4103 1217 4160 semel
1241 4120 1363 4160 cum
1393 4119 1456 4160 ea
1485 4107 1812 4174 concubuit;
1842 4110 1970 4177 quid

397 4195 578 4244 autem
611 4190 678 4245 de
708 4191 948 4261 reliquo?
980 4193 1230 4254 videlicet
1252 4197 1394 4265 quod
1423 4212 1546 4252 cum
1580 4212 1645 4253 ea
1667 4208 1796 4255 octo
1814 4202 1972 4256 annis

397 4288 491 4332 aut
519 4279 640 4349 plus
667 4296 732 4336 eo
757 4293 1131 4348 conversatur,
1161 4300 1261 4340 nec
1291 4285 1516 4346 ulterius
1543 4303 1664 4342 eam
1691 4291 1971 4360 cognovit,

397 4385 858 4445 nequespesest
899 4377 1027 4442 ulla,
1077 4386 1135 4432 ut
1181 4379 1235 4433 in
1286 4377 1529 4435 futurum
1573 4381 1771 4440 debeat
1809 4382 1971 4437 aliter

2078 559 2246 599 annos
2269 547 2435 600 semel
2461 549 2702 602 coeundo
2721 565 2788 604 ex
2810 565 3076 606 consensu
3099 552 3217 622 ejus
3242 554 3418 624 potuit
3444 557 3652 610 exolvi.

2077 634 2134 689 Si
2176 653 2305 692 vero
2355 639 2602 694 nituntur
2650 640 2790 694 ultra
2840 641 3043 711 aliquid
3090 658 3367 714 quaerere,
3421 647 3654 702 audiant

2005 775 2007 778 ι
2074 727 2202 795 quid
2231 727 2362 782 alias
2386 730 2525 784 idem
2553 730 2684 785 dicit
2707 733 2982 800 apostolus
3009 751 3022 787 :
3054 754 3072 785 ι
3098 735 3181 789 Αιι
3209 738 3650 805 experimentum

2074 817 2275 872 Christi
2303 820 2528 889 capietis
2554 819 2670 889 ejus
2697 822 2787 892 qui
2818 822 3059 892 loquitur
3097 825 3150 879 in
3183 826 3373 881 nobis?
3397 827 3485 897 (ΙΙ
3515 828 3648 883 Cor.

2074 923 2194 972 xm,
2234 909 2314 980 5).
2351 930 2369 962 ι
2412 910 2565 977 Quod
2593 913 2750 968 vobis
2779 914 3120 970 scribendum
3149 916 3548 982 estimavimus,
3589 929 3654 972 ut

2073 1001 2215 1055 hanc
2243 1003 2590 1071 apostolicam
2614 1005 2939 1060 sententiam
2974 1005 3055 1062 eis
3077 1009 3394 1077 proponatis
3421 1010 3652 1065 eviden-

2075 1089 2200 1154 lius,
2229 1092 2319 1162 qui
2352 1092 2511 1148 aliter
2547 1111 2709 1166 quam
2743 1095 2981 1167 legitime
3021 1099 3276 1156 noverint
3300 1100 3550 1169 judicare
3575 1102 3652 1155 de

2075 1182 2292 1238 talibus.
2332 1183 2430 1239 Cui
2475 1195 2572 1241 aut
2607 1187 2926 1253 concedant,
2977 1197 3072 1243 aut
3117 1204 3239 1244 eam
3285 1191 3670 1256 detestantes,

2072 1275 2200 1344 quid
2235 1275 2609 1332 rationabiliu‘s
2633 1278 2939 1334 invenerint
2968 1280 3336 1350 praetendant.

2141 1367 2229 1422 54.
2275 1387 2293 1419 ι
2353 1369 2580 1424 Domino
2628 1368 3076 1426 Ambianensinm
3118 1371 3376 1442 episcopo
3414 1371 3648 1428 Fulconi

2070 1458 2344 1516 Gerardus
2366 1463 2536 1531 gratia
2564 1463 2657 1517 Dei
2683 1461 3153 1519 Cameracensium
3183 1466 3557 1535 coepiscopus,
3591 1473 3648 1520 et

2071 1549 2231 1618 hujus
2261 1549 2387 1605 vita:
2426 1550 2794 1606 innocentiam
2831 1559 2886 1607 et
2905 1553 3154 1609 calestis
3178 1553 3250 1590 -'“
3276 1569 3399 1609 eum
3436 1553 3650 1625 angelis

2070 1640 2316 1712 gloriam.
2355 1642 2506 1708 Quod
2533 1640 2808 1698 conlrater
2839 1653 3024 1716 noster
3043 1643 3498 1701 .Terwanensium
3529 1647 3648 1716 epi-

2070 1747 2263 1802 scopus
2315 1733 2491 1802 Drogo
2547 1748 2576 1786 a
2643 1733 2842 1788 comite
2895 1713 3172 1790 Bakluino.
3215 1736 3379 1791 tantis
3430 1713 3670 1804 injuriis

2001 1797 2042 1858 Β
2074 1797 2395 1893 inpulsatur,
2427 1797 2452 1877 ἶ
2487 1834 2594 1880 etc.
2637 1822 2768 1879 Vide
2808 1826 2878 1881 ἱιιν
2903 1825 3182 1893 ϐειιιιιιιιο,
3222 1837 3276 1880 ut
3316 1843 3500 1895 supra,
3538 1825 3645 1880 col.

2076 1915 2233 1968 1521.

2143 2005 2234 2061 55.
2276 2005 2387 2061 Sub
2415 2007 2518 2062 biis
2541 2007 2730 2062 diebus
2775 2007 2886 2078 (an.
2927 2006 3087 2073 1025,
3128 2008 3290 2077 ML),
3337 2023 3460 2064 cum
3491 2007 3648 2062 forte

2075 2098 2368 2168 imperator
2402 2086 2755 2154 Henricus‘in
2795 2100 3140 2170 Aquisgrano
3183 2101 3531 2169 palatiotam
3579 2099 3648 2162 de
3680 2125 3682 2128 ν

2073 2189 2468 2246 accelesiasticis
2493 2205 2654 2258 qnam
2691 2198 2748 2245 et
2783 2190 2854 2244 de
2883 2190 3222 2246 secularibus
3260 2200 3644 2261 pertractaret,

2073 2279 2127 2334 in
2151 2279 2266 2348 ipsa
2290 2280 2508 2334 interim
2529 2279 2770 2335 :ccclesia
2804 2280 3148 2350 provincialis
3179 2281 3404 2336 sinodus
3429 2281 3502 2336 ab
3525 2269 3644 2349 cpi-

2073 2371 2250 2442 scopis
2271 2371 2538 2426 celebrata
2565 2379 2669 2426 est.
2695 2369 2796 2426 Ubi
2822 2371 3090 2441 siquidem
3112 2372 3648 2441 inter'archicpisco-

2071 2479 2198 2533 pum
2224 2462 2626 2520 Coloniensium
2653 2463 2983 2534 Pilegrinum
3017 2472 3079 2519 et
3103 2464 3412 2518 Durandum
3429 2462 3647 2517 'Leodi-s

2071 2553 2313 2608 censimn
2347 2554 2656 2624 pontiﬁcem
2683 2553 2967 2608 altercatio
2994 2567 3298 2623 nonsparva
3333 2553 3642 2615 incanduit,

2074 2657 2172 2712 pro
2195 2644 2523 2703 monasterio
2541 2643 2789 2697 videlicet
2805 2642 3061 2702 Burcitho
3079 2642 3317 2714 (561-5),
3337 2644 3478 2712 quod
3498 2654 3647 2697 nter-

2079 2748 2183 2806 quo
2222 2748 2332 2788 suae
2362 2734 2662 2803 parrochiae
2699 2733 2970 2804 subjicere
2993 2734 3370 2789 contendebat.
3406 2733 3647 2792 Domnus

2073 2834 2254 2880 autem
2300 2824 2576 2881 Gerardns
2603 2825 2912 2894 episcopus,
2954 2833 3012 2879 ut
3053 2825 3362 2880 testimonio
3394 2824 3676 2880 veritatis-

2073 2915 2220 2972 litem
2254 2925 2646 2984 compesceret,
2685 2917 2802 2969 viva
2842 2931 2974 2970 voce
3016 2915 3301 2984 increpuit,
3345 2917 3488 2984 quod
3531 2915 3645 2983 epi-

2074 3009 2223 3080 scopi
2245 3009 2601 3065 Leodicenses
2620 3009 2862 3079 quinque
2891 3009 3114 3064 abbates
3149 3008 3292 3063 illius
3327 3007 3644 3062 monasterii

2075 3101 2193 3156 sine
2229 3100 2336 3156 ulla
2376 3099 2808 3157 contradictione
2844 3099 3242 3169 archiepiscopi
3286 3113 3649 3155 consecrave-

2077 3199 2233 3257 runt;
2266 3190 2431 3246 immo
2456 3201 2511 3246 et
2537 3191 2674 3262 ipse,
2700 3190 3028 3260 imperatore
3061 3200 3286 3262 rogante
3309 3198 3368 3246 et
3398 3189 3649 3244 Baldrico

2071 3282 2323 3354 episcopo
2352 3283 2668 3342 Leodicensi
2691 3291 2926 3354 petente,
2953 3284 3005 3340 in
3030 3285 3302 3354 presentia
3345 3285 3526 3340 domui
3547 3285 3648 3340 im-

2069 3373 2337 3444 peratoris
2367 3373 2421 3428 in
2445 3373 2688 3444 Aqueasi
2713 3373 2966 3432 aecclesia,
2997 3383 3202 3430 saneta:
3234 3374 3416 3430 Mariae
3442 3373 3646 3443 prolati

2073 3465 2382 3522 monasterii
2431 3463 2666 3522 clericos.
2704 3464 3000 3529 ordinavit,
3044 3465 3650 3533 ipsumque-monaste-

2071 3554 2211 3632 rium
2241 3571 2365 3610 cum
2407 3556 2818 3626 archiepiscopo
2857 3554 3113 3624 Poppone
3153 3554 3560 3611 Trevirens'tum
3591 3565 3650 3610 ct

2072 3646 2334 3716 llaimone
2378 3648 2803 3702 Virdunensinm
2845 3648 3203 3703 consecravit.
3248 3649 3646 3719 Eo'ergosihi

2070 3738 2242 3793 videri
2270 3739 2469 3794 rectius
2491 3738 2807 3795 Leodicensi
2831 3754 2992 3809 quam
3015 3739 3327 3796 Coloniensi
3342 3741 3648 3813 regimonio
3673 3789 3675 3791 ,

2070 3828 2376 3899 subiacere.
2407 3830 2558 3898 Quod
2596 3831 2673 3884 ita
2707 3832 3162 3900 quoqnetceteris’
3195 3833 3644 3896 testiﬁcantibns,

2070 3919 2510 3991 archiepiscopus
2538 3929 2721 3992 preter
2753 3921 3245 3981 ullamsinodalem
3277 3923 3645 3979 reverentiam

2073 4011 2150 4066 ira
2172 4020 2475 4067 commotus
2502 4011 2785 4067 abscessit.

2139 4103 2228 4159 56.
2272 4103 2382 4160 Sed
2417 4120 2519 4160 nec
2557 4105 2813 4161 oblivioni
2851 4107 3191 4172 tradendum,
3224 4108 3367 4177 quod
3407 4123 3505 4178 per
3544 4106 3645 4162 ali-

2072 4196 2390 4266 quotdies,
2436 4196 2563 4252 dum
2611 4199 2835 4254 sinodus
2880 4198 3256 4255 celebraretur
3293 4199 3406 4270 (an.
3462 4197 3642 4264 1025,

2074 4288 2234 4360 Jul.),
2268 4299 2413 4344 tanta
2442 4289 2662 4345 siccitas
2689 4289 2834 4345 aeris
2869 4298 2927 4346 et
2957 4290 3511 4359 intemperiestestus
3547 4307 3648 4345 ex—

2073 4385 2292 4442 canduit
2321 4385 2568 4442 ut'tnulti
2604 4382 2910 4437 mortalium
2935 4394 3049 4450 pra:
3081 4380 3249 4434 nimio
3280 4380 3482 4434 ardore
3510 4379 3647 4434 «fetis

397 4467 701 4534 expectari?
738 4467 792 4524 lu
833 4469 1030 4537 quibus
1065 4469 1440 4526 discernendis
1479 4472 1744 4528 audiatur:
1779 4476 1970 4530 doctor
1997 4488 2049 4548 ι)
2073 4491 2198 4532 cere
2225 4472 2679 4547 putarentur,'sed
2703 4481 2759 4526 et
2782 4470 2990 4540 aliquot
3008 4469 3269 4523 animalia
3295 4468 3648 4524 subitolabe-

397 4558 657 4622 meclesiaa
688 4558 886 4618 Paulus
915 4562 1212 4630 apostolus,
1255 4563 1348 4632 qui
1386 4565 1454 4619 ad
1484 4563 1794 4622 Corinthios
1831 4571 1969 4624 scri-

399 4648 558 4713 bene,
594 4648 673 4702 ait
710 4665 724 4701 :
767 4669 785 4700 ι
841 4651 1003 4706 Uxori
1043 4653 1126 4706 vir
1165 4652 1410 4709 debitum
1461 4656 1673 4722 reddat,
1717 4659 1973 4715 similiter

400 4747 580 4799 autem
614 4746 670 4793 et
699 4754 834 4801 uxor
860 4741 974 4795 viro
1003 4741 1054 4812 (I
1081 4741 1208 4798 Cor.
1238 4758 1334 4809 vn,
1359 4744 1436 4815 5).
1469 4763 1489 4796 ι
1527 4745 1594 4799 Ει
1624 4748 1819 4802 dehinc
1847 4765 1970 4819 pro-

399 4829 646 4898 sequitur
683 4845 696 4883 :
733 4847 751 4881 ι
795 4828 974 4885 Nolite
1007 4831 1263 4888 fraudare
1294 4836 1642 4902 intinvicem,
1681 4839 1782 4893 nisi
1827 4840 1970 4895 forte

400 4937 466 4979 ex
502 4935 766 4977 consensu
804 4923 870 4976 ad
903 4932 1132 4992 tempus,
1163 4935 1220 4978 ut
1251 4928 1452 4982 vacetis
1481 4929 1742 4995 orationi;
1777 4943 1831 4986 et
1863 4932 1966 4986 ite-

288 5089 301 5100 .
402 5028 520 5070 rum
563 5015 898 5070 revertimini
936 5015 987 5068 in
1009 5015 1076 5070 id
1095 5015 1300 5085 ipsum,
1332 5034 1402 5074 ne
1440 5029 1662 5090 temptet
1694 5039 1788 5079 vos
1827 5036 1971 5080 sata-

403 5118 498 5144 nas
547 5112 770 5144 m-nnlm-
816 5103 1260 5144 iunnnlirmnlium
1306 5117 1540 5144 vam-mm
1589 5113 1720 5144 {tam
1763 5135 1766 5143 .
1817 5115 1905 5144 κν
1949 5136 1964 5144 -

2073 4577 2265 4624 rentur
2297 4567 2555 4622 extincta.
2593 4565 2825 4619 Econtra
2859 4575 2986 4616 vero
3019 4561 3286 4615 columnae
3324 4575 3647 4615 marmorata

2073 4659 2242 4730 ipsius
2261 4657 2519 4713 aecclesia:
2537 4654 2830 4710 uberrimis
2849 4662 2905 4707 et
2928 4651 3156 4707 insuetis
3182 4650 3649 4705 madoribus'visae

2073 4759 2199 4806 sunt
2243 4749 2523 4811 insudare,
2569 4745 2706 4801 adeo
2753 4754 2813 4798 ut
2849 4742 3167 4812 quorumvis
3206 4743 3460 4796 manibus
3507 4741 3651 4795 forte

2074 4842 2318 4897 lavandis
2365 4839 2612 4896 sullicere
2648 4845 2866 4908 posset;
2905 4837 3210 4907 pavimenta
3247 4849 3464 4906 quoque
3487 4850 3647 4888 mar-

2078 4947 2260 4989 morea
2287 4931 2450 4986 veluti
2478 4927 2742 4985 scatentia
2772 4936 2920 4982 tanto
2941 4927 3151 4996 liquore
3178 4927 3460 4991 natabant,
3489 4933 3547 4978 ut
3575 4939 3641 4978 ex

2077 5025 2340 5084 industria
2371 5021 2608 5088 respergi
2631 5022 2706 5075 ab
2732 5019 2900 5089 ipsius
2923 5017 3183 5073 accelesia:
3205 5018 3522 5073 custodibus
3548 5034 3644 5087 pu-

2078 5125 2322 5144 ιΑ-...υ-Δ--ιιι
2373 5112 2447 5144 no
2483 5127 2582 5144 ann
2609 5109 2757 5144 ιιιιιΙΙῖ
2790 5110 3061 5144 ασιηῖριιιρα
3091 5107 3304 5144 nllnnili
3355 5107 3484 5144 nnirl
3509 5121 3646 5144 oms-
