4026 5370
302 303 394 357 l6l

1697 298 1897 354 LIBER
1941 297 2259 356 TERT.US.

3474 308 3573 365 l6!

297 417 364 468 ab
404 411 669 468 'ecclesim
712 411 960 467 fidelibus
1006 420 1281 468 constaret
1323 426 1442 466 esse
1472 412 1784 482 plorandos.
1820 413 1884 466 Et
1917 423 1959 478 Α
1990 411 2212 482 gnituri,
2257 411 2438 467 mirati
2485 413 2726 484 profecto
2757 430 2876 487 quze
2921 417 3188 486 viderant,
3233 419 3482 477 dicebant
3511 432 3571 479 s‘e

297 519 423 557 vere
444 505 642 574 utique
660 523 673 569 ;
694 521 817 559 cum
833 505 990 576 paulo
1015 515 1135 575 post
1158 506 1334 574 primo
1350 505 1568 574 quidem
1585 505 1687 559 dux
1711 505 1884 576 (36$),

296 600 486 652 deinde
517 598 824 669 imperator
855 599 1209 665 interierunt;
1247 613 1478 668 quorum
1516 599 1736 654 casibus
1761 614 1885 653 san-

295 697 378 740 cta
417 687 695 755 (ecclesia,
727 697 788 743 ut
822 689 1088 758 posterius
1116 689 1311 744 dicturi
1343 704 1556 754 smnus,
1595 689 1886 745 desolatio-

297 793 417 830 nem
449 794 791 849 conparasse
819 781 1087 850 deplorat.

344 871 452 925 '57.
495 870 641 928 Hinc
691 884 872 929 autem
915 876 1211 945 imperator
1253 891 1508 948 egressus
1558 877 1766 948 (κίνει),
1816 877 1885 932 ad

293 961 552 1017 Evasium
600 964 753 1036 (565)
807 965 988 1020 villam
1041 963 1487 1036 pulcherrimam,
1533 983 1697 1038 quam
1738 969 1882 1023 beati

295 1052 553 1108 videlicet
583 1052 873 1124 Gaugerici
901 1056 1157 1110 nativitas
1184 1056 1495 1122 illustravit,
1523 1073 1647 1112 cum
1677 1059 1880 1127 primo-

293 1145 442 1197 ribus
475 1145 700 1214 quidem
742 1161 964 1200 suorum
998 1147 1359 1217 palatinorum
1391 1148 1642 1212 intendit,
1677 1149 1749 1203 ibi
1773 1149 1883 1204 sci-

294 1234 418 1289 licet
453 1251 582 1290 cum
614 1235 684 1268 '"
729 1238 992 1292 Rotberto
1033 1253 1162 1307 rege
1202 1239 1530 1310 colloquium
1575 1240 1884 1306 habiturus,

291 1326 383 1380 sed
415 1336 471 1381 et
498 1327 566 1382 de
595 1337 742 1382 statu
772 1327 1012 1398 imperii,
1043 1345 1107 1384 ac
1135 1344 1242 1384 non
1271 1339 1477 1384 tantum
1501 1331 1569 1385 dc
1593 1332 1882 1387 mundanis

291 1431 478 1470 verum
513 1417 581 1472 de
609 1417 988 1488 spiritualibus
1018 1419 1335 1482 locuturus;
1373 1423 1652 1490 sapienter
1679 1424 1883 1493 quippe

291 1507 580 1579 disposito,
610 1518 668 1563 ut
711 1509 765 1564 in
801 1525 867 1564 eo
903 1509 1042 1575 loco,
1074 1511 1165 1566 ubi
1202 1510 1574 1568 beatissimum
1614 1513 1881 1584 Gaugeri—

273 1617 412 1657 cum
451 1611 683 1657 noverat
727 1613 930 1668 ortum,
980 1603 1098 1675 ejus
1137 1605 1453 1674 gaudiosam
1503 1605 1878 1674 festivitatem,

292 1711 412 1766 qua:
447 1695 506 1750 ‘5.
549 1695 736 1751 Idibus
779 1696 1008 1766 Augusti
1053 1706 1156 1764 est,
1204 1695 1483 1754 celebrare
1518 1701 1744 1755 veniret.
1779 1701 1879 1769 Qui

1991 504 2140 572 plura
2170 504 2364 559 vidisse
2395 521 2554 574 quam
2594 523 2778 562 rumor
2809 509 3015 564 fuisset.
3052 507 3264 566 Nullum
3303 513 3449 568 enim
3480 530 3569 570 re-

1987 611 2106 664 gem
2146 605 2238 649 aut
2276 595 2562 651 Persarum
2605 610 2697 654 aut
2734 603 2972 656 Arabum
3008 605 3132 659 huic
3168 606 3420 662 conferre
3467 623 3569 664 au-

1991 683 2150 748 debo,
2177 687 2426 754 quamvis
2456 703 2550 742 eos
2586 691 2799 746 cunctis
2835 693 3086 763 gentibus
3107 696 3301 764 Opibus
3322 706 3569 769 prestare

1977 773 2262 843 legissem.

2057 865 2144 919 38.
2186 864 2311 920 lude
2353 867 2516 922 etiam
2567 869 2864 940 imperator
2905 873 3220 942 procedens,
3263 874 3570 933 Virdunnm

1987 958 2226 1026 perrexit
2263 957 2431 1030 (Sept.
2465 962 2540 1028 8).
2583 964 2920 1018 nativitatem
2964 975 3166 1021 sanctae
3206 967 3388 1023 Maria:
3431 971 3572 1026 cele-

1985 1049 2258 1114 braturus,
2289 1051 2480 1122 legatis
2509 1054 2726 1123 quidem
2759 1056 2921 1125 regiis
2945 1073 3128 1111 secum
3163 1061 3431 1127 deductis,
3476 1063 3571 1131 qui

1987 1140 2060 1194 ibi
2087 1144 2492 1211 responsionem
2517 1146 2736 1200 comitis
2761 1147 2965 1202 Odonis
2991 1151 3261 1214 audirent,
3290 1156 3568 1222 quomodo

1986 1245 2046 1282 se
2072 1232 2140 1286 ab
2168 1230 2397 1299 objectis
2429 1234 2671 1289 Rotberti
2705 1239 2866 1308 regis,
2896 1254 2923 1292 a
2948 1256 3055 1308 quo
3086 1244 3438 1310 arguebatur.
3475 1247 3572 1300 de-

1969 1319 2250 1377 fenderet.
2281 1323 2396 1393 Ipsa
2425 1340 2554 1379 vero
2593 1326 2645 1379 in
2679 1326 2765 1381 die
2802 1328 3015 1382 domina
3055 1329 3398 1400 impcratrix,
3443 1335 3569 1404 quia

1983 1425 2103 1465 eam
2136 1412 2186 1466 in
2235 1415 2640 1484 processionem
2684 1417 2915 1474 domnus
2952 1422 3239 1493 episcopus
3272 1426 3572 1481 addextra-

1984 1499 2060 1552 vit
2089 1499 2260 1570 (367),
2300 1501 2348 1556 ei
2393 1504 2584 1558 stolam
2629 1519 2761 1561 auro
2802 1511 3138 1578 gemmisque
3167 1515 3395 1570 contulit
3432 1515 3566 1571 iusi-

1983 1593 2208 1661 gnitam.
2240 1593 2314 1648 lbi
2336 1595 2500 1649 etiam
2525 1596 2756 1652 domnus
2780 1597 3075 1670 imperator
3101 1613 3276 1659 motus
3303 1605 3566 1676 aliquam-

1983 1682 2074 1737 diu
2121 1683 2261 1738 inter
2290 1681 2530 1740 Odonem
2569 1696 2623 1742 et
2653 1687 3045 1747 Theodericum
3079 1691 3380 1752 Tullensem
3415 1697 3565 1769 (368)

294 1788 548 1842 nimim",
564 1798 776 1858 quan“,
799 1791 968 1860 major
985 1800 1136 1845 ,ωηο
1158 1791 1435 1857 humilior.
1461 1792 1570 1863 regi
1598 1793 1876 1858 Romam,
1911 1777 1955 1836 Β
1984 1789 2267 1840 accensos,
2299 1776 2534 1831 castellis
2560 1778 2776 1844 dirutis,
2800 1796 2920 1850 qua:
2948 1782 3063 1838 Odo
3090 1783 3287 1852 injuste
3312 1788 3569 1843 condide-

269 1895 414 1934 cum
446 1880 516 1934 ad
545 1897 606 1935 se
627 1881 865 1948 veniret,
894 1881 944 1936 in
963 1882 1088 1937 villa
1115 1881 1356 1938 Mosomo
1383 1883 1533 1954 (366)
1561 1884 1612 1939 in
1637 1886 1723 1940 die
1744 1886 1883 1943 festo

292 1973 464 2027 sancti
517 1972 799 2028 Laurentii
854 1989 1144 2028 occurrere
1181 1975 1486 2041 cstimavit;
1537 1976 1588 2029 in
1639 1978 1881 2034 crastino

289 2078 421 2117 vero
450 2063 629 2118 sancti
655 2062 950 2134 Gaugerici
981 2064 1286 2118 venientem
1312 2065 1380 2118 ad
1419 2080 1478 2119 se
1508 2081 1630 2120 cum
1667 2081 1879 2123 summa

293 2143 645 2210 veneratione
675 2154 937 2224 suscepit.
967 2153 1079 2208 Hoc
1108 2164 1289 2210 autem
1317 2165 1424 2210 tam
1448 2157 1682 2227 speciale
1716 2159 1880 2215 collo-

293 2244 477 2313 quium
529 2255 587 2300 et
637 2255 802 2300 tantae
851 2246 1210 2302 solemnitatis
1259 2257 1586 2304 conventum
1637 2266 1747 2306 non
1797 2263 1883 2308 est

293 2350 426 2390 mem
471 2337 761 2406 parvitatis
809 2336 1090 2403 evolvere;
1139 2337 1230 2392 ubi
1273 2340 1494 2408 quidem
1539 2340 1878 2397 diversarum

294 2425 576 2480 nationum
603 2426 770 2482 duces
796 2441 862 2482 ac
895 2436 1152 2499 satrapa,
1181 2427 1272 2483 ubi
1302 2444 1638 2485 summorum
1668 2431 1878 2486 ct-illu-

293 2515 485 2571 atrium
514 2517 781 2584 virorum,
809 2527 918 2572 tam
941 2519 1325 2590 episcoporum
1353 2520 1606 2577 videlicet
1643 2538 1805 2592 quam
1825 2533 1881 2579 et

293 2605 575 2673 abbatum,
613 2605 667 2663 in
717 2624 946 2665 numero
979 2611 1291 2667 conﬂuxere
1332 2627 1600 2683 personat.
1647 2614 1730 2671 Ad
1776 2615 1879 2672 hac

291 2709 470 2756 autem
495 2700 715 2772 plurimi
742 2714 1133 2770 convenerunt,
1165 2714 1226 2760 ut
1247 2705 1564 2777 dignitatem
1589 2707 1880 2778 imperato-

293 2791 428 2845 riam
459 2795 820 2860 mirarentur,
839 2811 1001 2866 quam
1029 2805 1311 2867 tantOpere
1340 2796 1482 2851 fama
1511 2797 1781 2854 laudabat.
1800 2799 1877 2854 lbi

290 2893 442 2939 certe
480 2887 630 2956 pacis
671 2895 727 2942 et
752 2885 988 2957 justicite
1023 2903 1233 2942 summa
1278 2886 1528 2943 diﬂinitiu
1572 2901 1879 2962 mutumque

289 2975 548 3030 amicitia
587 2975 729 3030 facta
762 2977 1166 3043 reconciliatio;
1216 2977 1286 3032 ibi
1329 2993 1544 3048 quoque
1571 2980 1875 3050 diligentis-

289 3067 429 3121 sime
451 3067 517 3121 de
541 3082 672 3136 pace
697 3077 903 3123 sanctzr
925 3067 1018 3123 Dei
1042 3069 1303 3123 :ecclesiae
1326 3071 1560 3124 maxime
1586 3079 1874 3126 tractatum

287 3165 392 3220 est,
449 3165 506 3211 et
555 3159 828 3228 quomodo
871 3158 1288 3226 Christianitati,
1341 3176 1462 3231 qua:
1513 3171 1588 3217 tot
1636 3162 1874 3233 lapsibus

289 3257 462 3315 patet,
493 3247 682 3303 melius
721 3248 1014 3303 subvenire
1060 3250 1341 3305 deberent.
1393 3250 1530 3306 Exin
1581 3267 1710 3307 vero
1753 3267 1874 3308 sese

291 3340 527 3394 invicem
581 3341 952 3406 consulentes,
1009 3341 1229 3396 ubinam
1296 3343 1492 3396 iterum
1555 3344 1872 3398 conventuri

289 3431 548 3486 domuum
571 3435 733 3488 etiam
758 3434 1116 3504 apostolicum
1144 3450 1250 3487 una
1276 3449 1399 3489 cum
1429 3445 1533 3487 tam
1553 3435 1688 3488 citra
1712 3449 1872 3504 quam

275 3531 431 3585 ultra
475 3531 683 3602 Alpinis
737 3532 1006 3602 episcopis
1057 3547 1240 3588 secum
1291 3532 1552 3597 habeant,
1604 3545 1870 3601 nusquam

274 3623 468 3692 aptius
503 3637 663 3693 quam
705 3622 888 3694 Papia:
916 3624 1235 3678 decernunt.
1281 3621 1376 3677 llis
1405 3622 1477 3676 ita
1519 3621 1710 3690 gestis,
1749 3635 1870 3676 cutn

287 3713 356 3765 ab
387 3712 619 3767 invicem
643 3713 926 3769 discedere
954 3715 1290 3778 debuissent,
1323 3730 1388 3769 ac
1416 3726 1543 3768 vero
1569 3713 1691 3782 quis
1723 3721 1870 3768 tanta

277 3820 352 3859 ac
389 3806 529 3860 tanti
579 3805 836 3876 ponderis
877 3822 1100 3862 munera
1138 3805 1468 3862 sufﬁcienter
1497 3805 1698 3874 poterit
1743 3807 1870 3861 esti-

279 3909 461 3961 mare,
493 3896 690 3967 quibus
717 3897 958 3953 vicissim
991 3899 1288 3970 imperator
1323 3915 1501 3970 regem
1530 3899 1770 3966 donavit,
1802 3901 1870 3954 ab

287 3992 700 4062 archiepiscopo
740 3992 995 4048 videlicet
1041 3991 1448 4049 Coloniensium
1501 4002 1556 4048 et
1595 4009 1625 4047 a
1670 3994 1870 4048 do:nno

279 4081 533 4138 Gerardo
577 4085 854 4155 episcOpo.
904 4086 996 4140 sed
1033 4095 1090 4141 ct
1133 4101 1162 4138 a
1200 4085 1336 4140 duce
1377 4085 1670 4140 Godefrido
1710 4085 1869 4140 simul

285 4175 515 4230 oblatis?
541 4174 657 4230 Rex
680 4177 1060 4248 imperatorem
1087 4177 1292 4232 donare
1318 4179 1564 4247 cupiens,
1595 4192 1868 4247 quaeomn-

284 4281 390 4335 que
422 4268 600 4338 potuit
643 4283 868 4323 munera
907 4279 966 4324 ut
1013 4270 1315 4338 susciperet
1351 4269 1720 4340 praesentavit.
1765 4269 1864 4335 Qui

287 4359 540 4414 omnibus
583 4373 704 4414 cum
751 4360 1049 4429 gratiarum
1098 4361 1314 4416 actione
1367 4360 1633 4424 remissis,
1679 4368 1865 4429 utpote

1985 1874 2090 1927 rat,
2131 1865 2454 1936 interposita
2487 1884 2621 1938 pace
2650 1871 2868 1940 sopivit.
2905 1870 3175 1930 Praeterea
3223 1879 3570 1933 monasteriis

1969 1957 2053 1989 ³⁸⁸
2111 1959 2276 2015 totius
2325 1961 2606 2027 civitatis,
2666 1963 2900 2032 primum
2960 1966 3180 2036 quidem
3235 1970 3564 2038 capitaneo,

1983 2051 2174 2106 deinde
2201 2053 2420 2115 ceteris.
2451 2055 2701 2124 preciosa
2729 2071 2956 2111 munera
2981 2059 3246 2130 erogavit.
3271 2057 3405 2116 Dein
3435 2076 3568 2117 vero

1970 2143 2162 2200 ‘Mettis
2205 2147 2545 2215 perveniens,
2588 2163 2688 2218 per
2731 2149 2940 2222 singula
2989 2153 3316 2208 monasteria
3369 2152 3568 2210 multas

1980 2250 2110 2305 Opes
2135 2238 2426 2302 distribuit,
2461 2239 2776 2311 nullumque
2815 2242 3019 2296 bonum
3056 2253 3150 2297 aut
3187 2245 3445 2300 clericum
3473 2256 3569 2300 aut

1967 2331 2307 2384 monachum
2357 2333 2607 2401 preteriit
2670 2333 3037 2401 indonatum,
3099 2335 3269 2391 veluti
3327 2337 3565 2406 quodam

1979 2421 2244 2492 przesagio
2291 2422 2665 2479 imminentem
2717 2425 2882 2488 diem,
2923 2427 3023 2496 qui
3077 2427 3304 2482 nimium
3353 2427 3567 2483 vicinus

1969 2523 2119 2578 erat.
2147 2515 2240 2570 sui
2278 2513 2463 2572 obitus
2494 2515 2838 2586 prmvideret.
2873 2517 3180 2574 Novissime
3213 2529 3342 2573 vero
3366 2517 3566 2574 domno

1967 2604 2222 2661 'Gerardo
2248 2607 2502 2678 episcopo
2524 2617 2912 2675 commeatum,
2939 2617 3000 2664 ut
3021 2609 3091 2663 ad
3129 2623 3228 2665 sua
3257 2617 3564 2664 revertere-

1983 2707 2089 2765 tur,
2137 2703 2578 2769 accommodans,
2625 2718 2816 2758 aurum
2863 2703 3154 2773 plurimum
3203 2702 3568 2774 didragmavit

1982 2793 2149 2864 (569),
2177 2809 2242 2849 ac
2267 2804 2451 2864 postea
2485 2794 2820 2862 valedicens,
2853 2805 3058 2851 sancta:
3093 2793 3273 2851 Maria:
3304 2796 3410 2850 duo
3439 2796 3560 2865 pal-

1981 2883 2074 2946 lia,
2113 2899 2277 2939 unum
2319 2885 2569 2956 simplex,
2613 2885 2842 2942 alterum
2882 2887 2936 2942 in
2982 2889 3142 2941 modo
3179 2887 3357 2943 crucis
3399 2901 3565 2942 aurea

1969 2976 2262 3044 superficie
2296 2977 2632 3049 insignitum,
2655 2979 2973 3034 transmisit
2993 2995 3092 3050 per
3113 2994 3258 3034 eum.

2052 3066 2139 3123 '59.
2179 3067 2450 3124 Reversus
2491 3071 2673 3140 itaque
2711 3071 2942 3126 domnus
2982 3072 3268 3141 episCOpus
3294 3111 3309 3135 ,
3356 3086 3385 3126 a
3431 3085 3564 3125 con-

1980 3165 2150 3220 Suetis
2199 3165 2358 3221 malis
2404 3165 2640 3221 Waltcri
2668 3167 2914 3246 ’miuime
2959 3167 3207 3221 feriatur.
3259 3166 3406 3221 lnter
3443 3178 3569 3236 quae

1975 3257 2206 3326 plusima
2232 3299 2246 3324 ,
2287 3257 2540 3328 juvenem
2583 3271 2742 3314 stnnn
2785 3261 3055 3329 quendam
3101 3259 3420 3314 Botbertum
3465 3271 3566 3312 no-

1977 3349 2140 3416 mine,
2175 3359 2278 3404 tam
2309 3350 2590 3404 nobilitate
2621 3351 2838 3419 generis
2873 3363 3034 3420 quain
3068 3353 3266 3405 virtute
3301 3359 3569 3420 praestat;-

1978 3448 2109 3505 tem,
2140 3440 2264 3509 quia
2305 3439 2688 3509 suspicabatur
2722 3455 2845 3494 eum
2885 3457 2995 3494 sua:
3039 3440 3293 3494 tiranuidi
3327 3437 3560 3495 obstitu-

1974 3546 2093 3585 rum
2112 3570 2128 3600 ,
2153 3534 2318 3600 coapit
2339 3531 2598 3600 paulatim
2626 3532 2750 3587 odio
2775 3533 3048 3587 insectari.
3080 3533 3184 3588 Sed
3209 3549 3312 3589 non
3335 3536 3559 3605 quievit,

1974 3624 2146 3680 donec
2176 3640 2322 3690 eum,
2348 3626 2598 3695 quamvis
2625 3627 2724 3681 sub
2756 3624 3187 3696 interpellatione
3213 3627 3395 3683 doinni
3423 3643 3556 3698 pnn-

1975 3713 2165 3779 tilicis,
2203 3715 2294 3785 qui
2327 3731 2420 3770 eos
2451 3715 2725 3772 'foederare
2755 3718 3063 3788 quzerebat,
3105 3717 3157 3772 in
3193 3717 3384 3775 tribuis
3415 3720 3561 3793 (576)

1973 3807 2206 3878 positum
2227 3848 2240 3872 ,
2275 3807 2436 3862 etiam
2469 3807 2556 3862 die
2585 3807 2864 3864 Dutninica
2899 3809 3189 3865 interfecit.
3224 3809 3329 3865 Pio
3358 3825 3463 3881 qua
3503 3827 3564 3867 re

1973 3908 2026 3954 et
2054 3898 2174 3954 aliis
2197 3899 2324 3954 huic
2345 3898 2611 3954 similibus
2634 3913 2757 3954 cum
2780 3901 3161 3956 exterminavit
3182 3901 3250 3957 ab
3273 3903 3423 3957 urbe.
3453 3899 3560 3959 Sed

1970 3991 2134 4060 paulo
2163 3999 2308 4060 post,
2340 3991 2516 4060 culpis
2553 3989 2989 4047 Christianorum
3022 3994 3360 4062 exigentibus
3391 3995 3561 4065 impe-

1973 4093 2158 4137 ratore
2202 4082 2489 4148 defuncto,
2543 4083 2665 4138 aliis
2716 4084 2931 4154 quidem
2978 4085 3155 4140 causis
3197 4096 3454 4148 coactus.
3505 4088 3558 4142 in

1970 4175 2262 4231 Castellum
2289 4176 2531 4245 recipere
2555 4175 2850 4241 eSIimavit,
2876 4177 2976 4232 sub
2998 4178 3352 4232 conventione
3377 4188 3556 4233 tamen

1970 4274 2312 4321 sacramento
2344 4267 2598 4322 subnixa.
2640 4267 2745 4322 Sed
2777 4269 2902 4339 quia
2943 4268 3226 4337 Sepissime
3259 4269 3557 4338 perjurium

1971 4356 2246 4421 incidens,
2289 4373 2394 4412 non
2427 4374 2551 4414 raro
2582 4358 2767 4429 culpas
2801 4357 2989 4413 solitas
3024 4357 3246 4411 iterabat
3269 4397 3283 4418 ,
3317 4372 3556 4412 conven-

286 4449 605 4517 ditissimus,
659 4452 875 4509 dentem
933 4452 1309 4508 tantummodo
1367 4454 1540 4508 sancti
1595 4452 1864 4506 \‘inccntii
1898 4466 1945 4525 ι)
1973 4446 2147 4502 tiones
2177 4447 2294 4503 illas
2325 4448 2684 4519 smpissimaS.
2717 4463 2852 4517 quas
2881 4448 3079 4504 domno
3107 4449 3393 4518 ονίδοοροο
3425 4448 3555 4506 dum

283 4543 546 4607 martiris,
573 4559 640 4598 ne
673 4544 928 4600 immunis
957 4545 1255 4608 videretur,
1289 4545 1533 4600 retinuit.
1558 4543 1664 4600 Nec
1691 4544 1863 4598 solum

286 4639 464 4684 autem
506 4633 805 4702 imperator
835 4648 1016 4705 regem
1061 4633 1272 4704 putavit
1309 4633 1641 4697 donandum,
1676 4645 1865 4688 verum

287 4720 446 4774 etiam
484 4736 675 4778 omnes
711 4733 818 4779 tam
849 4726 1138 4795 episcopos
1183 4739 1346 4795 quam
1388 4723 1638 4789 abbatcs,
1677 4723 1769 4778 sed
1809 4732 1865 4778 et

287 4810 520 4879 ωθὶοτεε
541 4829 790 4886 Quosque
825 4817 1093 4886 preciosis
1131 4816 1451 4871 muneribus
1492 4814 1860 4877 accumulans,

289 4901 488 4957 nullum
529 4919 690 4975 ptrue
732 4907 1051 4963 indonatum
1095 4906 1334 4978 reliquit.
1364 4907 1702 4976 Quicumque
1730 4919 1862 4976 ergo

291 4991 413 5051 illuc
441 5010 807 5056 convenerant
835 5000 1245 5072 imperatoriam
1276 4997 1733 5070 magnificentiam
1761 5012 1859 5052 co-

1974 4537 2441 4605 reconciliaretur,
2471 4537 2663 4594 callide
2693 4537 3066 4608 promittebat,
3097 4548 3274 4593 ratum
3303 4539 3556 4596 duximus

1973 4631 2411 4694 subnectendas.
2463 4640 2521 4687 ut
2567 4631 2741 4686 lector
2787 4629 3038 4687 videlicet
3069 4633 3194 4703 pius
3241 4632 3556 4702 patientiam

1970 4721 2208 4792 episcopi
2234 4724 2550 4792 conpatiens
2579 4723 2894 4787 admiretur,
2926 4735 2980 4779 et
3009 4725 3325 4780 immensam
3357 4724 3554 4778 tiranni

1970 4815 2214 4870 sevitiam
2269 4831 2390 4871 cum
2446 4815 2806 4871 admiratione
2857 4817 3121 4887 deploret.
3183 4813 3322 4871 Sunt
3373 4827 3556 4871 autem

1972 4905 2277 4976 hujusmodi
2309 4924 2323 4960 :

2043 5001 2132 5054 40.
2180 5020 2198 5053 ι
2234 5001 2573 5056 Fidelitatem
2624 5000 2764 5056 sicut
2815 5001 2909 5058 tibi
2963 4998 3185 5072 promisi
3234 4997 3553 5062 adtendam,

1569 5131 1801 5190 VARIE
1840 5133 2239 5191 LECTIONES.

359 5250 423 5282 ’"
461 5255 599 5309 deest
631 5255 683 5308 5.
708 5257 762 5310 4.
837 5258 905 5289 ’⁸⁸
938 5266 1326 5314 monasterium
1357 5281 1410 5313 υ.
1443 5252 1758 5311 monasterii
1790 5252 1870 5305 ε’.
