4026 5370
421 157 523 212 ςόὗ

1479 155 1516 207 (ἰ
1529 152 1700 208 ESTA
1731 149 2150 206 POIVTlFlCU-M
2183 149 2266 206 CA
2277 151 2792 208 ilEllACENSlUM.

3607 157 3708 210 IL}

410 288 442 340 q
470 275 670 329 iamdiu
695 281 816 326 tuus
841 269 992 323 fuero
1014 277 1066 322 ct
1092 275 1181 320 tua
1205 267 1343 320 bona
1371 275 1623 329 tenuero;
1651 263 1994 334 etpastposi-
2029 267 2072 323 Α
2171 262 2260 315 45.
2309 281 2328 314 ‹
2366 263 2419 316 Si
2455 253 2556 316 iste
2597 262 2739 318 [ilius
2797 261 3051 328 Walteri,
3103 280 3246 318 nunc
3287 265 3444 320 obses
3492 277 3706 328 noster,

419 366 489 416 tis
521 361 876 416 Karlensibus
907 359 1194 414 custumiis
1225 358 1396 428 (571),
1429 357 1588 411 talem
1620 357 1882 411 honorem
1914 357 2008 411 tibi

415 453 736 517 observabo,
765 451 980 526 qualem
1005 449 1395 504 Lotharienses
1423 448 1622 503 milites
1645 447 1877 502 dominis
1901 449 2012 501 suis

418 554 472 598 et
512 542 802 612 episcopis.
853 541 917 596 Et
951 541 995 594 si
1031 540 1160 608 quid
1200 550 1389 594 contra
1439 549 1489 592 te
1525 553 1820 607 peccavero
1857 549 1910 590 et
1943 553 2010 592 ex

415 643 573 705 parte
613 633 689 686 tui
729 633 794 687 de
833 629 1207 686 satisfactione
1254 627 1498 682 facienda
1550 628 1784 681 monitus
1828 617 2007 712 fuero:

422 724 583 777 talem
621 722 887 793 justitiam
933 720 1058 782 tibi,
1101 719 1202 772 nisi
1243 719 1372 771 mihi
1415 717 1735 779 indulseris,
1783 717 2008 780 faciam,

420 815 635 884 qualem
669 813 965 883 supradicti
993 810 1380 864 Lotharienscs
1411 807 1612 862 milites
1639 807 1752 861 suis
1780 807 2010 861 dominis

419 915 478 960 et
504 905 773 974 episcopis
805 904 1030 956 faciunt.
1066 920 1084 952 ι

496 996 586 1050 41.
631 994 1044 1050 Sacramentum
1086 991 1228 1061 quod
1268 989 1415 1056 Odo,
1453 989 1779 1055 Rothertus,
1819 990 2010 1044 Anscl-

421 1101 566 1154 mus,
597 1083 949 1146 Lautbertus,
977 1089 1192 1152 petente
1222 1080 1466 1136 Waltero
1487 1079 1811 1149 jnraverunt
1837 1099 1849 1133 :
1886 1099 1902 1129 ι
1931 1081 2014 1134 Ab

419 1179 527 1234 hac
557 1178 686 1232 hora
727 1177 941 1230 inanlea
973 1191 1081 1228 non
1105 1173 1310 1228 erimus
1339 1172 1431 1226 tibi
1463 1174 1514 1226 in
1543 1173 1762 1236 damno,
1785 1173 1851 1228 de
1879 1173 2012 1238 vita,

422 1272 487 1324 de
515 1268 806 1331 membris,
845 1268 911 1322 de
943 1265 1320 1320 Cameracensi
1360 1263 1636 1334 episcopio
1661 1305 1676 1328 ,
1709 1263 1776 1319 de
1817 1265 1976 1319 terris
1997 1304 2011 1327 ,

421 1360 488 1414 de
519 1358 777 1422 castellis,
812 1373 988 1426 neque
1013 1357 1080 1408 de
1103 1357 1300 1410 ceteris
1329 1355 1504 1420 bouis,
1536 1371 1656 1424 qum
1679 1355 1839 1410 hodie
1865 1365 2015 1410 tenes

414 1451 480 1502 "et
510 1465 606 1518 per
638 1457 885 1502 nostrum
919 1447 1204 1502 consilium
1237 1447 1450 1500 inantea
1485 1445 1836 1515 adquisieris,
1868 1448 2016 1500 salva

425 1540 686 1595 ﬁdelitate
723 1539 1068 1594 don'iinorum
1099 1548 1411 1592 nostrorum
1433 1579 1447 1602 ,
1481 1553 1616 1608 quos
1661 1538 1820 1594 hodie
1855 1539 2016 1594 habe-

421 1647 566 1686 mus.
608 1629 676 1684 Et
721 1645 820 1700 pro
862 1631 964 1686 hoc
1012 1639 1173 1700 pacto
1213 1629 1541 1685 destruendo
1589 1630 1864 1684 dominum
1911 1647 2014 1683 non

425 1723 708 1788 faciemus,
738 1738 910 1792 neque
935 1723 1158 1777 militem
1183 1723 1557 1792 ailqniremus.
1585 1722 1648 1776 Et
1674 1723 1717 1776 si
1741 1723 2016 1778 Walterus

423 1822 612 1868 contra
656 1822 705 1868 te
741 1815 1078 1884 peccaverit,
1119 1823 1169 1868 ct
1213 1814 1265 1867 ni
1306 1813 1446 1868 infra
1487 1817 1620 1870 duas
1663 1816 2014 1886 quadragesi-

425 1921 542 1960 mas
585 1905 734 1978 (572)
767 1907 1170 1973 emendaverit,
1203 1923 1266 1962 ex
1317 1917 1470 1978 parte
1515 1909 1690 1963 nostri
1735 1917 1924 1962 contra
1967 1918 2018 1963 te

426 1995 750 2066 adiutorium
780 2016 885 2054 non
919 2001 1159 2056 habebit.
1189 2001 1253 2056 Et
1283 2003 1325 2057 si
1357 2003 1662 2069 monueris,
1687 2019 1784 2073 per
1815 2013 2016 2058 rectam

427 2089 586 2144 tidem
623 2099 674 2145 te
699 2091 1010 2161 juvabimus
1040 2091 1158 2148 sine
1195 2092 1336 2148 malo
1373 2093 1608 2165 ingenio.
1651 2115 1668 2146 ι

499 2202 589 2256 42.
633 2221 653 2255 ‹
692 2202 844 2258 Notae
872 2213 998 2258 sunt
1029 2203 1281 2258 erunibus
1307 2206 1723 2272 conventiones,
1757 2222 1890 2275 quas
1921 2207 2022 2262 ite-

423 2307 545 2346 rum
578 2293 844 2349 habemus
875 2309 998 2350 cum
1035 2294 1277 2350 Waltero
1315 2305 1529 2360 nostro;
1562 2297 1699 2351 sicut
1725 2299 1888 2352 etiam
1919 2299 2018 2352 du-

431 2381 560 2436 dum
591 2381 781 2451 culpas
818 2383 1112 2450 inauditas,
1161 2401 1296 2454 quas
1335 2393 1522 2440 contra
1567 2401 1666 2441 nos
1707 2387 1978 2442 commisit
2003 2429 2018 2453 ,

427 2489 529 2527 oro
557 2472 652 2526 Dei
684 2489 871 2530 amore
899 2475 1313 2546 amicorumque
1343 2493 1562 2532 suorum
1595 2478 1926 2544 dimisimus,
1956 2462 2022 2534 eo

433 2565 684 2620 videlicet
711 2575 892 2635 pacto,
922 2575 980 2622 ut
1006 2569 1085 2622 sic
1115 2570 1504 2638 permansisset
1531 2569 1789 2640 deinceps
1815 2572 1865 2625 in
1892 2571 2023 2626 lide-

433 2657 586 2711 litate
613 2665 822 2722 nostra,
847 2659 989 2714 sicut
1015 2668 1142 2714 tunc
1172 2661 1286 2730 ipse
1313 2670 1367 2716 et
1389 2663 1467 2716 sui
1497 2663 1654 2716 amici
1681 2661 2018 2731 iuraverunt.

429 2747 774 2817 Quamquam
803 2749 942 2804 hanc
972 2751 1390 2820 promissionem
1432 2751 1764 2808 horribiliter
1787 2765 1841 2806 ct
1873 2753 2025 2806 inau—

439 2839 547 2893 dite
579 2835 910 2908 iufregisset,
946 2841 1018 2894 ita
1053 2841 1246 2895 iterum
1274 2857 1338 2896 eo
1367 2851 1552 2896 tenore
1580 2843 1626 2896 ei
1661 2843 2022 2915 indulgemus.

2119 367 2362 408 mortuus
2393 355 2580 420 fuerit,
2624 355 2852 410 alterum
2887 370 2984 426 pro
3028 371 3093 410 eo
3127 357 3280 411 nobis
3313 356 3498 419 dabit,
3537 357 3706 413 talem

2113 462 2210 516 per
2245 463 2404 516 quem
2451 463 2548 502 nos
2587 463 2810 503 securos
2848 451 2914 504 de
2954 463 3050 504 sua
3087 449 3346 506 fidelitate
3385 451 3605 514 reddet;
3653 460 3710 506 et

2115 539 2371 608 quicquid
2401 540 2596 609 injuste
2626 530 2790 610 super
2819 556 2916 596 nos
2954 541 3152 595 invasit
3174 581 3189 606 ,
3218 541 3344 596 dum
3376 541 3712 596 ammonitus

2114 649 2141 685 a
2175 631 2333 686 nobis
2366 633 2560 696 fuerit,
2595 633 2889 688 secundum
2917 631 3184 701 judicium
3225 634 3460 690 fidelium
3491 645 3712 689 nostro-

2115 737 2231 776 rum
2263 722 2736 776 detcrminabitur.
2770 723 2827 777 Si
2861 723 3130 779 Walterus
3161 735 3405 779 mortuus
3435 724 3622 790 fuerit,
3655 735 3712 780 ct

2113 817 2292 870 adhuc
2319 815 2458 869 filius
2480 815 2594 885 ejus
2620 817 2670 870 in
2701 826 2966 886 potestate
2995 825 3182 872 noslra
3207 817 3392 882 fuerit,
3417 818 3714 872 reddemus

2114 907 2262 962 illum
2287 907 2545 962 militibus
2569 909 2681 963 suis
2701 917 2753 962 et
2777 909 2914 962 bona
2939 909 3224 963 sanctze'"
3249 911 3407 981 hujus
3423 910 3710 975 :ecclcsFm,

2113 1017 2232 1072 qua:
2259 1017 2355 1070 per
2383 1002 2762 1056 rectitudinem
2793 1002 2940 1072 (575)
2979 1013 3134 1071 pater
3167 1011 3342 1067 tenet,
3377 1013 3595 1058 servato
3628 1011 3715 1056 ta-

2115 1109 2235 1148 men
2267 1102 2426 1162 pacto
2464 1093 2532 1147 ab
2559 1107 2624 1148 eo
2651 1094 2805 1148 nobis
2833 1096 3126 1164 promisso,
3155 1107 3212 1150 et
3252 1096 3469 1150 domino
3519 1104 3715 1150 nostro

2117 1182 2439 1252 imperatore
2473 1191 2529 1238 et
2555 1200 2640 1238 me
2671 1185 2735 1238 de
2774 1185 3030 1240 fidelitate
3074 1201 3170 1239 sua
3212 1186 3437 1242 redditis
3475 1187 3712 1243 securis.

2117 1274 2185 1329 Et
2231 1275 2274 1330 si
2321 1291 2419 1346 ego
2463 1274 2738 1331 Gerardns
2787 1287 3006 1332 vocatus
3047 1279 3368 1348 episcopus,
3414 1287 3716 1350 antequam

2119 1367 2380 1422 reddatur
2413 1368 2584 1432 filius,
2615 1379 2861 1424 mertuus
2899 1367 3078 1432 fuero,
3115 1371 3370 1424 reddetur
3399 1370 3560 1438 patri,
3599 1385 3723 1424 ser-

2119 1462 2258 1515 vatis
2298 1471 2473 1516 tamen
2511 1461 2962 1517 conventionibus
3001 1461 3364 1528 supradictis,
3409 1471 3464 1516 et
3503 1461 3548 1516 si
3595 1460 3718 1531 regi

2119 1553 2462 1608 Lotharicnsi
2498 1553 2656 1608 talem
2689 1555 3039 1610 securitatem
3069 1555 3292 1620 fecerit,
3321 1553 3463 1608 unde
3485 1567 3720 1608 securus

2122 1662 2244 1701 esse
2278 1645 2464 1715 possit.
3377 1629 3386 1640 ’

2192 1737 2281 1790 44.
2329 1757 2346 1789 ι
2382 1735 2495 1790 Non
2522 1736 2612 1791 diu
2651 1737 2700 1791 iu
2727 1737 3051 1808 supradictis
3075 1738 3352 1806 promissis
3392 1735 3714 1808 permansit.

2121 1828 2214 1883 sed
2244 1829 2308 1884 de
2337 1827 2478 1882 malo
2506 1828 2556 1881 in
2588 1845 2737 1898 pejus
2768 1843 2944 1888 tuens.
2973 1829 3273 1883 a-cclcsiam
3303 1829 3432 1884 mihi
3459 1828 3722 1882 commis-

2123 1937 2238 1976 sam
2270 1922 2322 1976 in
2351 1921 2708 1990 direptionem
2741 1929 2794 1976 et
2820 1921 3282 1976 conculcationem
3311 1921 3528 1980 habuit.
3557 1927 3612 1974 et
3639 1919 3718 1974 ita

2122 2025 2310 2068 contra
2341 2030 2425 2068 me
2449 2031 2507 2068 se
2533 2014 2731 2075 erexit,
2761 2023 2818 2066 ut
2847 2013 3017 2067 tribus
3043 2014 3232 2068 diebus
3258 2027 3341 2067 me
3369 2013 3421 2066 in
3453 2013 3554 2066 hac
3578 2011 3722 2064 chi-

2125 2115 2233 2159 tate
2268 2121 2388 2160 cum
2423 2103 2535 2158 suis
2574 2103 2896 2179 satellitibus
2935 2113 3178 2160 armatus
3213 2104 3517 2170 obsideret,
3557 2111 3614 2158 et
3647 2117 3719 2158 ne

2123 2195 2246 2264 quis
2299 2211 2541 2249 meorum
2595 2195 2722 2249 hinc
2769 2194 2919 2249 exire
2969 2195 3212 2250 auderet.
3262 2195 3375 2262 Qua
3431 2193 3498 2250 de
3547 2208 3716 2248 causa

2127 2287 2457 2358 lleihampus
2489 2288 2556 2342 ad
2593 2303 2681 2342 me
2706 2287 2884 2352 venit,
2913 2287 3002 2342 ubi
3035 2287 3284 2344 comitem
3322 2285 3718 2352 llerimannum

2127 2395 2336 2436 meeum
2367 2379 2554 2446 habui,
2581 2388 2636 2434 et
2663 2389 2718 2433 ut
2747 2381 2863 2436 inec
2891 2379 2939 2434 ci
2975 2381 3328 2449 perdonarem
3361 2378 3572 2450 petivit.
3601 2377 3717 2448 Ego

2123 2471 2239 2540 ejus
2282 2472 2531 2540 petitioni
2573 2486 2905 2541 suorumque
2944 2473 3240 2527 amicorum
3275 2485 3551 2534 annuens,
3601 2469 3718 2528 luce

2124 2561 2305 2615 omnia
2339 2561 2386 2614 ei
2419 2559 2632 2626 dimisi,
2667 2570 2722 2615 et
2751 2562 2816 2616 de
2856 2562 2961 2616 hiis
2990 2577 3108 2632 qua:
3148 2561 3489 2624 emendavit,
3523 2573 3714 2614 omnes

2129 2653 2273 2722 leges
2306 2651 2629 2720 pel-donavi,
2664 2659 2717 2706 et
2746 2661 2804 2706 ut
2850 2639 3182 2707 restauraret
3213 2651 3540 2722 pauperibus
3569 2650 3716 2719 quod

2127 2741 2324 2810 injuste
2366 2743 2445 2796 cis
2490 2743 2750 2808 abstulit,
2790 2745 2963 2814 jussi;
3006 2745 3151 2814 quod
3191 2743 3417 2806 annuit,
3463 2742 3561 2798 sed
3607 2757 3715 2795 non

2129 2833 2460 2903 adimplevit.
2495 2834 2564 2888 At
2591 2835 2680 2888 ille
2709 2819 2934 2896 iterum.
2967 2845 3024 2892 ut
3058 2838 3228 2907 prius,
3263 2835 3478 2892 domino
3511 2849 3633 2890 meo
3661 2843 3718 2888 et

429 2937 608 2996 (ιιι)Γο
645 2928 738 2983 Dei
767 2945 952 2984 amore
984 2939 1038 2984 et
1076 2933 1336 3000 petitione
1366 2934 1511 3002 regis
1549 2933 1796 2989 Rotberti
1828 2944 1882 2988 et
1909 2936 2024 3003 epi—
2052 2959 2095 3018 Ο
2131 2927 2258 2981 mihi
2293 2915 2636 2982 sacramento
2673 2929 2986 2986 fidelitatem
3018 2930 3294 3000 promisit,
3337 2937 3391 2982 et
3418 2928 3542 2996 quia
3576 2927 3720 2982 sicut

431 3020 580 3089 scopi
611 3018 870 3074 llarduiui
899 3021 1043 3091 (373)
1074 3031 1236 3093 atque
1260 3025 1472 3078 comitis
1499 3025 1741 3080 Balduim
1767 3036 1820 3082 et
1847 3028 2019 3081 comi-

431 3107 502 3162 tis
529 3110 759 3174 Odonis,
794 3127 894 3165 nec
929 3128 1034 3165 non
1065 3122 1119 3166 et
1146 3112 1375 3178 Ottonis,
1407 3114 1670 3180 Rolberti,
1707 3125 1761 3170 et
1789 3117 2018 3172 aliorum

433 3199 732 3255 amicorum
765 3216 1008 3269 suorum,
1047 3205 1140 3274 qui
1169 3205 1270 3258 hoc
1302 3205 1556 3274 placitum
1588 3206 1861 3273 fecerunt,
1890 3225 2018 3278 qua-

437 3291 584 3346 tinus
609 3290 800 3346 melius
827 3291 1096 3361 prioribus
1129 3295 1236 3368 has.
1255 3293 1452 3348 alteras
1477 3297 1866 3364 promissiones
1891 3314 2021 3352 ροιιο

435 3393 632 3464 servet.
667 3381 832 3438 Nobis
867 3385 970 3438 erit
1009 3385 1079 3439 ita
1117 3386 1422 3455 obsequens
1461 3387 1514 3442 in
1555 3390 1834 3455 omnibus,
1881 3393 2022 3446 sicut

432 3477 486 3529 in
513 3477 686 3546 primo
709 3479 976 3548 promisit.
1009 3479 1236 3534 Clericis
1261 3491 1314 3534 et
1343 3480 1497 3535 laieis
1521 3492 1719 3537 nostra:
1742 3483 2019 3550 mcclesize,

435 3570 480 3621 si
525 3568 728 3637 aliquid
767 3584 928 3638 super
965 3569 1114 3623 illum
1154 3570 1547 3636 clamaverint,
1584 3583 1677 3625 aut
1722 3575 2020 3628 secundum

436 3665 610 3728 iegcm
651 3670 744 3713 aut
787 3663 1082 3716 secundum
1127 3663 1472 3718 concordiam
1509 3664 1564 3719 in
1606 3663 1812 3718 ratione
1855 3665 1923 3696 “9
1956 3645 2022 3720 et

437 3753 638 3820 iudicio
669 3753 805 3816 erit;
846 3761 902 3806 et
945 3753 1168 3824 insuper
1204 3755 1270 3809 de
1307 3755 1502 3823 quibus
1530 3755 1805 3825 justiciam
1843 3755 2024 3810 facere

437 3843 775 3911 potuerimus
807 3841 918 3906 illi,
939 3841 1211 3911 iusticiam
1253 3859 1464 3914 quoque
1493 3843 1774 3914 facietpcr
1805 3860 1902 3900 nos
1923 3886 1937 3908 ,
1977 3846 2022 3900 si

437 3935 816 4000 clamaverint,
845 3935 949 3990 illis
971 3937 1242 3993 omnibus.
1269 3938 1344 3992 De
1367 3938 1587 3992 civitate
1611 3948 1792 3991 nostra
1816 3937 2020 3992 nullam

441 4044 693 4098 guerram
721 4028 790 4060 ¹⁸⁰
816 4028 1000 4094 faciet,
1030 4045 1148 4098 quae
1175 4031 1240 4085 ad
1269 4031 1561 4098 dampnum
1586 4030 1761 4084 veniet
1789 4030 1941 4084 nobis
1971 4039 2024 4082 et

435 4119 780 4190 episcopatui
831 4131 1055 4186 nostro,
1109 4120 1210 4176 nisi
1259 4121 1474 4175 licentia
1524 4129 1730 4174 nostra.
1782 4120 1838 4174 Si
1885 4120 2026 4174 hanc

435 4214 858 4282 promissionem
913 4211 1195 4282 infregerit
1243 4223 1297 4266 et
1345 4213 1650 4266 admonitus
1699 4212 1763 4266 de
1804 4211 2023 4281 justicia

2131 3021 2514 3076 L:.-tltarieuscs
2553 3020 2750 3074 milites
2787 3022 2900 3074 suis
2928 3021 3159 3076 dominis
3195 3028 3248 3075 et
3281 3018 3549 3090 episcopis
3587 3016 3720 3071 obe-

2123 3109 2302 3174 diuut,
2335 3110 2466 3164 mihi
2499 3111 2765 3174 obedircl,
2789 3110 3012 3179 jnravil.

2331 3223 2348 3256 ‹
2399 3202 2676 3259 Walterus
2704 3242 2718 3267 ,
2758 3203 2912 3256 malis
2956 3211 3246 3264 assuetus,
3295 3199 3478 3255 omnia
3529 3211 3722 3252 secra—

2125 3307 2304 3354 menta
2337 3305 2669 3367 pustposutt,
2699 3304 2752 3348 et
2793 3295 3030 3349 deterius
3058 3309 3221 3366 quam
3269 3307 3527 3362 umquam
3557 3291 3722 3345 fecis-

2125 3397 2227 3454 set,
2259 3387 2601 3458 postmodum
2643 3385 2789 3439 fccit.
2827 3384 2998 3452 Quam
3030 3383 3298 3438 maliciam
3340 3383 3432 3436 diu
3457 3379 3720 3444 sustinui,

2124 3493 2176 3538 et
2218 3493 2275 3536 ut
2309 3498 2368 3536 se
2395 3479 2709 3534 emendaret
2739 3495 2951 3550 semper
2988 3478 3188 3534 monui.
3231 3479 3478 3546 (Sinuque
3511 3477 3723 3531 videret

2136 3589 2222 3626 me
2250 3571 2452 3625 diutius
2485 3570 2610 3624 talia
2641 3584 2746 3624 non
2777 3585 3082 3638 passurum,
3113 3577 3311 3623 statuto
3337 3565 3538 3637 placito
3569 3567 3722 3621 inter

2128 3677 2214 3716 me
2246 3673 2302 3716 et
2332 3661 2504 3726 illum,
2533 3661 2784 3715 comitem
2819 3663 3071 3716 Gitonem
3103 3661 3254 3716 duxit
3283 3675 3486 3714 secum.
3522 3658 3624 3726 Qui
3651 3657 3723 3713 de

2136 3755 2298 3809 tantis
2329 3754 2486 3808 malis
2515 3753 2712 3808 missus
2740 3755 2805 3806 ad
2831 3755 3114 3815 rationem,
3147 3754 3337 3808 iterum
3365 3754 3575 3807 evictus
3600 3767 3722 3805 om-

2128 3849 2212 3902 nia
2245 3847 2584 3910 emcmlavit,
2625 3857 2678 3900 et
2710 3845 2834 3914 quia
2880 3845 3206 3916 pauperibus
3242 3861 3339 3899 sua
3387 3851 3727 3898 restauraret

2128 3939 2396 4009 promisit.
2430 3949 2483 3992 et
2511 3937 2635 4006 quia
2667 3938 2794 3992 mihi
2828 3937 3206 4006 subjiceretur.
3233 3937 3368 3992 sicut
3399 3936 3724 4007 Letharieu-

2128 4045 2213 4082 Srs
2247 4028 2440 4082 milites
2468 4029 2580 4082 suis
2604 4027 2836 4082 dominis
2865 4039 2918 4082 et
2953 4027 3221 4097 episcopis
3253 4025 3632 4094 subjiciuntur,
3663 4035 3726 4080 ut

2129 4119 2277 4188 prius
2317 4117 2588 4187 promisit.
2629 4119 2739 4187 Ego
2785 4135 2913 4173 vero
2949 4119 3166 4174 COIliltiS
3209 4119 3423 4174 Ottonis
3459 4117 3724 4188 petitione

2128 4225 2321 4262 omnes
2363 4208 2509 4280 leges
2537 4224 2598 4262 ea
2631 4209 2988 4263 conventione
3027 4209 3074 4264 ei
3109 4208 3320 4272 dimisi,
3369 4220 3428 4262 ut
3467 4223 3576 4262 non
3606 4223 3724 4260 am-

439 4305 624 4368 l‘uerit,
659 4305 798 4358 sicut
820 4303 931 4372 jam
965 4303 1166 4357 dictum
1204 4311 1306 4366 est,
1339 4301 1478 4356 infra
1509 4302 1642 4357 duas
1673 4301 2023 4372 quadragesi-
2059 4299 2104 4358 Ι)
2139 4300 2277 4370 plius
2303 4299 2356 4352 in
2395 4315 2482 4354 me
2509 4299 2822 4368 delinquere
2857 4300 2982 4368 quid
3011 4301 3258 4354 deberet:
3297 4299 3341 4356 si
3369 4309 3548 4352 autem
3587 4298 3725 4352 deii—

442 4411 560 4448 mas
607 4398 1041 4450 emendationem
1099 4395 1300 4460 faciat,
1350 4395 1442 4448 ubi
1489 4395 1596 4448 duo
1639 4396 1722 4448 vel
1771 4405 1881 4449 tres
1925 4396 2034 4448 sint

442 4485 636 4551 amici,
668 4486 760 4554 qui
793 4487 895 4542 hoc
922 4487 1180 4556 placitum
1221 4486 1497 4548 fecerunt;
1529 4495 1583 4538 et
1617 4485 1660 4539 si
1697 4485 1847 4540 sonia
1885 4485 2031 4560 (574)

443 4591 537 4629 eos
567 4577 820 4640 tenuerit,
858 4579 1118 4646 probetur
1150 4579 1296 4649 ipsa,
1336 4587 1391 4633 et
1427 4575 1568 4632 infra
1598 4577 1760 4631 aliam
1792 4580 2028 4648 quadra-

441 4667 702 4736 gesimum
726 4669 980 4739 placitum
1003 4671 1428 4742 expectahimus.
1453 4671 1607 4726 lianc
1624 4673 2028 4728 conventionem

441 4775 510 4813 ex
554 4769 785 4832 utraque
820 4771 976 4832 parte
1015 4763 1352 4819 servabimus
1390 4780 1486 4835 per
1525 4772 1730 4820 rectam
1763 4765 1830 4796 ¹⁸¹
1871 4765 2030 4819 [idem

443 4850 563 4906 sine
593 4852 734 4907 male
765 4853 1002 4923 ingenio.
1723 4843 1726 4845 ’

2140 4395 2347 4462 quisset
2372 4402 2426 4447 et
2450 4393 2514 4446 ad
2534 4393 2808 4462 justiciam
2839 4393 3021 4446 venire
3046 4392 3353 4446 admonitus
3380 4401 3544 4455 esset,
3578 4389 3721 4444 infra

2143 4497 2254 4541 tres
2302 4487 2668 4542 hebdomadas
2725 4486 2854 4540 mibi
2897 4485 3240 4560 justiﬁcaret.
3283 4488 3397 4553 Qua
3450 4487 3515 4540 de
3558 4500 3722 4538 causa

2141 4579 2268 4634 mihi
2310 4594 2490 4633 eomes
2521 4579 2646 4633 Otto
2675 4577 3024 4633 Godefridum
3055 4589 3109 4633 et
3139 4579 3353 4633 lvouem
3383 4577 3600 4632 obsides
3631 4577 3725 4630 de—

2139 4674 2234 4734 dit,
2270 4673 2406 4725 utsi
2449 4671 2722 4726 \V'alterus
2767 4672 2882 4726 luce
2929 4687 3032 4725 non
3081 4673 3460 4734 observasset,
3511 4685 3576 4723 ex
3625 4685 3720 4722 sua

2139 4773 2290 4830 parte
2317 4761 2639 4830 adjutorium
2687 4777 2788 4815 non
2821 4763 3067 4828 haberet;
3101 4763 3148 4818 si
3180 4773 3358 4816 autem
3399 4763 3510 4831 ipse
3541 4776 3724 4814 comes

2097 4843 2106 4852 ’
2139 4853 2241 4908 hoc
2273 4853 2612 4924 infregi:.sct,
2639 4852 2739 4921 ipsi
2768 4852 2982 4908 obsides
3011 4853 3062 4908 in
3093 4862 3412 4924 potestatem
3439 4865 3648 4910 meam,
3675 4850 3724 4904 si

1737 5007 1969 5078 VAlilJ’.
2007 5006 2411 5067 LECTION‘ES.

515 5122 587 5154 ’δ’
638 5124 712 5176 ita
772 5122 1066 5192 legendum,
1133 5132 1371 5178 monente
1429 5125 1543 5192 jam
1604 5124 1936 5188 Calvenerio;
1990 5121 2260 5192 iuratione
2300 5123 2452 5175 codd.

447 5191 518 5225 ⁸³⁸
549 5194 687 5247 deest
717 5197 770 5249 5.
803 5197 855 5247 4.

2568 5123 2639 5152 ’⁵ο
2685 5140 2916 5178 werram
2945 5125 2996 5178 ’5.
3109 5127 3174 5159 ²⁵¹
3227 5142 3270 5180 s.
3325 5123 3618 5194 perfectam
3665 5125 3721 5178 5.

1989 5303 2215 5360 NOTA‘Z.
