4026 5370
229 309 326 364 ιης

1637 295 1836 354 LIBER
1880 295 2201 352 Tl'lll'l'iUS.

3411 301 3514 358 13ίῖ

227 425 408 475 essent
432 416 754 479 ammoniti,
781 417 1044 470 venirent.
1079 415 1230 482 Quod
1262 415 1378 484 ipso
1407 411 1604 468 comite
1625 409 1824 466 Ollone
1857 415 1898 470 Α
1929 409 2216 478 episcopus
2259 409 2656 478 premulgaiit:
2690 429 2705 460 ς
2745 411 2858 464 llic-
2883 412 3168 481 siquidem,
3213 415 3336 483 quia
3389 431 3512 470 eum

221 513 447 578 jubente
479 509 616 562 mihi
661 509 896 562 ﬁrmavit
919 506 1272 576 jurejurando
1301 515 1528 573 uterque
1555 502 1733 558 obses.
1765 501 1822 556 In

227 618 286 658 ea
325 601 716 661 conventione.
750 617 869 670 qua:
903 600 954 654 in
989 616 1074 654 me
1099 597 1373 653 commisit
1404 598 1516 668 ipse
1551 596 1824 650 Walterus

227 703 280 749 et
309 693 396 747 Siti
423 703 658 762 prepter
687 707 832 756 (:lllll,
864 693 932 744 ab
962 691 1048 744 illa
1080 691 1168 744 die
1191 690 1402 754 dimisi,
1433 699 1492 742 ut
1523 688 1568 742 si
1596 687 1826 757 amplius

230 785 280 838 in
323 799 411 836 me
453 783 836 851 delinqueret,
871 781 1014 850 quod
1051 779 1344 836 emendare
1388 779 1548 833 nollet
1588 788 1681 832 aut
1719 793 1824 830 non

229 887 444 946 posset,
493 873 774 944 pneterita
817 871 1011 926 futuris
1051 871 1432 940 jungerentur,
1470 879 1524 924 et
1561 868 1824 938 judicium

231 967 370 1036 quod
409 967 494 1020 sui
538 965 780 1034 mquales
815 963 882 1018 de
925 963 1186 1018 benclicio
1221 962 1376 1032 prius
1403 959 1822 1030 jndicaverunt,

231 1069 372 1113 esset
399 1057 624 1120 stabile,
651 1067 706 1111 et
731 1057 848 1110 sine
871 1055 1130 1110 dilatione
1149 1053 1640 1109 excommunicare.
1673 1051 1826 1117 Quod

231 1155 409 1200 autent
447 1147 517 1200 ad
553 1146 928 1216 paenitentiam
965 1153 1020 1198 et
1057 1145 1124 1198 ad
1151 1143 1612 1198 Cbristiauitatem
1659 1141 1830 1210 perti-

235 1245 360 1302 net,
397 1251 510 1290 non
553 1235 772 1300 dimisi,
821 1234 916 1289 sed
961 1235 1012 1288 in
1058 1233 1474 1288 conventionem
1511 1231 1730 1296 habuit,
1769 1239 1829 1284 ut

233 1327 354 1382 inde
387 1328 506 1396 ipse
535 1335 592 1382 et
617 1327 704 1382 sui
740 1326 1000 1380 rationem
1035 1323 1340 1378 redderent.
1377 1343 1396 1376 ι

298 1419 392 1472 46.
429 1419 694 1472 Promisit
725 1411 852 1474 Otto
875 1431 1058 1472 comes
1093 1416 1200 1469 Deo
1227 1425 1538 1482 Sanctteque
1566 1412 1748 1468 Maria:
1775 1423 1830 1467 et

233 1512 488 1580 episcopo
519 1511 768 1565 Gerardu
800 1509 850 1562 in
885 1523 1044 1562 manu
1083 1521 1214 1571 sua,
1247 1515 1304 1560 ut
1333 1506 1376 1559 si
1415 1505 1686 1559 Walterus
1711 1519 1828 1556 utn-

233 1619 392 1672 quam
428 1604 498 1656 ab
536 1603 625 1656 illa
669 1602 800 1656 hora
839 1610 1026 1655 contra
1064 1601 1376 1670 episcopum
1421 1597 1827 1666 :ccclesiamquc

233 1696 330 1750 sibi
361 1695 720 1748 commissam
761 1695 812 1746 in
846 1694 1026 1762 aliquo
1055 1693 1406 1762 deliquisset.
1459 1692 1600 1760 quod
1637 1707 1822 1746 emen-

1928 515 2025 566 pro
2073 499 2248 568 culpis
2295 499 2776 556 innumerabilibus
2807 504 3425 568 cxcotmntmicavimus,
3459 508 3513 560 in

1931 598 2076 642 tanta
2119 590 2390 644 dementia
2436 591 2724 646 adversum
2757 610 2856 648 nos
2901 595 3198 650 insnrresit
3223 637 3238 661 ,
3269 607 3326 651 ut
3355 613 3516 668 quos-

1927 679 2050 732 dam
2075 689 2406 744 nostrorum,
2447 683 2574 750 quia
2618 685 2864 754 partibus
2914 685 3030 753 ejus
3079 703 3184 740 non
3235 687 3510 748 favebant.

1927 779 2194 840 qurereret
2209 771 2536 836 interﬁcere,
2553 774 2856 845 militesque
2877 793 3018 841 suos,
3047 779 3136 847 qui
3159 795 3342 834 secum
3357 791 3514 834 erant

1927 862 2402 926 excommunicati,
2439 863 2693 931 majorem
2719 867 3018 922 :eerlcsiam
3061 879 3260 924 sanetae
3309 871 3510 938 Mariae,

1929 951 2170 1020 aliasque
2215 951 2490 1006 tecclesias
2515 954 2780 1009 violenter
2813 957 3140 1026 conpelleret
3171 960 3414 1014 introire.
3446 961 3514 1016 Et

1931 1041 2048 1094 ideo
2073 1057 2264 1112 inagna
2297 1042 2592 1098 necessitas
2621 1046 2775 1100 nobis
2803 1047 3066 1114 incubuit,
3097 1057 3156 1102 ut
3183 1051 3459 1106 :ecclesias
3483 1068 3513 1107 a

1930 1133 2112 1187 divino
2131 1131 2306 1188 oﬁicio
2337 1132 2636 1190 lateremus
2671 1152 2904 1194 cessare.
2936 1138 3101 1193 Multa
3133 1156 3348 1211 quoque
3373 1142 3512 1198 mala

1931 1223 2086 1276 nobis
2139 1232 2191 1276 et
2245 1225 2444 1278 nostris
2496 1223 2644 1290 fecit,
2696 1241 2816 1295 qua:
2861 1227 3075 1298 longum
3105 1239 3188 1284 est
3230 1245 3508 1286 enarrare.

1931 1314 2168 1368 Tandem
2201 1331 2306 1368 non
2339 1315 2520 1370 valens
2558 1315 2674 1384 ejus
2703 1318 2962 1370 insaniant
2995 1319 3200 1374 diutius
3227 1321 3388 1384 ferre,
3433 1321 3517 1376 ui-

1931 1407 2004 1460 hil
2034 1407 2097 1460 de
2119 1423 2218 1460 suo
2264 1409 2592 1472 auferentes,
2619 1410 2922 1479 expulimns
2947 1427 3068 1466 cum
3102 1429 3132 1466 a
3165 1423 3350 1468 nostra
3383 1414 3518 1467 civi-

1931 1504 2060 1552 tate.
2095 1497 2360 1567 Expulsus
2405 1509 2584 1554 autem
2627 1501 2772 1568 cepit
2804 1502 3088 1556 adversum
3145 1519 3242 1559 nos
3287 1503 3518 1573 amplius

1929 1589 2126 1653 sevire,
2153 1589 2414 1660 villasque
2451 1599 2667 1646 nostras
2699 1608 2824 1646 cum
2860 1592 3106 1648 ecclesiis
3151 1610 3285 1664 quas
3341 1597 3519 1664 potuit

1929 1682 2228 1752 depraadari
2249 1693 2410 1754 atque
2435 1685 2540 1754 igni
2567 1699 2936 1739 concretuare.
2961 1684 3152 1740 Postea
3169 1685 3319 1756 jussu
3345 1687 3516 1740 nostri

233 1789 362 1842 dare
395 1786 584 1850 nollet,
615 1796 708 1840 aut
741 1801 845 1840 non
875 1795 1078 1856 posset,
1108 1799 1402 1852 numquam
1427 1783 1496 1836 ab
1523 1783 1616 1836 illo
1643 1792 1736 1836 attt
1761 1782 1828 1836 de

1936 1773 2162 1828 senioris
2193 1789 2220 1826 a
2253 1775 2450 1828 comite
2491 1775 2752 1828 Balduino
2795 1784 2849 1830 et
2897 1777 3005 1830 lilio
3052 1775 3167 1843 ejus
3213 1777 3520 1832 Tornacum

235 1881 341 1933 suis
361 1879 630 1932 auxilium
657 1879 774 1933 sive
795 1878 1076 1932 consilium
1103 1876 1220 1930 sive
1245 1875 1660 1944 receptaculum,
1685 1873 1826 1944 quod

235 1970 297 2022 ad
347 1969 650 2038 dampnum
701 1970 914 2024 veniret
963 1968 1216 2038 episcopo
1247 2007 1262 2031 ,
1310 1967 1676 2035 {PCCIOSiiBIIIIC
1723 1965 1828 2018 sibi

235 2061 566 2126 commissa;
611 2074 715 2114 nec
765 2074 896 2116 suus
933 2068 1118 2123 esset,
1165 2074 1264 2112 nec
1305 2074 1458 2112 suum
1508 2057 1828 2112 benelicium

235 2165 440 2212 terreret
479 2155 604 2210 sine
639 2153 870 2208 consilio
903 2153 1140 2222 episcopi
1181 2153 1284 2216 "3;
1325 2161 1379 2206 et
1411 2151 1648 2222 juravit,
1687 2149 1829 2220 quod

239 2247 334 2298 hoc
369 2243 679 2318 secundum
721 2259 876 2298 suum
909 2243 1051 2298 scire
1079 2259 1174 2313 per
1211 2252 1412 2296 rectam
1457 2243 1614 2296 ﬁdem
1653 2251 1832 2296 atten-

235 2333 381 2387 derct
424 2335 544 2387 sine
583 2333 728 2388 malo
769 2334 1003 2403 ingenio.
1043 2334 1132 2387 lvo
1169 2333 1374 2402 juravit
1400 2372 1414 2396 ,
1459 2335 1602 2402 quod
1649 2349 1832 2386 comes

237 2422 356 2478 Otto
383 2440 484 2478 suo
511 2424 748 2478 consilio
775 2439 880 2478 non
920 2425 1236 2488 dimitteret,
1269 2424 1398 2494 quin
1432 2432 1830 2478 sacramentum

236 2514 604 2582 supradictum
627 2515 1038 2578 attenderet,et,
1059 2514 1102 2567 si
1128 2517 1278 2568 exire
1307 2513 1480 2576 vellet,
1511 2529 1606 2582 per
1629 2523 1828 2568 rectam

241 2607 391 2661 tidem
419 2609 575 2676 sequi
609 2607 816 2660 faceret
847 2607 890 2660 si
929 2617 1143 2674 posset;
1176 2616 1230 2660 et
1257 2606 1300 2658 si
1341 2605 1393 2658 in
1425 2605 1636 2674 culpam
1673 2605 1833 2658 cade-

241 2707 337 2758 ret,
360 2713 525 2766 quam
549 2699 846 2752 emendare
872 2697 1034 2750 nollet
1062 2707 1150 2750 aut
1181 2713 1286 2752 non
1319 2706 1518 2766 posset.
1547 2696 1829 2750 consilium

241 2790 350 2842 sive
375 2790 663 2853 auxilium,
690 2790 806 2844 sive
847 2787 1246 2858 receptaculum
1287 2788 1333 2840 ei
1377 2803 1481 2840 non
1507 2795 1830 2854 praestaret,

241 2882 380 2950 quod
419 2891 566 2934 esset
597 2883 664 2934 ad
716 2883 1010 2950 dampnutn
1060 2881 1314 2949 episc0po
1360 2878 1606 2932 Germ-do
1647 2877 1834 2932 trocle-

239 2977 436 3040 simque
463 2972 564 3026 sibi
593 2973 930 3036 commissa);
959 2980 1010 3024 et
1039 2971 1180 3038 quod
1205 2972 1306 3024 hoc
1331 2984 1425 3040 per
1447 2979 1646 3024 rectam
1675 2969 1706 3020 ti
1732 2969 1832 3020 lem

241 3064 557 3118 observaret
589 3064 709 3118 sine
759 3061 903 3118 malo
945 3061 1160 3134 ingenio
1187 3101 1200 3126 ,
1249 3060 1392 3114 salva
1435 3059 1689 3114 lidelitatc
1737 3061 1835 3114 do-

243 3156 368 3208 mini
403 3156 510 3210 Siti.

306 3244 396 3298 47.
448 3245 746 3298 Ιὶιιοόῡοῑηι
796 3243 1012 3298 obsides
1059 3243 1336 3298 Walterus
1387 3241 1532 3294 dedit
1579 3240 1833 3310 episcopo

243 3339 512 3398 Cerardo,
545 3349 778 3402 quorum
815 3339 928 3386 lucc
958 3343 1083 3388 sont
1122 3333 1434 3387 nmnina....
1468 3331 1538 3361 ³⁵³
1567 3331 1656 3399 qui
1683 3331 1834 3400 jura-

243 3437 475 3490 verunt,
523 3429 662 3497 quod
711 3441 817 3480 non
866 3425 1162 3479 dimitteret
1210 3440 1396 3480 eorum
1444 3424 1673 3478 consilio
1721 3425 1834 3492 ipse

245 3515 548 3579 Walterus,
579 3519 708 3586 quin
738 3517 881 3570 hanc
908 3517 1220 3570 ﬁdelitatem
1255 3517 1586 3578 attenderet;
1620 3525 1674 3568 et
1703 3515 1746 3568 si
1781 3517 1832 3568 in

245 3611 456 3680 calpam
487 3611 730 3674 caderet,
761 3625 922 3679 quam
953 3609 1244 3662 emendare
1271 3610 1434 3664 nollet
1459 3618 1552 3662 aut
1579 3625 1684 3662 non
1714 3624 1834 3678 pos-

245 3709 354 3764 set,
389 3709 678 3768 postquam
711 3697 994 3752 amuioniti
1025 3708 1242 3763 essent,
1283 3700 1422 3754 infra
1453 3709 1575 3754 octo
1612 3699 1727 3772 dies
1767 3700 1834 3754 ad

240 3791 504 3858 justitiam
537 3792 796 3844 ducerent
825 3791 869 3843 si
899 3798 1134 3858 possent.
1170 3791 1322 3856 Quod
1359 3791 1410 3843 ni
1443 3789 1665 3854 faceret,
1695 3789 1836 3844 infra

247 3881 378 3935 alios
403 3891 530 3935 octo
561 3884 676 3935 dies
711 3881 777 3934 ad
812 3883 1124 3950 episcopum
1157 3897 1278 3934 cum
1313 3883 1587 3937 beneﬁciis
1615 3898 1834 3948 eorum,

249 3973 288 4026 si
326 3972 610 4025 ammoniti
647 3981 864 4032 essent,
899 3987 994 4040 per
1032 3985 1236 4027 rectam
1281 3973 1438 4028 ﬁdem
1472 3975 1746 4048 venirent,
1785 3983 1838 4028 et

251 4078 540 4130 numquam
583 4063 630 4116 ei
669 4062 954 4116 consilium
992 4063 1106 4117 sive
1146 4064 1406 4118 auxilium
1441 4065 1660 4130 darent,
1695 4066 1839 4134 quod

249 4151 310 4204 ad
349 4152 647 4221 dampnum
686 4153 942 4222 episcopo
977 4155 1346 4223 tecclesimque
1383 4155 1484 4209 sibi
1531 4155 1839 4209 commissa:

250 4251 408 4307 esset,
441 4251 496 4296 et
522 4243 834 4312 episcopum
858 4241 1113 4310 juvarcnt
1141 4253 1330 4298 contra
1356 4259 1477 4300 eum
1511 4239 1607 4312 per
1634 4255 1838 4300 rectam

249 4331 424 4386 ﬁdem.

312 4423 402 4476 48.
447 4423 572 4478 [hec
613 4434 696 4478 est
745 4440 960 4494 quoque
1005 4427 1290 4480 conventio
1343 4427 1638 4480 novrssimc
1697 4428 1837 4496 apud
1871 4457 1916 4513 υ

249 4513 526 4570 Sebelmas
555 4517 626 4546 ’⁸⁸
652 4517 909 4587 Oppidum
941 4507 1104 4582 facta,
1135 4535 1322 4589 quam,
1358 4529 1415 4572 ut
1439 4519 1654 4574 cunctis
1693 4521 1840 4575 inno-

251 4613 474 4662 tesceret
503 4648 520 4674 ,
570 4595 894 4690 semilatino
943 4623 1192 4665 sermone
1254 4611 1557 4680 hujusmodi
1607 4613 1838 4669 domnus

1933 1872 2252 1936 conductus,
2287 1872 2376 1926 ubi
2405 1872 2762 1926 interfuerunt
2791 1873 2896 1927 dux
2928 1873 3128 1926 Gozclo
3160 1882 3212 1926 et
3237 1873 3521 1942 episropus

1933 1960 2298 2026 Lcodiceusis,
2325 1962 2524 2016 nullam
2565 1961 3002 2031 nobisjustitiam
3029 1963 3176 2028 fecit,
3207 1964 3302 2018 sed
3331 1963 3522 2018 fraude

1933 2067 2030 2106 sua
2063 2054 2332 2112 omnibus
2363 2053 2737 2117 manifestata,
2773 2056 2823 2108 in
2867 2055 3082 2110 malicia
3131 2054 3518 2125 perseveravit.

1935 2143 2042 2198 Sed
2079 2154 2136 2196 ut
2187 2145 2398 2200 tandem
2447 2153 2676 2214 cogente
2727 2145 3056 2200 necessitate
3103 2147 3520 2214 oportunitatem

1935 2233 2162 2297 invenit,
2196 2235 2296 2288 hoc
2327 2233 2580 2302 placitum
2631 2237 2680 2287 iu
2729 2236 3001 2302 presentia
3049 2235 3286 2306 llugonis
3315 2237 3527 2307 episco-

1935 2325 1987 2390 pi
2019 2325 2186 2394 (576),
2211 2325 2426 2378 comitis
2445 2340 2660 2392 quoque
2681 2325 2926 2380 Baldaini
2949 2336 3000 2380 et
3031 2329 3124 2381 lilii
3149 2329 3286 2397 ejus,
3313 2345 3522 2384 necnon

1937 2415 2149 2468 Uttouis
2178 2423 2232 2468 et
2263 2414 2562 2478 Eustachii,
2589 2416 2870 2470 nobiscum
2903 2417 3138 2471 ﬁrmavit
3167 2419 3258 2470 ⁸⁵⁸.
3303 2437 3322 2470 ι

2009 2505 2099 2558 49.
2133 2505 2208 2558 Ex
2241 2519 2350 2573 quo
2373 2505 2628 2572 ⁵(Ιοιιιιιιιιι
2676 2506 2962 2575 epist-opus
3007 2507 3283 2562 Gcrardus
3331 2509 3522 2564 urbem

1937 2595 2284 2650 commissam
2339 2596 2574 2664 primum
2623 2595 2882 2662 intravit,
2917 2597 3104 2652 videns
3145 2597 3363 2665 quidem
3415 2607 3523 2650 tam

1937 2696 2164 2758 angusta
2219 2703 2382 2758 quam
2439 2695 2651 2742 vetusta
2705 2689 3020 2744 monasterii
3077 2701 3280 2744 s:.ncta:
3343 2689 3525 2743 Mariae

1937 2781 2186 2846 tediticia,
2233 2795 2298 2834 ac
2346 2795 2676 2836 annosorum
2725 2783 2994 2852 parietum
3040 2781 3290 2836 ﬁssuram
3339 2796 3514 2850 suspe-

1940 2882 2124 2934 ctans,
2169 2889 2292 2928 mox
2337 2874 2580 2928 animum
2612 2874 2680 2929 ad
2716 2873 3112 2930 meliorandum
3167 2873 3437 2940 intendit,
3479 2876 3522 2929 si

1943 2963 2104 3028 forte,
2135 2965 2240 3018 Deo
2267 2975 2580 3034 praestante,
2605 2973 2816 3034 tempus
2851 2965 2902 3019 ci
2949 2974 3262 3036 suppeteret
3300 2977 3516 3034 oportu-

1945 3072 2102 3120 num;
2129 3057 2220 3111 sed
2245 3057 2393 3124 quia,
2419 3067 2475 3110 ιιι
2499 3072 2663 3126 supra
2711 3057 2992 3126 retulimus
3017 3057 3103 3126 (tt,
3133 3057 3212 3127 2),
3247 3066 3352 3110 tam
3387 3057 3526 3110 inte-

1937 3148 2094 3202 stinis
2136 3162 2298 3217 quam
2325 3149 2602 3202 extraneis
2640 3148 2998 3204 seditionibus
3026 3149 3317 3219 inpeditus,
3351 3163 3526 3218 usque

1944 3241 2012 3295 ad
2054 3256 2254 3294 annum
2289 3240 2579 3294 Dominicae
2619 3241 3009 3296 incarnationis
3055 3241 3216 3304 1025,
3261 3241 3342 3294 sui
3393 3253 3522 3292 vero

1903 3331 1906 3333 Α
1935 3333 2260 3403 prmsulatus
2291 3335 2358 3392 'i"
2389 3335 2646 3390 inchoare
2675 3351 2778 3388 non
2803 3336 2996 3403 potuit.
3025 3335 3176 3390 Tunc
3192 3350 3322 3390 vero
3346 3335 3526 3388 divina

1938 3423 2310 3476 misericordia
2357 3423 2550 3488 frctus,
2579 3439 2641 3478 ac
2665 3424 2956 3478 multorum
3001 3424 3236 3478 ﬁdelium
3278 3425 3368 3478 Dei
3406 3439 3530 3476 ora-

1941 3513 2176 3568 tionibus
2203 3514 2402 3584 quibus
2423 3514 2612 3568 ﬁderat
2641 3517 2946 3577 roboratus,
2979 3524 3084 3568 tam
3128 3515 3379 3583 antiquas
3411 3529 3528 3567 mo-

1939 3606 2016 3660 les
2043 3607 2308 3674 parietum
2335 3606 2581 3662 demoliri
2607 3607 2864 3674 prceepit.
2895 3606 3014 3673 Quo
3041 3605 3205 3670 facto,
3231 3605 3376 3660 omni
3410 3613 3526 3659 stu-

1940 3699 2028 3752 dio
2075 3697 2372 3760 accinctus,
2413 3705 2598 3766 utpote
2647 3696 2864 3764 sapiens
2918 3696 3267 3761 architectus,
3313 3696 3526 3766 incepto

1940 3793 2110 3848 labori
2143 3793 2404 3848 sollicitus
2437 3793 2604 3846 instat
2629 3833 2644 3856 ,
2677 3801 2730 3846 et
2776 3793 2846 3824 ³³⁸
2881 3793 3204 3848 necessariis
3231 3793 3534 3858 sumptibus

1939 3881 2238 3950 prudenter
2263 3883 2537 3951 expensis,
2561 3884 2628 3936 ad
2660 3883 3077 3938 reediﬁeandum
3113 3892 3273 3938 tantae
3297 3883 3532 3938 difﬁcul-

1946 3975 2072 4028 tatis
2111 3991 2246 4044 opus
2294 3977 2538 4040 anhelat;
2575 3977 2772 4047 quippe
2821 3978 3056 4042 timens,
3091 3993 3159 4031 ne
3209 3985 3300 4030 aut
3353 3987 3529 4030 morte

1943 4047 2234 4134 proventus
2259 4075 2353 4118 aut
2377 4065 2616 4136 qualibet
2646 4068 2750 4122 alia
2793 4083 2952 4121 causa
2977 4077 3232 4128 coactus,
3263 4081 3397 4136 opus
3451 4067 3532 4120 in-

1943 4155 2244 4223 perfectum
2278 4141 2567 4226 relinquat.
2609 4159 2691 4212 Ad
2738 4159 2840 4212 hoc
2891 4173 3020 4212 vero
3075 4157 3348 4212 difﬁcilius
3395 4156 3530 4211 nihil

1943 4258 2084 4309 esse,
2137 4246 2280 4314 quod
2323 4263 2477 4302 suum
2531 4249 2858 4304 desiderium
2917 4257 3240 4312 remoretur,
3275 4248 3530 4314 advertit,

1943 4355 2102 4408 quam
2137 4340 2279 4396 lenta
2316 4344 2598 4398 convectio
2633 4345 3022 4406 columnarum,
3067 4359 3188 4413 qua:
3235 4341 3420 4410 procul
3463 4341 3535 4398 ab

1945 4436 2078 4487 urbe
2125 4433 2236 4488 fere
2265 4435 2318 4488 in
2369 4437 2646 4506 trigesimo
2703 4437 2932 4491 miliario
2985 4436 3352 4490 caedebantur.
3387 4433 3536 4490 Divi-
3609 4475 3612 4478 ι

1947 4539 2070 4576 nam
2118 4539 2248 4595 ergo
2304 4527 2644 4582 clementiam
2686 4530 3003 4597 deprecatus
3050 4537 3109 4582 ut
3156 4527 3258 4582 sibi
3314 4527 3536 4598 propius

1905 4627 1908 4630 λ
1949 4615 2194 4670 solamen
2229 4617 2446 4688 aliquod
2475 4629 2734 4690 prieslare
2765 4619 3045 4690 dignetur,
3083 4619 3318 4690 quadam
3361 4616 3536 4688 siqui-

1557 4806 1788 4862 VARlz'E
1835 4806 2236 4862 LECTIONI‘IS.

311 4968 382 5002 ’³³
406 4969 520 5024 scil.
551 4967 858 5028 obtineret,
887 4965 962 5020 vel
999 4955 1286 5034 reciperet.

1364 4962 1434 4993 ’⁵⁵
1461 4960 1674 5036 notitiae
1705 4962 1888 5036 desunt
1924 4961 2191 5036 omnibus,
2225 4964 2276 5014 in
2309 4962 2386 5015 2'.
2421 4963 2474 5016 5.
2505 4964 2557 5018 Ii.
2593 4979 2654 5016 ne
2683 4965 2910 5032 spatium
2943 4967 3152 5036 quidem
3184 4967 3246 5016 iis
3279 4965 3539 5036 relictum.

251 5041 316 5072 ’⁸⁸
357 5042 432 5094 itu
475 5041 524 5094 1.
575 5039 631 5092 2.
681 5037 761 5091 2'.
819 5029 1182 5091 Schelinas'ci.
1229 5032 1484 5087 Cbelmas
1519 5033 1572 5085 5.
1617 5029 1906 5102 Sequemur
1955 5031 2211 5100 oppidum
2246 5043 2656 5088 -—-ornatnenta
2705 5029 3204 5091 adhibuitdccmot
3238 5037 3290 5090 in
3327 5035 3378 5088 2.
3411 5034 3550 5102 [alio

251 5112 411 5165 exciso
471 5107 677 5163 Eadem
700 5109 888 5161 desunt
911 5106 990 5182 2',
1019 5106 1192 5182 spatio
1214 5101 1946 5182 triumlitterarumrelicto,
1997 5115 2050 5182 et.
2074 5103 2300 5170 margini
2329 5104 2617 5182 inscripto;
2649 5105 2866 5182 desunt
2898 5107 3126 5176 reliqua.
3207 5105 3323 5182 “1t
3361 5101 3541 5182 Verba
