  <div class='ocr_page' id='page_1' title='image "/cluster/home/n/w/nwhite01/storage/ocr_20150623/149/hvd.32044015473770/090.png"; bbox 0 0 4026 5370; ppageno 0'>
   <div class='ocr_carea' id='block_1_1' title="bbox 212 345 300 402">
    <p class='ocr_par' dir='ltr' id='par_1_1' title="bbox 212 345 300 402">
     <span class='ocr_line' id='line_1_1' title="bbox 212 345 300 402; baseline -0.011 0"><span class='ocrx_word' id='word_1_1' title='bbox 212 345 300 402; x_wconf 71' lang='grc' dir='ltr'><strong>ιω</strong></span> 
     </span>
    </p>
   </div>
   <div class='ocr_carea' id='block_1_2' title="bbox 1515 311 2062 376">
    <p class='ocr_par' dir='ltr' id='par_1_2' title="bbox 1515 311 2062 376">
     <span class='ocr_line' id='line_1_2' title="bbox 1515 311 2062 376; baseline -0.016 0"><span class='ocrx_word' id='word_1_2' title='bbox 1515 311 1712 376; x_wconf 78' lang='lat' dir='ltr'><strong>LIBER</strong></span> <span class='ocrx_word' id='word_1_3' title='bbox 1749 313 2062 371; x_wconf 77' lang='lat' dir='ltr'><strong>TERTIUS.</strong></span> 
     </span>
    </p>
   </div>
   <div class='ocr_carea' id='block_1_3' title="bbox 3316 307 3415 364">
    <p class='ocr_par' dir='ltr' id='par_1_3' title="bbox 3316 307 3415 364">
     <span class='ocr_line' id='line_1_3' title="bbox 3316 307 3415 364; baseline 0.02 -2"><span class='ocrx_word' id='word_1_4' title='bbox 3316 307 3415 364; x_wconf 76' lang='lat'><strong>170</strong></span> 
     </span>
    </p>
   </div>
   <div class='ocr_carea' id='block_1_4' title="bbox 207 400 3411 504">
    <p class='ocr_par' dir='ltr' id='par_1_4' title="bbox 207 400 3411 504">
     <span class='ocr_line' id='line_1_4' title="bbox 207 400 3411 504; baseline -0.005 -29"><span class='ocrx_word' id='word_1_5' title='bbox 207 400 312 504; x_wconf 46' lang='lat' dir='ltr'><strong>iure</strong></span> <span class='ocrx_word' id='word_1_6' title='bbox 344 421 943 496; x_wconf 56' lang='lat' dir='ltr'><strong>[terrarilnsjamdictus</strong></span> <span class='ocrx_word' id='word_1_7' title='bbox 969 419 1305 491; x_wconf 76' lang='lat' dir='ltr'><strong>possederat,</strong></span> <span class='ocrx_word' id='word_1_8' title='bbox 1328 425 1384 471; x_wconf 91' lang='lat' dir='ltr'><strong>et</strong></span> <span class='ocrx_word' id='word_1_9' title='bbox 1409 411 1663 484; x_wconf 85' lang='lat' dir='ltr'><strong>quicquid</strong></span> <span class='ocrx_word' id='word_1_10' title='bbox 1699 410 1752 464; x_wconf 91' lang='lat' dir='ltr'><strong>in</strong></span> <span class='ocrx_word' id='word_1_11' title='bbox 1783 413 1826 470; x_wconf 84' lang='grc' dir='ltr'>Λ</span> <span class='ocrx_word' id='word_1_12' title='bbox 1857 407 2041 477; x_wconf 75' lang='lat' dir='ltr'><strong>palatii</strong></span> <span class='ocrx_word' id='word_1_13' title='bbox 2073 406 2200 471; x_wconf 92' lang='lat' dir='ltr'><strong>ivit,</strong></span> <span class='ocrx_word' id='word_1_14' title='bbox 2227 419 2392 474; x_wconf 87' lang='lat' dir='ltr'><strong>seque</strong></span> <span class='ocrx_word' id='word_1_15' title='bbox 2421 405 2678 460; x_wconf 90' lang='lat' dir='ltr'><strong>deditioni</strong></span> <span class='ocrx_word' id='word_1_16' title='bbox 2711 404 2850 476; x_wconf 77' lang='lat' dir='ltr'><strong>regis</strong></span> <span class='ocrx_word' id='word_1_17' title='bbox 2882 402 3054 504; x_wconf 81' lang='lat' dir='ltr'><strong>libens</strong></span> <span class='ocrx_word' id='word_1_18' title='bbox 3083 400 3411 504; x_wconf 56' lang='lat' dir='ltr'><strong>obtulittau.</strong></span> 
     </span>
    </p>
   </div>
   <div class='ocr_carea' id='block_1_5' title="bbox 211 502 1756 590">
    <p class='ocr_par' dir='ltr' id='par_1_5' title="bbox 211 502 1756 590">
     <span class='ocr_line' id='line_1_5' title="bbox 211 502 1756 590; baseline -0.016 -11"><span class='ocrx_word' id='word_1_19' title='bbox 211 502 396 579; x_wconf 76' lang='lat' dir='ltr'><strong>Briasto</strong></span> <span class='ocrx_word' id='word_1_20' title='bbox 423 519 570 590; x_wconf 79' lang='grc'><strong>(591)</strong></span> <span class='ocrx_word' id='word_1_21' title='bbox 613 517 904 572; x_wconf 85' lang='lat' dir='ltr'><strong>Fulcuinus</strong></span> <span class='ocrx_word' id='word_1_22' title='bbox 938 521 1100 582; x_wconf 89' lang='lat' dir='ltr'><strong>atque</strong></span> <span class='ocrx_word' id='word_1_23' title='bbox 1128 509 1329 565; x_wconf 75' lang='lat' dir='ltr'><strong>Resina</strong></span> <span class='ocrx_word' id='word_1_24' title='bbox 1377 506 1579 561; x_wconf 85' lang='lat' dir='ltr'><strong>habere</strong></span> <span class='ocrx_word' id='word_1_25' title='bbox 1613 502 1756 556; x_wconf 86' lang='lat' dir='ltr'><strong>vide-</strong></span> 
     </span>
    </p>
   </div>
   <div class='ocr_carea' id='block_1_6' title="bbox 210 592 1752 678">
    <p class='ocr_par' dir='ltr' id='par_1_6' title="bbox 210 592 1752 678">
     <span class='ocr_line' id='line_1_6' title="bbox 210 592 1752 678; baseline -0.016 -9"><span class='ocrx_word' id='word_1_26' title='bbox 210 617 413 677; x_wconf 81' lang='lat' dir='ltr'><strong>bantur;</strong></span> <span class='ocrx_word' id='word_1_27' title='bbox 452 609 740 678; x_wconf 81' lang='lat' dir='ltr'><strong>villamque</strong></span> <span class='ocrx_word' id='word_1_28' title='bbox 782 607 1002 674; x_wconf 84' lang='lat' dir='ltr'><strong>insuper</strong></span> <span class='ocrx_word' id='word_1_29' title='bbox 1044 617 1170 672; x_wconf 73' lang='lat' dir='ltr'><strong>qua:</strong></span> <span class='ocrx_word' id='word_1_30' title='bbox 1208 599 1482 654; x_wconf 82' lang='lat' dir='ltr'><strong>Fontanas</strong></span> <span class='ocrx_word' id='word_1_31' title='bbox 1526 592 1752 658; x_wconf 82' lang='lat' dir='ltr'><strong>dicitur;</strong></span> 
     </span>
    </p>
   </div>
   <div class='ocr_carea' id='block_1_7' title="bbox 210 685 1757 766">
    <p class='ocr_par' dir='ltr' id='par_1_7' title="bbox 210 685 1757 766">
     <span class='ocr_line' id='line_1_7' title="bbox 210 685 1757 766; baseline -0.017 -5"><span class='ocrx_word' id='word_1_32' title='bbox 210 717 255 761; x_wconf 84' lang='lat' dir='ltr'><strong>et</strong></span> <span class='ocrx_word' id='word_1_33' title='bbox 281 705 328 759; x_wconf 92' lang='lat' dir='ltr'><strong>in</strong></span> <span class='ocrx_word' id='word_1_34' title='bbox 371 704 588 758; x_wconf 87' lang='lat' dir='ltr'><strong>Petrosa</strong></span> <span class='ocrx_word' id='word_1_35' title='bbox 621 699 835 755; x_wconf 78' lang='lat' dir='ltr'><strong>tertiam</strong></span> <span class='ocrx_word' id='word_1_36' title='bbox 883 704 1090 766; x_wconf 88' lang='lat' dir='ltr'><strong>partem</strong></span> <span class='ocrx_word' id='word_1_37' title='bbox 1123 707 1244 747; x_wconf 91' lang='lat' dir='ltr'><strong>cum</strong></span> <span class='ocrx_word' id='word_1_38' title='bbox 1291 685 1559 748; x_wconf 61' lang='lat' dir='ltr'><strong>ecclesia;</strong></span> <span class='ocrx_word' id='word_1_39' title='bbox 1620 698 1757 753; x_wconf 71' lang='lat' dir='ltr'><strong>prte-</strong></span> 
     </span>
    </p>
   </div>
   <div class='ocr_carea' id='block_1_8' title="bbox 153 775 1756 864">
    <p class='ocr_par' dir='ltr' id='par_1_8' title="bbox 153 775 1756 864">
     <span class='ocr_line' id='line_1_8' title="bbox 153 775 1756 864; baseline -0.016 -13"><span class='ocrx_word' id='word_1_40' title='bbox 153 832 161 839; x_wconf 69' lang='grc' dir='ltr'><em>ι</em></span> <span class='ocrx_word' id='word_1_41' title='bbox 211 798 438 864; x_wconf 88' lang='lat' dir='ltr'><strong>dinmque</strong></span> <span class='ocrx_word' id='word_1_42' title='bbox 457 795 512 848; x_wconf 86' lang='lat' dir='ltr'><strong>in</strong></span> <span class='ocrx_word' id='word_1_43' title='bbox 539 791 761 846; x_wconf 89' lang='lat' dir='ltr'><strong>Solman</strong></span> <span class='ocrx_word' id='word_1_44' title='bbox 794 804 825 843; x_wconf 88' lang='lat' dir='ltr'><strong>a</strong></span> <span class='ocrx_word' id='word_1_45' title='bbox 852 784 1048 856; x_wconf 87' lang='lat' dir='ltr'><strong>Fagala</strong></span> <span class='ocrx_word' id='word_1_46' title='bbox 1087 790 1390 852; x_wconf 90' lang='lat' dir='ltr'><strong>acceptum,</strong></span> <span class='ocrx_word' id='word_1_47' title='bbox 1419 777 1670 844; x_wconf 83' lang='lat' dir='ltr'><strong>aliudque</strong></span> <span class='ocrx_word' id='word_1_48' title='bbox 1702 775 1756 827; x_wconf 86' lang='lat' dir='ltr'><strong>in</strong></span> 
     </span>
    </p>
   </div>
   <div class='ocr_carea' id='block_1_9' title="bbox 211 869 1756 952">
    <p class='ocr_par' dir='ltr' id='par_1_9' title="bbox 211 869 1756 952">
     <span class='ocr_line' id='line_1_9' title="bbox 211 869 1756 952; baseline -0.012 -12"><span class='ocrx_word' id='word_1_49' title='bbox 211 886 504 940; x_wconf 86' lang='lat' dir='ltr'><strong>Bermerenc</strong></span> <span class='ocrx_word' id='word_1_50' title='bbox 535 883 685 952; x_wconf 71' lang='lat'><strong>(592)</strong></span> <span class='ocrx_word' id='word_1_51' title='bbox 705 899 734 937; x_wconf 92' lang='lat' dir='ltr'><strong>a</strong></span> <span class='ocrx_word' id='word_1_52' title='bbox 754 881 1042 938; x_wconf 75' lang='lat' dir='ltr'><strong>Centhone</strong></span> <span class='ocrx_word' id='word_1_53' title='bbox 1064 877 1265 941; x_wconf 87' lang='lat' dir='ltr'><strong>milite;</strong></span> <span class='ocrx_word' id='word_1_54' title='bbox 1290 875 1528 943; x_wconf 84' lang='lat' dir='ltr'><strong>itemque</strong></span> <span class='ocrx_word' id='word_1_55' title='bbox 1551 871 1603 925; x_wconf 90' lang='lat' dir='ltr'><strong>in</strong></span> <span class='ocrx_word' id='word_1_56' title='bbox 1632 869 1756 923; x_wconf 79' lang='lat' dir='ltr'><strong>villa</strong></span> 
     </span>
    </p>
   </div>
   <div class='ocr_carea' id='block_1_10' title="bbox 212 962 1761 1048">
    <p class='ocr_par' dir='ltr' id='par_1_10' title="bbox 212 962 1761 1048">
     <span class='ocr_line' id='line_1_10' title="bbox 212 962 1761 1048; baseline -0.014 -14"><span class='ocrx_word' id='word_1_57' title='bbox 212 995 350 1048; x_wconf 80' lang='lat' dir='ltr'><strong>quam</strong></span> <span class='ocrx_word' id='word_1_58' title='bbox 376 977 617 1032; x_wconf 74' lang='lat' dir='ltr'><strong>Mansum</strong></span> <span class='ocrx_word' id='word_1_59' title='bbox 651 975 828 1030; x_wconf 82' lang='lat' dir='ltr'><strong>sancti</strong></span> <span class='ocrx_word' id='word_1_60' title='bbox 852 972 1080 1026; x_wconf 68' lang='grc' dir='ltr'><strong>Δηὼ-θαι</strong></span> <span class='ocrx_word' id='word_1_61' title='bbox 1103 969 1384 1023; x_wconf 89' lang='lat' dir='ltr'><strong>nominare</strong></span> <span class='ocrx_word' id='word_1_62' title='bbox 1423 962 1619 1026; x_wconf 88' lang='lat' dir='ltr'><strong>voluit,</strong></span> <span class='ocrx_word' id='word_1_63' title='bbox 1647 975 1761 1015; x_wconf 81' lang='lat' dir='ltr'><strong>me-</strong></span> 
     </span>
    </p>
   </div>
   <div class='ocr_carea' id='block_1_11' title="bbox 213 1053 1762 1134">
    <p class='ocr_par' dir='ltr' id='par_1_11' title="bbox 213 1053 1762 1134">
     <span class='ocr_line' id='line_1_11' title="bbox 213 1053 1762 1134; baseline -0.014 -9"><span class='ocrx_word' id='word_1_64' title='bbox 213 1071 470 1132; x_wconf 86' lang='lat' dir='ltr'><strong>dietatem;</strong></span> <span class='ocrx_word' id='word_1_65' title='bbox 504 1065 914 1134; x_wconf 62' lang='lat' dir='ltr'><strong>acdesiamque</strong></span> <span class='ocrx_word' id='word_1_66' title='bbox 943 1062 1007 1117; x_wconf 88' lang='lat' dir='ltr'><strong>de</strong></span> <span class='ocrx_word' id='word_1_67' title='bbox 1035 1058 1313 1116; x_wconf 79' lang='lat' dir='ltr'><strong>Ferrerias</strong></span> <span class='ocrx_word' id='word_1_68' title='bbox 1339 1053 1487 1127; x_wconf 75' lang='lat'><strong>(395)</strong></span> <span class='ocrx_word' id='word_1_69' title='bbox 1509 1065 1762 1108; x_wconf 87' lang='lat' dir='ltr'><strong>concam-</strong></span> 
     </span>
    </p>
   </div>
   <div class='ocr_carea' id='block_1_12' title="bbox 211 1140 1758 1215">
    <p class='ocr_par' dir='ltr' id='par_1_12' title="bbox 211 1140 1758 1215">
     <span class='ocr_line' id='line_1_12' title="bbox 211 1140 1758 1215; baseline -0.012 -3"><span class='ocrx_word' id='word_1_70' title='bbox 211 1157 509 1212; x_wconf 67' lang='lat' dir='ltr'><strong>biatatnmJ</strong></span> <span class='ocrx_word' id='word_1_71' title='bbox 524 1173 555 1210; x_wconf 89' lang='lat' dir='ltr'><strong>a</strong></span> <span class='ocrx_word' id='word_1_72' title='bbox 579 1156 839 1210; x_wconf 81' lang='lat' dir='ltr'><strong>fratribus</strong></span> <span class='ocrx_word' id='word_1_73' title='bbox 857 1162 1054 1208; x_wconf 78' lang='lat' dir='ltr'><strong>sancta:</strong></span> <span class='ocrx_word' id='word_1_74' title='bbox 1075 1150 1284 1215; x_wconf 71' lang='lat' dir='ltr'><strong>Marias;</strong></span> <span class='ocrx_word' id='word_1_75' title='bbox 1299 1149 1566 1215; x_wconf 83' lang='lat' dir='ltr'><strong>aliamque</strong></span> <span class='ocrx_word' id='word_1_76' title='bbox 1587 1140 1758 1198; x_wconf 90' lang='lat' dir='ltr'><strong>sancti</strong></span> 
     </span>
    </p>
   </div>
   <div class='ocr_carea' id='block_1_13' title="bbox 214 1233 1764 1318">
    <p class='ocr_par' dir='ltr' id='par_1_13' title="bbox 214 1233 1764 1318">
     <span class='ocr_line' id='line_1_13' title="bbox 214 1233 1764 1318; baseline -0.01 -15"><span class='ocrx_word' id='word_1_77' title='bbox 214 1249 443 1318; x_wconf 80' lang='lat' dir='ltr'><strong>Benigni;</strong></span> <span class='ocrx_word' id='word_1_78' title='bbox 478 1255 536 1302; x_wconf 91' lang='lat' dir='ltr'><strong>et</strong></span> <span class='ocrx_word' id='word_1_79' title='bbox 582 1247 651 1302; x_wconf 90' lang='lat' dir='ltr'><strong>de</strong></span> <span class='ocrx_word' id='word_1_80' title='bbox 687 1246 818 1310; x_wconf 87' lang='lat' dir='ltr'><strong>Ors,</strong></span> <span class='ocrx_word' id='word_1_81' title='bbox 851 1254 908 1300; x_wconf 90' lang='lat' dir='ltr'><strong>et</strong></span> <span class='ocrx_word' id='word_1_82' title='bbox 934 1245 1001 1298; x_wconf 90' lang='lat' dir='ltr'><strong>de</strong></span> <span class='ocrx_word' id='word_1_83' title='bbox 1028 1241 1328 1298; x_wconf 81' lang='lat' dir='ltr'><strong>Wasvilare</strong></span> <span class='ocrx_word' id='word_1_84' title='bbox 1369 1238 1540 1310; x_wconf 71' lang='grc'><strong>(594),</strong></span> <span class='ocrx_word' id='word_1_85' title='bbox 1591 1244 1647 1289; x_wconf 90' lang='lat' dir='ltr'><strong>et</strong></span> <span class='ocrx_word' id='word_1_86' title='bbox 1696 1233 1764 1288; x_wconf 84' lang='lat' dir='ltr'><strong>de</strong></span> 
     </span>
    </p>
   </div>
   <div class='ocr_carea' id='block_1_14' title="bbox 215 1325 1763 1406">
    <p class='ocr_par' dir='ltr' id='par_1_14' title="bbox 215 1325 1763 1406">
     <span class='ocr_line' id='line_1_14' title="bbox 215 1325 1763 1406; baseline -0.008 -16"><span class='ocrx_word' id='word_1_87' title='bbox 215 1337 392 1400; x_wconf 78' lang='lat' dir='ltr'><strong>Viseto,</strong></span> <span class='ocrx_word' id='word_1_88' title='bbox 436 1347 489 1392; x_wconf 90' lang='lat' dir='ltr'><strong>et</strong></span> <span class='ocrx_word' id='word_1_89' title='bbox 518 1338 661 1406; x_wconf 91' lang='lat' dir='ltr'><strong>apud</strong></span> <span class='ocrx_word' id='word_1_90' title='bbox 713 1336 984 1406; x_wconf 86' lang='lat' dir='ltr'><strong>Bragbaut</strong></span> <span class='ocrx_word' id='word_1_91' title='bbox 1037 1333 1272 1388; x_wconf 88' lang='lat' dir='ltr'><strong>alodium</strong></span> <span class='ocrx_word' id='word_1_92' title='bbox 1322 1329 1590 1400; x_wconf 89' lang='lat' dir='ltr'><strong>quoddam</strong></span> <span class='ocrx_word' id='word_1_93' title='bbox 1625 1325 1763 1379; x_wconf 82' lang='lat' dir='ltr'><strong>llam</strong></span> 
     </span>
    </p>
   </div>
   <div class='ocr_carea' id='block_1_15' title="bbox 214 1417 1766 1493">
    <p class='ocr_par' dir='ltr' id='par_1_15' title="bbox 214 1417 1766 1493">
     <span class='ocr_line' id='line_1_15' title="bbox 214 1417 1766 1493; baseline -0.008 -11"><span class='ocrx_word' id='word_1_94' title='bbox 214 1442 316 1482; x_wconf 85' lang='lat' dir='ltr'><strong>cum</strong></span> <span class='ocrx_word' id='word_1_95' title='bbox 339 1427 606 1492; x_wconf 63' lang='lat' dir='ltr'><strong>azcclesia;</strong></span> <span class='ocrx_word' id='word_1_96' title='bbox 641 1427 941 1484; x_wconf 73' lang='lat' dir='ltr'><strong>recclesiatn</strong></span> <span class='ocrx_word' id='word_1_97' title='bbox 968 1426 1035 1481; x_wconf 88' lang='lat' dir='ltr'><strong>de</strong></span> <span class='ocrx_word' id='word_1_98' title='bbox 1062 1424 1281 1479; x_wconf 90' lang='lat' dir='ltr'><strong>Liniaco</strong></span> <span class='ocrx_word' id='word_1_99' title='bbox 1310 1421 1486 1493; x_wconf 75' lang='lat'><strong>(395);</strong></span> <span class='ocrx_word' id='word_1_100' title='bbox 1517 1420 1583 1476; x_wconf 89' lang='lat' dir='ltr'><strong>dc</strong></span> <span class='ocrx_word' id='word_1_101' title='bbox 1631 1417 1766 1472; x_wconf 80' lang='lat' dir='ltr'><strong>Fur-</strong></span> 
     </span>
    </p>
   </div>
   <div class='ocr_carea' id='block_1_16' title="bbox 215 1510 1765 1582">
    <p class='ocr_par' dir='ltr' id='par_1_16' title="bbox 215 1510 1765 1582">
     <span class='ocr_line' id='line_1_16' title="bbox 215 1510 1765 1582; baseline -0.004 -12"><span class='ocrx_word' id='word_1_102' title='bbox 215 1517 362 1570; x_wconf 77' lang='lat' dir='ltr'><strong>nis’“</strong></span> <span class='ocrx_word' id='word_1_103' title='bbox 383 1516 575 1582; x_wconf 84' lang='lat' dir='ltr'><strong>aliam;</strong></span> <span class='ocrx_word' id='word_1_104' title='bbox 606 1518 659 1571; x_wconf 92' lang='lat' dir='ltr'><strong>in</strong></span> <span class='ocrx_word' id='word_1_105' title='bbox 685 1516 980 1572; x_wconf 79' lang='lat' dir='ltr'><strong>Carueraco</strong></span> <span class='ocrx_word' id='word_1_106' title='bbox 1001 1516 1163 1570; x_wconf 88' lang='lat' dir='ltr'><strong>aliam</strong></span> <span class='ocrx_word' id='word_1_107' title='bbox 1193 1514 1368 1570; x_wconf 89' lang='lat' dir='ltr'><strong>sancti</strong></span> <span class='ocrx_word' id='word_1_108' title='bbox 1398 1510 1615 1568; x_wconf 80' lang='lat' dir='ltr'><strong>Martini</strong></span> <span class='ocrx_word' id='word_1_109' title='bbox 1640 1525 1765 1565; x_wconf 89' lang='lat' dir='ltr'><strong>cum</strong></span> 
     </span>
    </p>
   </div>
   <div class='ocr_carea' id='block_1_17' title="bbox 216 1588 1768 1673">
    <p class='ocr_par' dir='ltr' id='par_1_17' title="bbox 216 1588 1768 1673">
     <span class='ocr_line' id='line_1_17' title="bbox 216 1588 1768 1673; baseline -0.003 -12"><span class='ocrx_word' id='word_1_110' title='bbox 216 1607 385 1673; x_wconf 87' lang='lat' dir='ltr'><strong>furno;</strong></span> <span class='ocrx_word' id='word_1_111' title='bbox 413 1610 760 1664; x_wconf 86' lang='lat' dir='ltr'><strong>medietatem</strong></span> <span class='ocrx_word' id='word_1_112' title='bbox 785 1609 977 1664; x_wconf 84' lang='lat' dir='ltr'><strong>telonci</strong></span> <span class='ocrx_word' id='word_1_113' title='bbox 1010 1609 1132 1664; x_wconf 71' lang='lat' dir='ltr'><strong>novi</strong></span> <span class='ocrx_word' id='word_1_114' title='bbox 1158 1607 1326 1662; x_wconf 80' lang='lat' dir='ltr'><strong>castri</strong></span> <span class='ocrx_word' id='word_1_115' title='bbox 1351 1621 1476 1662; x_wconf 92' lang='lat' dir='ltr'><strong>cum</strong></span> <span class='ocrx_word' id='word_1_116' title='bbox 1505 1588 1768 1661; x_wconf 73' lang='lat' dir='ltr'><strong>ambabus</strong></span> 
     </span>
    </p>
   </div>
   <div class='ocr_carea' id='block_1_18' title="bbox 213 1701 1028 1757">
    <p class='ocr_par' dir='ltr' id='par_1_18' title="bbox 213 1701 1028 1757">
     <span class='ocr_line' id='line_1_18' title="bbox 213 1701 1028 1757; baseline -0.004 -1"><span class='ocrx_word' id='word_1_117' title='bbox 213 1701 449 1756; x_wconf 64' lang='lat' dir='ltr'><strong>ecclesiis</strong></span> <span class='ocrx_word' id='word_1_118' title='bbox 473 1711 533 1754; x_wconf 67' lang='lat' dir='ltr'><strong>«et.</strong></span> <span class='ocrx_word' id='word_1_119' title='bbox 569 1701 881 1757; x_wconf 83' lang='lat' dir='ltr'><strong>molendin</strong></span> <span class='ocrx_word' id='word_1_120' title='bbox 903 1717 1028 1755; x_wconf 89' lang='lat' dir='ltr'><strong>uno.</strong></span> 
     </span>
    </p>
   </div>
   <div class='ocr_carea' id='block_1_19' title="bbox 1857 500 3418 570">
    <p class='ocr_par' dir='ltr' id='par_1_19' title="bbox 1857 500 3418 570">
     <span class='ocr_line' id='line_1_19' title="bbox 1857 500 3418 570; baseline 0 -13"><span class='ocrx_word' id='word_1_121' title='bbox 1857 501 2028 567; x_wconf 70' lang='lat'><strong>1025,</strong></span> <span class='ocrx_word' id='word_1_122' title='bbox 2070 501 2279 570; x_wconf 82' lang='lat' dir='ltr'><strong>Decb.).</strong></span> <span class='ocrx_word' id='word_1_123' title='bbox 2328 500 2587 556; x_wconf 84' lang='lat' dir='ltr'><strong>Processu</strong></span> <span class='ocrx_word' id='word_1_124' title='bbox 2620 501 2878 570; x_wconf 87' lang='lat' dir='ltr'><strong>temporis</strong></span> <span class='ocrx_word' id='word_1_125' title='bbox 2921 500 3240 564; x_wconf 86' lang='lat' dir='ltr'><strong>Balduinus,</strong></span> <span class='ocrx_word' id='word_1_126' title='bbox 3277 502 3418 557; x_wconf 87' lang='lat' dir='ltr'><strong>ﬁlius</strong></span> 
     </span>
    </p>
   </div>
   <div class='ocr_carea' id='block_1_20' title="bbox 1854 594 3418 666">
    <p class='ocr_par' dir='ltr' id='par_1_20' title="bbox 1854 594 3418 666">
     <span class='ocr_line' id='line_1_20' title="bbox 1854 594 3418 666; baseline 0.001 -16"><span class='ocrx_word' id='word_1_127' title='bbox 1854 594 2120 658; x_wconf 86' lang='lat' dir='ltr'><strong>Balduiui,</strong></span> <span class='ocrx_word' id='word_1_128' title='bbox 2159 596 2382 666; x_wconf 89' lang='lat' dir='ltr'><strong>cupiens</strong></span> <span class='ocrx_word' id='word_1_129' title='bbox 2404 610 2462 650; x_wconf 89' lang='lat' dir='ltr'><strong>se</strong></span> <span class='ocrx_word' id='word_1_130' title='bbox 2488 610 2704 664; x_wconf 67' lang='lat' dir='ltr'><strong>aequare</strong></span> <span class='ocrx_word' id='word_1_131' title='bbox 2727 595 2902 665; x_wconf 91' lang='lat' dir='ltr'><strong>patri,</strong></span> <span class='ocrx_word' id='word_1_132' title='bbox 2951 596 3018 650; x_wconf 89' lang='lat' dir='ltr'><strong>ab</strong></span> <span class='ocrx_word' id='word_1_133' title='bbox 3047 610 3112 650; x_wconf 87' lang='lat' dir='ltr'><strong>eo</strong></span> <span class='ocrx_word' id='word_1_134' title='bbox 3140 596 3418 651; x_wconf 85' lang='lat' dir='ltr'><strong>dissidium</strong></span> 
     </span>
    </p>
   </div>
   <div class='ocr_carea' id='block_1_21' title="bbox 1856 685 3426 757">
    <p class='ocr_par' dir='ltr' id='par_1_21' title="bbox 1856 685 3426 757">
     <span class='ocr_line' id='line_1_21' title="bbox 1856 685 3426 757; baseline 0.003 -18"><span class='ocrx_word' id='word_1_135' title='bbox 1856 685 2019 750; x_wconf 88' lang='lat' dir='ltr'><strong>fecit;</strong></span> <span class='ocrx_word' id='word_1_136' title='bbox 2045 685 2339 755; x_wconf 90' lang='lat' dir='ltr'><strong>adiensqne</strong></span> <span class='ocrx_word' id='word_1_137' title='bbox 2362 687 2766 756; x_wconf 88' lang='lat' dir='ltr'><strong>imperatorem,</strong></span> <span class='ocrx_word' id='word_1_138' title='bbox 2792 702 2890 756; x_wconf 87' lang='lat' dir='ltr'><strong>per</strong></span> <span class='ocrx_word' id='word_1_139' title='bbox 2924 701 3048 742; x_wconf 89' lang='lat' dir='ltr'><strong>eum</strong></span> <span class='ocrx_word' id='word_1_140' title='bbox 3086 703 3144 742; x_wconf 85' lang='lat' dir='ltr'><strong>se</strong></span> <span class='ocrx_word' id='word_1_141' title='bbox 3187 690 3426 757; x_wconf 72' lang='lat' dir='ltr'><strong>speravit</strong></span> 
     </span>
    </p>
   </div>
   <div class='ocr_carea' id='block_1_22' title="bbox 1857 780 3428 852">
    <p class='ocr_par' dir='ltr' id='par_1_22' title="bbox 1857 780 3428 852">
     <span class='ocr_line' id='line_1_22' title="bbox 1857 780 3428 852; baseline 0.001 -18"><span class='ocrx_word' id='word_1_142' title='bbox 1857 793 2013 848; x_wconf 84' lang='lat' dir='ltr'><strong>posse</strong></span> <span class='ocrx_word' id='word_1_143' title='bbox 2039 780 2299 849; x_wconf 85' lang='lat' dir='ltr'><strong>consequi</strong></span> <span class='ocrx_word' id='word_1_144' title='bbox 2343 794 2371 832; x_wconf 92' lang='lat' dir='ltr'><strong>a</strong></span> <span class='ocrx_word' id='word_1_145' title='bbox 2417 780 2620 835; x_wconf 88' lang='lat' dir='ltr'><strong>domno</strong></span> <span class='ocrx_word' id='word_1_146' title='bbox 2665 781 2954 852; x_wconf 86' lang='lat' dir='ltr'><strong>episcopo,</strong></span> <span class='ocrx_word' id='word_1_147' title='bbox 3009 790 3070 834; x_wconf 88' lang='lat' dir='ltr'><strong>ut</strong></span> <span class='ocrx_word' id='word_1_148' title='bbox 3095 782 3193 836; x_wconf 86' lang='lat' dir='ltr'><strong>sibi</strong></span> <span class='ocrx_word' id='word_1_149' title='bbox 3226 797 3428 851; x_wconf 81' lang='lat' dir='ltr'><strong>prepu-</strong></span> 
     </span>
    </p>
   </div>
   <div class='ocr_carea' id='block_1_23' title="bbox 1857 871 3424 944">
    <p class='ocr_par' dir='ltr' id='par_1_23' title="bbox 1857 871 3424 944">
     <span class='ocr_line' id='line_1_23' title="bbox 1857 871 3424 944; baseline 0.003 -20"><span class='ocrx_word' id='word_1_150' title='bbox 1857 871 2083 944; x_wconf 83' lang='lat' dir='ltr'><strong>gnacula</strong></span> <span class='ocrx_word' id='word_1_151' title='bbox 2127 871 2316 927; x_wconf 89' lang='lat' dir='ltr'><strong>liceret</strong></span> <span class='ocrx_word' id='word_1_152' title='bbox 2355 882 2675 928; x_wconf 88' lang='lat' dir='ltr'><strong>construere</strong></span> <span class='ocrx_word' id='word_1_153' title='bbox 2710 873 2762 928; x_wconf 93' lang='lat' dir='ltr'><strong>in</strong></span> <span class='ocrx_word' id='word_1_154' title='bbox 2789 873 3124 935; x_wconf 87' lang='lat' dir='ltr'><strong>Cameraco,</strong></span> <span class='ocrx_word' id='word_1_155' title='bbox 3161 876 3424 929; x_wconf 80' lang='lat' dir='ltr'><strong>adversus</strong></span> 
     </span>
    </p>
   </div>
   <div class='ocr_carea' id='block_1_24' title="bbox 1859 962 3424 1034">
    <p class='ocr_par' dir='ltr' id='par_1_24' title="bbox 1859 962 3424 1034">
     <span class='ocr_line' id='line_1_24' title="bbox 1859 962 3424 1034; baseline 0.001 -18"><span class='ocrx_word' id='word_1_156' title='bbox 1859 971 2070 1032; x_wconf 83' lang='lat' dir='ltr'><strong>patrem</strong></span> <span class='ocrx_word' id='word_1_157' title='bbox 2102 962 2444 1018; x_wconf 83' lang='lat' dir='ltr'><strong>rebellaturo.</strong></span> <span class='ocrx_word' id='word_1_158' title='bbox 2490 965 2604 1031; x_wconf 81' lang='lat' dir='ltr'><strong>Qua</strong></span> <span class='ocrx_word' id='word_1_159' title='bbox 2652 978 2748 1034; x_wconf 88' lang='lat' dir='ltr'><strong>spe</strong></span> <span class='ocrx_word' id='word_1_160' title='bbox 2775 965 3020 1034; x_wconf 83' lang='lat' dir='ltr'><strong>privatus</strong></span> <span class='ocrx_word' id='word_1_161' title='bbox 3048 975 3166 1030; x_wconf 90' lang='lat' dir='ltr'><strong>est,</strong></span> <span class='ocrx_word' id='word_1_162' title='bbox 3205 975 3424 1020; x_wconf 81' lang='lat' dir='ltr'><strong>contra-</strong></span> 
     </span>
    </p>
   </div>
   <div class='ocr_carea' id='block_1_25' title="bbox 1865 1055 2826 1124">
    <p class='ocr_par' dir='ltr' id='par_1_25' title="bbox 1865 1055 2826 1124">
     <span class='ocr_line' id='line_1_25' title="bbox 1865 1055 2826 1124; baseline 0 -14"><span class='ocrx_word' id='word_1_163' title='bbox 1865 1055 2080 1110; x_wconf 88' lang='lat' dir='ltr'><strong>dicente</strong></span> <span class='ocrx_word' id='word_1_164' title='bbox 2103 1055 2472 1124; x_wconf 78' lang='lat' dir='ltr'><strong>episcopo&#39;&quot;.</strong></span> <span class='ocrx_word' id='word_1_165' title='bbox 2517 1094 2532 1108; x_wconf 94' lang='lat'><strong>.</strong></span> <span class='ocrx_word' id='word_1_166' title='bbox 2572 1093 2586 1107; x_wconf 94' lang='lat'><strong>.</strong></span> <span class='ocrx_word' id='word_1_167' title='bbox 2633 1096 2646 1108; x_wconf 92' lang='lat'><strong>.</strong></span> <span class='ocrx_word' id='word_1_168' title='bbox 2696 1095 2708 1108; x_wconf 94' lang='lat'><strong>.</strong></span> <span class='ocrx_word' id='word_1_169' title='bbox 2754 1095 2768 1109; x_wconf 95' lang='lat'><strong>.</strong></span> <span class='ocrx_word' id='word_1_170' title='bbox 2811 1093 2826 1110; x_wconf 97' lang='lat'><strong>.</strong></span> 
     </span>
    </p>
   </div>
   <div class='ocr_carea' id='block_1_26' title="bbox 1930 1145 3428 1218">
    <p class='ocr_par' dir='ltr' id='par_1_26' title="bbox 1930 1145 3428 1218">
     <span class='ocr_line' id='line_1_26' title="bbox 1930 1145 3428 1218; baseline 0 -18"><span class='ocrx_word' id='word_1_171' title='bbox 1930 1145 2022 1200; x_wconf 77' lang='lat' dir='ltr'><strong>5i.</strong></span> <span class='ocrx_word' id='word_1_172' title='bbox 2046 1145 2320 1202; x_wconf 49' lang='lat' dir='ltr'><strong>‘Triburia:</strong></span> <span class='ocrx_word' id='word_1_173' title='bbox 2351 1161 2507 1201; x_wconf 86' lang='lat' dir='ltr'><strong>secus</strong></span> <span class='ocrx_word' id='word_1_174' title='bbox 2536 1146 2860 1218; x_wconf 81' lang='lat' dir='ltr'><strong>Maguntiam</strong></span> <span class='ocrx_word' id='word_1_175' title='bbox 2907 1146 3202 1216; x_wconf 85' lang='lat' dir='ltr'><strong>imperator</strong></span> <span class='ocrx_word' id='word_1_176' title='bbox 3225 1145 3428 1202; x_wconf 83' lang='lat' dir='ltr'><strong>Conra-</strong></span> 
     </span>
    </p>
   </div>
   <div class='ocr_carea' id='block_1_27' title="bbox 1861 1237 3430 1307">
    <p class='ocr_par' dir='ltr' id='par_1_27' title="bbox 1861 1237 3430 1307">
     <span class='ocr_line' id='line_1_27' title="bbox 1861 1237 3430 1307; baseline 0.001 -19"><span class='ocrx_word' id='word_1_177' title='bbox 1861 1237 1963 1291; x_wconf 90' lang='lat' dir='ltr'><strong>dus</strong></span> <span class='ocrx_word' id='word_1_178' title='bbox 1989 1237 2053 1292; x_wconf 88' lang='lat' dir='ltr'><strong>de</strong></span> <span class='ocrx_word' id='word_1_179' title='bbox 2082 1237 2312 1292; x_wconf 82' lang='lat' dir='ltr'><strong>diversis</strong></span> <span class='ocrx_word' id='word_1_180' title='bbox 2360 1238 2606 1307; x_wconf 90' lang='lat' dir='ltr'><strong>partibus</strong></span> <span class='ocrx_word' id='word_1_181' title='bbox 2653 1238 2935 1307; x_wconf 86' lang='lat' dir='ltr'><strong>episcopos</strong></span> <span class='ocrx_word' id='word_1_182' title='bbox 2981 1239 3333 1296; x_wconf 85' lang='lat' dir='ltr'><strong>convocavit.</strong></span> <span class='ocrx_word' id='word_1_183' title='bbox 3371 1244 3430 1290; x_wconf 87' lang='lat' dir='ltr'><strong>ut</strong></span> 
     </span>
    </p>
   </div>
   <div class='ocr_carea' id='block_1_28' title="bbox 1861 1330 3431 1402">
    <p class='ocr_par' dir='ltr' id='par_1_28' title="bbox 1861 1330 3431 1402">
     <span class='ocr_line' id='line_1_28' title="bbox 1861 1330 3431 1402; baseline -0.001 -17"><span class='ocrx_word' id='word_1_184' title='bbox 1861 1347 1982 1402; x_wconf 84' lang='lat' dir='ltr'><strong>quae</strong></span> <span class='ocrx_word' id='word_1_185' title='bbox 2003 1330 2254 1387; x_wconf 82' lang='lat' dir='ltr'><strong>utilitatis</strong></span> <span class='ocrx_word' id='word_1_186' title='bbox 2282 1340 2340 1386; x_wconf 90' lang='lat' dir='ltr'><strong>et</strong></span> <span class='ocrx_word' id='word_1_187' title='bbox 2368 1331 2644 1402; x_wconf 72' lang='lat' dir='ltr'><strong>religionis</strong></span> <span class='ocrx_word' id='word_1_188' title='bbox 2671 1340 2820 1394; x_wconf 88' lang='lat' dir='ltr'><strong>sunt,</strong></span> <span class='ocrx_word' id='word_1_189' title='bbox 2851 1332 2920 1386; x_wconf 89' lang='lat' dir='ltr'><strong>ad</strong></span> <span class='ocrx_word' id='word_1_190' title='bbox 2958 1332 3188 1386; x_wconf 84' lang='lat' dir='ltr'><strong>invicem</strong></span> <span class='ocrx_word' id='word_1_191' title='bbox 3216 1331 3431 1386; x_wconf 84' lang='lat' dir='ltr'><strong>confer-</strong></span> 
     </span>
    </p>
   </div>
   <div class='ocr_carea' id='block_1_29' title="bbox 1865 1421 3433 1493">
    <p class='ocr_par' dir='ltr' id='par_1_29' title="bbox 1865 1421 3433 1493">
     <span class='ocr_line' id='line_1_29' title="bbox 1865 1421 3433 1493; baseline -0.001 -16"><span class='ocrx_word' id='word_1_192' title='bbox 1865 1431 1985 1477; x_wconf 88' lang='lat' dir='ltr'><strong>rent</strong></span> <span class='ocrx_word' id='word_1_193' title='bbox 2034 1421 2345 1492; x_wconf 76' lang='lat' dir='ltr'><strong>(an.10&#39;56,</strong></span> <span class='ocrx_word' id='word_1_194' title='bbox 2396 1421 2578 1493; x_wconf 76' lang='lat' dir='ltr'><strong>Mai.).</strong></span> <span class='ocrx_word' id='word_1_195' title='bbox 2632 1422 2733 1490; x_wconf 86' lang='lat' dir='ltr'><strong>Qui</strong></span> <span class='ocrx_word' id='word_1_196' title='bbox 2766 1432 2889 1491; x_wconf 86' lang='lat' dir='ltr'><strong>post</strong></span> <span class='ocrx_word' id='word_1_197' title='bbox 2933 1422 3108 1491; x_wconf 84' lang='lat' dir='ltr'><strong>aliqua</strong></span> <span class='ocrx_word' id='word_1_198' title='bbox 3165 1422 3433 1477; x_wconf 89' lang='lat' dir='ltr'><strong>dictorum</strong></span> 
     </span>
    </p>
   </div>
   <div class='ocr_carea' id='block_1_30' title="bbox 1865 1512 3436 1583">
    <p class='ocr_par' dir='ltr' id='par_1_30' title="bbox 1865 1512 3436 1583">
     <span class='ocr_line' id='line_1_30' title="bbox 1865 1512 3436 1583; baseline 0.001 -17"><span class='ocrx_word' id='word_1_199' title='bbox 1865 1520 2085 1567; x_wconf 87' lang='lat' dir='ltr'><strong>suorum</strong></span> <span class='ocrx_word' id='word_1_200' title='bbox 2116 1514 2219 1569; x_wconf 88' lang='lat' dir='ltr'><strong>hoc</strong></span> <span class='ocrx_word' id='word_1_201' title='bbox 2245 1513 2553 1570; x_wconf 88' lang='lat' dir='ltr'><strong>habuerunt</strong></span> <span class='ocrx_word' id='word_1_202' title='bbox 2577 1514 2892 1583; x_wconf 81' lang='lat' dir='ltr'><strong>capitulum,</strong></span> <span class='ocrx_word' id='word_1_203' title='bbox 2917 1514 3040 1568; x_wconf 90' lang='lat' dir='ltr'><strong>utsi</strong></span> <span class='ocrx_word' id='word_1_204' title='bbox 3067 1515 3279 1583; x_wconf 83' lang='lat' dir='ltr'><strong>quando</strong></span> <span class='ocrx_word' id='word_1_205' title='bbox 3297 1512 3436 1582; x_wconf 86' lang='lat' dir='ltr'><strong>jeju-</strong></span> 
     </span>
    </p>
   </div>
   <div class='ocr_carea' id='block_1_31' title="bbox 1869 1602 3439 1679">
    <p class='ocr_par' dir='ltr' id='par_1_31' title="bbox 1869 1602 3439 1679">
     <span class='ocr_line' id='line_1_31' title="bbox 1869 1602 3439 1679; baseline 0.002 -23"><span class='ocrx_word' id='word_1_206' title='bbox 1869 1602 2017 1679; x_wconf 83' lang='lat' dir='ltr'><strong>nium</strong></span> <span class='ocrx_word' id='word_1_207' title='bbox 2052 1603 2216 1672; x_wconf 89' lang='lat' dir='ltr'><strong>prlmi</strong></span> <span class='ocrx_word' id='word_1_208' title='bbox 2255 1603 2461 1659; x_wconf 86' lang='lat' dir='ltr'><strong>mensis</strong></span> <span class='ocrx_word' id='word_1_209' title='bbox 2495 1603 2546 1658; x_wconf 91' lang='lat' dir='ltr'><strong>in</strong></span> <span class='ocrx_word' id='word_1_210' title='bbox 2589 1619 2651 1660; x_wconf 87' lang='lat' dir='ltr'><strong>ea</strong></span> <span class='ocrx_word' id='word_1_211' title='bbox 2680 1604 3014 1659; x_wconf 89' lang='lat' dir='ltr'><strong>hebdomada</strong></span> <span class='ocrx_word' id='word_1_212' title='bbox 3035 1645 3050 1669; x_wconf 89' lang='lat'><strong>,</strong></span> <span class='ocrx_word' id='word_1_213' title='bbox 3083 1618 3187 1674; x_wconf 90' lang='lat' dir='ltr'><strong>qua</strong></span> <span class='ocrx_word' id='word_1_214' title='bbox 3224 1613 3439 1660; x_wconf 85' lang='lat' dir='ltr'><strong>constat</strong></span> 
     </span>
    </p>
   </div>
   <div class='ocr_carea' id='block_1_32' title="bbox 1869 1692 3432 1766">
    <p class='ocr_par' dir='ltr' id='par_1_32' title="bbox 1869 1692 3432 1766">
     <span class='ocr_line' id='line_1_32' title="bbox 1869 1692 3432 1766; baseline 0 -18"><span class='ocrx_word' id='word_1_215' title='bbox 1869 1703 2030 1764; x_wconf 84' lang='lat' dir='ltr'><strong>caput</strong></span> <span class='ocrx_word' id='word_1_216' title='bbox 2049 1693 2241 1763; x_wconf 85' lang='lat' dir='ltr'><strong>jejunii</strong></span> <span class='ocrx_word' id='word_1_217' title='bbox 2274 1692 2446 1766; x_wconf 79' lang='lat'><strong>(398),</strong></span> <span class='ocrx_word' id='word_1_218' title='bbox 2479 1695 2618 1751; x_wconf 89' lang='lat' dir='ltr'><strong>sicut</strong></span> <span class='ocrx_word' id='word_1_219' title='bbox 2645 1694 2802 1758; x_wconf 88' lang='lat' dir='ltr'><strong>solet,</strong></span> <span class='ocrx_word' id='word_1_220' title='bbox 2833 1693 3111 1757; x_wconf 89' lang='lat' dir='ltr'><strong>eveniret,</strong></span> <span class='ocrx_word' id='word_1_221' title='bbox 3154 1693 3432 1748; x_wconf 90' lang='lat' dir='ltr'><strong>amborum</strong></span> 
     </span>
    </p>
   </div>
   <div class='ocr_carea' id='block_1_33' title="bbox 271 1763 3440 1863">
    <p class='ocr_par' dir='ltr' id='par_1_33' title="bbox 271 1763 3440 1863">
     <span class='ocr_line' id='line_1_33' title="bbox 271 1763 3440 1863; baseline -0.001 -17"><span class='ocrx_word' id='word_1_222' title='bbox 271 1791 352 1847; x_wconf 84' lang='lat'><strong>50.</strong></span> <span class='ocrx_word' id='word_1_223' title='bbox 389 1792 590 1849; x_wconf 76' lang='lat' dir='ltr'><strong>Diebus</strong></span> <span class='ocrx_word' id='word_1_224' title='bbox 626 1795 867 1863; x_wconf 71' lang='lat' dir='ltr'><strong>postbmc</strong></span> <span class='ocrx_word' id='word_1_225' title='bbox 891 1795 1092 1849; x_wconf 81' lang='lat' dir='ltr'><strong>abiisse</strong></span> <span class='ocrx_word' id='word_1_226' title='bbox 1137 1793 1203 1826; x_wconf 68' lang='grc' dir='ltr'><strong>’θ’</strong></span> <span class='ocrx_word' id='word_1_227' title='bbox 1253 1793 1414 1856; x_wconf 86' lang='lat' dir='ltr'><strong>datis,</strong></span> <span class='ocrx_word' id='word_1_228' title='bbox 1455 1805 1577 1848; x_wconf 83' lang='lat' dir='ltr'><strong>sors</strong></span> <span class='ocrx_word' id='word_1_229' title='bbox 1619 1790 1768 1846; x_wconf 88' lang='lat' dir='ltr'><strong>dedit</strong></span> <span class='ocrx_word' id='word_1_230' title='bbox 1795 1763 1844 1823; x_wconf 67' lang='grc' dir='ltr'><strong><em>Β</em></strong></span> <span class='ocrx_word' id='word_1_231' title='bbox 1866 1787 2197 1859; x_wconf 86' lang='lat' dir='ltr'><strong>jejuniorum</strong></span> <span class='ocrx_word' id='word_1_232' title='bbox 2227 1763 2516 1846; x_wconf 83' lang='lat' dir='ltr'><strong>celebritas</strong></span> <span class='ocrx_word' id='word_1_233' title='bbox 2543 1805 2648 1846; x_wconf 89' lang='lat' dir='ltr'><strong>una</strong></span> <span class='ocrx_word' id='word_1_234' title='bbox 2685 1787 2842 1845; x_wconf 81' lang='lat' dir='ltr'><strong>ofﬁcii</strong></span> <span class='ocrx_word' id='word_1_235' title='bbox 2891 1788 3197 1859; x_wconf 70' lang='lat' dir='ltr'><strong>erpletiona</strong></span> <span class='ocrx_word' id='word_1_236' title='bbox 3226 1788 3440 1857; x_wconf 61' lang='lat' dir='ltr'><strong>conpleo</strong></span> 
     </span>
    </p>
   </div>
   <div class='ocr_carea' id='block_1_34' title="bbox 215 1881 1771 1955">
    <p class='ocr_par' dir='ltr' id='par_1_34' title="bbox 215 1881 1771 1955">
     <span class='ocr_line' id='line_1_34' title="bbox 215 1881 1771 1955; baseline 0 -17"><span class='ocrx_word' id='word_1_237' title='bbox 215 1881 382 1938; x_wconf 85' lang='lat' dir='ltr'><strong>ultima</strong></span> <span class='ocrx_word' id='word_1_238' title='bbox 411 1883 704 1940; x_wconf 87' lang='lat' dir='ltr'><strong>Henricum</strong></span> <span class='ocrx_word' id='word_1_239' title='bbox 734 1899 913 1955; x_wconf 83' lang='lat' dir='ltr'><strong>regem</strong></span> <span class='ocrx_word' id='word_1_240' title='bbox 943 1885 1080 1940; x_wconf 85' lang='lat' dir='ltr'><strong>divae</strong></span> <span class='ocrx_word' id='word_1_241' title='bbox 1113 1885 1387 1940; x_wconf 78' lang='lat' dir='ltr'><strong>memoriae</strong></span> <span class='ocrx_word' id='word_1_242' title='bbox 1426 1884 1569 1940; x_wconf 88' lang='lat' dir='ltr'><strong>diem</strong></span> <span class='ocrx_word' id='word_1_243' title='bbox 1614 1883 1771 1939; x_wconf 90' lang='lat' dir='ltr'><strong>obire</strong></span> 
     </span>
    </p>
   </div>
   <div class='ocr_carea' id='block_1_35' title="bbox 215 1961 1772 2046">
    <p class='ocr_par' dir='ltr' id='par_1_35' title="bbox 215 1961 1772 2046">
     <span class='ocr_line' id='line_1_35' title="bbox 215 1961 1772 2046; baseline 0.004 -22"><span class='ocrx_word' id='word_1_244' title='bbox 215 1970 312 2041; x_wconf 77' lang='lat' dir='ltr'><strong>(an.</strong></span> <span class='ocrx_word' id='word_1_245' title='bbox 341 1972 493 2037; x_wconf 64' lang='lat' dir='ltr'><strong>mil,</strong></span> <span class='ocrx_word' id='word_1_246' title='bbox 524 1971 648 2028; x_wconf 76' lang='lat' dir='ltr'><strong>Jul.</strong></span> <span class='ocrx_word' id='word_1_247' title='bbox 677 1961 789 2046; x_wconf 68' lang='lat'><strong>13).</strong></span> <span class='ocrx_word' id='word_1_248' title='bbox 817 1973 981 2044; x_wconf 82' lang='lat' dir='ltr'><strong>Cujus</strong></span> <span class='ocrx_word' id='word_1_249' title='bbox 1016 1989 1050 2029; x_wconf 89' lang='lat' dir='ltr'><strong>a</strong></span> <span class='ocrx_word' id='word_1_250' title='bbox 1093 1975 1205 2031; x_wconf 75' lang='lat' dir='ltr'><strong>vita</strong></span> <span class='ocrx_word' id='word_1_251' title='bbox 1238 1989 1485 2031; x_wconf 91' lang='lat' dir='ltr'><strong>recessus</strong></span> <span class='ocrx_word' id='word_1_252' title='bbox 1509 1986 1772 2045; x_wconf 88' lang='lat' dir='ltr'><strong>quantum</strong></span> 
     </span>
    </p>
   </div>
   <div class='ocr_carea' id='block_1_36' title="bbox 216 2062 1776 2137">
    <p class='ocr_par' dir='ltr' id='par_1_36' title="bbox 216 2062 1776 2137">
     <span class='ocr_line' id='line_1_36' title="bbox 216 2062 1776 2137; baseline 0.001 -17"><span class='ocrx_word' id='word_1_253' title='bbox 216 2062 540 2120; x_wconf 77' lang='lat' dir='ltr'><strong>desolationis</strong></span> <span class='ocrx_word' id='word_1_254' title='bbox 563 2064 730 2121; x_wconf 90' lang='lat' dir='ltr'><strong>fuerit</strong></span> <span class='ocrx_word' id='word_1_255' title='bbox 763 2066 1075 2122; x_wconf 82' lang='lat' dir='ltr'><strong>hominibus</strong></span> <span class='ocrx_word' id='word_1_256' title='bbox 1100 2106 1116 2132; x_wconf 93' lang='lat'><strong>,</strong></span> <span class='ocrx_word' id='word_1_257' title='bbox 1165 2081 1264 2137; x_wconf 90' lang='lat' dir='ltr'><strong>pro</strong></span> <span class='ocrx_word' id='word_1_258' title='bbox 1289 2067 1446 2122; x_wconf 88' lang='lat' dir='ltr'><strong>nobis</strong></span> <span class='ocrx_word' id='word_1_259' title='bbox 1473 2066 1668 2122; x_wconf 88' lang='lat' dir='ltr'><strong>melius</strong></span> <span class='ocrx_word' id='word_1_260' title='bbox 1696 2066 1776 2121; x_wconf 89' lang='lat' dir='ltr'><strong>lo-</strong></span> 
     </span>
    </p>
   </div>
   <div class='ocr_carea' id='block_1_37' title="bbox 219 2156 1778 2223">
    <p class='ocr_par' dir='ltr' id='par_1_37' title="bbox 219 2156 1778 2223">
     <span class='ocr_line' id='line_1_37' title="bbox 219 2156 1778 2223; baseline 0.004 -16"><span class='ocrx_word' id='word_1_261' title='bbox 219 2164 391 2223; x_wconf 78' lang='lat' dir='ltr'><strong>quatur</strong></span> <span class='ocrx_word' id='word_1_262' title='bbox 411 2156 652 2213; x_wconf 87' lang='lat' dir='ltr'><strong>mundus</strong></span> <span class='ocrx_word' id='word_1_263' title='bbox 689 2158 747 2213; x_wconf 87' lang='lat' dir='ltr'><strong>in</strong></span> <span class='ocrx_word' id='word_1_264' title='bbox 788 2158 905 2214; x_wconf 84' lang='lat' dir='ltr'><strong>suis</strong></span> <span class='ocrx_word' id='word_1_265' title='bbox 930 2158 1355 2215; x_wconf 86' lang='lat' dir='ltr'><strong>calamitatibus.</strong></span> <span class='ocrx_word' id='word_1_266' title='bbox 1382 2157 1626 2214; x_wconf 82' lang='lat' dir='ltr'><strong>Tandem</strong></span> <span class='ocrx_word' id='word_1_267' title='bbox 1663 2159 1778 2214; x_wconf 89' lang='lat' dir='ltr'><strong>col-</strong></span> 
     </span>
    </p>
   </div>
   <div class='ocr_carea' id='block_1_38' title="bbox 221 2246 1777 2321">
    <p class='ocr_par' dir='ltr' id='par_1_38' title="bbox 221 2246 1777 2321">
     <span class='ocr_line' id='line_1_38' title="bbox 221 2246 1777 2321; baseline 0.003 -23"><span class='ocrx_word' id='word_1_268' title='bbox 221 2246 326 2299; x_wconf 85' lang='lat' dir='ltr'><strong>lecti</strong></span> <span class='ocrx_word' id='word_1_269' title='bbox 351 2247 628 2317; x_wconf 89' lang='lat' dir='ltr'><strong>principes</strong></span> <span class='ocrx_word' id='word_1_270' title='bbox 654 2247 931 2304; x_wconf 77' lang='lat' dir='ltr'><strong>Saxonum</strong></span> <span class='ocrx_word' id='word_1_271' title='bbox 971 2250 1114 2320; x_wconf 89' lang='lat' dir='ltr'><strong>apud</strong></span> <span class='ocrx_word' id='word_1_272' title='bbox 1142 2249 1505 2321; x_wconf 76' lang='lat' dir='ltr'><strong>Maguntiam,</strong></span> <span class='ocrx_word' id='word_1_273' title='bbox 1530 2250 1777 2320; x_wconf 72' lang='lat' dir='ltr'><strong>prefece-</strong></span> 
     </span>
    </p>
   </div>
   <div class='ocr_carea' id='block_1_39' title="bbox 223 2336 1774 2412">
    <p class='ocr_par' dir='ltr' id='par_1_39' title="bbox 223 2336 1774 2412">
     <span class='ocr_line' id='line_1_39' title="bbox 223 2336 1774 2412; baseline 0.005 -24"><span class='ocrx_word' id='word_1_274' title='bbox 223 2343 336 2388; x_wconf 88' lang='lat' dir='ltr'><strong>runt</strong></span> <span class='ocrx_word' id='word_1_275' title='bbox 376 2336 476 2392; x_wconf 87' lang='lat' dir='ltr'><strong>sibi</strong></span> <span class='ocrx_word' id='word_1_276' title='bbox 527 2339 584 2392; x_wconf 90' lang='lat' dir='ltr'><strong>in</strong></span> <span class='ocrx_word' id='word_1_277' title='bbox 635 2353 817 2409; x_wconf 82' lang='lat' dir='ltr'><strong>regem</strong></span> <span class='ocrx_word' id='word_1_278' title='bbox 849 2339 1154 2396; x_wconf 87' lang='lat' dir='ltr'><strong>Conradum</strong></span> <span class='ocrx_word' id='word_1_279' title='bbox 1191 2342 1304 2411; x_wconf 86' lang='lat' dir='ltr'><strong>(an.</strong></span> <span class='ocrx_word' id='word_1_280' title='bbox 1332 2341 1492 2404; x_wconf 63' lang='lat'><strong>£024,</strong></span> <span class='ocrx_word' id='word_1_281' title='bbox 1518 2340 1663 2410; x_wconf 76' lang='lat' dir='ltr'><strong>Sept.</strong></span> <span class='ocrx_word' id='word_1_282' title='bbox 1697 2341 1774 2412; x_wconf 87' lang='lat'><strong>8).</strong></span> 
     </span>
    </p>
   </div>
   <div class='ocr_carea' id='block_1_40' title="bbox 224 2423 1784 2502">
    <p class='ocr_par' dir='ltr' id='par_1_40' title="bbox 224 2423 1784 2502">
     <span class='ocr_line' id='line_1_40' title="bbox 224 2423 1784 2502; baseline 0.006 -25"><span class='ocrx_word' id='word_1_283' title='bbox 224 2423 438 2490; x_wconf 82' lang='lat' dir='ltr'><strong>Quorum</strong></span> <span class='ocrx_word' id='word_1_284' title='bbox 472 2427 810 2484; x_wconf 83' lang='lat' dir='ltr'><strong>ordinationi</strong></span> <span class='ocrx_word' id='word_1_285' title='bbox 835 2428 945 2484; x_wconf 85' lang='lat' dir='ltr'><strong>dux</strong></span> <span class='ocrx_word' id='word_1_286' title='bbox 973 2429 1216 2496; x_wconf 86' lang='lat' dir='ltr'><strong>Gothilo,</strong></span> <span class='ocrx_word' id='word_1_287' title='bbox 1248 2432 1504 2502; x_wconf 88' lang='lat' dir='ltr'><strong>princeps</strong></span> <span class='ocrx_word' id='word_1_288' title='bbox 1529 2431 1784 2488; x_wconf 79' lang='lat' dir='ltr'><strong>videlicet</strong></span> 
     </span>
    </p>
   </div>
   <div class='ocr_carea' id='block_1_41' title="bbox 224 2514 1784 2593">
    <p class='ocr_par' dir='ltr' id='par_1_41' title="bbox 224 2514 1784 2593">
     <span class='ocr_line' id='line_1_41' title="bbox 224 2514 1784 2593; baseline 0.003 -21"><span class='ocrx_word' id='word_1_289' title='bbox 224 2514 690 2584; x_wconf 83' lang='lat' dir='ltr'><strong>Lotbariensium,</strong></span> <span class='ocrx_word' id='word_1_290' title='bbox 722 2521 995 2576; x_wconf 88' lang='lat' dir='ltr'><strong>contraire</strong></span> <span class='ocrx_word' id='word_1_291' title='bbox 1023 2521 1219 2587; x_wconf 71' lang='lat' dir='ltr'><strong>voluit;</strong></span> <span class='ocrx_word' id='word_1_292' title='bbox 1268 2523 1659 2593; x_wconf 86' lang='lat' dir='ltr'><strong>episc0posque</strong></span> <span class='ocrx_word' id='word_1_293' title='bbox 1680 2521 1784 2577; x_wconf 78' lang='lat' dir='ltr'><strong>Co-</strong></span> 
     </span>
    </p>
   </div>
   <div class='ocr_carea' id='block_1_42' title="bbox 224 2607 1780 2684">
    <p class='ocr_par' dir='ltr' id='par_1_42' title="bbox 224 2607 1780 2684">
     <span class='ocr_line' id='line_1_42' title="bbox 224 2607 1780 2684; baseline 0.006 -24"><span class='ocrx_word' id='word_1_294' title='bbox 224 2607 379 2675; x_wconf 73' lang='lat' dir='ltr'><strong>loniae,</strong></span> <span class='ocrx_word' id='word_1_295' title='bbox 408 2609 759 2682; x_wconf 79' lang='lat' dir='ltr'><strong>Noviomagi,</strong></span> <span class='ocrx_word' id='word_1_296' title='bbox 793 2612 1039 2678; x_wconf 80' lang='lat' dir='ltr'><strong>Virduni,</strong></span> <span class='ocrx_word' id='word_1_297' title='bbox 1063 2613 1330 2684; x_wconf 74' lang='lat' dir='ltr'><strong>Traiecti,</strong></span> <span class='ocrx_word' id='word_1_298' title='bbox 1359 2614 1546 2670; x_wconf 85' lang='lat' dir='ltr'><strong>Leodii</strong></span> <span class='ocrx_word' id='word_1_299' title='bbox 1572 2615 1780 2670; x_wconf 87' lang='lat' dir='ltr'><strong>allocu-</strong></span> 
     </span>
    </p>
   </div>
   <div class='ocr_carea' id='block_1_43' title="bbox 228 2701 1784 2774">
    <p class='ocr_par' dir='ltr' id='par_1_43' title="bbox 228 2701 1784 2774">
     <span class='ocr_line' id='line_1_43' title="bbox 228 2701 1784 2774; baseline 0.006 -24"><span class='ocrx_word' id='word_1_300' title='bbox 228 2703 319 2762; x_wconf 90' lang='lat' dir='ltr'><strong>tus,</strong></span> <span class='ocrx_word' id='word_1_301' title='bbox 339 2707 740 2754; x_wconf 88' lang='lat' dir='ltr'><strong>sacramentum</strong></span> <span class='ocrx_word' id='word_1_302' title='bbox 784 2714 815 2754; x_wconf 91' lang='lat' dir='ltr'><strong>a</strong></span> <span class='ocrx_word' id='word_1_303' title='bbox 856 2701 1083 2772; x_wconf 86' lang='lat' dir='ltr'><strong>singulis</strong></span> <span class='ocrx_word' id='word_1_304' title='bbox 1127 2705 1374 2774; x_wconf 89' lang='lat' dir='ltr'><strong>accepit,</strong></span> <span class='ocrx_word' id='word_1_305' title='bbox 1415 2705 1633 2760; x_wconf 87' lang='lat' dir='ltr'><strong>nonnisi</strong></span> <span class='ocrx_word' id='word_1_306' title='bbox 1665 2704 1784 2774; x_wconf 87' lang='lat' dir='ltr'><strong>ejus</strong></span> 
     </span>
    </p>
   </div>
   <div class='ocr_carea' id='block_1_44' title="bbox 233 2791 1782 2864">
    <p class='ocr_par' dir='ltr' id='par_1_44' title="bbox 233 2791 1782 2864">
     <span class='ocr_line' id='line_1_44' title="bbox 233 2791 1782 2864; baseline 0.006 -24"><span class='ocrx_word' id='word_1_307' title='bbox 233 2803 481 2844; x_wconf 87' lang='lat' dir='ltr'><strong>consensu</strong></span> <span class='ocrx_word' id='word_1_308' title='bbox 509 2804 709 2845; x_wconf 84' lang='lat' dir='ltr'><strong>manus</strong></span> <span class='ocrx_word' id='word_1_309' title='bbox 735 2805 794 2845; x_wconf 92' lang='lat' dir='ltr'><strong>se</strong></span> <span class='ocrx_word' id='word_1_310' title='bbox 819 2791 868 2846; x_wconf 90' lang='lat' dir='ltr'><strong>ei</strong></span> <span class='ocrx_word' id='word_1_311' title='bbox 898 2792 1116 2848; x_wconf 90' lang='lat' dir='ltr'><strong>daturos</strong></span> <span class='ocrx_word' id='word_1_312' title='bbox 1134 2809 1308 2864; x_wconf 90' lang='lat' dir='ltr'><strong>neque</strong></span> <span class='ocrx_word' id='word_1_313' title='bbox 1335 2795 1404 2850; x_wconf 85' lang='lat' dir='ltr'><strong>ad</strong></span> <span class='ocrx_word' id='word_1_314' title='bbox 1432 2811 1555 2852; x_wconf 91' lang='lat' dir='ltr'><strong>eum</strong></span> <span class='ocrx_word' id='word_1_315' title='bbox 1587 2797 1782 2852; x_wconf 86' lang='lat' dir='ltr'><strong>ituros.</strong></span> 
     </span>
    </p>
   </div>
   <div class='ocr_carea' id='block_1_45' title="bbox 227 2877 1784 2961">
    <p class='ocr_par' dir='ltr' id='par_1_45' title="bbox 227 2877 1784 2961">
     <span class='ocr_line' id='line_1_45' title="bbox 227 2877 1784 2961; baseline 0.008 -27"><span class='ocrx_word' id='word_1_316' title='bbox 227 2877 328 2934; x_wconf 79' lang='lat' dir='ltr'><strong>Hoc</strong></span> <span class='ocrx_word' id='word_1_317' title='bbox 359 2880 499 2936; x_wconf 90' lang='lat' dir='ltr'><strong>idem</strong></span> <span class='ocrx_word' id='word_1_318' title='bbox 531 2881 645 2936; x_wconf 81' lang='lat' dir='ltr'><strong>dux</strong></span> <span class='ocrx_word' id='word_1_319' title='bbox 673 2881 820 2954; x_wconf 76' lang='lat'><strong>(396)</strong></span> <span class='ocrx_word' id='word_1_320' title='bbox 853 2883 1221 2942; x_wconf 88' lang='lat' dir='ltr'><strong>Theodericus</strong></span> <span class='ocrx_word' id='word_1_321' title='bbox 1250 2902 1540 2944; x_wconf 87' lang='lat' dir='ltr'><strong>comesoue</strong></span> <span class='ocrx_word' id='word_1_322' title='bbox 1570 2889 1784 2961; x_wconf 81' lang='lat' dir='ltr'><strong>Hayno-</strong></span> 
     </span>
    </p>
   </div>
   <div class='ocr_carea' id='block_1_46' title="bbox 225 2970 1784 3046">
    <p class='ocr_par' dir='ltr' id='par_1_46' title="bbox 225 2970 1784 3046">
     <span class='ocr_line' id='line_1_46' title="bbox 225 2970 1784 3046; baseline 0.007 -22"><span class='ocrx_word' id='word_1_323' title='bbox 225 2970 450 3024; x_wconf 88' lang='lat' dir='ltr'><strong>ceusium</strong></span> <span class='ocrx_word' id='word_1_324' title='bbox 504 2971 833 3042; x_wconf 83' lang='lat' dir='ltr'><strong>Raginerius</strong></span> <span class='ocrx_word' id='word_1_325' title='bbox 875 2988 998 3028; x_wconf 89' lang='lat' dir='ltr'><strong>cum</strong></span> <span class='ocrx_word' id='word_1_326' title='bbox 1049 2975 1152 3031; x_wconf 84' lang='lat' dir='ltr'><strong>sibi</strong></span> <span class='ocrx_word' id='word_1_327' title='bbox 1210 2975 1546 3046; x_wconf 86' lang='lat' dir='ltr'><strong>conplicibus</strong></span> <span class='ocrx_word' id='word_1_328' title='bbox 1593 2994 1784 3034; x_wconf 87' lang='lat' dir='ltr'><strong>sacra-</strong></span> 
     </span>
    </p>
   </div>
   <div class='ocr_carea' id='block_1_47' title="bbox 226 3061 1784 3140">
    <p class='ocr_par' dir='ltr' id='par_1_47' title="bbox 226 3061 1784 3140">
     <span class='ocr_line' id='line_1_47' title="bbox 226 3061 1784 3140; baseline 0.006 -26"><span class='ocrx_word' id='word_1_329' title='bbox 226 3070 392 3117; x_wconf 88' lang='lat' dir='ltr'><strong>mento</strong></span> <span class='ocrx_word' id='word_1_330' title='bbox 433 3061 811 3119; x_wconf 82' lang='lat' dir='ltr'><strong>ﬁrmaverunt.</strong></span> <span class='ocrx_word' id='word_1_331' title='bbox 857 3063 1010 3131; x_wconf 85' lang='lat' dir='ltr'><strong>Quod</strong></span> <span class='ocrx_word' id='word_1_332' title='bbox 1055 3066 1295 3136; x_wconf 90' lang='lat' dir='ltr'><strong>episcopi</strong></span> <span class='ocrx_word' id='word_1_333' title='bbox 1344 3068 1501 3136; x_wconf 85' lang='lat' dir='ltr'><strong>prirni</strong></span> <span class='ocrx_word' id='word_1_334' title='bbox 1549 3068 1784 3140; x_wconf 84' lang='lat' dir='ltr'><strong>infrege-</strong></span> 
     </span>
    </p>
   </div>
   <div class='ocr_carea' id='block_1_48' title="bbox 229 3152 1784 3230">
    <p class='ocr_par' dir='ltr' id='par_1_48' title="bbox 229 3152 1784 3230">
     <span class='ocr_line' id='line_1_48' title="bbox 229 3152 1784 3230; baseline 0.006 -25"><span class='ocrx_word' id='word_1_335' title='bbox 229 3159 377 3218; x_wconf 90' lang='lat' dir='ltr'><strong>runt,</strong></span> <span class='ocrx_word' id='word_1_336' title='bbox 403 3152 495 3222; x_wconf 89' lang='lat' dir='ltr'><strong>qui</strong></span> <span class='ocrx_word' id='word_1_337' title='bbox 525 3168 588 3208; x_wconf 86' lang='lat' dir='ltr'><strong>se</strong></span> <span class='ocrx_word' id='word_1_338' title='bbox 618 3153 827 3224; x_wconf 90' lang='lat' dir='ltr'><strong>primos</strong></span> <span class='ocrx_word' id='word_1_339' title='bbox 854 3154 1150 3220; x_wconf 85' lang='lat' dir='ltr'><strong>dederunt,</strong></span> <span class='ocrx_word' id='word_1_340' title='bbox 1199 3158 1577 3228; x_wconf 89' lang='lat' dir='ltr'><strong>canticumque</strong></span> <span class='ocrx_word' id='word_1_341' title='bbox 1601 3160 1784 3230; x_wconf 89' lang='lat' dir='ltr'><strong>populi</strong></span> 
     </span>
    </p>
   </div>
   <div class='ocr_carea' id='block_1_49' title="bbox 229 3243 1792 3320">
    <p class='ocr_par' dir='ltr' id='par_1_49' title="bbox 229 3243 1792 3320">
     <span class='ocr_line' id='line_1_49' title="bbox 229 3243 1792 3320; baseline 0.006 -24"><span class='ocrx_word' id='word_1_342' title='bbox 229 3243 413 3298; x_wconf 86' lang='lat' dir='ltr'><strong>malum</strong></span> <span class='ocrx_word' id='word_1_343' title='bbox 461 3244 596 3299; x_wconf 86' lang='lat' dir='ltr'><strong>facti</strong></span> <span class='ocrx_word' id='word_1_344' title='bbox 649 3253 779 3300; x_wconf 88' lang='lat' dir='ltr'><strong>sunt</strong></span> <span class='ocrx_word' id='word_1_345' title='bbox 821 3245 994 3317; x_wconf 77' lang='lat'><strong>(397).</strong></span> <span class='ocrx_word' id='word_1_346' title='bbox 1039 3245 1138 3302; x_wconf 86' lang='lat' dir='ltr'><strong>His</strong></span> <span class='ocrx_word' id='word_1_347' title='bbox 1175 3249 1426 3305; x_wconf 87' lang='lat' dir='ltr'><strong>omnibus</strong></span> <span class='ocrx_word' id='word_1_348' title='bbox 1451 3250 1792 3320; x_wconf 82' lang='lat' dir='ltr'><strong>pactionibus</strong></span> 
     </span>
    </p>
   </div>
   <div class='ocr_carea' id='block_1_50' title="bbox 230 3337 1790 3408">
    <p class='ocr_par' dir='ltr' id='par_1_50' title="bbox 230 3337 1790 3408">
     <span class='ocr_line' id='line_1_50' title="bbox 230 3337 1790 3408; baseline 0.007 -22"><span class='ocrx_word' id='word_1_349' title='bbox 230 3346 326 3388; x_wconf 81' lang='lat' dir='ltr'><strong>non</strong></span> <span class='ocrx_word' id='word_1_350' title='bbox 364 3345 676 3390; x_wconf 85' lang='lat' dir='ltr'><strong>accesserat</strong></span> <span class='ocrx_word' id='word_1_351' title='bbox 717 3337 947 3390; x_wconf 89' lang='lat' dir='ltr'><strong>domnus</strong></span> <span class='ocrx_word' id='word_1_352' title='bbox 986 3337 1301 3408; x_wconf 83' lang='lat' dir='ltr'><strong>episcopus,</strong></span> <span class='ocrx_word' id='word_1_353' title='bbox 1349 3340 1445 3394; x_wconf 86' lang='lat' dir='ltr'><strong>sed</strong></span> <span class='ocrx_word' id='word_1_354' title='bbox 1491 3341 1790 3397; x_wconf 84' lang='lat' dir='ltr'><strong>conabatur</strong></span> 
     </span>
    </p>
   </div>
   <div class='ocr_carea' id='block_1_51' title="bbox 230 3425 1796 3502">
    <p class='ocr_par' dir='ltr' id='par_1_51' title="bbox 230 3425 1796 3502">
     <span class='ocr_line' id='line_1_51' title="bbox 230 3425 1796 3502; baseline 0.005 -26"><span class='ocrx_word' id='word_1_355' title='bbox 230 3435 315 3477; x_wconf 87' lang='lat' dir='ltr'><strong>eos</strong></span> <span class='ocrx_word' id='word_1_356' title='bbox 340 3425 404 3478; x_wconf 88' lang='lat' dir='ltr'><strong>ad</strong></span> <span class='ocrx_word' id='word_1_357' title='bbox 418 3425 576 3495; x_wconf 84' lang='lat' dir='ltr'><strong>pacis</strong></span> <span class='ocrx_word' id='word_1_358' title='bbox 589 3425 836 3496; x_wconf 83' lang='lat' dir='ltr'><strong>redigere</strong></span> <span class='ocrx_word' id='word_1_359' title='bbox 856 3427 924 3458; x_wconf 80' lang='grc'><strong>³⁸⁸</strong></span> <span class='ocrx_word' id='word_1_360' title='bbox 945 3429 1199 3497; x_wconf 75' lang='lat' dir='ltr'><strong>gratiam,</strong></span> <span class='ocrx_word' id='word_1_361' title='bbox 1228 3438 1512 3500; x_wconf 90' lang='lat' dir='ltr'><strong>postquam</strong></span> <span class='ocrx_word' id='word_1_362' title='bbox 1544 3432 1796 3502; x_wconf 86' lang='lat' dir='ltr'><strong>cognovit</strong></span> 
     </span>
    </p>
   </div>
   <div class='ocr_carea' id='block_1_52' title="bbox 229 3515 1792 3577">
    <p class='ocr_par' dir='ltr' id='par_1_52' title="bbox 229 3515 1792 3577">
     <span class='ocr_line' id='line_1_52' title="bbox 229 3515 1792 3577; baseline 0.007 -12"><span class='ocrx_word' id='word_1_363' title='bbox 229 3525 400 3567; x_wconf 88' lang='lat' dir='ltr'><strong>eorum</strong></span> <span class='ocrx_word' id='word_1_364' title='bbox 429 3515 616 3570; x_wconf 91' lang='lat' dir='ltr'><strong>minus</strong></span> <span class='ocrx_word' id='word_1_365' title='bbox 645 3516 785 3571; x_wconf 87' lang='lat' dir='ltr'><strong>bene</strong></span> <span class='ocrx_word' id='word_1_366' title='bbox 823 3531 1008 3572; x_wconf 91' lang='lat' dir='ltr'><strong>sanam</strong></span> <span class='ocrx_word' id='word_1_367' title='bbox 1045 3520 1391 3577; x_wconf 69' lang='lat' dir='ltr'><strong>sententiam.</strong></span> <span class='ocrx_word' id='word_1_368' title='bbox 1420 3520 1639 3576; x_wconf 88' lang='lat' dir='ltr'><strong>Interim</strong></span> <span class='ocrx_word' id='word_1_369' title='bbox 1671 3535 1792 3576; x_wconf 84' lang='lat' dir='ltr'><strong>sus-</strong></span> 
     </span>
    </p>
   </div>
   <div class='ocr_carea' id='block_1_53' title="bbox 232 3604 1794 3680">
    <p class='ocr_par' dir='ltr' id='par_1_53' title="bbox 232 3604 1794 3680">
     <span class='ocr_line' id='line_1_53' title="bbox 232 3604 1794 3680; baseline 0.007 -26"><span class='ocrx_word' id='word_1_370' title='bbox 232 3604 402 3668; x_wconf 89' lang='lat' dir='ltr'><strong>pendit</strong></span> <span class='ocrx_word' id='word_1_371' title='bbox 444 3615 608 3670; x_wconf 77' lang='lat' dir='ltr'><strong>suum</strong></span> <span class='ocrx_word' id='word_1_372' title='bbox 657 3619 690 3659; x_wconf 89' lang='lat' dir='ltr'><strong>a</strong></span> <span class='ocrx_word' id='word_1_373' title='bbox 738 3607 884 3674; x_wconf 84' lang='lat' dir='ltr'><strong>regis</strong></span> <span class='ocrx_word' id='word_1_374' title='bbox 913 3608 1200 3676; x_wconf 64' lang='lat' dir='ltr'><strong>priesentia</strong></span> <span class='ocrx_word' id='word_1_375' title='bbox 1239 3609 1492 3679; x_wconf 89' lang='lat' dir='ltr'><strong>gradum,</strong></span> <span class='ocrx_word' id='word_1_376' title='bbox 1540 3625 1608 3665; x_wconf 90' lang='lat' dir='ltr'><strong>ne</strong></span> <span class='ocrx_word' id='word_1_377' title='bbox 1662 3610 1794 3680; x_wconf 82' lang='lat' dir='ltr'><strong>ipsis</strong></span> 
     </span>
    </p>
   </div>
   <div class='ocr_carea' id='block_1_54' title="bbox 240 3694 1796 3766">
    <p class='ocr_par' dir='ltr' id='par_1_54' title="bbox 240 3694 1796 3766">
     <span class='ocr_line' id='line_1_54' title="bbox 240 3694 1796 3766; baseline 0.008 -21"><span class='ocrx_word' id='word_1_378' title='bbox 240 3694 381 3750; x_wconf 89' lang='lat' dir='ltr'><strong>ﬁeret</strong></span> <span class='ocrx_word' id='word_1_379' title='bbox 406 3697 475 3730; x_wconf 81' lang='grc'><strong>⁸⁶⁹</strong></span> <span class='ocrx_word' id='word_1_380' title='bbox 499 3698 819 3753; x_wconf 81' lang='lat' dir='ltr'><strong>scandalum</strong></span> <span class='ocrx_word' id='word_1_381' title='bbox 839 3699 1183 3766; x_wconf 76' lang='lat' dir='ltr'><strong>oil‘ensionis;</strong></span> <span class='ocrx_word' id='word_1_382' title='bbox 1230 3702 1451 3757; x_wconf 86' lang='lat' dir='ltr'><strong>directis</strong></span> <span class='ocrx_word' id='word_1_383' title='bbox 1475 3710 1655 3756; x_wconf 90' lang='lat' dir='ltr'><strong>tamen</strong></span> <span class='ocrx_word' id='word_1_384' title='bbox 1683 3702 1796 3757; x_wconf 85' lang='lat' dir='ltr'><strong>olli-</strong></span> 
     </span>
    </p>
   </div>
   <div class='ocr_carea' id='block_1_55' title="bbox 235 3785 1800 3861">
    <p class='ocr_par' dir='ltr' id='par_1_55' title="bbox 235 3785 1800 3861">
     <span class='ocr_line' id='line_1_55' title="bbox 235 3785 1800 3861; baseline 0.009 -25"><span class='ocrx_word' id='word_1_385' title='bbox 235 3785 368 3841; x_wconf 90' lang='lat' dir='ltr'><strong>ciose</strong></span> <span class='ocrx_word' id='word_1_386' title='bbox 402 3787 637 3858; x_wconf 84' lang='lat' dir='ltr'><strong>legatis,</strong></span> <span class='ocrx_word' id='word_1_387' title='bbox 686 3789 896 3845; x_wconf 87' lang='lat' dir='ltr'><strong>macula</strong></span> <span class='ocrx_word' id='word_1_388' title='bbox 935 3805 996 3845; x_wconf 90' lang='lat' dir='ltr'><strong>se</strong></span> <span class='ocrx_word' id='word_1_389' title='bbox 1043 3793 1193 3847; x_wconf 84' lang='lat' dir='ltr'><strong>exuit</strong></span> <span class='ocrx_word' id='word_1_390' title='bbox 1220 3792 1562 3861; x_wconf 89' lang='lat' dir='ltr'><strong>suspicionis.</strong></span> <span class='ocrx_word' id='word_1_391' title='bbox 1598 3793 1800 3850; x_wconf 82' lang='lat' dir='ltr'><strong>Nihilo-</strong></span> 
     </span>
    </p>
   </div>
   <div class='ocr_carea' id='block_1_56' title="bbox 234 3876 1796 3952">
    <p class='ocr_par' dir='ltr' id='par_1_56' title="bbox 234 3876 1796 3952">
     <span class='ocr_line' id='line_1_56' title="bbox 234 3876 1796 3952; baseline 0.007 -23"><span class='ocrx_word' id='word_1_392' title='bbox 234 3876 402 3932; x_wconf 87' lang='lat' dir='ltr'><strong>minus</strong></span> <span class='ocrx_word' id='word_1_393' title='bbox 425 3896 615 3951; x_wconf 80' lang='lat' dir='ltr'><strong>regem</strong></span> <span class='ocrx_word' id='word_1_394' title='bbox 641 3880 972 3936; x_wconf 81' lang='lat' dir='ltr'><strong>Francoruru</strong></span> <span class='ocrx_word' id='word_1_395' title='bbox 998 3883 1213 3952; x_wconf 90' lang='lat' dir='ltr'><strong>placare</strong></span> <span class='ocrx_word' id='word_1_396' title='bbox 1235 3887 1548 3942; x_wconf 87' lang='lat' dir='ltr'><strong>muneribus</strong></span> <span class='ocrx_word' id='word_1_397' title='bbox 1569 3889 1796 3952; x_wconf 89' lang='lat' dir='ltr'><strong>studuit,</strong></span> 
     </span>
    </p>
   </div>
   <div class='ocr_carea' id='block_1_57' title="bbox 235 3972 1802 4050">
    <p class='ocr_par' dir='ltr' id='par_1_57' title="bbox 235 3972 1802 4050">
     <span class='ocr_line' id='line_1_57' title="bbox 235 3972 1802 4050; baseline 0.008 -28"><span class='ocrx_word' id='word_1_398' title='bbox 235 3972 297 4024; x_wconf 83' lang='lat' dir='ltr'><strong>ne</strong></span> <span class='ocrx_word' id='word_1_399' title='bbox 328 3972 426 4028; x_wconf 90' lang='lat' dir='ltr'><strong>sibi</strong></span> <span class='ocrx_word' id='word_1_400' title='bbox 456 3974 720 4043; x_wconf 85' lang='lat' dir='ltr'><strong>primitus</strong></span> <span class='ocrx_word' id='word_1_401' title='bbox 747 3975 1152 4045; x_wconf 84' lang='lat' dir='ltr'><strong>usurpationem</strong></span> <span class='ocrx_word' id='word_1_402' title='bbox 1193 3976 1446 4043; x_wconf 80' lang='lat' dir='ltr'><strong>inferret,</strong></span> <span class='ocrx_word' id='word_1_403' title='bbox 1480 3994 1642 4050; x_wconf 90' lang='lat' dir='ltr'><strong>quam</strong></span> <span class='ocrx_word' id='word_1_404' title='bbox 1689 3989 1802 4035; x_wconf 91' lang='lat' dir='ltr'><strong>toto</strong></span> 
     </span>
    </p>
   </div>
   <div class='ocr_carea' id='block_1_58' title="bbox 240 4065 1800 4142">
    <p class='ocr_par' dir='ltr' id='par_1_58' title="bbox 240 4065 1800 4142">
     <span class='ocr_line' id='line_1_58' title="bbox 240 4065 1800 4142; baseline 0.007 -25"><span class='ocrx_word' id='word_1_405' title='bbox 240 4076 396 4135; x_wconf 84' lang='lat' dir='ltr'><strong>regno</strong></span> <span class='ocrx_word' id='word_1_406' title='bbox 424 4065 615 4122; x_wconf 88' lang='lat' dir='ltr'><strong>facere</strong></span> <span class='ocrx_word' id='word_1_407' title='bbox 650 4067 718 4121; x_wconf 88' lang='lat' dir='ltr'><strong>ad</strong></span> <span class='ocrx_word' id='word_1_408' title='bbox 752 4066 1038 4122; x_wconf 85' lang='lat' dir='ltr'><strong>consilium</strong></span> <span class='ocrx_word' id='word_1_409' title='bbox 1077 4068 1282 4124; x_wconf 90' lang='lat' dir='ltr'><strong>habuit.</strong></span> <span class='ocrx_word' id='word_1_410' title='bbox 1314 4069 1636 4126; x_wconf 90' lang='lat' dir='ltr'><strong>Balduinum</strong></span> <span class='ocrx_word' id='word_1_411' title='bbox 1679 4089 1800 4142; x_wconf 81' lang='lat' dir='ltr'><strong>pre-</strong></span> 
     </span>
    </p>
   </div>
   <div class='ocr_carea' id='block_1_59' title="bbox 240 4161 1808 4231">
    <p class='ocr_par' dir='ltr' id='par_1_59' title="bbox 240 4161 1808 4231">
     <span class='ocr_line' id='line_1_59' title="bbox 240 4161 1808 4231; baseline 0.006 -23"><span class='ocrx_word' id='word_1_412' title='bbox 240 4163 373 4212; x_wconf 78' lang='lat' dir='ltr'><strong>terea</strong></span> <span class='ocrx_word' id='word_1_413' title='bbox 401 4161 664 4215; x_wconf 89' lang='lat' dir='ltr'><strong>comitem</strong></span> <span class='ocrx_word' id='word_1_414' title='bbox 700 4161 963 4231; x_wconf 86' lang='lat' dir='ltr'><strong>repressit</strong></span> <span class='ocrx_word' id='word_1_415' title='bbox 1002 4163 1268 4228; x_wconf 86' lang='lat' dir='ltr'><strong>modeste,</strong></span> <span class='ocrx_word' id='word_1_416' title='bbox 1317 4178 1386 4219; x_wconf 90' lang='lat' dir='ltr'><strong>ne</strong></span> <span class='ocrx_word' id='word_1_417' title='bbox 1411 4163 1515 4219; x_wconf 90' lang='lat' dir='ltr'><strong>sibi</strong></span> <span class='ocrx_word' id='word_1_418' title='bbox 1547 4164 1808 4218; x_wconf 72' lang='lat' dir='ltr'><strong>munitio~</strong></span> 
     </span>
    </p>
   </div>
   <div class='ocr_carea' id='block_1_60' title="bbox 241 4249 1802 4323">
    <p class='ocr_par' dir='ltr' id='par_1_60' title="bbox 241 4249 1802 4323">
     <span class='ocr_line' id='line_1_60' title="bbox 241 4249 1802 4323; baseline 0.004 -23"><span class='ocrx_word' id='word_1_419' title='bbox 241 4260 330 4302; x_wconf 89' lang='lat' dir='ltr'><strong>nes</strong></span> <span class='ocrx_word' id='word_1_420' title='bbox 350 4258 698 4306; x_wconf 84' lang='lat' dir='ltr'><strong>construeret</strong></span> <span class='ocrx_word' id='word_1_421' title='bbox 719 4249 1034 4316; x_wconf 89' lang='lat' dir='ltr'><strong>Cameraci,</strong></span> <span class='ocrx_word' id='word_1_422' title='bbox 1064 4250 1285 4306; x_wconf 87' lang='lat' dir='ltr'><strong>Walteri</strong></span> <span class='ocrx_word' id='word_1_423' title='bbox 1332 4261 1620 4323; x_wconf 90' lang='lat' dir='ltr'><strong>corruptus</strong></span> <span class='ocrx_word' id='word_1_424' title='bbox 1655 4254 1802 4308; x_wconf 82' lang='lat' dir='ltr'><strong>frau-</strong></span> 
     </span>
    </p>
   </div>
   <div class='ocr_carea' id='block_1_61' title="bbox 241 4335 1807 4411">
    <p class='ocr_par' dir='ltr' id='par_1_61' title="bbox 241 4335 1807 4411">
     <span class='ocr_line' id='line_1_61' title="bbox 241 4335 1807 4411; baseline 0.007 -22"><span class='ocrx_word' id='word_1_425' title='bbox 241 4335 504 4397; x_wconf 86' lang='lat' dir='ltr'><strong>dulentiis.</strong></span> <span class='ocrx_word' id='word_1_426' title='bbox 564 4340 806 4396; x_wconf 87' lang='lat' dir='ltr'><strong>Ducibus</strong></span> <span class='ocrx_word' id='word_1_427' title='bbox 863 4341 1082 4396; x_wconf 88' lang='lat' dir='ltr'><strong>tandem</strong></span> <span class='ocrx_word' id='word_1_428' title='bbox 1139 4352 1262 4411; x_wconf 79' lang='lat' dir='ltr'><strong>post</strong></span> <span class='ocrx_word' id='word_1_429' title='bbox 1315 4359 1519 4398; x_wconf 87' lang='lat' dir='ltr'><strong>annum</strong></span> <span class='ocrx_word' id='word_1_430' title='bbox 1579 4354 1634 4399; x_wconf 90' lang='lat' dir='ltr'><strong>et</strong></span> <span class='ocrx_word' id='word_1_431' title='bbox 1694 4343 1807 4400; x_wconf 87' lang='lat' dir='ltr'><strong>fere</strong></span> 
     </span>
    </p>
   </div>
   <div class='ocr_carea' id='block_1_62' title="bbox 243 4431 1804 4504">
    <p class='ocr_par' dir='ltr' id='par_1_62' title="bbox 243 4431 1804 4504">
     <span class='ocr_line' id='line_1_62' title="bbox 243 4431 1804 4504; baseline 0.004 -21"><span class='ocrx_word' id='word_1_432' title='bbox 243 4432 468 4487; x_wconf 87' lang='lat' dir='ltr'><strong>medium</strong></span> <span class='ocrx_word' id='word_1_433' title='bbox 501 4433 570 4488; x_wconf 88' lang='lat' dir='ltr'><strong>ad</strong></span> <span class='ocrx_word' id='word_1_434' title='bbox 602 4447 793 4504; x_wconf 87' lang='lat' dir='ltr'><strong>pacem</strong></span> <span class='ocrx_word' id='word_1_435' title='bbox 823 4431 1015 4499; x_wconf 78' lang='lat' dir='ltr'><strong>ﬂexis,</strong></span> <span class='ocrx_word' id='word_1_436' title='bbox 1054 4447 1176 4488; x_wconf 88' lang='lat' dir='ltr'><strong>cum</strong></span> <span class='ocrx_word' id='word_1_437' title='bbox 1205 4435 1288 4489; x_wconf 88' lang='lat' dir='ltr'><strong>eis</strong></span> <span class='ocrx_word' id='word_1_438' title='bbox 1331 4435 1398 4489; x_wconf 91' lang='lat' dir='ltr'><strong>ad</strong></span> <span class='ocrx_word' id='word_1_439' title='bbox 1425 4435 1608 4503; x_wconf 81' lang='lat' dir='ltr'><strong>Aquas</strong></span> <span class='ocrx_word' id='word_1_440' title='bbox 1637 4436 1804 4491; x_wconf 87' lang='lat' dir='ltr'><strong>Grani</strong></span> 
     </span>
    </p>
   </div>
   <div class='ocr_carea' id='block_1_63' title="bbox 1875 1878 3445 1950">
    <p class='ocr_par' dir='ltr' id='par_1_63' title="bbox 1875 1878 3445 1950">
     <span class='ocr_line' id='line_1_63' title="bbox 1875 1878 3445 1950; baseline -0.002 -15"><span class='ocrx_word' id='word_1_441' title='bbox 1875 1888 2044 1936; x_wconf 88' lang='lat' dir='ltr'><strong>retur.</strong></span> <span class='ocrx_word' id='word_1_442' title='bbox 2080 1880 2135 1935; x_wconf 89' lang='lat' dir='ltr'><strong>lu</strong></span> <span class='ocrx_word' id='word_1_443' title='bbox 2168 1882 2272 1937; x_wconf 92' lang='lat' dir='ltr'><strong>hoc</strong></span> <span class='ocrx_word' id='word_1_444' title='bbox 2316 1895 2504 1937; x_wconf 88' lang='lat' dir='ltr'><strong>rursus</strong></span> <span class='ocrx_word' id='word_1_445' title='bbox 2552 1881 3021 1938; x_wconf 89' lang='lat' dir='ltr'><strong>moderatissimus</strong></span> <span class='ocrx_word' id='word_1_446' title='bbox 3069 1889 3256 1950; x_wconf 87' lang='lat' dir='ltr'><strong>pastor</strong></span> <span class='ocrx_word' id='word_1_447' title='bbox 3305 1878 3445 1934; x_wconf 77' lang='lat' dir='ltr'><strong>nuli-</strong></span> 
     </span>
    </p>
   </div>
   <div class='ocr_carea' id='block_1_64' title="bbox 1874 1971 3444 2042">
    <p class='ocr_par' dir='ltr' id='par_1_64' title="bbox 1874 1971 3444 2042">
     <span class='ocr_line' id='line_1_64' title="bbox 1874 1971 3444 2042; baseline 0.001 -17"><span class='ocrx_word' id='word_1_448' title='bbox 1874 1971 2034 2042; x_wconf 79' lang='lat' dir='ltr'><strong>quam</strong></span> <span class='ocrx_word' id='word_1_449' title='bbox 2062 1982 2275 2041; x_wconf 90' lang='lat' dir='ltr'><strong>patrum</strong></span> <span class='ocrx_word' id='word_1_450' title='bbox 2301 1973 2748 2028; x_wconf 88' lang='lat' dir='ltr'><strong>consuetudinem</strong></span> <span class='ocrx_word' id='word_1_451' title='bbox 2777 1973 2986 2028; x_wconf 84' lang='lat' dir='ltr'><strong>servari</strong></span> <span class='ocrx_word' id='word_1_452' title='bbox 3013 1973 3287 2037; x_wconf 86' lang='lat' dir='ltr'><strong>monebat,</strong></span> <span class='ocrx_word' id='word_1_453' title='bbox 3311 1972 3444 2027; x_wconf 86' lang='lat' dir='ltr'><strong>etin</strong></span> 
     </span>
    </p>
   </div>
   <div class='ocr_carea' id='block_1_65' title="bbox 1876 2061 3447 2134">
    <p class='ocr_par' dir='ltr' id='par_1_65' title="bbox 1876 2061 3447 2134">
     <span class='ocr_line' id='line_1_65' title="bbox 1876 2061 3447 2134; baseline 0.002 -20"><span class='ocrx_word' id='word_1_454' title='bbox 1876 2061 2044 2116; x_wconf 89' lang='lat' dir='ltr'><strong>altera</strong></span> <span class='ocrx_word' id='word_1_455' title='bbox 2087 2063 2425 2118; x_wconf 88' lang='lat' dir='ltr'><strong>hehdomada</strong></span> <span class='ocrx_word' id='word_1_456' title='bbox 2462 2062 2697 2118; x_wconf 88' lang='lat' dir='ltr'><strong>oﬁicium</strong></span> <span class='ocrx_word' id='word_1_457' title='bbox 2731 2063 2893 2134; x_wconf 88' lang='lat' dir='ltr'><strong>primi</strong></span> <span class='ocrx_word' id='word_1_458' title='bbox 2931 2063 3126 2132; x_wconf 89' lang='lat' dir='ltr'><strong>jejunii</strong></span> <span class='ocrx_word' id='word_1_459' title='bbox 3169 2063 3447 2118; x_wconf 88' lang='lat' dir='ltr'><strong>celebran-</strong></span> 
     </span>
    </p>
   </div>
   <div class='ocr_carea' id='block_1_66' title="bbox 1877 2151 3445 2224">
    <p class='ocr_par' dir='ltr' id='par_1_66' title="bbox 1877 2151 3445 2224">
     <span class='ocr_line' id='line_1_66' title="bbox 1877 2151 3445 2224; baseline 0.003 -18"><span class='ocrx_word' id='word_1_460' title='bbox 1877 2151 2002 2208; x_wconf 89' lang='lat' dir='ltr'><strong>dum</strong></span> <span class='ocrx_word' id='word_1_461' title='bbox 2028 2191 2043 2216; x_wconf 94' lang='lat'><strong>,</strong></span> <span class='ocrx_word' id='word_1_462' title='bbox 2082 2167 2182 2222; x_wconf 86' lang='lat' dir='ltr'><strong>pro</strong></span> <span class='ocrx_word' id='word_1_463' title='bbox 2224 2156 2610 2210; x_wconf 89' lang='lat' dir='ltr'><strong>consuetudine</strong></span> <span class='ocrx_word' id='word_1_464' title='bbox 2656 2155 2918 2223; x_wconf 88' lang='lat' dir='ltr'><strong>antiqua,</strong></span> <span class='ocrx_word' id='word_1_465' title='bbox 2971 2155 3252 2210; x_wconf 88' lang='lat' dir='ltr'><strong>censebat.</strong></span> <span class='ocrx_word' id='word_1_466' title='bbox 3281 2155 3445 2224; x_wconf 77' lang='lat' dir='ltr'><strong>Cujus</strong></span> 
     </span>
    </p>
   </div>
   <div class='ocr_carea' id='block_1_67' title="bbox 1877 2240 3447 2316">
    <p class='ocr_par' dir='ltr' id='par_1_67' title="bbox 1877 2240 3447 2316">
     <span class='ocr_line' id='line_1_67' title="bbox 1877 2240 3447 2316; baseline 0.005 -24"><span class='ocrx_word' id='word_1_467' title='bbox 1877 2240 2056 2296; x_wconf 88' lang='lat' dir='ltr'><strong>oblata</strong></span> <span class='ocrx_word' id='word_1_468' title='bbox 2085 2243 2351 2299; x_wconf 89' lang='lat' dir='ltr'><strong>sententia</strong></span> <span class='ocrx_word' id='word_1_469' title='bbox 2381 2244 2495 2298; x_wconf 89' lang='lat' dir='ltr'><strong>visa</strong></span> <span class='ocrx_word' id='word_1_470' title='bbox 2526 2253 2612 2299; x_wconf 88' lang='lat' dir='ltr'><strong>est</strong></span> <span class='ocrx_word' id='word_1_471' title='bbox 2637 2260 2878 2316; x_wconf 86' lang='lat' dir='ltr'><strong>congrua</strong></span> <span class='ocrx_word' id='word_1_472' title='bbox 2897 2284 2911 2309; x_wconf 88' lang='lat'><strong>,</strong></span> <span class='ocrx_word' id='word_1_473' title='bbox 2944 2252 2999 2301; x_wconf 89' lang='lat' dir='ltr'><strong>et</strong></span> <span class='ocrx_word' id='word_1_474' title='bbox 3023 2245 3092 2300; x_wconf 90' lang='lat' dir='ltr'><strong>ab</strong></span> <span class='ocrx_word' id='word_1_475' title='bbox 3116 2245 3197 2302; x_wconf 92' lang='lat' dir='ltr'><strong>eis</strong></span> <span class='ocrx_word' id='word_1_476' title='bbox 3227 2246 3447 2301; x_wconf 89' lang='lat' dir='ltr'><strong>decreta</strong></span> 
     </span>
    </p>
   </div>
   <div class='ocr_carea' id='block_1_68' title="bbox 1879 2335 2240 2389">
    <p class='ocr_par' dir='ltr' id='par_1_68' title="bbox 1879 2335 2240 2389">
     <span class='ocr_line' id='line_1_68' title="bbox 1879 2335 2240 2389; baseline 0.003 -2"><span class='ocrx_word' id='word_1_477' title='bbox 1879 2341 1964 2387; x_wconf 79' lang='lat' dir='ltr'><strong>est</strong></span> <span class='ocrx_word' id='word_1_478' title='bbox 1992 2335 2240 2389; x_wconf 88' lang='lat' dir='ltr'><strong>tenenda.</strong></span> 
     </span>
    </p>
   </div>
   <div class='ocr_carea' id='block_1_69' title="bbox 1948 2423 3455 2501">
    <p class='ocr_par' dir='ltr' id='par_1_69' title="bbox 1948 2423 3455 2501">
     <span class='ocr_line' id='line_1_69' title="bbox 1948 2423 3455 2501; baseline 0.007 -24"><span class='ocrx_word' id='word_1_479' title='bbox 1948 2423 2037 2479; x_wconf 75' lang='lat'><strong>52.</strong></span> <span class='ocrx_word' id='word_1_480' title='bbox 2071 2425 2374 2480; x_wconf 89' lang='lat' dir='ltr'><strong>Istiusmodi</strong></span> <span class='ocrx_word' id='word_1_481' title='bbox 2409 2427 2686 2482; x_wconf 87' lang='lat' dir='ltr'><strong>decretum</strong></span> <span class='ocrx_word' id='word_1_482' title='bbox 2717 2443 2745 2480; x_wconf 89' lang='lat' dir='ltr'><strong>a</strong></span> <span class='ocrx_word' id='word_1_483' title='bbox 2792 2427 3035 2490; x_wconf 70' lang='lat' dir='ltr'><strong>Francia:</strong></span> <span class='ocrx_word' id='word_1_484' title='bbox 3062 2429 3330 2501; x_wconf 87' lang='lat' dir='ltr'><strong>episcopis</strong></span> <span class='ocrx_word' id='word_1_485' title='bbox 3357 2433 3455 2486; x_wconf 68' lang='lat' dir='ltr'><strong>da-o</strong></span> 
     </span>
    </p>
   </div>
   <div class='ocr_carea' id='block_1_70' title="bbox 1885 2517 3446 2590">
    <p class='ocr_par' dir='ltr' id='par_1_70' title="bbox 1885 2517 3446 2590">
     <span class='ocr_line' id='line_1_70' title="bbox 1885 2517 3446 2590; baseline 0.006 -24"><span class='ocrx_word' id='word_1_486' title='bbox 1885 2521 1994 2568; x_wconf 89' lang='lat' dir='ltr'><strong>tum</strong></span> <span class='ocrx_word' id='word_1_487' title='bbox 2039 2525 2122 2570; x_wconf 88' lang='lat' dir='ltr'><strong>est</strong></span> <span class='ocrx_word' id='word_1_488' title='bbox 2159 2517 2367 2570; x_wconf 80' lang='lat' dir='ltr'><strong>servari</strong></span> <span class='ocrx_word' id='word_1_489' title='bbox 2398 2517 2656 2588; x_wconf 86' lang='lat' dir='ltr'><strong>subjectis</strong></span> <span class='ocrx_word' id='word_1_490' title='bbox 2692 2518 2794 2574; x_wconf 87' lang='lat' dir='ltr'><strong>sibi</strong></span> <span class='ocrx_word' id='word_1_491' title='bbox 2827 2520 3055 2590; x_wconf 88' lang='lat' dir='ltr'><strong>populis.</strong></span> <span class='ocrx_word' id='word_1_492' title='bbox 3088 2521 3237 2576; x_wconf 91' lang='lat' dir='ltr'><strong>Unus</strong></span> <span class='ocrx_word' id='word_1_493' title='bbox 3262 2536 3446 2576; x_wconf 88' lang='lat' dir='ltr'><strong>eorum</strong></span> 
     </span>
    </p>
   </div>
   <div class='ocr_carea' id='block_1_71' title="bbox 1882 2605 3450 2684">
    <p class='ocr_par' dir='ltr' id='par_1_71' title="bbox 1882 2605 3450 2684">
     <span class='ocr_line' id='line_1_71' title="bbox 1882 2605 3450 2684; baseline 0.006 -25"><span class='ocrx_word' id='word_1_494' title='bbox 1882 2605 2073 2661; x_wconf 87' lang='lat' dir='ltr'><strong>celitus</strong></span> <span class='ocrx_word' id='word_1_495' title='bbox 2122 2607 2223 2662; x_wconf 89' lang='lat' dir='ltr'><strong>sibi</strong></span> <span class='ocrx_word' id='word_1_496' title='bbox 2262 2607 2469 2664; x_wconf 89' lang='lat' dir='ltr'><strong>delatas</strong></span> <span class='ocrx_word' id='word_1_497' title='bbox 2521 2609 2660 2664; x_wconf 81' lang='lat' dir='ltr'><strong>dixit</strong></span> <span class='ocrx_word' id='word_1_498' title='bbox 2708 2624 2830 2666; x_wconf 91' lang='lat' dir='ltr'><strong>esse</strong></span> <span class='ocrx_word' id='word_1_499' title='bbox 2874 2611 3088 2677; x_wconf 85' lang='lat' dir='ltr'><strong>literas,</strong></span> <span class='ocrx_word' id='word_1_500' title='bbox 3120 2627 3237 2682; x_wconf 75' lang='lat' dir='ltr'><strong>qua:</strong></span> <span class='ocrx_word' id='word_1_501' title='bbox 3259 2628 3450 2684; x_wconf 85' lang='lat' dir='ltr'><strong>pacem</strong></span> 
     </span>
    </p>
   </div>
   <div class='ocr_carea' id='block_1_72' title="bbox 1885 2699 3450 2768">
    <p class='ocr_par' dir='ltr' id='par_1_72' title="bbox 1885 2699 3450 2768">
     <span class='ocr_line' id='line_1_72' title="bbox 1885 2699 3450 2768; baseline 0.007 -20"><span class='ocrx_word' id='word_1_502' title='bbox 1885 2705 2166 2750; x_wconf 89' lang='lat' dir='ltr'><strong>monerent</strong></span> <span class='ocrx_word' id='word_1_503' title='bbox 2193 2699 2559 2753; x_wconf 86' lang='lat' dir='ltr'><strong>renovandam</strong></span> <span class='ocrx_word' id='word_1_504' title='bbox 2586 2699 2640 2754; x_wconf 90' lang='lat' dir='ltr'><strong>in</strong></span> <span class='ocrx_word' id='word_1_505' title='bbox 2666 2709 2832 2755; x_wconf 90' lang='lat' dir='ltr'><strong>terra.</strong></span> <span class='ocrx_word' id='word_1_506' title='bbox 2873 2700 3044 2768; x_wconf 85' lang='lat' dir='ltr'><strong>Quam</strong></span> <span class='ocrx_word' id='word_1_507' title='bbox 3074 2717 3188 2757; x_wconf 91' lang='lat' dir='ltr'><strong>rem</strong></span> <span class='ocrx_word' id='word_1_508' title='bbox 3221 2704 3450 2759; x_wconf 88' lang='lat' dir='ltr'><strong>manda-</strong></span> 
     </span>
    </p>
   </div>
   <div class='ocr_carea' id='block_1_73' title="bbox 1887 2787 3458 2865">
    <p class='ocr_par' dir='ltr' id='par_1_73' title="bbox 1887 2787 3458 2865">
     <span class='ocr_line' id='line_1_73' title="bbox 1887 2787 3458 2865; baseline 0.009 -25"><span class='ocrx_word' id='word_1_509' title='bbox 1887 2787 1963 2841; x_wconf 81' lang='lat' dir='ltr'><strong>rit</strong></span> <span class='ocrx_word' id='word_1_510' title='bbox 2006 2789 2239 2853; x_wconf 87' lang='lat' dir='ltr'><strong>ceteris,</strong></span> <span class='ocrx_word' id='word_1_511' title='bbox 2287 2797 2344 2844; x_wconf 90' lang='lat' dir='ltr'><strong>et</strong></span> <span class='ocrx_word' id='word_1_512' title='bbox 2373 2789 2488 2845; x_wconf 70' lang='lat' dir='ltr'><strong>haec</strong></span> <span class='ocrx_word' id='word_1_513' title='bbox 2514 2791 2778 2865; x_wconf 88' lang='lat' dir='ltr'><strong>tradenda</strong></span> <span class='ocrx_word' id='word_1_514' title='bbox 2813 2792 2964 2848; x_wconf 88' lang='lat' dir='ltr'><strong>dedit</strong></span> <span class='ocrx_word' id='word_1_515' title='bbox 3001 2793 3251 2864; x_wconf 87' lang='lat' dir='ltr'><strong>populis:</strong></span> <span class='ocrx_word' id='word_1_516' title='bbox 3289 2795 3458 2853; x_wconf 73' lang='lat' dir='ltr'><strong>Arma</strong></span> 
     </span>
    </p>
   </div>
   <div class='ocr_carea' id='block_1_74' title="bbox 1885 2876 3454 2953">
    <p class='ocr_par' dir='ltr' id='par_1_74' title="bbox 1885 2876 3454 2953">
     <span class='ocr_line' id='line_1_74' title="bbox 1885 2876 3454 2953; baseline 0.007 -25"><span class='ocrx_word' id='word_1_517' title='bbox 1885 2876 2170 2946; x_wconf 85' lang='lat' dir='ltr'><strong>quisquam</strong></span> <span class='ocrx_word' id='word_1_518' title='bbox 2215 2891 2321 2932; x_wconf 89' lang='lat' dir='ltr'><strong>non</strong></span> <span class='ocrx_word' id='word_1_519' title='bbox 2363 2877 2572 2945; x_wconf 84' lang='lat' dir='ltr'><strong>ferret,</strong></span> <span class='ocrx_word' id='word_1_520' title='bbox 2621 2881 2828 2951; x_wconf 87' lang='lat' dir='ltr'><strong>direpta</strong></span> <span class='ocrx_word' id='word_1_521' title='bbox 2870 2897 2977 2937; x_wconf 90' lang='lat' dir='ltr'><strong>non</strong></span> <span class='ocrx_word' id='word_1_522' title='bbox 3019 2892 3318 2953; x_wconf 87' lang='lat' dir='ltr'><strong>repeteret;</strong></span> <span class='ocrx_word' id='word_1_523' title='bbox 3367 2887 3454 2942; x_wconf 67' lang='lat' dir='ltr'><strong>sui</strong></span> 
     </span>
    </p>
   </div>
   <div class='ocr_carea' id='block_1_75' title="bbox 1886 2966 3455 3040">
    <p class='ocr_par' dir='ltr' id='par_1_75' title="bbox 1886 2966 3455 3040">
     <span class='ocr_line' id='line_1_75' title="bbox 1886 2966 3455 3040; baseline 0.006 -20"><span class='ocrx_word' id='word_1_524' title='bbox 1886 2966 2163 3037; x_wconf 87' lang='lat' dir='ltr'><strong>sanguinis</strong></span> <span class='ocrx_word' id='word_1_525' title='bbox 2199 2967 2283 3022; x_wconf 91' lang='lat' dir='ltr'><strong>vel</strong></span> <span class='ocrx_word' id='word_1_526' title='bbox 2320 2968 2390 2999; x_wconf 75' lang='grc'><strong>³⁷⁸</strong></span> <span class='ocrx_word' id='word_1_527' title='bbox 2419 2968 2704 3030; x_wconf 87' lang='lat' dir='ltr'><strong>cuiuslibet</strong></span> <span class='ocrx_word' id='word_1_528' title='bbox 2745 2973 3010 3040; x_wconf 81' lang='lat' dir='ltr'><strong>proximi,</strong></span> <span class='ocrx_word' id='word_1_529' title='bbox 3050 2972 3193 3028; x_wconf 90' lang='lat' dir='ltr'><strong>ultor</strong></span> <span class='ocrx_word' id='word_1_530' title='bbox 3231 2974 3455 3030; x_wconf 91' lang='lat' dir='ltr'><strong>minime</strong></span> 
     </span>
    </p>
   </div>
   <div class='ocr_carea' id='block_1_76' title="bbox 1889 3059 3462 3136">
    <p class='ocr_par' dir='ltr' id='par_1_76' title="bbox 1889 3059 3462 3136">
     <span class='ocr_line' id='line_1_76' title="bbox 1889 3059 3462 3136; baseline 0.004 -23"><span class='ocrx_word' id='word_1_531' title='bbox 1889 3059 2129 3115; x_wconf 68' lang='lat' dir='ltr'><strong>existens</strong></span> <span class='ocrx_word' id='word_1_532' title='bbox 2173 3063 2584 3128; x_wconf 87' lang='lat' dir='ltr'><strong>percussoribus</strong></span> <span class='ocrx_word' id='word_1_533' title='bbox 2634 3073 2918 3134; x_wconf 79' lang='lat' dir='ltr'><strong>cogeretur</strong></span> <span class='ocrx_word' id='word_1_534' title='bbox 2967 3065 3273 3136; x_wconf 81' lang='lat' dir='ltr'><strong>indulgere;</strong></span> <span class='ocrx_word' id='word_1_535' title='bbox 3320 3060 3462 3136; x_wconf 83' lang='lat' dir='ltr'><strong>jeju-</strong></span> 
     </span>
    </p>
   </div>
   <div class='ocr_carea' id='block_1_77' title="bbox 1893 3151 3458 3224">
    <p class='ocr_par' dir='ltr' id='par_1_77' title="bbox 1893 3151 3458 3224">
     <span class='ocr_line' id='line_1_77' title="bbox 1893 3151 3458 3224; baseline 0.007 -22"><span class='ocrx_word' id='word_1_536' title='bbox 1893 3151 2038 3204; x_wconf 90' lang='lat' dir='ltr'><strong>nium</strong></span> <span class='ocrx_word' id='word_1_537' title='bbox 2077 3151 2128 3206; x_wconf 90' lang='lat' dir='ltr'><strong>in</strong></span> <span class='ocrx_word' id='word_1_538' title='bbox 2171 3167 2308 3220; x_wconf 85' lang='lat' dir='ltr'><strong>pane</strong></span> <span class='ocrx_word' id='word_1_539' title='bbox 2350 3162 2406 3208; x_wconf 92' lang='lat' dir='ltr'><strong>et</strong></span> <span class='ocrx_word' id='word_1_540' title='bbox 2452 3169 2590 3224; x_wconf 88' lang='lat' dir='ltr'><strong>aqua</strong></span> <span class='ocrx_word' id='word_1_541' title='bbox 2628 3157 2774 3211; x_wconf 90' lang='lat' dir='ltr'><strong>omni</strong></span> <span class='ocrx_word' id='word_1_542' title='bbox 2822 3166 2973 3212; x_wconf 79' lang='lat' dir='ltr'><strong>sexta</strong></span> <span class='ocrx_word' id='word_1_543' title='bbox 3020 3156 3153 3213; x_wconf 88' lang='lat' dir='ltr'><strong>feria</strong></span> <span class='ocrx_word' id='word_1_544' title='bbox 3194 3160 3458 3215; x_wconf 83' lang='lat' dir='ltr'><strong>observa-</strong></span> 
     </span>
    </p>
   </div>
   <div class='ocr_carea' id='block_1_78' title="bbox 1891 3242 3466 3320">
    <p class='ocr_par' dir='ltr' id='par_1_78' title="bbox 1891 3242 3466 3320">
     <span class='ocr_line' id='line_1_78' title="bbox 1891 3242 3466 3320; baseline 0.007 -26"><span class='ocrx_word' id='word_1_545' title='bbox 1891 3251 2014 3296; x_wconf 88' lang='lat' dir='ltr'><strong>rent</strong></span> <span class='ocrx_word' id='word_1_546' title='bbox 2032 3281 2045 3305; x_wconf 89' lang='lat'><strong>,</strong></span> <span class='ocrx_word' id='word_1_547' title='bbox 2079 3251 2134 3297; x_wconf 93' lang='lat' dir='ltr'><strong>et</strong></span> <span class='ocrx_word' id='word_1_548' title='bbox 2162 3242 2214 3296; x_wconf 92' lang='lat' dir='ltr'><strong>in</strong></span> <span class='ocrx_word' id='word_1_549' title='bbox 2239 3245 2464 3301; x_wconf 88' lang='lat' dir='ltr'><strong>sabbato</strong></span> <span class='ocrx_word' id='word_1_550' title='bbox 2489 3260 2519 3299; x_wconf 88' lang='lat' dir='ltr'><strong>a</strong></span> <span class='ocrx_word' id='word_1_551' title='bbox 2545 3261 2711 3301; x_wconf 87' lang='lat' dir='ltr'><strong>carne</strong></span> <span class='ocrx_word' id='word_1_552' title='bbox 2733 3255 2789 3302; x_wconf 91' lang='lat' dir='ltr'><strong>ct</strong></span> <span class='ocrx_word' id='word_1_553' title='bbox 2816 3248 3193 3317; x_wconf 82' lang='lat' dir='ltr'><strong>pinguamiue;</strong></span> <span class='ocrx_word' id='word_1_554' title='bbox 3241 3249 3466 3320; x_wconf 86' lang='lat' dir='ltr'><strong>soloque</strong></span> 
     </span>
    </p>
   </div>
   <div class='ocr_carea' id='block_1_79' title="bbox 1894 3330 3470 3406">
    <p class='ocr_par' dir='ltr' id='par_1_79' title="bbox 1894 3330 3470 3406">
     <span class='ocr_line' id='line_1_79' title="bbox 1894 3330 3470 3406; baseline 0.006 -21"><span class='ocrx_word' id='word_1_555' title='bbox 1894 3330 1996 3387; x_wconf 85' lang='lat' dir='ltr'><strong>hoc</strong></span> <span class='ocrx_word' id='word_1_556' title='bbox 2038 3333 2277 3388; x_wconf 89' lang='lat' dir='ltr'><strong>contenti</strong></span> <span class='ocrx_word' id='word_1_557' title='bbox 2298 3333 2504 3402; x_wconf 87' lang='lat' dir='ltr'><strong>jejunio</strong></span> <span class='ocrx_word' id='word_1_558' title='bbox 2539 3335 2593 3390; x_wconf 92' lang='lat' dir='ltr'><strong>in</strong></span> <span class='ocrx_word' id='word_1_559' title='bbox 2638 3337 2878 3390; x_wconf 87' lang='lat' dir='ltr'><strong>omnium</strong></span> <span class='ocrx_word' id='word_1_560' title='bbox 2920 3349 3266 3406; x_wconf 87' lang='lat' dir='ltr'><strong>peccatorum</strong></span> <span class='ocrx_word' id='word_1_561' title='bbox 3305 3340 3470 3394; x_wconf 79' lang='lat' dir='ltr'><strong>satis-</strong></span> 
     </span>
    </p>
   </div>
   <div class='ocr_carea' id='block_1_80' title="bbox 1894 3421 3471 3488">
    <p class='ocr_par' dir='ltr' id='par_1_80' title="bbox 1894 3421 3471 3488">
     <span class='ocr_line' id='line_1_80' title="bbox 1894 3421 3471 3488; baseline 0.005 -14"><span class='ocrx_word' id='word_1_562' title='bbox 1894 3421 2154 3488; x_wconf 80' lang='lat' dir='ltr'><strong>factione,</strong></span> <span class='ocrx_word' id='word_1_563' title='bbox 2176 3422 2399 3478; x_wconf 90' lang='lat' dir='ltr'><strong>&#39;nullam</strong></span> <span class='ocrx_word' id='word_1_564' title='bbox 2445 3438 2504 3480; x_wconf 89' lang='lat' dir='ltr'><strong>se</strong></span> <span class='ocrx_word' id='word_1_565' title='bbox 2549 3426 2752 3479; x_wconf 90' lang='lat' dir='ltr'><strong>scirent</strong></span> <span class='ocrx_word' id='word_1_566' title='bbox 2788 3427 2858 3481; x_wconf 85' lang='lat' dir='ltr'><strong>ab</strong></span> <span class='ocrx_word' id='word_1_567' title='bbox 2893 3427 2975 3480; x_wconf 91' lang='lat' dir='ltr'><strong>eis</strong></span> <span class='ocrx_word' id='word_1_568' title='bbox 3017 3427 3176 3481; x_wconf 90' lang='lat' dir='ltr'><strong>aliam</strong></span> <span class='ocrx_word' id='word_1_569' title='bbox 3212 3428 3471 3482; x_wconf 82' lang='lat' dir='ltr'><strong>addicen-</strong></span> 
     </span>
    </p>
   </div>
   <div class='ocr_carea' id='block_1_81' title="bbox 1896 3513 3468 3582">
    <p class='ocr_par' dir='ltr' id='par_1_81' title="bbox 1896 3513 3468 3582">
     <span class='ocr_line' id='line_1_81' title="bbox 1896 3513 3468 3582; baseline 0.003 -15"><span class='ocrx_word' id='word_1_570' title='bbox 1896 3513 2020 3567; x_wconf 90' lang='lat' dir='ltr'><strong>dam</strong></span> <span class='ocrx_word' id='word_1_571' title='bbox 2052 3513 2448 3582; x_wconf 65' lang='lat' dir='ltr'><strong>paenitentiam.</strong></span> <span class='ocrx_word' id='word_1_572' title='bbox 2497 3515 2564 3570; x_wconf 88' lang='lat' dir='ltr'><strong>Et</strong></span> <span class='ocrx_word' id='word_1_573' title='bbox 2614 3517 2728 3571; x_wconf 76' lang='lat' dir='ltr'><strong>iure</strong></span> <span class='ocrx_word' id='word_1_574' title='bbox 2774 3526 3116 3572; x_wconf 87' lang='lat' dir='ltr'><strong>sacramento</strong></span> <span class='ocrx_word' id='word_1_575' title='bbox 3153 3532 3212 3573; x_wconf 90' lang='lat' dir='ltr'><strong>se</strong></span> <span class='ocrx_word' id='word_1_576' title='bbox 3249 3533 3468 3572; x_wconf 87' lang='lat' dir='ltr'><strong>servare</strong></span> 
     </span>
    </p>
   </div>
   <div class='ocr_carea' id='block_1_82' title="bbox 1898 3602 3464 3678">
    <p class='ocr_par' dir='ltr' id='par_1_82' title="bbox 1898 3602 3464 3678">
     <span class='ocr_line' id='line_1_82' title="bbox 1898 3602 3464 3678; baseline 0.004 -22"><span class='ocrx_word' id='word_1_577' title='bbox 1898 3602 2201 3669; x_wconf 89' lang='lat' dir='ltr'><strong>ﬁrmarent,</strong></span> <span class='ocrx_word' id='word_1_578' title='bbox 2231 3606 2375 3674; x_wconf 90' lang='lat' dir='ltr'><strong>quod</strong></span> <span class='ocrx_word' id='word_1_579' title='bbox 2395 3605 2485 3674; x_wconf 89' lang='lat' dir='ltr'><strong>qui</strong></span> <span class='ocrx_word' id='word_1_580' title='bbox 2512 3606 2696 3670; x_wconf 76' lang='lat' dir='ltr'><strong>nollet,</strong></span> <span class='ocrx_word' id='word_1_581' title='bbox 2718 3606 3118 3663; x_wconf 86' lang='lat' dir='ltr'><strong>christianitate</strong></span> <span class='ocrx_word' id='word_1_582' title='bbox 3140 3609 3464 3678; x_wconf 87' lang='lat' dir='ltr'><strong>privaretur,</strong></span> 
     </span>
    </p>
   </div>
   <div class='ocr_carea' id='block_1_83' title="bbox 1900 3697 3473 3770">
    <p class='ocr_par' dir='ltr' id='par_1_83' title="bbox 1900 3697 3473 3770">
     <span class='ocr_line' id='line_1_83' title="bbox 1900 3697 3473 3770; baseline 0.001 -16"><span class='ocrx_word' id='word_1_583' title='bbox 1900 3707 1955 3754; x_wconf 90' lang='lat' dir='ltr'><strong>et</strong></span> <span class='ocrx_word' id='word_1_584' title='bbox 1974 3707 2262 3754; x_wconf 83' lang='lat' dir='ltr'><strong>exeuntem</strong></span> <span class='ocrx_word' id='word_1_585' title='bbox 2292 3697 2359 3753; x_wconf 90' lang='lat' dir='ltr'><strong>de</strong></span> <span class='ocrx_word' id='word_1_586' title='bbox 2381 3697 2576 3753; x_wconf 65' lang='lat' dir='ltr'><strong>saeculo</strong></span> <span class='ocrx_word' id='word_1_587' title='bbox 2613 3697 2792 3754; x_wconf 89' lang='lat' dir='ltr'><strong>nullus</strong></span> <span class='ocrx_word' id='word_1_588' title='bbox 2822 3699 3068 3754; x_wconf 90' lang='lat' dir='ltr'><strong>visitaret</strong></span> <span class='ocrx_word' id='word_1_589' title='bbox 3101 3715 3201 3755; x_wconf 92' lang='lat' dir='ltr'><strong>nec</strong></span> <span class='ocrx_word' id='word_1_590' title='bbox 3231 3701 3473 3770; x_wconf 87' lang='lat' dir='ltr'><strong>sepultu-</strong></span> 
     </span>
    </p>
   </div>
   <div class='ocr_carea' id='block_1_84' title="bbox 1900 3789 3470 3862">
    <p class='ocr_par' dir='ltr' id='par_1_84' title="bbox 1900 3789 3470 3862">
     <span class='ocr_line' id='line_1_84' title="bbox 1900 3789 3470 3862; baseline 0.001 -16"><span class='ocrx_word' id='word_1_591' title='bbox 1900 3805 1976 3846; x_wconf 78' lang='lat' dir='ltr'><strong>rae</strong></span> <span class='ocrx_word' id='word_1_592' title='bbox 2007 3791 2265 3846; x_wconf 88' lang='lat' dir='ltr'><strong>traderet.</strong></span> <span class='ocrx_word' id='word_1_593' title='bbox 2292 3789 2412 3844; x_wconf 81' lang='lat' dir='ltr'><strong>Alia</strong></span> <span class='ocrx_word' id='word_1_594' title='bbox 2430 3805 2649 3861; x_wconf 79' lang='lat' dir='ltr'><strong>quoque</strong></span> <span class='ocrx_word' id='word_1_595' title='bbox 2671 3791 3017 3861; x_wconf 86' lang='lat' dir='ltr'><strong>inportabilia</strong></span> <span class='ocrx_word' id='word_1_596' title='bbox 3055 3807 3217 3862; x_wconf 87' lang='lat' dir='ltr'><strong>quam</strong></span> <span class='ocrx_word' id='word_1_597' title='bbox 3239 3793 3470 3862; x_wconf 89' lang='lat' dir='ltr'><strong>plurima</strong></span> 
     </span>
    </p>
   </div>
   <div class='ocr_carea' id='block_1_85' title="bbox 1885 3884 3472 3955">
    <p class='ocr_par' dir='ltr' id='par_1_85' title="bbox 1885 3884 3472 3955">
     <span class='ocr_line' id='line_1_85' title="bbox 1885 3884 3472 3955; baseline -0.001 -16"><span class='ocrx_word' id='word_1_598' title='bbox 1885 3884 2169 3948; x_wconf 79' lang='lat' dir='ltr'><strong>dederunt</strong></span> <span class='ocrx_word' id='word_1_599' title='bbox 2212 3885 2504 3946; x_wconf 87' lang='lat' dir='ltr'><strong>mandata,</strong></span> <span class='ocrx_word' id='word_1_600' title='bbox 2552 3897 2672 3952; x_wconf 65' lang='lat' dir='ltr'><strong>quae</strong></span> <span class='ocrx_word' id='word_1_601' title='bbox 2699 3884 2855 3938; x_wconf 87' lang='lat' dir='ltr'><strong>oneri</strong></span> <span class='ocrx_word' id='word_1_602' title='bbox 2878 3884 2990 3938; x_wconf 82' lang='lat' dir='ltr'><strong>visa</strong></span> <span class='ocrx_word' id='word_1_603' title='bbox 3027 3893 3154 3939; x_wconf 88' lang='lat' dir='ltr'><strong>sunt</strong></span> <span class='ocrx_word' id='word_1_604' title='bbox 3187 3885 3472 3955; x_wconf 88' lang='lat' dir='ltr'><strong>replicare.</strong></span> 
     </span>
    </p>
   </div>
   <div class='ocr_carea' id='block_1_86' title="bbox 1905 3974 3477 4046">
    <p class='ocr_par' dir='ltr' id='par_1_86' title="bbox 1905 3974 3477 4046">
     <span class='ocr_line' id='line_1_86' title="bbox 1905 3974 3477 4046; baseline 0.001 -17"><span class='ocrx_word' id='word_1_605' title='bbox 1905 3975 2018 4029; x_wconf 83' lang='lat' dir='ltr'><strong>Hac</strong></span> <span class='ocrx_word' id='word_1_606' title='bbox 2043 3974 2283 4029; x_wconf 79' lang='lat' dir='ltr'><strong>novitate</strong></span> <span class='ocrx_word' id='word_1_607' title='bbox 2322 3974 2567 4044; x_wconf 82' lang='lat' dir='ltr'><strong>pulsatus</strong></span> <span class='ocrx_word' id='word_1_608' title='bbox 2593 3977 2830 4031; x_wconf 81' lang='lat' dir='ltr'><strong>mandati</strong></span> <span class='ocrx_word' id='word_1_609' title='bbox 2858 3977 3038 4046; x_wconf 89' lang='lat' dir='ltr'><strong>presul</strong></span> <span class='ocrx_word' id='word_1_610' title='bbox 3070 3985 3280 4043; x_wconf 84' lang='lat' dir='ltr'><strong>noster,</strong></span> <span class='ocrx_word' id='word_1_611' title='bbox 3325 3977 3477 4030; x_wconf 85' lang='lat' dir='ltr'><strong>inﬁr-</strong></span> 
     </span>
    </p>
   </div>
   <div class='ocr_carea' id='block_1_87' title="bbox 1905 4068 3474 4138">
    <p class='ocr_par' dir='ltr' id='par_1_87' title="bbox 1905 4068 3474 4138">
     <span class='ocr_line' id='line_1_87' title="bbox 1905 4068 3474 4138; baseline -0.002 -16"><span class='ocrx_word' id='word_1_612' title='bbox 1905 4068 2190 4138; x_wconf 90' lang='lat' dir='ltr'><strong>mitatique</strong></span> <span class='ocrx_word' id='word_1_613' title='bbox 2253 4069 2592 4137; x_wconf 87' lang='lat' dir='ltr'><strong>peccantium</strong></span> <span class='ocrx_word' id='word_1_614' title='bbox 2659 4068 3128 4133; x_wconf 84' lang='lat' dir='ltr'><strong>condescendens,</strong></span> <span class='ocrx_word' id='word_1_615' title='bbox 3182 4071 3474 4125; x_wconf 86' lang='lat' dir='ltr'><strong>secundum</strong></span> 
     </span>
    </p>
   </div>
   <div class='ocr_carea' id='block_1_88' title="bbox 1907 4159 3479 4228">
    <p class='ocr_par' dir='ltr' id='par_1_88' title="bbox 1907 4159 3479 4228">
     <span class='ocr_line' id='line_1_88' title="bbox 1907 4159 3479 4228; baseline -0.001 -14"><span class='ocrx_word' id='word_1_616' title='bbox 1907 4161 2123 4214; x_wconf 89' lang='lat' dir='ltr'><strong>decreta</strong></span> <span class='ocrx_word' id='word_1_617' title='bbox 2153 4168 2461 4214; x_wconf 88' lang='lat' dir='ltr'><strong>sanctorum</strong></span> <span class='ocrx_word' id='word_1_618' title='bbox 2502 4169 2716 4228; x_wconf 89' lang='lat' dir='ltr'><strong>patrum</strong></span> <span class='ocrx_word' id='word_1_619' title='bbox 2757 4161 2823 4214; x_wconf 88' lang='lat' dir='ltr'><strong>ad</strong></span> <span class='ocrx_word' id='word_1_620' title='bbox 2859 4159 3066 4228; x_wconf 83' lang='lat' dir='ltr'><strong>singula</strong></span> <span class='ocrx_word' id='word_1_621' title='bbox 3095 4175 3250 4214; x_wconf 90' lang='lat' dir='ltr'><strong>suum</strong></span> <span class='ocrx_word' id='word_1_622' title='bbox 3280 4163 3479 4214; x_wconf 84' lang='lat' dir='ltr'><strong>fortna-</strong></span> 
     </span>
    </p>
   </div>
   <div class='ocr_carea' id='block_1_89' title="bbox 1909 4247 3478 4318">
    <p class='ocr_par' dir='ltr' id='par_1_89' title="bbox 1909 4247 3478 4318">
     <span class='ocr_line' id='line_1_89' title="bbox 1909 4247 3478 4318; baseline -0.003 -14"><span class='ocrx_word' id='word_1_623' title='bbox 1909 4249 1990 4305; x_wconf 70' lang='lat' dir='ltr'><strong>rit</strong></span> <span class='ocrx_word' id='word_1_624' title='bbox 2018 4249 2314 4318; x_wconf 89' lang='lat' dir='ltr'><strong>eloquium.</strong></span> <span class='ocrx_word' id='word_1_625' title='bbox 2355 4248 2537 4303; x_wconf 87' lang='lat' dir='ltr'><strong>Genus</strong></span> <span class='ocrx_word' id='word_1_626' title='bbox 2564 4249 2859 4303; x_wconf 88' lang='lat' dir='ltr'><strong>humanum</strong></span> <span class='ocrx_word' id='word_1_627' title='bbox 2905 4248 2974 4303; x_wconf 90' lang='lat' dir='ltr'><strong>ab</strong></span> <span class='ocrx_word' id='word_1_628' title='bbox 3017 4247 3171 4302; x_wconf 89' lang='lat' dir='ltr'><strong>initio</strong></span> <span class='ocrx_word' id='word_1_629' title='bbox 3214 4248 3478 4303; x_wconf 81' lang='lat' dir='ltr'><strong>trifariam</strong></span> 
     </span>
    </p>
   </div>
   <div class='ocr_carea' id='block_1_90' title="bbox 1910 4338 3480 4410">
    <p class='ocr_par' dir='ltr' id='par_1_90' title="bbox 1910 4338 3480 4410">
     <span class='ocr_line' id='line_1_90' title="bbox 1910 4338 3480 4410; baseline -0.002 -17"><span class='ocrx_word' id='word_1_630' title='bbox 1910 4340 2139 4394; x_wconf 90' lang='lat' dir='ltr'><strong>divisum</strong></span> <span class='ocrx_word' id='word_1_631' title='bbox 2164 4355 2286 4394; x_wconf 86' lang='lat' dir='ltr'><strong>esse</strong></span> <span class='ocrx_word' id='word_1_632' title='bbox 2315 4340 2658 4405; x_wconf 89' lang='lat' dir='ltr'><strong>monstravit,</strong></span> <span class='ocrx_word' id='word_1_633' title='bbox 2692 4339 2746 4393; x_wconf 94' lang='lat' dir='ltr'><strong>in</strong></span> <span class='ocrx_word' id='word_1_634' title='bbox 2785 4339 3094 4395; x_wconf 82' lang='lat' dir='ltr'><strong>oratoribus</strong></span> <span class='ocrx_word' id='word_1_635' title='bbox 3119 4338 3267 4410; x_wconf 77' lang='lat'><strong>(599)</strong></span> <span class='ocrx_word' id='word_1_636' title='bbox 3286 4377 3301 4402; x_wconf 91' lang='lat'><strong>,</strong></span> <span class='ocrx_word' id='word_1_637' title='bbox 3333 4339 3443 4407; x_wconf 82' lang='lat' dir='ltr'><strong>agri</strong></span> <span class='ocrx_word' id='word_1_638' title='bbox 3472 4366 3480 4375; x_wconf 94' lang='lat'>-</span> 
     </span>
    </p>
   </div>
   <div class='ocr_carea' id='block_1_91' title="bbox 1913 4428 3472 4501">
    <p class='ocr_par' dir='ltr' id='par_1_91' title="bbox 1913 4428 3472 4501">
     <span class='ocr_line' id='line_1_91' title="bbox 1913 4428 3472 4501; baseline -0.003 -16"><span class='ocrx_word' id='word_1_639' title='bbox 1913 4431 2231 4494; x_wconf 88' lang='lat' dir='ltr'><strong>cultoribus,</strong></span> <span class='ocrx_word' id='word_1_640' title='bbox 2263 4431 2682 4501; x_wconf 88' lang='lat' dir='ltr'><strong>pugnatoribus;</strong></span> <span class='ocrx_word' id='word_1_641' title='bbox 2713 4430 3013 4499; x_wconf 82' lang='lat' dir='ltr'><strong>horumque</strong></span> <span class='ocrx_word' id='word_1_642' title='bbox 3053 4429 3291 4499; x_wconf 80' lang='lat' dir='ltr'><strong>singulos</strong></span> <span class='ocrx_word' id='word_1_643' title='bbox 3319 4428 3472 4482; x_wconf 82' lang='lat' dir='ltr'><strong>alter-</strong></span> 
     </span>
    </p>
   </div>
   <div class='ocr_carea' id='block_1_92' title="bbox 1546 4607 2222 4720">
    <p class='ocr_par' dir='ltr' id='par_1_92' title="bbox 1546 4607 2222 4720">
     <span class='ocr_line' id='line_1_92' title="bbox 1546 4607 2222 4720; baseline -0.013 -50"><span class='ocrx_word' id='word_1_644' title='bbox 1546 4614 1780 4720; x_wconf 51' lang='grc' dir='ltr'><strong>νΑιιιίΕ</strong></span> <span class='ocrx_word' id='word_1_645' title='bbox 1819 4607 2222 4671; x_wconf 76' lang='lat' dir='ltr'><strong>LECTIONES.</strong></span> 
     </span>
    </p>
   </div>
   <div class='ocr_carea' id='block_1_93' title="bbox 308 4744 1607 4810">
    <p class='ocr_par' dir='ltr' id='par_1_93' title="bbox 308 4744 1607 4810">
     <span class='ocr_line' id='line_1_93' title="bbox 308 4744 1607 4810; baseline -0.007 1"><span class='ocrx_word' id='word_1_646' title='bbox 308 4753 422 4795; x_wconf 76' lang='lat'><strong>&quot;’-&#39;</strong></span> <span class='ocrx_word' id='word_1_647' title='bbox 448 4747 680 4810; x_wconf 74' lang='lat' dir='ltr'><strong>Ferci-ia</strong></span> <span class='ocrx_word' id='word_1_648' title='bbox 697 4745 1023 4808; x_wconf 83' lang='lat' dir='ltr'><strong>eambiatam</strong></span> <span class='ocrx_word' id='word_1_649' title='bbox 1051 4750 1134 4806; x_wconf 76' lang='lat'><strong>2&#39;.</strong></span> <span class='ocrx_word' id='word_1_650' title='bbox 1208 4749 1277 4789; x_wconf 67' lang='grc'><strong>’⁸⁸</strong></span> <span class='ocrx_word' id='word_1_651' title='bbox 1301 4744 1510 4804; x_wconf 82' lang='lat' dir='ltr'><strong>Furnes</strong></span> <span class='ocrx_word' id='word_1_652' title='bbox 1529 4748 1607 4802; x_wconf 76' lang='lat'><strong>2‘.</strong></span> 
     </span>
    </p>
   </div>
   <div class='ocr_carea' id='block_1_94' title="bbox 252 4823 1060 4880">
    <p class='ocr_par' dir='ltr' id='par_1_94' title="bbox 252 4823 1060 4880">
     <span class='ocr_line' id='line_1_94' title="bbox 252 4823 1060 4880; baseline 0 -5"><span class='ocrx_word' id='word_1_653' title='bbox 252 4825 419 4879; x_wconf 78' lang='lat' dir='ltr'><strong>redire</strong></span> <span class='ocrx_word' id='word_1_654' title='bbox 436 4826 488 4879; x_wconf 67' lang='grc' dir='ltr'><strong>Ξ.</strong></span> <span class='ocrx_word' id='word_1_655' title='bbox 520 4827 602 4880; x_wconf 69' lang='lat'><strong>2&#39;.</strong></span> <span class='ocrx_word' id='word_1_656' title='bbox 680 4827 750 4856; x_wconf 65' lang='lat'><strong>“9</strong></span> <span class='ocrx_word' id='word_1_657' title='bbox 780 4825 948 4877; x_wconf 88' lang='lat' dir='ltr'><strong>ferret</strong></span> <span class='ocrx_word' id='word_1_658' title='bbox 978 4823 1060 4876; x_wconf 73' lang='lat'><strong>2&#39;.</strong></span> 
     </span>
    </p>
   </div>
   <div class='ocr_carea' id='block_1_95' title="bbox 253 4888 1600 4949">
    <p class='ocr_par' dir='ltr' id='par_1_95' title="bbox 253 4888 1600 4949">
     <span class='ocr_line' id='line_1_95' title="bbox 253 4888 1600 4949; baseline 0.001 -6"><span class='ocrx_word' id='word_1_659' title='bbox 253 4892 320 4945; x_wconf 73' lang='lat' dir='ltr'><strong>De</strong></span> <span class='ocrx_word' id='word_1_660' title='bbox 343 4895 398 4947; x_wconf 70' lang='lat'><strong>‘2.</strong></span> <span class='ocrx_word' id='word_1_661' title='bbox 429 4896 505 4948; x_wconf 85' lang='lat' dir='ltr'><strong>nil</strong></span> <span class='ocrx_word' id='word_1_662' title='bbox 533 4896 808 4949; x_wconf 79' lang='lat' dir='ltr'><strong>annotavit</strong></span> <span class='ocrx_word' id='word_1_663' title='bbox 834 4891 1197 4948; x_wconf 80' lang='lat' dir='ltr'><strong>Colvenerius.</strong></span> <span class='ocrx_word' id='word_1_664' title='bbox 1276 4889 1343 4923; x_wconf 76' lang='grc'><strong>³⁷⁸</strong></span> <span class='ocrx_word' id='word_1_665' title='bbox 1367 4890 1497 4945; x_wconf 90' lang='lat' dir='ltr'><strong>licet</strong></span> <span class='ocrx_word' id='word_1_666' title='bbox 1520 4888 1600 4944; x_wconf 72' lang='lat'><strong>2&#39;.</strong></span> 
     </span>
    </p>
   </div>
   <div class='ocr_carea' id='block_1_96' title="bbox 1686 4736 2760 4814">
    <p class='ocr_par' dir='ltr' id='par_1_96' title="bbox 1686 4736 2760 4814">
     <span class='ocr_line' id='line_1_96' title="bbox 1686 4736 2760 4814; baseline -0.013 -10"><span class='ocrx_word' id='word_1_667' title='bbox 1686 4748 1865 4814; x_wconf 62' lang='lat' dir='ltr'><strong>’F&quot;;ita</strong></span> <span class='ocrx_word' id='word_1_668' title='bbox 1894 4745 1950 4799; x_wconf 78' lang='lat'><strong>9..</strong></span> <span class='ocrx_word' id='word_1_669' title='bbox 1979 4744 2037 4798; x_wconf 62' lang='grc' dir='ltr'><strong>ε’</strong></span> <span class='ocrx_word' id='word_1_670' title='bbox 2069 4743 2136 4797; x_wconf 90' lang='lat' dir='ltr'><strong>ab</strong></span> <span class='ocrx_word' id='word_1_671' title='bbox 2160 4742 2309 4814; x_wconf 86' lang='lat' dir='ltr'><strong>hisce</strong></span> <span class='ocrx_word' id='word_1_672' title='bbox 2351 4740 2567 4814; x_wconf 78' lang='lat' dir='ltr'><strong>conjecit</strong></span> <span class='ocrx_word' id='word_1_673' title='bbox 2586 4736 2760 4814; x_wconf 14' lang='lat' dir='ltr'><strong>ﬁCoIt&#39;.</strong></span> 
     </span>
    </p>
   </div>
   <div class='ocr_carea' id='block_1_97' title="bbox 1138 4809 3484 4884">
    <p class='ocr_par' dir='ltr' id='par_1_97' title="bbox 1138 4809 3484 4884">
     <span class='ocr_line' id='line_1_97' title="bbox 1138 4809 3484 4884; baseline -0.003 -12"><span class='ocrx_word' id='word_1_674' title='bbox 1138 4821 1208 4860; x_wconf 70' lang='grc' dir='ltr'><strong>’το</strong></span> <span class='ocrx_word' id='word_1_675' title='bbox 1238 4817 1368 4874; x_wconf 81' lang='lat' dir='ltr'><strong>Post</strong></span> <span class='ocrx_word' id='word_1_676' title='bbox 1400 4821 1512 4874; x_wconf 77' lang='lat' dir='ltr'><strong>htec</strong></span> <span class='ocrx_word' id='word_1_677' title='bbox 1545 4809 1779 4874; x_wconf 60' lang='lat' dir='ltr'><strong>duarun;</strong></span> <span class='ocrx_word' id='word_1_678' title='bbox 1810 4817 2070 4870; x_wconf 83' lang='lat' dir='ltr'><strong>linearum</strong></span> <span class='ocrx_word' id='word_1_679' title='bbox 2105 4813 2274 4884; x_wconf 81' lang='lat' dir='ltr'><strong>spatio</strong></span> <span class='ocrx_word' id='word_1_680' title='bbox 2329 4809 2536 4874; x_wconf 77' lang='lat' dir='ltr'><strong>relicto,</strong></span> <span class='ocrx_word' id='word_1_681' title='bbox 2580 4810 2633 4862; x_wconf 64' lang='grc' dir='ltr'><strong>εὶ·</strong></span> <span class='ocrx_word' id='word_1_682' title='bbox 2660 4811 2887 4878; x_wconf 78' lang='lat' dir='ltr'><strong>margini</strong></span> <span class='ocrx_word' id='word_1_683' title='bbox 2941 4809 3223 4879; x_wconf 74' lang='lat' dir='ltr'><strong>«scripsit:</strong></span> <span class='ocrx_word' id='word_1_684' title='bbox 3261 4811 3484 4866; x_wconf 84' lang='lat' dir='ltr'><strong>Desunt.</strong></span> 
     </span>
    </p>
   </div>
   <div class='ocr_carea' id='block_1_98' title="bbox 2864 4737 3482 4810">
    <p class='ocr_par' dir='ltr' id='par_1_98' title="bbox 2864 4737 3482 4810">
     <span class='ocr_line' id='line_1_98' title="bbox 2864 4737 3482 4810; baseline 0.006 -19"><span class='ocrx_word' id='word_1_685' title='bbox 2864 4737 2933 4770; x_wconf 76' lang='grc'><strong>’⁸³</strong></span> <span class='ocrx_word' id='word_1_686' title='bbox 2961 4739 3032 4792; x_wconf 80' lang='lat' dir='ltr'><strong>ita</strong></span> <span class='ocrx_word' id='word_1_687' title='bbox 3060 4741 3280 4810; x_wconf 73' lang='lat' dir='ltr'><strong>conjccil</strong></span> <span class='ocrx_word' id='word_1_688' title='bbox 3313 4739 3438 4796; x_wconf 69' lang='grc' dir='ltr'><strong>(Ινιυ</strong></span> <span class='ocrx_word' id='word_1_689' title='bbox 3465 4783 3482 4806; x_wconf 82' lang='grc'><em>,</em></span> 
     </span>
    </p>
   </div>
   <div class='ocr_carea' id='block_1_99' title="bbox 1774 5055 1998 5116">
    <p class='ocr_par' dir='ltr' id='par_1_99' title="bbox 1774 5055 1998 5116">
     <span class='ocr_line' id='line_1_99' title="bbox 1774 5055 1998 5116; baseline -0.018 -2"><span class='ocrx_word' id='word_1_690' title='bbox 1774 5055 1998 5116; x_wconf 65' lang='lat' dir='ltr'><strong>NOTAE.</strong></span> 
     </span>
    </p>
   </div>
   <div class='ocr_carea' id='block_1_100' title="bbox 321 5192 1392 5267">
    <p class='ocr_par' dir='ltr' id='par_1_100' title="bbox 321 5192 1392 5267">
     <span class='ocr_line' id='line_1_100' title="bbox 321 5192 1392 5267; baseline -0.004 -14"><span class='ocrx_word' id='word_1_691' title='bbox 321 5193 467 5267; x_wconf 81' lang='grc'><strong>(591)</strong></span> <span class='ocrx_word' id='word_1_692' title='bbox 490 5195 754 5260; x_wconf 85' lang='lat' dir='ltr'><strong>Briastre,</strong></span> <span class='ocrx_word' id='word_1_693' title='bbox 782 5209 894 5250; x_wconf 89' lang='lat' dir='ltr'><strong>arr.</strong></span> <span class='ocrx_word' id='word_1_694' title='bbox 927 5195 995 5249; x_wconf 90' lang='lat' dir='ltr'><strong>de</strong></span> <span class='ocrx_word' id='word_1_695' title='bbox 1021 5192 1292 5267; x_wconf 61' lang='lat' dir='ltr'><strong>Cambrai.</strong></span> <span class='ocrx_word' id='word_1_696' title='bbox 1329 5194 1392 5253; x_wconf 88' lang='lat' dir='ltr'><strong>L.</strong></span> 
     </span>
    </p>
   </div>
   <div class='ocr_carea' id='block_1_101' title="bbox 263 5261 1824 5364">
    <p class='ocr_par' dir='ltr' id='par_1_101' title="bbox 263 5261 1824 5364">
     <span class='ocr_line' id='line_1_101' title="bbox 263 5261 1824 5364; baseline -0.012 -29"><span class='ocrx_word' id='word_1_697' title='bbox 263 5334 276 5342; x_wconf 85' lang='lat'><strong><em>_</em></strong></span> <span class='ocrx_word' id='word_1_698' title='bbox 326 5261 470 5364; x_wconf 48' lang='lat'><strong>($9?)</strong></span> <span class='ocrx_word' id='word_1_699' title='bbox 511 5267 864 5332; x_wconf 88' lang='lat' dir='ltr'><strong>Bermerain,</strong></span> <span class='ocrx_word' id='word_1_700' title='bbox 893 5276 987 5322; x_wconf 86' lang='lat' dir='ltr'><strong>sur</strong></span> <span class='ocrx_word' id='word_1_701' title='bbox 1030 5264 1370 5334; x_wconf 83' lang='lat' dir='ltr'><strong>l’Escaillon,</strong></span> <span class='ocrx_word' id='word_1_702' title='bbox 1420 5279 1536 5322; x_wconf 87' lang='lat' dir='ltr'><strong>arr.</strong></span> <span class='ocrx_word' id='word_1_703' title='bbox 1565 5261 1634 5318; x_wconf 87' lang='lat' dir='ltr'><strong>de</strong></span> <span class='ocrx_word' id='word_1_704' title='bbox 1663 5262 1824 5319; x_wconf 88' lang='lat' dir='ltr'><strong>Cam-</strong></span> 
     </span>
    </p>
   </div>
   <div class='ocr_carea' id='block_1_102' title="bbox 2000 5181 3494 5263">
    <p class='ocr_par' dir='ltr' id='par_1_102' title="bbox 2000 5181 3494 5263">
     <span class='ocr_line' id='line_1_102' title="bbox 2000 5181 3494 5263; baseline -0.004 -19"><span class='ocrx_word' id='word_1_705' title='bbox 2000 5189 2152 5263; x_wconf 74' lang='lat'><strong>(597)</strong></span> <span class='ocrx_word' id='word_1_706' title='bbox 2205 5186 2291 5263; x_wconf 81' lang='lat' dir='ltr'><strong>Cf.</strong></span> <span class='ocrx_word' id='word_1_707' title='bbox 2324 5181 2738 5263; x_wconf 73' lang='lat' dir='ltr'><strong>Thren.3,_M:</strong></span> <span class='ocrx_word' id='word_1_708' title='bbox 2782 5188 2952 5257; x_wconf 74' lang='lat' dir='ltr'><strong>factus</strong></span> <span class='ocrx_word' id='word_1_709' title='bbox 3001 5203 3114 5241; x_wconf 85' lang='lat' dir='ltr'><strong>sum</strong></span> <span class='ocrx_word' id='word_1_710' title='bbox 3150 5189 3216 5263; x_wconf 56' lang='lat' dir='ltr'><strong>in</strong></span> <span class='ocrx_word' id='word_1_711' title='bbox 3263 5185 3494 5263; x_wconf 56' lang='lat' dir='ltr'><strong>derisum</strong></span> 
     </span>
    </p>
   </div>
   <div class='ocr_carea' id='block_1_103' title="bbox 1931 5254 3420 5330">
    <p class='ocr_par' dir='ltr' id='par_1_103' title="bbox 1931 5254 3420 5330">
     <span class='ocr_line' id='line_1_103' title="bbox 1931 5254 3420 5330; baseline -0.006 -16"><span class='ocrx_word' id='word_1_712' title='bbox 1931 5254 2074 5315; x_wconf 68' lang='lat' dir='ltr'><strong>omni</strong></span> <span class='ocrx_word' id='word_1_713' title='bbox 2102 5254 2291 5330; x_wconf 53' lang='lat' dir='ltr'><strong>p’op‘ylo</strong></span> <span class='ocrx_word' id='word_1_714' title='bbox 2323 5274 2459 5330; x_wconf 73' lang='lat' dir='ltr'><strong>meo,</strong></span> <span class='ocrx_word' id='word_1_715' title='bbox 2490 5257 2752 5330; x_wconf 67' lang='lat' dir='ltr'><strong>canticum</strong></span> <span class='ocrx_word' id='word_1_716' title='bbox 2783 5254 2962 5312; x_wconf 78' lang='lat' dir='ltr'><strong>eorum</strong></span> <span class='ocrx_word' id='word_1_717' title='bbox 2991 5267 3098 5309; x_wconf 80' lang='lat' dir='ltr'><strong>tota</strong></span> <span class='ocrx_word' id='word_1_718' title='bbox 3126 5257 3229 5330; x_wconf 61' lang='lat' dir='ltr'><strong>die.</strong></span> <span class='ocrx_word' id='word_1_719' title='bbox 3255 5254 3420 5330; x_wconf 68' lang='lat' dir='ltr'><strong>COLv.</strong></span> 
     </span>
    </p>
   </div>
   <div class='ocr_carea' id='block_1_104' title="bbox 2005 5324 3492 5364">
    <p class='ocr_par' dir='ltr' id='par_1_104' title="bbox 2005 5324 3492 5364">
     <span class='ocr_line' id='line_1_104' title="bbox 2005 5324 3492 5364; baseline 0 0"><span class='ocrx_word' id='word_1_720' title='bbox 2005 5324 2349 5364; x_wconf 56' lang='grc' dir='ltr'><strong>Ιποῦὶήοιηηι</strong></span> <span class='ocrx_word' id='word_1_721' title='bbox 2389 5328 2573 5364; x_wconf 71' lang='lat' dir='ltr'><strong>ininnii</strong></span> <span class='ocrx_word' id='word_1_722' title='bbox 2607 5338 2866 5364; x_wconf 68' lang='grc' dir='ltr'><strong>νηοσιηίιη-</strong></span> <span class='ocrx_word' id='word_1_723' title='bbox 2892 5337 3123 5364; x_wconf 69' lang='lat' dir='ltr'><strong>nutat-inu-</strong></span> <span class='ocrx_word' id='word_1_724' title='bbox 3151 5327 3264 5364; x_wconf 68' lang='lat' dir='ltr'><strong>(line</strong></span> <span class='ocrx_word' id='word_1_725' title='bbox 3301 5339 3328 5364; x_wconf 70' lang='grc' dir='ltr'><strong>ει</strong></span> <span class='ocrx_word' id='word_1_726' title='bbox 3363 5324 3492 5364; x_wconf 70' lang='lat' dir='ltr'><strong>fnrin</strong></span> 
     </span>
    </p>
   </div>
  </div>
