4026 5370
530 306 626 361 Hi

1496 306 1720 361 GESTA
1761 293 2178 362 PONTIFlCUM
2217 305 2821 366 CAMEHACENSIUM.

3689 315 3803 370 172

527 425 706 472 utrum
745 415 932 472 dextra
962 413 1202 484 Imaque
1231 413 1420 482 foveri,
1456 417 1680 471 evidens
1725 416 2109 472 documentum
2137 422 2188 483 Α
2215 417 2568 485 peccantibus
2617 419 2734 474 haec
2781 413 3080 475 satisfactio
3129 421 3421 478 credenda.
3475 423 3796 482 Crescentia

529 509 715 566 dedit:
748 528 765 560 ι
799 507 1088 564 Oratorum
1116 523 1144 562 a
1170 507 1355 562 saeculi
1391 521 1590 562 vacans
1625 508 1858 579 negotiis
1890 509 2016 562 dum
2040 507 2109 563 ad

528 600 698 656 Deum
753 598 902 654 vadit
960 596 1223 661 intentio,
1277 596 1670 668 pugnatoribus
1711 599 1909 664 debet,
1965 597 2110 667 quod

527 701 718 748 sancto
764 703 957 746 secura
1020 696 1180 743 vacat
1236 689 1381 754 otio;
1442 689 1900 759 agricultoribus,
1963 691 2107 758 quod

527 799 714 840 eorum
745 782 1018 837 labori-bus
1048 780 1318 852 corporali
1346 781 1587 850 pascitur
1613 781 1757 836 cibo.
1828 780 2108 835 Nihilomi-

528 889 631 929 nus
653 872 1010 945 agricultores
1037 871 1103 925 ad
1135 873 1303 926 Deum
1336 869 1596 924 levantur
1621 878 1902 925 oratorum
1932 869 2109 939 preci-

528 968 653 1032 bus,
699 975 756 1023 et
797 973 1158 1036 pugnatorum
1201 962 1515 1018 defensatur
1557 962 1745 1016 armis.
1795 960 1919 1014 Pari
1949 961 2106 1015 modo

528 1069 876 1132 pugnatores,
895 1057 1017 1111 dum
1036 1054 1298 1110 reditibus
1317 1069 1569 1125 agrorum
1592 1063 1936 1108 annunautur
1957 1052 2104 1122 (400)
2144 1101 2149 1105 .

529 1161 584 1207 et
633 1147 1000 1206 mercimoniis
1039 1144 1384 1216 vectigalium
1437 1143 1760 1199 solatiantu'r
1801 1144 2106 1198 armorum-

528 1261 633 1315 que
681 1245 873 1302 deiicta
932 1244 1143 1313 piorum
1193 1255 1328 1310 quos
1379 1246 1600 1294 tuentur
1646 1238 1826 1308 expiat
1862 1237 2104 1307 precatio

528 1347 749 1402 sancta,
798 1337 1048 1390 l’ovcntur
1076 1340 1133 1387 ut
1166 1323 1368 1387 dictum
1418 1340 1502 1386 est
1544 1340 1751 1386 mutuo.
1801 1331 2006 1397 Quibus
2036 1360 2106 1370 ——-

528 1431 655 1484 dum
685 1428 960 1483 Abraham
995 1435 1049 1481 et
1079 1424 1242 1479 Josue
1279 1430 1334 1476 et
1378 1421 1548 1476 David
1593 1436 1661 1476 ex
1711 1420 2102 1475 vocevDomini

528 1535 680 1575 arma
709 1520 899 1575 tulisse
929 1517 982 1572 in
1006 1516 1235 1586 prelium
1259 1523 1416 1570 vetus
1437 1513 1676 1569 ostendit
1699 1513 1912 1584 pagina,
1940 1522 1994 1566 et
2016 1527 2107 1567 sa-

525 1614 774 1670 cerdotes
801 1611 978 1682 gladio
1008 1609 1296 1679 accingunt
1329 1621 1483 1677 reges
1502 1648 1515 1672 ,
1541 1615 1804 1677 regnante
1829 1605 2002 1676 gratia
2048 1605 2100 1660 in

527 1712 716 1760 nostra
763 1711 937 1757 matre
973 1699 1212 1755 mcclesia
1257 1699 1351 1754 Dei
1398 1715 1593 1769 sponsa
1627 1697 1947 1753 —olli.:ium
1995 1713 2100 1754 non

528 1804 614 1850 est
643 1795 702 1849 in
720 1794 900 1863 culpa,
933 1792 975 1847 si
1009 1792 1466 1861 deest-peccatum
1510 1791 1564 1845 in
1607 1791 1962 1846 conscientia.
1994 1791 2103 1847 Hos

525 1894 581 1938 et
610 1881 1182 1954 apostolusministros
1209 1881 1303 1936 Dei
1330 1881 1671 1951 appellat,ita
1702 1883 1889 1936 dicens
1917 1901 1930 1936 :
1965 1901 1982 1933 ι
2007 1881 2104 1935 Mi-

525 1977 699 2032 nister
728 1977 871 2032 enim
900 1975 997 2030 Dei
1025 1982 1136 2040 est,
1163 1974 1362 2029 vindex
1405 1975 1456 2028 in
1509 1975 1644 2028 iram
1672 1975 1741 2005 ’⁷³
1769 1974 1946 2045 (Rom.
1972 1965 2102 2041 xm,

513 2061 602 2141 ι),
633 2067 972 2124 subinl‘crens
997 2081 1010 2120 ε
1033 2084 1050 2118 ι
1087 2065 1203 2121 Non
1229 2067 1374 2123 enim
1399 2067 1518 2121 sine
1536 2082 1697 2121 causa
1718 2066 1954 2137 gladium
1979 2082 2103 2136 por-

523 2172 602 2217 tat
629 2161 856 2232 (ἄγξω.)
888 2159 1124 2230 Rapinas
1147 2159 1374 2214 reddere
1405 2159 1633 2224 debere,
1667 2167 1726 2213 ut
1749 2167 1923 2212 'vetus
1949 2156 2100 2228 (401)

525 2251 682 2308 sileat
721 2251 1030 2306 mandatum
1053 2290 1066 2314 ,
1107 2248 1316 2303 Zachaei
1351 2250 1481 2304 satis
1524 2256 1608 2303 est
1654 2247 1988 2319 exemplum,
2022 2248 2103 2302 di-

529 2341 703 2397 centis
748 2341 814 2396 ad
854 2339 1172 2395 Dominum:
1218 2358 1234 2390 I
1272 2337 1329 2392 Si
1362 2337 1490 2408 quid
1531 2336 1882 2401 defrauiavi,
1935 2326 2101 2392 reddo

518 2430 880 2503 quadruplum
915 2428 1068 2502 (Luc.
1101 2444 1191 2483 xu
1215 2469 1230 2494 ,
1261 2427 1368 2499 8).»
1403 2427 1515 2484 Nec
1547 2436 1773 2498 peccant
1813 2443 1903 2497 qut
1943 2442 2098 2498 repe-

518 2519 659 2590 tunt,
689 2521 817 2577 licet
845 2520 1106 2575 audiant:
1141 2537 1159 2570 ι
1190 2518 1248 2574 Si
1284 2519 1408 2590 quis
1440 2534 1560 2588 qua:
1601 2527 1688 2572 tua
1714 2526 1840 2572 sunt
1878 2517 2095 2583 tulerit,

516 2631 586 2670 nc
608 2623 821 2684 repetas
844 2611 995 2682 (Luc.
1027 2627 1105 2676 vt,
1135 2611 1248 2680 30).
1281 2631 1298 2662 ι
1334 2610 1446 2666 Duo
1471 2609 1614 2665 enim
1634 2609 1863 2679 legimus
1890 2627 1902 2661 :
1931 2619 1986 2663 et
2018 2617 2100 2663 ta-

518 2706 696 2761 cuisse
722 2704 1007 2758 Dominum
1032 2701 1101 2734 ³⁷³
1136 2702 1528 2770 interrogatum
1552 2740 1566 2767 ,
1599 2708 1653 2754 et
1688 2715 1794 2754 non
1819 2699 1889 2730 ’⁷⁵
1923 2699 2094 2754 inter-

513 2808 794 2866 rogatum,
833 2794 999 2848 fuisse
1047 2793 1310 2848 locutum.
1349 2792 1518 2862 Cujus
1561 2791 1832 2846 silentium
1870 2793 1945 2846 ita
1987 2807 2093 2846 non

510 2899 596 2950 cst
630 2890 896 2950 otiosum,
941 2884 1398 2954 quemadmodum
1445 2891 1530 2937 est
1581 2881 1923 2938 salutiferum
1975 2880 2095 2951 ejus

513 2984 761 3038 verbum.
801 2983 866 3038 Ut
906 2981 1050 3037 enim
1083 2978 1322 3033 laudavit
1365 2977 1649 3030 Zachaeum
1686 2976 1752 3029 de
1780 2975 2092 3044 rapinarum

2211 506 2354 562 enim
2383 507 2453 540 ’⁷⁸
2496 508 2548 562 in
2602 509 2716 566 dies
2759 510 2984 565 crimina
3014 512 3290 582 purganda
3321 525 3448 569 sunt
3479 518 3783 573 secundum

2211 597 2475 669 evangelii
2506 600 2981 672 apostolo’rumque
3025 613 3080 657 et
3109 618 3378 658 canonum
3405 614 3570 676 atque
3598 608 3788 678 ponti-

2209 690 2373 744 ﬁcum
2400 690 2643 758 decreta,
2667 708 2768 749 nec
2796 701 2876 748 est
2909 694 3270 759 conveniens,
3315 705 3375 749 ut
3407 695 3509 753 alia
3543 698 3631 752 his
3659 714 3724 754 co
3752 727 3799 751 .-

2209 781 2405 843 traria,
2427 783 2518 850 qui
2544 793 2807 853 prresunt,
2832 783 3063 852 jubeant
3088 784 3162 816 ‘°°
3191 786 3415 855 pepulo;
3450 788 3638 857 eisque
3667 805 3799 844 cono

2211 873 2464 939 cordent,
2488 873 2580 942 qui
2607 888 2813 944 organa
2847 873 2976 928 facti
3008 873 3244 944 Spiritus
3277 876 3486 943 sancti,
3525 892 3632 947 per
3673 879 3796 946 ejus

2207 959 2390 1015 ﬂatum
2419 971 2716 1016 sonuerunt
2745 977 2843 1018 sua
2877 962 3062 1029 verba,
3100 963 3185 1019 vel
3207 964 3405 1035 scripta
3426 1005 3442 1032 ,
3463 981 3541 1022 ne
3570 966 3796 1021 videant-

2209 1060 2300 1106 tur
2329 1053 2628 1109 destructa.
2661 1055 3240 1111 Excommunicatione
3262 1046 3478 1126 quoque
3518 1074 3624 1113 non
3664 1067 3796 1114 sunt

2207 1139 2457 1210 feriendi,
2492 1145 2588 1213 qui
2613 1145 2727 1199 haec
2755 1155 3099 1200 sacramento
3133 1147 3352 1202 tirmare
3378 1148 3445 1178 ⁵⁸³
3476 1149 3791 1212 noluerint,

2207 1249 2331 1288 cum
2373 1236 2437 1289 de
2469 1237 2737 1292 servando
2767 1251 2874 1291 uno
2898 1238 3154 1292 mandato
3195 1238 3329 1293 satis
3376 1237 3597 1293 infirma
3621 1241 3692 1293 sit
3721 1240 3793 1276 ³⁸⁸
3858 1310 3886 1319 Δ

2209 1325 2474 1394 fragilitas
2497 1327 2766 1392 humana,
2818 1330 3014 1382 nedum
3045 1326 3283 1398 perjurio
3327 1328 3380 1383 in
3425 1330 3675 1385 omnibus
3703 1331 3792 1384 his
3857 1315 3878 1354 ³

2206 1416 2466 1486 neglectis
2512 1425 2760 1473 teneatur
2803 1420 3044 1474 astricta.
3089 1418 3318 1485 Quando
3357 1429 3536 1476 autem
3581 1423 3651 1477 ab
3684 1423 3790 1478 hoc

2206 1511 2406 1565 szeculo
2437 1513 2502 1566 ad
2537 1511 2680 1567 aliud
2719 1513 2845 1582 quis
2870 1513 3174 1580 habetire,
3221 1528 3376 1569 mens
3419 1513 3536 1583 ejus
3567 1525 3793 1570 natura-

2204 1600 2330 1658 liter
2357 1603 2562 1659 habens
2583 1605 2828 1659 oblivisci
2856 1613 2910 1659 et
2938 1606 3257 1670 memorari,
3294 1607 3665 1677 magnitudine
3691 1622 3792 1661 seu

2205 1695 2446 1751 novitate
2475 1697 2575 1750 viae
2605 1697 2771 1751 nimis
2796 1706 2950 1751 extra
2983 1713 3042 1752 se
3073 1712 3260 1766 sparsa
3289 1706 3344 1752 et
3371 1706 3653 1767 propterea
3689 1700 3792 1752 ali-

2135 1765 2179 1824 Β
2208 1787 2530 1856 quantulum
2561 1788 2645 1842 sui
2679 1787 2868 1854 oblita,
2897 1765 3602 1858 consolationibus—piorum
3627 1790 3793 1844 debet

2209 1880 2482 1945 revocari,
2520 1888 2578 1934 ut
2604 1880 2870 1949 paeniteat
2899 1880 2964 1935 de
2991 1880 3257 1950 peccatis,
3282 1880 3494 1935 etiamsi
3535 1889 3662 1935 tunc
3697 1897 3792 1937 us-

2205 1985 2314 2040 que
2342 1971 2443 2025 fuit
2477 1970 2775 2038 obdurata;
2807 1987 2874 2026 ue
2906 1972 3111 2037 dicam,
3147 1980 3204 2027 ut
3235 1975 3282 2027 ei
3310 1980 3602 2043 postulanti
3634 1977 3787 2041 haec,

2205 2059 2348 2130 quod
2371 2061 2531 2125 absit,
2559 2060 2858 2131 denegetur
2889 2063 3286 2118 misericordia.
3315 2064 3585 2119 Morteum
3611 2063 3790 2118 etiam

2204 2151 2501 2222 quemlibet
2525 2162 2868 2222 peccatorem
2903 2162 3062 2209 terrae
3097 2157 3346 2222 tradere,
3396 2157 3491 2212 Dei
3522 2156 3659 2212 dixit
3689 2173 3790 2210 au-

2205 2224 2454 2309 ctorit-as,
2483 2258 2552 2299 ex
2578 2261 2686 2315 quo
2713 2257 2970 2316 peccator
3000 2250 3243 2303 omnium
3285 2259 3660 2319 peccatorum,
3690 2265 3788 2304 oc-

2201 2334 2369 2398 cisor,
2406 2335 2640 2390 audivit:
2681 2355 2699 2388 ι
2732 2335 2902 2392 Terra
2928 2352 3010 2403 es,
3038 2349 3094 2393 et
3128 2340 3180 2393 in
3213 2347 3416 2394 terram
3448 2342 3552 2396 ibis
3576 2340 3786 2411 (Ecclc.

2201 2440 2283 2492 ιιι,
2313 2425 2427 2497 20).
2453 2443 2471 2477 ι
2507 2426 2576 2458 ³⁸⁸
2604 2457 2674 2468 —
2704 2427 2781 2483 De
2813 2429 2971 2483 dictis
3004 2431 3204 2484 nostris
3249 2430 3352 2486 hoc
3400 2431 3650 2486 volumus
3691 2445 3784 2486 re-

2199 2522 2407 2583 petere,
2436 2531 2504 2570 ne
2523 2516 2647 2585 quis
2667 2517 2981 2587 inprovidus
3003 2533 3102 2572 nos
3126 2527 3280 2588 putet
3297 2535 3399 2574 non
3430 2520 3563 2574 satis
3591 2529 3787 2590 aperte

2201 2604 2270 2636 ⁸⁸³
2305 2605 2471 2660 verba
2503 2607 2815 2677 evangelica
2840 2609 3140 2678 protulisse
3177 2618 3366 2665 contra
3400 2612 3784 2681 episcoporum

2200 2705 2430 2765 statuta;
2460 2701 2586 2768 quia
2618 2701 2878 2757 Dominus
2908 2701 3153 2772 quaedam
3196 2719 3292 2758 sua
3335 2706 3588 2758 mandata
3617 2704 3784 2773 ,dedit

2199 2792 2767 2866 imperfectispariter
2799 2805 2855 2852 et
2889 2797 3170 2867 perfectis,
3220 2799 3469 2869 quaedam
3494 2801 3778 2871 perfectis.

2198 2885 2352 2952 Quod
2401 2885 2634 2942 sulliciat
2675 2891 2741 2943 ad
2783 2890 3180 2957 testimonium;
3220 2892 3344 2961 quia
3381 2907 3502 2947 cum
3553 2893 3783 2948 dixisset

2191 2978 2377 3046 juveni
2407 2978 2618 3034 cuidam
2649 2999 2666 3032 ι
2701 2980 2953 3036 Mandata
2975 2983 3150 3036 nosti?
3177 3001 3195 3034 ι
3224 2984 3566 3039 subiul‘erens
3587 2998 3602 3037 :
3621 3001 3639 3036 ι
3660 2985 3780 3039 Non

509 3073 832 3137 redditione,
856 3072 930 3126 ita
953 3069 1099 3126 siluit
1121 3069 1187 3124 de
1207 3083 1391 3122 earum
1411 3066 1731 3137 repetitione
1750 3080 1847 3136 pro
1864 3065 2092 3120 inevita-
2118 3107 2162 3169 Ο
2196 3069 2432 3137 occides,
2471 3089 2489 3122 ι
2523 3080 2812 3141 ceteraque
2844 3061 3183 3142 hujusmodi,
3233 3073 3428 3144 illeque
3468 3076 3780 3145 respondiso

508 3164 602 3220 bili
643 3163 987 3220 necessitate.
1027 3161 1100 3216 At
1142 3161 1230 3214 ubi
1261 3158 1437 3214 dixit:
1476 3176 1494 3210 ι
1530 3157 1608 3212 Νε
1640 3167 1876 3228 repetas,
1909 3177 1926 3210 ›
1962 3172 2090 3228 per-

509 3257 660 3313 misit
687 3255 979 3326 perfectis,
1028 3253 1169 3324 quod
1203 3251 1480 3306 habebant
1526 3252 1579 3305 in
1618 3262 1772 3315 voto,
1809 3265 1910 3318 pro
1946 3265 2092 3306 rese-

510 3346 681 3403 canda
717 3343 1043 3415 cupiditate;
1083 3357 1186 3396 non
1207 3341 1509 3411 imperavit,
1535 3348 1593 3394 ut
1623 3339 1754 3404 dixi,
1775 3354 1872 3409 pro
1903 3353 2090 3394 neces-

512 3443 694 3499 sitate.
728 3439 915 3509 itaque
948 3437 1057 3492 illic
1105 3451 1211 3492 non
1263 3436 1540 3506 prohibuit
1597 3443 1863 3504 repetere,
1911 3443 1965 3489 et
2000 3434 2090 3489 hic

510 3529 776 3588 concessit
800 3544 918 3582 non
953 3534 1219 3597 repetere.
1266 3525 1393 3580 lude
1438 3540 1593 3595 reges
1624 3539 1720 3594 per
1741 3531 1960 3579 sanctos
1987 3538 2086 3593 pa-

455 3635 480 3667 ‘~
507 3634 624 3677 tres
651 3621 852 3685 edocti,
881 3627 1194 3674 statuerunt
1225 3617 1411 3671 ﬁrmas
1439 3617 1603 3686 leges,
1637 3625 1694 3671 ut
1725 3630 1813 3669 res
1849 3629 1976 3669 suas
2003 3615 2088 3669 in-

501 3713 650 3783 juste
691 3709 930 3766 sublatas
959 3706 1202 3762 mcclesia
1235 3705 1320 3759 vel
1345 3706 1572 3774 quilibet
1601 3704 1748 3772 juste
1779 3711 2082 3774 repeteret;

511 3817 650 3872 quas
676 3799 923 3870 legaiiter
953 3804 1238 3866 cogeretur
1260 3795 1350 3863 qui
1376 3801 1652 3865 rapuerat,
1684 3793 1971 3848 restituere
1991 3792 2082 3845 ¹⁷⁵.

509 3889 715 3945 Similis
744 3896 852 3943 stat
880 3885 1147 3941 sententia
1182 3885 1322 3938 inter
1349 3897 1725 3954 percussorem
1757 3881 1991 3937 hominis
2029 3889 2085 3938 et

510 3979 746 4034 ultorem
773 3974 1029 4046 proximi.
1068 3974 1362 4028 Percussor
1389 3973 1533 4027 enim
1555 3970 1717 4027 debet
1741 3970 1972 4025 ultorem
1995 3985 2084 4025 sa-

505 4069 814 4125 tisfactione
843 4067 1060 4133 placare
1083 4072 1139 4118 et
1171 4064 1485 4119 muneribus
1505 4104 1519 4128 ,
1553 4079 1712 4133 quem
1749 4063 1888 4118 lmsit
1919 4073 1973 4118 et
2001 4061 2080 4119 of-

504 4160 676 4215 fendit
703 4158 994 4214 subtractis
1045 4155 1206 4210 amici
1235 4155 1434 4209 mortui
1465 4155 1947 4210 consolationibus.
1980 4152 2083 4208 Ne-

504 4267 610 4322 que
648 4249 768 4319 cogi
808 4247 968 4303 debet
998 4247 1206 4315 absque
1239 4245 1549 4316 placatione
1574 4245 1640 4299 ad
1668 4245 2076 4314 ignoscendum,

503 4343 591 4396 cui
622 4340 886 4396 Dominus
917 4337 1067 4392 misit
1096 4337 1164 4391 ab
1189 4336 1346 4390 altari
1378 4334 1841 4391 reconciliatorem
1867 4336 1942 4366 ¹⁷⁶
1964 4349 2080 4389 mu-

2193 3167 2313 3214 set:
2350 3177 2368 3210 ι
2397 3158 2522 3213 Haec
2554 3160 2736 3214 omnia
2765 3161 3034 3215 custodivi
3061 3176 3090 3215 a
3119 3161 3408 3230 juventute
3433 3179 3574 3228 mea,
3599 3183 3618 3216 ι
3651 3165 3774 3219 ait:

2199 3270 2216 3304 ι
2263 3250 2320 3306 Si
2359 3251 2440 3306 vis
2469 3251 2743 3322 perfectus
2772 3267 2916 3320 esse,
2946 3255 3120 3310 vende
3141 3270 3258 3324 quae
3284 3257 3448 3310 habes
3464 3266 3519 3311 et
3546 3257 3611 3310 da
3636 3272 3775 3326 pau-

2191 3345 2414 3415 peribus
2440 3343 2591 3417 (Luc.
2621 3360 2777 3412 xvm,
2809 3345 2902 3412 20,
2941 3346 3052 3417 92).
3093 3366 3110 3398 ι
3156 3347 3276 3402 Alio
3315 3363 3528 3420 quoque
3563 3351 3613 3403 in
3653 3351 3777 3404 loco

2192 3437 2259 3490 de
2285 3435 2546 3490 eunuchis
2574 3435 2886 3506 disputans,
2919 3455 2937 3488 ι
2974 3439 3076 3504 Qui
3111 3449 3309 3509 potest,
3341 3457 3356 3491 ι
3392 3440 3595 3510 inquit,
3635 3459 3654 3492 ι
3682 3454 3777 3498 ca-

2189 3541 2338 3594 pere,
2373 3526 2582 3596 capiat;
2631 3543 2739 3584 non
2767 3529 2911 3584 enim
2941 3543 3132 3586 omnes
3165 3531 3385 3601 capiunt
3411 3531 3625 3602 (Matth.
3653 3543 3773 3597 tux,

2191 3616 2300 3686 ιε).
2341 3636 2358 3668 ι
2400 3615 2510 3672 Nec
2533 3632 2631 3672 nos
2655 3617 2809 3689 fugit,
2843 3633 3003 3690 posse
3031 3620 3210 3675 dicere
3233 3635 3556 3692 quemquam
3575 3663 3590 3688 ,
3618 3625 3767 3693 quod

2188 3719 2411 3776 regnum
2451 3706 2690 3762 celerum
2725 3723 2830 3762 non
2865 3709 3169 3781 ingreditur
3195 3711 3296 3767 nisi
3325 3713 3596 3782 perfectus
3617 3715 3774 3782 quis-

2188 3811 2370 3866 quam.
2403 3798 2499 3853 Cui
2545 3815 2642 3855 nos
2693 3799 2864 3871 digito
2911 3801 3338 3870 insinuamusn
3369 3806 3494 3875 quia
3539 3806 3694 3862 stella
3738 3823 3770 3861 a

2187 3888 2344 3944 stella
2383 3888 2562 3945 diﬂert
2608 3892 2660 3945 in
2705 3891 2950 3948 claritate
2997 3894 3046 3965 (Ι
3076 3893 3200 3952 Cor.
3229 3912 3320 3963 xv,
3347 3897 3471 3967 41),
3505 3907 3561 3954 ει
3602 3900 3770 3955 verba

2189 3978 2402 4036 Domini
2440 3980 2809 4050 replicamus:
2858 4003 2875 4034 ι
2910 3984 2968 4039 In
2991 3984 3151 4040 domo
3182 3987 3353 4056 patris
3389 3988 3492 4043 mei
3524 3989 3770 4043 mansio-

2186 4087 2283 4128 nes
2301 4071 2484 4126 multae
2510 4082 2636 4126 sunt
2659 4073 2840 4142 (Joan.
2868 4090 2982 4142 xiv,
3005 4074 3369 4147 2).tQuarum
3393 4086 3456 4132 ut
3485 4078 3555 4132 ita
3584 4077 3765 4133 dicam

2185 4164 2483 4218 secundum
2512 4177 2611 4217 nos
2649 4164 2991 4234 inaequalitas
3019 4168 3233 4222 nonnisi
3274 4169 3338 4221 ad
3369 4169 3485 4239 ejus
3511 4170 3767 4238 omnip:--

2185 4261 2387 4306 tentem
2411 4251 2556 4306 facta
2585 4261 2670 4307 est
2696 4255 3048 4311 voluntatem.
3071 4257 3277 4324 Quibus
3306 4269 3362 4312 ut
3383 4274 3484 4312 una
3513 4269 3764 4314 srrvc-tur

2182 4341 2494 4411 :cqualitate
2522 4345 2832 4412 quantitas,
2863 4347 3190 4402 invioiabilis
3223 4349 3347 4403 data
3381 4360 3466 4404 est
3497 4350 3563 4403 ad
3593 4351 3762 4404 atur-

500 4448 604 4489 nus
632 4428 1146 4503 oll'ereutem(Mau.
1172 4445 1226 4494 v,
1252 4427 1467 4498 25,24),
1491 4443 1650 4496 quem
1675 4426 1880 4481 utinam
1903 4428 2082 4482 minus
2107 4445 2158 4503 ο
2189 4442 2368 4487 utrum
2400 4433 2628 4497 karitas,
2661 4439 2804 4505 quod
2847 4447 2930 4491 est
2960 4438 3012 4492 in
3059 4439 3304 4509 singulis,
3347 4440 3764 4494 communicatis

499 4524 822 4597 perfectum,
853 4523 968 4577 hznc
994 4536 1023 4574 a
1056 4520 1353 4591 pcenitcute
1395 4519 1574 4574 oblata
1605 4518 1785 4572 trahat
1813 4518 1880 4549 ³⁷⁷
1917 4518 2074 4573 beni-

500 4616 759 4673 volentia.
786 4615 1058 4683 chunium
1091 4613 1142 4667 in
1185 4621 1334 4668 sexta
1364 4611 1445 4668 vel
1477 4621 1533 4665 et
1561 4611 1791 4682 septima
1818 4609 1952 4666 feria
1981 4626 2073 4682 ge-

503 4707 763 4765 neralitrr
803 4722 908 4761 non
951 4715 1036 4761 est
1071 4705 1321 4760 omnibus
1351 4703 1712 4772 inponendum
1741 4703 1834 4769 ’7',
1879 4703 2076 4772 quibus

503 4818 604 4856 nec
629 4815 733 4854 una
761 4808 844 4854 est
865 4797 1071 4852 sanitas
1099 4795 1341 4866 corporis
1367 4808 1466 4849 nec
1490 4793 1774 4863 aequaliter
1803 4795 2077 4851 remordet

499 4893 772 4949 accusatio
814 4889 1056 4961 peccati;
1103 4890 1196 4944 sed
1241 4903 1340 4943 nec
1388 4883 1661 4941 suliiciens
1700 4894 1785 4939 est
1825 4885 2077 4940 omnibus

2183 4522 2456 4588 omnibus,
2486 4539 2608 4578 cum
2635 4527 2891 4596 quicquid
2915 4527 3118 4583 factum
3150 4538 3234 4583 est
3259 4530 3353 4596 ³⁸⁵,
3383 4531 3657 4586 sulliciens
3688 4533 3762 4585 sit

2184 4613 2249 4666 ad
2295 4615 2472 4667 omnia
2503 4629 2600 4683 per
2637 4616 2738 4670 hoc
2768 4619 2909 4685 quod
2939 4619 3102 4674 habet
3127 4620 3179 4674 in
3209 4622 3427 4690 propria
3453 4631 3664 4676 natura.
3694 4623 3763 4677 Et

2184 4704 2249 4758 de
2279 4694 2446 4757 ‘nobis
2487 4705 2716 4760 dicimus
2761 4707 2997 4775 similia,
3029 4714 3267 4779 ‘quorum
3316 4711 3758 4782 inperfectiunem

2182 4793 2417 4862 supplet,
2465 4795 2550 4848 cui
2582 4796 2712 4850 dicit
2742 4799 3044 4868 pmpheta:
3078 4820 3094 4851 ‹
3128 4800 3317 4857 Melior
3345 4813 3428 4858 est
3450 4804 3761 4859 miscricoro

2181 4889 2269 4944 dia
2300 4898 2387 4942 tua
2419 4903 2582 4960 super
2621 4893 2761 4948 vitas
2801 4893 2971 4962 (Psal.
2995 4912 3130 4963 un,
3163 4897 3240 4968 4).
3272 4916 3292 4950 ι
3337 4897 3442 4953 Per
3468 4915 3629 4969 quam
3665 4899 3755 4966 lit,

1793 5020 2017 5076 VARle
2055 5020 2456 5078 LECTlONES.

569 5139 638 5169 ’τ’
675 5137 752 5191 ira
775 5136 855 5189 2‘.
930 5136 1000 5174 ’⁷³
1025 5135 1190 5188 Deum
1221 5133 1299 5186 2⁵.

1375 5133 1444 5165 ’⁷⁸
1467 5135 1604 5187 deest
1643 5134 1721 5187 2⁸.
1779 5124 1867 5164 ⁸⁷⁵
1917 5133 2320 5188 restitucionem
2370 5135 2449 5188 εκ

2526 5137 2597 5167 ’⁷⁸
2637 5141 3138 5197 reconciliationem
3165 5142 3242 5197 2'.
3319 5145 3390 5175 ⁸⁷⁷
3426 5145 3638 5200 tutabat
3669 5149 3748 5202 2‘.

499 5207 568 5240 ’⁷³
594 5207 975 5276 ignoscendum
1152 5203 1221 5233 ’⁷⁸
1243 5205 1315 5282 ita
1341 5203 1660 5282 ﬁt‘.guidem
1683 5202 1827 5257 Colu.
1851 5273 1883 5282 υ
1906 5203 1974 5234 ²⁸⁰
2005 5205 2074 5255 ita
2104 5203 2246 5282 (Iole.
2271 5205 2512 5282 ἀείρει-2⁸.
2540 5208 2962 5282 “ﬂgpntirmare
2990 5211 3066 5266 ει,
3145 5214 3214 5244 se:
3243 5215 3382 5268 de“,
3411 5215 3486 5269 2-.
3564 5217 3632 5248 m
3651 5218 3751 5270 εί,
