4026 5370
265 226 364 283 175

1569 223 1771 279 LIBER
1809 219 2124 278 TERTIUS.

3416 224 3514 284 171

263 347 321 394 ιιι
347 334 494 407 quod
516 333 799 390 habebunt
820 320 1017 406 singuli
1053 334 1108 389 in
1139 332 1340 390 caelesti
1369 333 1478 389 vita
1497 374 1513 401 ,
1561 333 1834 390 sulliciens
1861 338 1908 398 Α
1937 338 1996 386 ιιι
2022 331 2089 386 ad
2119 340 2302 386 votum
2333 333 2398 387 de
2445 347 2610 402 regno
2643 340 2848 404 ageret.
2879 341 2932 388 et
2960 348 3112 388 arma
3143 334 3379 392 ferentes
3415 339 3519 393 im-

267 430 334 487 sit
371 427 542 498 gloria
571 467 588 492 ,
651 428 1164 498 participabuntque
1230 437 1552 485 cunctorum
1603 427 1788 484 lzetitia
1815 468 1831 495 ,

262 519 505 574 inritatis
538 517 877 586 perfectione
907 517 1068 588 pleni.
1100 526 1160 573 ut
1189 519 1575 595 litqaequalitas.
1607 536 1627 569 ο

325 609 410 664 53.
443 609 626 664 Causa
657 617 779 679 post
809 610 925 665 haec
955 608 1084 674 fuit,
1117 625 1224 678 qua
1253 609 1494 664 Duacum
1519 609 1698 680 petiit.
1731 609 1834 665 Ubi

260 709 555 757 conventus
575 700 761 771 populi
790 702 1012 756 vocibus
1053 701 1119 756 de
1159 702 1446 756 statuenda
1489 717 1622 772 pace
1663 700 1831 768 falsa,

261 791 535 860 respondit
564 806 668 861 pro
713 800 990 862 tempore,
1033 792 1176 860 quod
1205 802 1522 862 perceperat
1553 793 1620 848 ab
1645 808 1710 847 eo
1739 793 1833 864 qni

259 893 336 938 est
358 883 500 937 idem
535 883 656 938 heri
687 892 742 939 et
764 883 925 940 hodie
953 883 1141 954 (Hebr.
1181 901 1281 940 χιιι
1302 926 1316 950 ,
1351 885 1428 955 8),
1454 900 1554 940 nec
1577 885 1833 940 immuta-

260 981 338 1028 tur
361 974 606 1028 crastino
643 981 910 1044 tempore.
938 973 1296 1046 Suggesserat
1322 975 1376 1030 in
1401 990 1560 1032 aures
1588 977 1830 1032 omnium

257 1049 549 1128 Walterus,
577 1063 674 1131 qui
701 1072 858 1118 erant
885 1061 1016 1118 foris
1053 1072 1108 1118 et
1143 1063 1323 1130 intus,
1370 1065 1680 1135 episcopum
1712 1067 1831 1135 paci

257 1152 385 1207 nolle
423 1152 822 1222 adquiescere;
870 1167 977 1208 non
1024 1153 1152 1222 quia
1193 1163 1313 1209 erat
1342 1153 1485 1209 ﬁlius
1512 1156 1693 1226 pacis,
1737 1158 1833 1212 sed

256 1245 369 1314 quia
414 1242 651 1298 liberius
683 1243 964 1312 quaerebat
1007 1244 1227 1300 studere
1274 1243 1488 1299 artibus
1528 1261 1639 1301 sua:
1679 1247 1834 1301 mali-

257 1336 487 1405 gnitatis.
529 1335 843 1406 Collegerat
889 1337 993 1390 duo
1039 1338 1292 1408 superius
1321 1338 1464 1392 dicta
1495 1337 1565 1410 (c.
1598 1337 1690 1411 52)
1717 1357 1729 1391 :
1762 1353 1832 1394 ne

253 1429 369 1497 quis
397 1443 553 1482 arma
583 1427 776 1490 ferret,
811 1442 911 1483 nec
958 1428 1170 1499 direpta
1209 1437 1514 1498 repeteret,
1558 1430 1833 1485 studebat-

253 1536 368 1589 que,
397 1530 456 1573 ιιι
481 1519 767 1589 ρτειθιὶιίθ
796 1519 920 1573 vita:
963 1520 1168 1590 rapinis
1215 1530 1270 1574 et
1318 1522 1586 1587 caulibus,
1635 1521 1832 1592 quibus

252 1617 424 1678 pastus
450 1609 652 1673 fuerat,
679 1601 951 1664 silentium
980 1611 1220 1675 daretur,
1236 1618 1289 1665 et
1315 1627 1381 1665 ex
1403 1620 1533 1666 tunc
1559 1611 1826 1677 licentius,

1937 429 2219 491 pugnaret.
2271 419 2516 491 Cumque
2555 422 2685 476 inibi
2731 424 2972 492 degeret,
3003 424 3265 493 quosdam
3311 419 3522 500 Longo-

1936 511 2231 566 bardorum
2263 513 2546 583 episcopos
2573 515 2819 584 partibus
2846 515 3048 572 Odonis
3086 517 3233 589 (405)
3277 520 3523 578 faventes

1936 602 2249 685 inreverens
2303 604 2480 660 factus
2530 606 2582 660 in
2628 607 2842 662 vincula
2893 608 3126 676 conjecit
3171 611 3284 680 (an.
3334 613 3519 685 l037).

1933 677 2414 751 Mediolanensium
2443 705 2624 753 autem
2655 699 3094 770 archiepiscopus
3119 677 3297 772 (4οη,
3336 719 3395 759 re
3421 677 3521 775 pro

1934 784 2041 840 alia
2077 787 2194 856 pari
2237 789 2394 844 modo
2431 800 2644 860 captus,
2676 783 2802 860 fuga
2845 791 2947 846 sibi
2995 789 3284 850 consuluit.
3317 795 3521 852 Contra

1933 892 2094 946 quem
2127 890 2498 949 exasperatus,
2531 883 2648 936 loca
2677 898 2796 952 qum
2823 875 2931 938 late
2953 888 3229 954 patebant,
3267 889 3520 945 incendio

1933 957 2137 1036 absque
2176 969 2395 1024 homine
2432 970 2556 1025 fecit
2595 972 2829 1044 (Μαι-1.).
2860 963 2998 1030 Nam
3049 976 3100 1031 id
3149 981 3360 1036 consilii
3397 997 3518 1038 cum

1935 1056 2306 1128 Longobardis
2337 1053 2621 1129 habuerat,
2653 1064 2744 1132 qui
2771 1065 2823 1118 in
2851 1081 3138 1124 commune
3161 1065 3520 1128 decreverant

1927 1146 2244 1216 juramento
2293 1161 2540 1220 potentes
2583 1169 2708 1208 cum
2745 1151 2965 1220 inlimis,
3013 1159 3158 1214 nulla
3208 1161 3416 1216 ratione
3460 1170 3520 1216 se

1935 1257 2192 1311 passuros
2219 1245 2516 1314 quemlibet
2548 1247 2846 1314 dominum,
2875 1248 2966 1317 qui
3007 1245 3151 1305 aliud
3189 1266 3351 1319 quam
3403 1249 3516 1308 vcl-

1933 1329 2084 1395 lent,
2134 1342 2322 1387 contra
2369 1349 2464 1390 eos
2510 1343 2714 1405 ageret.
2775 1335 3098 1408 Supervenit
3139 1342 3352 1396 tandem
3401 1338 3518 1399 dies

1933 1429 2276 1489 pentecostes
2306 1410 2462 1494 (Mai.
2489 1425 2602 1496 29),
2621 1441 2739 1495 qua:
2765 1428 3037 1496 poscebat,
3060 1429 3198 1484 inter
3229 1433 3518 1487 missarum

1935 1507 2255 1583 sollempnia
2285 1530 2382 1584 pro
2409 1517 2802 1572 consuetudine
2841 1521 3088 1574 coronari
3119 1536 3318 1590 regem.
3352 1519 3518 1595 Igitur

1935 1604 2185 1671 qumsita,
2225 1604 2370 1659 nulla
2409 1616 2621 1677 reperta
2667 1616 2751 1663 est
2794 1609 3060 1675 aecclesia,
3108 1624 3305 1681 praeter
3353 1629 3514 1668 unam

256 1699 395 1755 nullo
432 1700 644 1755 ferente
676 1715 854 1767 arma,
896 1703 1130 1756 assuetis
1172 1701 1330 1756 malis
1355 1701 1645 1757 frueretur.
1675 1702 1828 1770 Quod
1863 1692 1904 1750 Β
1933 1691 2210 1760 Parvum“
2241 1707 2402 1749 secus
2457 1696 2630 1766 ipsam
2659 1696 2957 1753 οίνίίθιειηδ
2992 1697 3058 1752 El
3088 1714 3220 1754 ecce
3278 1716 3308 1754 τι
3357 1717 3516 1756 mane

256 1788 544 1855 praeSciens
568 1789 882 1860 episcopus,
910 1789 1098 1845 sedato
1118 1789 1316 1860 populo
1337 1789 1664 1846 calliditates
1685 1791 1829 1846 illius

253 1880 511 1949 exposuit,
542 1889 717 1949 utque
760 1879 882 1950 paci
927 1895 1036 1934 non
1082 1889 1228 1935 esset
1259 1880 1600 1946 contrarius,
1647 1881 1828 1936 debita

254 1984 342 2025 sua
373 1970 700 2041 multiplicia
733 1969 809 2025 illi
850 1970 1106 2035 indulsit,
1138 1979 1349 2023 tantum
1383 1978 1440 2023 ut
1469 1970 1523 2024 in
1554 1965 1826 2040 reliquum

256 2060 467 2130 populus
503 2062 577 2116 de
625 2076 693 2117 eo
731 2075 921 2132 pacem
967 2061 1019 2115 in
1066 2060 1296 2114 veritate
1340 2067 1622 2130 quaerere,
1666 2059 1826 2115 etiam

255 2167 366 2207 eum
395 2153 637 2224 dampno
659 2194 676 2220 ,
727 2155 772 2210 si
807 2163 903 2224 per
933 2154 1035 2209 hoc
1063 2162 1246 2224 posset
1273 2153 1409 2216 ﬁeri,
1439 2153 1670 2222 propriae
1697 2155 1797 2207 sub

261 2245 478 2307 stantia,
501 2245 602 2314 qui
629 2243 731 2310 illi,
763 2256 822 2299 ut
848 2239 1049 2299 dictum
1080 2254 1160 2298 est
1180 2284 1193 2309 ,
1220 2258 1318 2314 pro
1348 2237 1417 2276 ³⁸⁸
1447 2244 1547 2298 hoc
1579 2243 1824 2298 universa

256 2329 590 2392 relaxaverat
610 2334 816 2391 debita.

316 2421 398 2479 54.
438 2422 534 2480 llis
569 2425 645 2480 ita
672 2427 862 2496 gestis,
889 2423 1182 2479 Balduiuus
1223 2432 1349 2480 tunc
1384 2423 1640 2494 temporis
1668 2418 1828 2477 Flau-

255 2501 512 2573 drensium
542 2527 732 2574 cbmes
761 2516 967 2573 hortari
991 2517 1156 2586 coepit
1183 2518 1519 2586 episcopum,
1545 2526 1604 2570 ut
1629 2516 1826 2587 populo

257 2598 424 2663 favens
451 2651 466 2675 ,
501 2624 700 2680 pacem
744 2618 1087 2665 sacramento
1127 2608 1344 2663 firmare
1373 2608 1606 2679 juberet.
1639 2607 1730 2664 Ille
1761 2621 1828 2664 ne

258 2709 369 2756 tunc
395 2702 617 2772 quidem
647 2717 679 2756 a
715 2717 876 2756 sensu
922 2702 1061 2756 bono
1091 2700 1370 2762 deficiens.
1402 2715 1505 2754 non
1530 2700 1633 2754 alia
1667 2717 1826 2770 quam

255 2795 362 2858 Quae
397 2785 483 2845 lex
513 2800 570 2846 et
601 2791 942 2862 evangelium
986 2790 1293 2856 adnuntiat,
1317 2789 1509 2859 jubere
1552 2791 1828 2860 professus

253 2892 346 2936 est.
380 2883 622 2938 Tandem
654 2883 812 2938 taedio
849 2883 1057 2950 victus,
1095 2883 1238 2938 inter
1277 2880 1519 2939 confines
1546 2881 1826 2940 Cameraci

257 2983 303 3027 et
348 2975 592 3034 Atrebati
655 2969 840 3030 multis
893 2984 1204 3032 sanctorum
1249 2977 1567 3046 corporibus
1615 2977 1823 3043 delatis,

255 3081 364 3121 cum
395 3070 632 3123 maxima
659 3071 818 3122 turba
850 3069 917 3122 ad
946 3060 1124 3124 locum
1151 3069 1490 3139 designatmn
1523 3069 1689 3123 venit.
1720 3059 1827 3125 Sed

256 3171 316 3213 ne
344 3159 428 3215 hic
468 3161 692 3230 quidem
738 3160 1036 3216 leriabatur
1069 3161 1137 3193 ³⁸⁷
1170 3160 1477 3228 Walterus,
1526 3170 1671 3216 nunc
1713 3161 1826 3217 circ

255 3252 535 3318 cumcirca,
566 3268 713 3307 nunc
743 3248 891 3306 foras
939 3261 993 3306 et
1040 3252 1180 3306 intra
1208 3251 1492 3308 ambulans
1537 3261 1592 3307 et
1640 3252 1831 3306 mussi-

257 3347 383 3406 tans,
413 3343 558 3398 hunc
585 3358 897 3414 repugnare
941 3343 1084 3412 paci,
1136 3345 1188 3398 in
1226 3352 1431 3398 tantum
1469 3353 1528 3398 ut
1570 3341 1826 3413 populum

253 3443 610 3490 commoveret
640 3450 810 3505 prope
837 3433 904 3488 ad
935 3433 1268 3489 inferendam
1299 3434 1428 3488 vim.
1461 3432 1562 3500 Qui
1606 3433 1829 3487 minime

255 3515 465 3591 fractus,
504 3526 654 3581 hunc
699 3521 916 3596 publice
952 3523 1041 3579 tali
1082 3525 1241 3580 modo
1266 3537 1364 3595 pro
1391 3521 1720 3580 confutanda
1758 3519 1827 3556 "'

255 3613 359 3680 ejus
394 3617 604 3672 malitia
655 3617 923 3672 allocutus
973 3624 1077 3680 est,
1128 3616 1314 3671 dicens
1345 3635 1357 3668 :
1393 3636 1410 3667 ‹
1446 3612 1665 3671 Pictura
1699 3615 1820 3669 insi-

257 3707 376 3759 nuat
426 3698 722 3778 imaginem
769 3704 969 3763 diaboli
1014 3702 1081 3761 ad
1129 3715 1314 3760 atirem
1370 3715 1516 3761 stare
1566 3704 1824 3772 Simonis,

255 3803 621 3864 suggerentem
658 3789 941 3866 quae'voce
988 3793 1255 3866 proferret
1302 3795 1564 3850 adversus
1607 3794 1824 3849 Petrum

254 3883 544 3952 apostolum
579 3888 939 3941 contendens.
977 3880 1086 3940 Nec
1130 3895 1215 3940 tua
1257 3895 1308 3941 te
1344 3886 1510 3941 refert
1539 3887 1701 3952 actio,
1733 3887 1824 3956 qui

254 3972 312 4025 ad
339 3973 536 4029 malum
561 3975 630 4029 ad
653 3976 795 4045 quod
825 3991 930 4030 non
962 3975 1181 4042 sulIicis,
1207 3990 1516 4031 commoves
1538 3985 1769 4031 ceteros.
1801 3995 1818 4028 ι

254 4055 504 4134 Deinceps
524 4064 599 4097 m
629 4066 887 4136 populoin
919 4063 986 4120 ad
1023 4067 1349 4121 audiendum
1372 4060 1546 4132 sedat,
1576 4075 1629 4123 et
1661 4083 1824 4137 quam

256 4148 382 4205 inter
408 4168 466 4209 se
495 4168 688 4224 pacem
718 4165 1048 4225 quaererent,
1087 4155 1178 4225 qui
1207 4157 1663 4212 commanducare
1700 4171 1825 4212 eum

255 4241 492 4299 volebant
511 4285 527 4308 ,
568 4247 778 4302 edocet.
810 4247 1087 4318 Factoque
1112 4247 1280 4303 verbo
1309 4248 1376 4304 de
1404 4248 1578 4305 salute
1605 4249 1823 4317 animae,

256 4343 362 4398 qum
390 4335 811 4392 christianitatis
841 4336 929 4392 lex
971 4335 1126 4403 jubet
1174 4352 1272 4394 sua
1308 4347 1500 4408 sponte
1534 4353 1596 4394 se
1642 4353 1823 4393 serva-

259 4435 308 4474 re
332 4423 495 4494 (ιω),
529 4427 852 4496 promittere
897 4437 1109 4494 monet;
1160 4437 1217 4483 et
1256 4443 1379 4483 cum
1423 4429 1722 4491 deviarent,
1755 4428 1822 4482 ad

257 4513 617 4578 paenitentiam
664 4517 924 4572 redirent.
973 4515 1196 4574 Alacres
1239 4516 1424 4589 itaque
1474 4518 1627 4584 facti,
1679 4519 1823 4576 dicta

258 4599 362 4668 ejus
381 4618 477 4672 pro
497 4619 630 4661 vero
656 4613 922 4671 tenentes,
951 4608 1235 4662 unanimes
1263 4608 1648 4677 promiserunt,
1676 4615 1732 4662 et
1756 4609 1822 4663 ad

260 4694 460 4761 propria
486 4709 609 4750 cum
641 4712 776 4767 pace
803 4697 1101 4752 redierunt.

320 4778 400 4834 55.
439 4783 650 4840 Italiam
676 4785 958 4842 Conradus
1003 4787 1300 4859 imperator
1329 4786 1462 4843 adiit
1494 4789 1603 4859 (an.
1638 4788 1820 4861 1056),

1929 1791 2213 1850 cmperunt
2264 1781 2439 1838 audiri
2495 1786 2751 1852 tonitrua,
2803 1803 3092 1844 coruscare
3135 1786 3346 1861 fulgura
3403 1801 3515 1848 tam

1929 1871 2134 1940 gravia,
2174 1882 2231 1928 ut
2261 1869 2442 1942 plures
2469 1874 2522 1930 in
2555 1877 2806 1934 domibus
2832 1891 3012 1936 mente
3037 1883 3379 1949 excederent,
3409 1885 3507 1940 ali-

1930 1963 2117 2031 quanti
2164 1964 2484 2020 ex‘halarent
2533 1967 2676 2023 inter
2711 1969 3000 2025 missarum
3045 1970 3219 2028 ofﬁcia
3246 1968 3336 2039 ω,
3372 1975 3515 2030 sicut

1930 2051 2111 2108 Bruno
2136 2055 2421 2126 episcopus
2450 2057 2621 2130 (405),
2651 2059 2742 2128 qui
2770 2060 2991 2116 missam
3019 2062 3238 2130 cecinit,
3281 2067 3514 2120 testatus

1929 2155 2032 2198 est.
2066 2144 2337 2202 Bertulfus
2365 2149 2529 2203 etiam
2561 2151 2780 2220 quidam
2827 2151 3155 2209 secretarius
3194 2155 3336 2228 regis
3381 2173 3511 2211 san-

1930 2243 2079 2289 ctum
2117 2253 2174 2292 se
2206 2239 2404 2294 vidisse
2435 2242 2568 2296 dixit
2600 2243 2981 2312 Ambrosium,
3013 2259 3112 2316 pro
3143 2247 3228 2302 his
3265 2265 3385 2318 qua:
3418 2265 3513 2305 rex

1928 2325 2072 2397 male
2123 2329 2382 2396 gerebat,
2437 2331 2803 2404 indignatione
2861 2347 3213 2393 commotum.
3245 2335 3374 2396 Post
3399 2340 3514 2402 haec

1931 2417 2265 2494 relictoohoc
2311 2425 2528 2493 negotio
2585 2425 2904 2494 inperfecto,
2962 2431 3070 2486 iter
3119 2434 3386 2488 convertit
3433 2435 3514 2488 cis

1927 2507 2089 2578 Alpes
2139 2509 2251 2580 (an.
2298 2511 2459 2579 1038,
2489 2514 2670 2585 Aug.),
2721 2533 2821 2571 nec
2870 2519 3038 2574 multo
3083 2531 3204 2590 post
3252 2519 3508 2592 languore

1930 2597 2154 2656 alllictus
2208 2611 2291 2682 est
2315 2603 2414 2670 ”';
2467 2613 2520 2658 et
2566 2607 2673 2660 vita
2726 2597 2866 2678 apud
2906 2607 3216 2681 Trajectum
3267 2609 3528 2683 privatus

1932 2690 2046 2758 (an.
2077 2690 2233 2759 l059,
2261 2680 2390 2748 Jun.
2420 2695 2499 2766 4),
2530 2695 2818 2752 Henricum
2842 2680 3026 2775 lilium
3065 2718 3220 2757 suum
3259 2680 3409 2775 regni
3459 2715 3515 2760 et

1928 2779 2129 2836 laboris
2155 2784 2359 2839 dimisit
2388 2787 2665 2843 heredem.
2707 2789 2786 2844 Ad
2815 2774 2977 2860 quem
3016 2774 3342 2864 saepedicms
3374 2813 3509 2866 pon-

1931 2868 2058 2923 tifex
2100 2871 2236 2938 iens,
2272 2875 2520 2930 manibus
2560 2893 2618 2932 se
2657 2878 2798 2935 illius
2845 2882 3146 2948 commisit,
3196 2886 3514 2958 pariterque

1929 2960 2032 3015 dux
2075 2961 2347 3031 Gotbildo,
2377 2969 2467 3036 qui
2513 2969 2903 3038 aliquantulum
2932 2972 3201 3044 denegare
3235 2977 3514 3046 disposue-

1937 3059 2039 3104 rat.
2071 3051 2237 3121 Cujus
2263 3055 2495 3111 Conradi
2530 3070 2757 3114 mortem
2783 3062 2897 3116 Inec
2924 3076 3307 3131 precesserunt
3326 3069 3510 3139 'Signa.

1930 3140 2087 3198 Anno
2125 3154 2252 3200 ante
2291 3155 2585 3216 transacto,
2637 3167 2821 3207 mense
2867 3153 3058 3223 Aprili,
3103 3155 3224 3210 data
3269 3155 3320 3212 8.
3366 3159 3512 3225 ldus,

1930 3235 2043 3289 visa
2082 3247 2165 3291 cst
2196 3239 2248 3292 in
2281 3238 2400 3293 celo
2440 3242 2582 3295 inter
2625 3243 2942 3299 orientalem
2975 3256 3030 3301 et
3061 3249 3353 3304 australem
3399 3252 3514 3322 pla-

1929 3338 2051 3392 gum
2080 3329 2235 3396 quasi
2278 3330 2433 3400 ignea
2468 3334 2650 3388 trabes
2689 3351 2895 3406 magnae
2931 3335 3350 3407 magnitudinis,
3394 3354 3513 3413 qua:

1929 3429 2155 3472 currens
2201 3430 2364 3490 super
2409 3424 2575 3477 solem
2615 3424 2728 3493 jam
2771 3428 2838 3482 ad
2885 3443 3138 3484 occasum
3180 3445 3510 3502 vergentem,

1930 3511 2044 3564 visa
2093 3521 2177 3565 est
2216 3514 2266 3565 in
2303 3526 2503 3569 terram
2553 3521 2766 3572 cadere.
2806 3517 2970 3590 Cujus
3004 3521 3230 3591 vestigia
3281 3523 3370 3576 diu
3420 3539 3514 3594 p0-

1931 3609 2151 3657 tuerunt
2183 3603 2390 3672 videri,
2439 3606 2579 3662 sicut
2618 3610 2676 3662 lit
2706 3610 2793 3664 ubi
2827 3613 2998 3666 nubes
3037 3611 3363 3668 clauduntur
3391 3627 3514 3686 post

1927 3685 2384 3752 eoruscationem.
2416 3699 2528 3753 Hoc
2554 3701 2669 3770 ipso
2692 3699 2761 3733 ¹⁹²
2790 3712 2968 3757 autem
3005 3719 3113 3773 quo
3139 3705 3283 3760 diem
3314 3685 3510 3762 clausit

1929 3801 2070 3841 anno
2099 3787 2316 3859 eclipsis
2339 3790 2467 3846 solis
2501 3792 2572 3823 ’⁸⁸
2601 3793 2703 3848 fuit
2727 3795 2901 3865 pridie
2927 3796 3051 3852 ldus
3083 3791 3206 3853 Maii
3240 3794 3419 3871 (406);
3455 3812 3515 3856 et

1925 3876 1978 3930 2.
2014 3877 2194 3935 Nonas
2215 3879 2380 3946 Junii,
2416 3892 2474 3937 ut
2501 3885 2634 3949 dixi,
2662 3887 2774 3956 ipse
2800 3887 2954 3942 obiit.

1997 3968 2086 4023 56.
2131 3970 2505 4042 Subsequente
2530 3984 2711 4031 autem
2735 3993 2919 4034 mense
2942 3979 3183 4052 Augusto
3210 3983 3319 4052 (an.
3349 3984 3504 4052 4059s

1927 4072 2048 4114 cum
2078 4060 2193 4130 ipso
2217 4078 2344 4134 rege
2366 4064 2673 4134 Trajectum
2704 4068 2852 4140 (407)
2874 4068 3021 4124 venit
3046 4073 3274 4127 domnus
3300 4071 3510 4144 episco-

1928 4160 2048 4219 pus,
2079 4161 2131 4206 et
2179 4165 2367 4224 rogatu
2399 4159 2636 4229 episc0pi
2680 4160 2928 4217 Nithardi
2961 4162 3109 4234 (408)
3147 4165 3340 4220 levavit
3388 4181 3510 4221 cor-

1927 4257 2058 4311 pora
2104 4255 2417 4301 sanctorum
2467 4249 2841 4306 confessorum
2882 4250 3132 4308 Gondulli
3181 4263 3234 4309 et
3265 4255 3506 4320 Monulti,

1928 4334 2166 4403 acceptis
2213 4337 2314 4391 sibi
2357 4337 2481 4394 inde
2526 4341 2794 4410 reliquiis;
2845 4351 2898 4397 et
2944 4353 3257 4399 consecrata
3314 4352 3397 4400 est
3437 4347 3507 4400 ibi

1929 4425 2174 4481 aecclesia
2225 4428 2276 4482 in
2314 4429 2520 4486 honore
2563 4434 2736 4488 sancti
2787 4433 3042 4491 Servatii.
3095 4436 3273 4493 Mettis
3318 4447 3506 4506 postea

1931 4528 2253 4572 consecrata
2282 4530 2366 4576 est
2393 4521 2638 4579 aecclesia
2668 4526 2843 4581 sancti
2877 4527 3132 4597 Stephani
3161 4530 3507 4599 prothomar-

1932 4607 2093 4678 tyris,
2123 4609 2212 4663 ubi
2241 4611 2408 4666 etiam
2453 4613 2699 4669 interfuit
2739 4627 2962 4685 precatu
2991 4617 3336 4681 Theoderici.
3365 4621 3510 4688 ejus-

1929 4697 2050 4751 dem
2081 4698 2231 4753 urbis
2260 4701 2517 4772 episcopi,
2549 4703 2639 4772 qui
2665 4703 2714 4758 ei
2758 4705 2905 4761 dedit
2943 4709 3215 4778 preciosas
3253 4709 3510 4778 reliquias

1929 4788 2098 4859 ipsius
2125 4793 2383 4863 martyris
2412 4793 2635 4859 Christi,
2665 4809 2802 4864 quas
2832 4813 3018 4855 secum
3044 4801 3252 4856 detulit.

1551 4939 1784 4996 VARUE
1821 4940 2226 5001 LECTIONES.

325 5047 388 5080 ιιι
409 5064 505 5118 ρει-
533 5050 614 5106 ει,
727 5051 798 5084 ’³⁷
829 5053 954 5121 quid
980 5053 1276 5111 feriebatur
1299 5053 1354 5110 2.

265 5115 474 5188 lemptiia
501 5121 578 5176 2'.
691 5123 759 5154 ¹⁹¹
788 5115 923 5179 deest
952 5125 1027 5178 2'.

629 5202 658 5210 -ο

1468 5057 1536 5088 ⁸⁸⁸
1563 5065 1820 5113 consueta
1848 5056 1927 5111 2'.

1145 5125 1214 5156 ’θ’
1246 5125 1360 5193 ipso
1386 5139 1432 5182 et
1460 5127 1588 5182 solis
1622 5125 1808 5182 desiuit
1837 5128 1911 5182 2'.

2044 5060 2114 5092 ³⁸⁹
2145 5061 2342 5123 deinde
2373 5069 2454 5123 2‘.
2569 5067 2637 5099 ”°
2675 5085 2726 5125 a.
2773 5089 2825 5129 e.
2873 5086 2983 5135 ties
3028 5074 3192 5132 etiam
3241 5076 3277 5130 i.
3318 5087 3392 5134 tu.
3427 5095 3515 5135 so-

1717 5326 1724 5332 .
1746 5257 1976 5340 morm.
1999 5265 2006 5277 ε
