  <div class='ocr_page' id='page_1' title='image "/cluster/home/n/w/nwhite01/storage/ocr_20150623/149/hvd.32044015473770/093.png"; bbox 0 0 4026 5370; ppageno 0'>
   <div class='ocr_carea' id='block_1_1' title="bbox 499 345 603 402">
    <p class='ocr_par' dir='ltr' id='par_1_1' title="bbox 499 345 603 402">
     <span class='ocr_line' id='line_1_1' title="bbox 499 345 603 402; baseline 0 0"><span class='ocrx_word' id='word_1_1' title='bbox 499 345 603 402; x_wconf 70' lang='grc'><strong>175</strong></span> 
     </span>
    </p>
   </div>
   <div class='ocr_carea' id='block_1_2' title="bbox 1467 333 2787 395">
    <p class='ocr_par' dir='ltr' id='par_1_2' title="bbox 1467 333 2787 395">
     <span class='ocr_line' id='line_1_2' title="bbox 1467 333 2787 395; baseline -0.006 0"><span class='ocrx_word' id='word_1_2' title='bbox 1467 337 1688 395; x_wconf 82' lang='lat' dir='ltr'><strong>GESTA</strong></span> <span class='ocrx_word' id='word_1_3' title='bbox 1730 333 2144 394; x_wconf 78' lang='lat' dir='ltr'><strong>PONTlFlCUM</strong></span> <span class='ocrx_word' id='word_1_4' title='bbox 2181 333 2787 392; x_wconf 75' lang='lat' dir='ltr'><strong>CAMERACENSIUM.</strong></span> 
     </span>
    </p>
   </div>
   <div class='ocr_carea' id='block_1_3' title="bbox 3658 332 3764 388">
    <p class='ocr_par' dir='ltr' id='par_1_3' title="bbox 3658 332 3764 388">
     <span class='ocr_line' id='line_1_3' title="bbox 3658 332 3764 388; baseline 0 0"><span class='ocrx_word' id='word_1_5' title='bbox 3658 332 3764 388; x_wconf 77' lang='grc'><strong>176</strong></span> 
     </span>
    </p>
   </div>
   <div class='ocr_carea' id='block_1_4' title="bbox 566 443 3762 522">
    <p class='ocr_par' dir='ltr' id='par_1_4' title="bbox 566 443 3762 522">
     <span class='ocr_line' id='line_1_4' title="bbox 566 443 3762 522; baseline -0.004 -8"><span class='ocrx_word' id='word_1_6' title='bbox 566 459 656 514; x_wconf 82' lang='grc'><strong>57.</strong></span> <span class='ocrx_word' id='word_1_7' title='bbox 695 455 957 512; x_wconf 81' lang='lat' dir='ltr'><strong>Aldonem</strong></span> <span class='ocrx_word' id='word_1_8' title='bbox 1007 453 1073 508; x_wconf 91' lang='lat' dir='ltr'><strong>de</strong></span> <span class='ocrx_word' id='word_1_9' title='bbox 1117 451 1274 518; x_wconf 79' lang='lat' dir='ltr'><strong>Vide,</strong></span> <span class='ocrx_word' id='word_1_10' title='bbox 1323 451 1412 522; x_wconf 87' lang='lat' dir='ltr'><strong>qui</strong></span> <span class='ocrx_word' id='word_1_11' title='bbox 1466 449 1749 506; x_wconf 76' lang='lat' dir='ltr'><strong>ecclesiam</strong></span> <span class='ocrx_word' id='word_1_12' title='bbox 1781 449 1852 481; x_wconf 68' lang='lat'><strong>&quot;3</strong></span> <span class='ocrx_word' id='word_1_13' title='bbox 1904 447 2074 503; x_wconf 93' lang='lat' dir='ltr'><strong>sancti</strong></span> <span class='ocrx_word' id='word_1_14' title='bbox 2107 451 2149 511; x_wconf 74' lang='grc' dir='ltr'><strong>Α</strong></span> <span class='ocrx_word' id='word_1_15' title='bbox 2183 445 2312 499; x_wconf 91' lang='lat' dir='ltr'><strong>mihi</strong></span> <span class='ocrx_word' id='word_1_16' title='bbox 2344 445 2459 499; x_wconf 91' lang='lat' dir='ltr'><strong>seni</strong></span> <span class='ocrx_word' id='word_1_17' title='bbox 2483 444 2598 516; x_wconf 85' lang='lat' dir='ltr'><strong>jam</strong></span> <span class='ocrx_word' id='word_1_18' title='bbox 2623 445 2766 500; x_wconf 83' lang='lat' dir='ltr'><strong>fesso</strong></span> <span class='ocrx_word' id='word_1_19' title='bbox 2788 443 2853 500; x_wconf 88' lang='lat' dir='ltr'><strong>de</strong></span> <span class='ocrx_word' id='word_1_20' title='bbox 2879 445 3030 498; x_wconf 91' lang='lat' dir='ltr'><strong>vobis</strong></span> <span class='ocrx_word' id='word_1_21' title='bbox 3059 445 3334 515; x_wconf 90' lang='lat' dir='ltr'><strong>hucusque</strong></span> <span class='ocrx_word' id='word_1_22' title='bbox 3355 443 3762 516; x_wconf 84' lang='lat' dir='ltr'><strong>promi:tebam,</strong></span> 
     </span>
    </p>
   </div>
   <div class='ocr_carea' id='block_1_5' title="bbox 499 539 2080 624">
    <p class='ocr_par' dir='ltr' id='par_1_5' title="bbox 499 539 2080 624">
     <span class='ocr_line' id='line_1_5' title="bbox 499 539 2080 624; baseline -0.012 -12"><span class='ocrx_word' id='word_1_23' title='bbox 499 551 788 624; x_wconf 80' lang='lat' dir='ltr'><strong>Gaugerici</strong></span> <span class='ocrx_word' id='word_1_24' title='bbox 819 549 874 604; x_wconf 91' lang='lat' dir='ltr'><strong>in</strong></span> <span class='ocrx_word' id='word_1_25' title='bbox 907 548 1316 603; x_wconf 81' lang='lat' dir='ltr'><strong>advocationem</strong></span> <span class='ocrx_word' id='word_1_26' title='bbox 1351 545 1590 608; x_wconf 87' lang='lat' dir='ltr'><strong>tenebat,</strong></span> <span class='ocrx_word' id='word_1_27' title='bbox 1617 557 1777 612; x_wconf 89' lang='lat' dir='ltr'><strong>quam</strong></span> <span class='ocrx_word' id='word_1_28' title='bbox 1809 541 1973 596; x_wconf 90' lang='lat' dir='ltr'><strong>nimis</strong></span> <span class='ocrx_word' id='word_1_29' title='bbox 2001 539 2080 594; x_wconf 89' lang='lat' dir='ltr'><strong>af-</strong></span> 
     </span>
    </p>
   </div>
   <div class='ocr_carea' id='block_1_6' title="bbox 497 632 2079 718">
    <p class='ocr_par' dir='ltr' id='par_1_6' title="bbox 497 632 2079 718">
     <span class='ocr_line' id='line_1_6' title="bbox 497 632 2079 718; baseline -0.011 -16"><span class='ocrx_word' id='word_1_30' title='bbox 497 643 750 718; x_wconf 81' lang='lat' dir='ltr'><strong>ﬂigebat,</strong></span> <span class='ocrx_word' id='word_1_31' title='bbox 798 640 984 696; x_wconf 89' lang='lat' dir='ltr'><strong>multis</strong></span> <span class='ocrx_word' id='word_1_32' title='bbox 1008 638 1079 671; x_wconf 70' lang='grc'><strong>²⁹⁸</strong></span> <span class='ocrx_word' id='word_1_33' title='bbox 1126 637 1429 692; x_wconf 88' lang='lat' dir='ltr'><strong>convictum</strong></span> <span class='ocrx_word' id='word_1_34' title='bbox 1475 633 1732 704; x_wconf 85' lang='lat' dir='ltr'><strong>nequitiis</strong></span> <span class='ocrx_word' id='word_1_35' title='bbox 1781 649 1812 687; x_wconf 90' lang='lat' dir='ltr'><strong>a</strong></span> <span class='ocrx_word' id='word_1_36' title='bbox 1862 632 2079 686; x_wconf 90' lang='lat' dir='ltr'><strong>civitate</strong></span> 
     </span>
    </p>
   </div>
   <div class='ocr_carea' id='block_1_7' title="bbox 498 724 2077 808">
    <p class='ocr_par' dir='ltr' id='par_1_7' title="bbox 498 724 2077 808">
     <span class='ocr_line' id='line_1_7' title="bbox 498 724 2077 808; baseline -0.01 -14"><span class='ocrx_word' id='word_1_37' title='bbox 498 737 726 808; x_wconf 80' lang='lat' dir='ltr'><strong>expulit.</strong></span> <span class='ocrx_word' id='word_1_38' title='bbox 759 734 889 789; x_wconf 88' lang='lat' dir='ltr'><strong>Erat</strong></span> <span class='ocrx_word' id='word_1_39' title='bbox 917 732 1062 786; x_wconf 85' lang='lat' dir='ltr'><strong>enim</strong></span> <span class='ocrx_word' id='word_1_40' title='bbox 1093 728 1466 784; x_wconf 87' lang='lat' dir='ltr'><strong>fraudulentus</strong></span> <span class='ocrx_word' id='word_1_41' title='bbox 1492 727 1664 790; x_wconf 90' lang='lat' dir='ltr'><strong>valde,</strong></span> <span class='ocrx_word' id='word_1_42' title='bbox 1709 734 1762 779; x_wconf 92' lang='lat' dir='ltr'><strong>et</strong></span> <span class='ocrx_word' id='word_1_43' title='bbox 1796 724 2004 780; x_wconf 89' lang='lat' dir='ltr'><strong>alienus</strong></span> <span class='ocrx_word' id='word_1_44' title='bbox 2048 739 2077 778; x_wconf 90' lang='lat' dir='ltr'><strong>a</strong></span> 
     </span>
    </p>
   </div>
   <div class='ocr_carea' id='block_1_8' title="bbox 497 816 2078 890">
    <p class='ocr_par' dir='ltr' id='par_1_8' title="bbox 497 816 2078 890">
     <span class='ocr_line' id='line_1_8' title="bbox 497 816 2078 890; baseline -0.01 -6"><span class='ocrx_word' id='word_1_45' title='bbox 497 829 730 884; x_wconf 82' lang='lat' dir='ltr'><strong>veritate</strong></span> <span class='ocrx_word' id='word_1_46' title='bbox 764 833 822 880; x_wconf 89' lang='lat' dir='ltr'><strong>et</strong></span> <span class='ocrx_word' id='word_1_47' title='bbox 861 822 1118 878; x_wconf 85' lang='lat' dir='ltr'><strong>fidelitate</strong></span> <span class='ocrx_word' id='word_1_48' title='bbox 1157 819 1348 890; x_wconf 87' lang='lat' dir='ltr'><strong>ipsius.</strong></span> <span class='ocrx_word' id='word_1_49' title='bbox 1386 817 1646 888; x_wconf 88' lang='lat' dir='ltr'><strong>Campum</strong></span> <span class='ocrx_word' id='word_1_50' title='bbox 1698 816 1843 888; x_wconf 64' lang='lat'><strong>(409)</strong></span> <span class='ocrx_word' id='word_1_51' title='bbox 1890 825 2078 869; x_wconf 89' lang='lat' dir='ltr'><strong>contra</strong></span> 
     </span>
    </p>
   </div>
   <div class='ocr_carea' id='block_1_9' title="bbox 499 907 2081 987">
    <p class='ocr_par' dir='ltr' id='par_1_9' title="bbox 499 907 2081 987">
     <span class='ocr_line' id='line_1_9' title="bbox 499 907 2081 987; baseline -0.011 -10"><span class='ocrx_word' id='word_1_52' title='bbox 499 936 622 978; x_wconf 91' lang='lat' dir='ltr'><strong>eum</strong></span> <span class='ocrx_word' id='word_1_53' title='bbox 650 917 876 987; x_wconf 89' lang='lat' dir='ltr'><strong>accepit,</strong></span> <span class='ocrx_word' id='word_1_54' title='bbox 917 913 1059 969; x_wconf 88' lang='lat' dir='ltr'><strong>unde</strong></span> <span class='ocrx_word' id='word_1_55' title='bbox 1099 927 1156 967; x_wconf 89' lang='lat' dir='ltr'><strong>se</strong></span> <span class='ocrx_word' id='word_1_56' title='bbox 1200 910 1492 966; x_wconf 84' lang='lat' dir='ltr'><strong>recredidit</strong></span> <span class='ocrx_word' id='word_1_57' title='bbox 1527 908 1700 980; x_wconf 75' lang='lat' dir='ltr'><strong>(M0),</strong></span> <span class='ocrx_word' id='word_1_58' title='bbox 1742 917 1793 962; x_wconf 89' lang='lat' dir='ltr'><strong>et</strong></span> <span class='ocrx_word' id='word_1_59' title='bbox 1831 907 2081 978; x_wconf 84' lang='lat' dir='ltr'><strong>lcgaliter</strong></span> 
     </span>
    </p>
   </div>
   <div class='ocr_carea' id='block_1_10' title="bbox 502 997 2028 1074">
    <p class='ocr_par' dir='ltr' id='par_1_10' title="bbox 502 997 2028 1074">
     <span class='ocr_line' id='line_1_10' title="bbox 502 997 2028 1074; baseline -0.011 -10"><span class='ocrx_word' id='word_1_60' title='bbox 502 1009 633 1066; x_wconf 80' lang='lat' dir='ltr'><strong>fecit</strong></span> <span class='ocrx_word' id='word_1_61' title='bbox 661 1009 750 1074; x_wconf 73' lang='lat' dir='ltr'><strong>m,</strong></span> <span class='ocrx_word' id='word_1_62' title='bbox 786 1009 912 1061; x_wconf 91' lang='lat' dir='ltr'><strong>dum</strong></span> <span class='ocrx_word' id='word_1_63' title='bbox 962 1018 1116 1059; x_wconf 90' lang='lat' dir='ltr'><strong>suum</strong></span> <span class='ocrx_word' id='word_1_64' title='bbox 1159 1001 1499 1070; x_wconf 89' lang='lat' dir='ltr'><strong>adjudicatus</strong></span> <span class='ocrx_word' id='word_1_65' title='bbox 1539 999 1769 1068; x_wconf 74' lang='lat' dir='ltr'><strong>perdidit</strong></span> <span class='ocrx_word' id='word_1_66' title='bbox 1795 997 1884 1051; x_wconf 71' lang='lat'><strong>’9&#39;.</strong></span> <span class='ocrx_word' id='word_1_67' title='bbox 1917 1034 1933 1050; x_wconf 93' lang='lat'><strong>.</strong></span> <span class='ocrx_word' id='word_1_68' title='bbox 1969 1036 1983 1050; x_wconf 92' lang='lat'><strong>.</strong></span> <span class='ocrx_word' id='word_1_69' title='bbox 2021 1037 2028 1046; x_wconf 94' lang='lat'><strong>.</strong></span> 
     </span>
    </p>
   </div>
   <div class='ocr_carea' id='block_1_11' title="bbox 572 1088 2080 1161">
    <p class='ocr_par' dir='ltr' id='par_1_11' title="bbox 572 1088 2080 1161">
     <span class='ocr_line' id='line_1_11' title="bbox 572 1088 2080 1161; baseline -0.011 -4"><span class='ocrx_word' id='word_1_70' title='bbox 572 1101 661 1157; x_wconf 82' lang='lat'><strong>58.</strong></span> <span class='ocrx_word' id='word_1_71' title='bbox 701 1101 940 1154; x_wconf 90' lang='lat' dir='ltr'><strong>Domnus</strong></span> <span class='ocrx_word' id='word_1_72' title='bbox 955 1091 1242 1150; x_wconf 70' lang='lat' dir='ltr'><strong>Gerardus</strong></span> <span class='ocrx_word' id='word_1_73' title='bbox 1271 1093 1342 1132; x_wconf 62' lang='lat' dir='ltr'><strong>&quot;i</strong></span> <span class='ocrx_word' id='word_1_74' title='bbox 1374 1092 1658 1161; x_wconf 87' lang='lat' dir='ltr'><strong>episcopus</strong></span> <span class='ocrx_word' id='word_1_75' title='bbox 1687 1088 2080 1144; x_wconf 90' lang='lat' dir='ltr'><strong>dedicationem</strong></span> 
     </span>
    </p>
   </div>
   <div class='ocr_carea' id='block_1_12' title="bbox 502 1181 2079 1254">
    <p class='ocr_par' dir='ltr' id='par_1_12' title="bbox 502 1181 2079 1254">
     <span class='ocr_line' id='line_1_12' title="bbox 502 1181 2079 1254; baseline -0.01 -6"><span class='ocrx_word' id='word_1_76' title='bbox 502 1191 758 1248; x_wconf 67' lang='lat' dir='ltr'><strong>:ecclesite</strong></span> <span class='ocrx_word' id='word_1_77' title='bbox 783 1190 834 1242; x_wconf 92' lang='lat' dir='ltr'><strong>in</strong></span> <span class='ocrx_word' id='word_1_78' title='bbox 853 1188 1062 1244; x_wconf 88' lang='lat' dir='ltr'><strong>honore</strong></span> <span class='ocrx_word' id='word_1_79' title='bbox 1083 1193 1287 1240; x_wconf 65' lang='lat' dir='ltr'><strong>sancta:</strong></span> <span class='ocrx_word' id='word_1_80' title='bbox 1307 1184 1401 1238; x_wconf 91' lang='lat' dir='ltr'><strong>Dei</strong></span> <span class='ocrx_word' id='word_1_81' title='bbox 1428 1183 1706 1254; x_wconf 77' lang='lat' dir='ltr'><strong>genitricis</strong></span> <span class='ocrx_word' id='word_1_82' title='bbox 1732 1181 1912 1235; x_wconf 81' lang='lat' dir='ltr'><strong>Mariae</strong></span> <span class='ocrx_word' id='word_1_83' title='bbox 1933 1181 2079 1252; x_wconf 77' lang='grc'><strong>(411)</strong></span> 
     </span>
    </p>
   </div>
   <div class='ocr_carea' id='block_1_13' title="bbox 503 1269 2080 1346">
    <p class='ocr_par' dir='ltr' id='par_1_13' title="bbox 503 1269 2080 1346">
     <span class='ocr_line' id='line_1_13' title="bbox 503 1269 2080 1346; baseline -0.009 -7"><span class='ocrx_word' id='word_1_84' title='bbox 503 1283 767 1346; x_wconf 84' lang='lat' dir='ltr'><strong>facturus,</strong></span> <span class='ocrx_word' id='word_1_85' title='bbox 801 1277 1032 1334; x_wconf 84' lang='lat' dir='ltr'><strong>removit</strong></span> <span class='ocrx_word' id='word_1_86' title='bbox 1069 1275 1236 1330; x_wconf 89' lang='lat' dir='ltr'><strong>altare</strong></span> <span class='ocrx_word' id='word_1_87' title='bbox 1276 1289 1305 1328; x_wconf 91' lang='lat' dir='ltr'><strong>a</strong></span> <span class='ocrx_word' id='word_1_88' title='bbox 1351 1274 1570 1344; x_wconf 90' lang='lat' dir='ltr'><strong>proprio</strong></span> <span class='ocrx_word' id='word_1_89' title='bbox 1615 1273 1761 1338; x_wconf 87' lang='lat' dir='ltr'><strong>loco;</strong></span> <span class='ocrx_word' id='word_1_90' title='bbox 1793 1281 1850 1326; x_wconf 91' lang='lat' dir='ltr'><strong>et</strong></span> <span class='ocrx_word' id='word_1_91' title='bbox 1887 1269 2080 1327; x_wconf 82' lang='lat' dir='ltr'><strong>effossa</strong></span> 
     </span>
    </p>
   </div>
   <div class='ocr_carea' id='block_1_14' title="bbox 503 1362 2084 1442">
    <p class='ocr_par' dir='ltr' id='par_1_14' title="bbox 503 1362 2084 1442">
     <span class='ocr_line' id='line_1_14' title="bbox 503 1362 2084 1442; baseline -0.008 -13"><span class='ocrx_word' id='word_1_92' title='bbox 503 1385 646 1429; x_wconf 88' lang='lat' dir='ltr'><strong>terra</strong></span> <span class='ocrx_word' id='word_1_93' title='bbox 691 1386 812 1442; x_wconf 83' lang='lat' dir='ltr'><strong>quae</strong></span> <span class='ocrx_word' id='word_1_94' title='bbox 875 1368 1020 1422; x_wconf 88' lang='lat' dir='ltr'><strong>circa</strong></span> <span class='ocrx_word' id='word_1_95' title='bbox 1069 1376 1207 1432; x_wconf 89' lang='lat' dir='ltr'><strong>erat,</strong></span> <span class='ocrx_word' id='word_1_96' title='bbox 1261 1365 1440 1419; x_wconf 69' lang='lat' dir='ltr'><strong>multa:</strong></span> <span class='ocrx_word' id='word_1_97' title='bbox 1488 1371 1796 1417; x_wconf 87' lang='lat' dir='ltr'><strong>sanctorum</strong></span> <span class='ocrx_word' id='word_1_98' title='bbox 1843 1362 2084 1431; x_wconf 71' lang='lat' dir='ltr'><strong>reliquitc</strong></span> 
     </span>
    </p>
   </div>
   <div class='ocr_carea' id='block_1_15' title="bbox 499 1451 2082 1530">
    <p class='ocr_par' dir='ltr' id='par_1_15' title="bbox 499 1451 2082 1530">
     <span class='ocr_line' id='line_1_15' title="bbox 499 1451 2082 1530; baseline -0.008 -11"><span class='ocrx_word' id='word_1_99' title='bbox 499 1461 699 1519; x_wconf 81' lang='lat' dir='ltr'><strong>ibidem</strong></span> <span class='ocrx_word' id='word_1_100' title='bbox 728 1467 959 1530; x_wconf 79' lang='lat' dir='ltr'><strong>repertae</strong></span> <span class='ocrx_word' id='word_1_101' title='bbox 994 1465 1147 1524; x_wconf 89' lang='lat' dir='ltr'><strong>sunt;</strong></span> <span class='ocrx_word' id='word_1_102' title='bbox 1181 1457 1402 1524; x_wconf 87' lang='lat' dir='ltr'><strong>insuper</strong></span> <span class='ocrx_word' id='word_1_103' title='bbox 1437 1454 1722 1510; x_wconf 84' lang='lat' dir='ltr'><strong>brachium</strong></span> <span class='ocrx_word' id='word_1_104' title='bbox 1753 1451 2082 1507; x_wconf 78' lang='lat' dir='ltr'><strong>confessoris</strong></span> 
     </span>
    </p>
   </div>
   <div class='ocr_carea' id='block_1_16' title="bbox 499 1541 2082 1614">
    <p class='ocr_par' dir='ltr' id='par_1_16' title="bbox 499 1541 2082 1614">
     <span class='ocr_line' id='line_1_16' title="bbox 499 1541 2082 1614; baseline -0.009 -4"><span class='ocrx_word' id='word_1_105' title='bbox 499 1553 700 1609; x_wconf 87' lang='lat' dir='ltr'><strong>Christi</strong></span> <span class='ocrx_word' id='word_1_106' title='bbox 735 1549 981 1612; x_wconf 82' lang='lat' dir='ltr'><strong>Vedasti,</strong></span> <span class='ocrx_word' id='word_1_107' title='bbox 1005 1555 1062 1602; x_wconf 86' lang='lat' dir='ltr'><strong>et</strong></span> <span class='ocrx_word' id='word_1_108' title='bbox 1097 1561 1204 1602; x_wconf 91' lang='lat' dir='ltr'><strong>non</strong></span> <span class='ocrx_word' id='word_1_109' title='bbox 1241 1546 1450 1599; x_wconf 89' lang='lat' dir='ltr'><strong>modica</strong></span> <span class='ocrx_word' id='word_1_110' title='bbox 1497 1559 1622 1614; x_wconf 90' lang='lat' dir='ltr'><strong>pars</strong></span> <span class='ocrx_word' id='word_1_111' title='bbox 1649 1544 1716 1598; x_wconf 89' lang='lat' dir='ltr'><strong>de</strong></span> <span class='ocrx_word' id='word_1_112' title='bbox 1744 1543 1922 1612; x_wconf 89' lang='lat' dir='ltr'><strong>capite</strong></span> <span class='ocrx_word' id='word_1_113' title='bbox 1955 1541 2082 1610; x_wconf 80' lang='lat' dir='ltr'><strong>ejus</strong></span> 
     </span>
    </p>
   </div>
   <div class='ocr_carea' id='block_1_17' title="bbox 499 1634 2082 1715">
    <p class='ocr_par' dir='ltr' id='par_1_17' title="bbox 499 1634 2082 1715">
     <span class='ocr_line' id='line_1_17' title="bbox 499 1634 2082 1715; baseline -0.008 -14"><span class='ocrx_word' id='word_1_114' title='bbox 499 1654 557 1701; x_wconf 89' lang='lat' dir='ltr'><strong>et</strong></span> <span class='ocrx_word' id='word_1_115' title='bbox 588 1643 908 1715; x_wconf 89' lang='lat' dir='ltr'><strong>quihusdam</strong></span> <span class='ocrx_word' id='word_1_116' title='bbox 946 1639 1226 1695; x_wconf 88' lang='lat' dir='ltr'><strong>membris.</strong></span> <span class='ocrx_word' id='word_1_117' title='bbox 1254 1636 1580 1692; x_wconf 87' lang='lat' dir='ltr'><strong>Consecrata</strong></span> <span class='ocrx_word' id='word_1_118' title='bbox 1631 1645 1714 1690; x_wconf 90' lang='lat' dir='ltr'><strong>est</strong></span> <span class='ocrx_word' id='word_1_119' title='bbox 1762 1635 1927 1706; x_wconf 81' lang='lat' dir='ltr'><strong>igitur</strong></span> <span class='ocrx_word' id='word_1_120' title='bbox 1969 1634 2082 1704; x_wconf 89' lang='lat' dir='ltr'><strong>ipsa</strong></span> 
     </span>
    </p>
   </div>
   <div class='ocr_carea' id='block_1_18' title="bbox 500 1724 2083 1798">
    <p class='ocr_par' dir='ltr' id='par_1_18' title="bbox 500 1724 2083 1798">
     <span class='ocr_line' id='line_1_18' title="bbox 500 1724 2083 1798; baseline -0.008 -8"><span class='ocrx_word' id='word_1_121' title='bbox 500 1733 741 1790; x_wconf 77' lang='lat' dir='ltr'><strong>:ecclesia</strong></span> <span class='ocrx_word' id='word_1_122' title='bbox 799 1729 1168 1798; x_wconf 85' lang='lat' dir='ltr'><strong>sollempniter</strong></span> <span class='ocrx_word' id='word_1_123' title='bbox 1211 1727 1267 1780; x_wconf 74' lang='grc'><strong>2.</strong></span> <span class='ocrx_word' id='word_1_124' title='bbox 1317 1725 1457 1780; x_wconf 85' lang='grc' dir='ltr'><strong>Νοη.</strong></span> <span class='ocrx_word' id='word_1_125' title='bbox 1501 1724 1753 1792; x_wconf 83' lang='lat' dir='ltr'><strong>Januar.,</strong></span> <span class='ocrx_word' id='word_1_126' title='bbox 1800 1731 2083 1794; x_wconf 88' lang='lat' dir='ltr'><strong>apportato</strong></span> 
     </span>
    </p>
   </div>
   <div class='ocr_carea' id='block_1_19' title="bbox 2179 535 3763 606">
    <p class='ocr_par' dir='ltr' id='par_1_19' title="bbox 2179 535 3763 606">
     <span class='ocr_line' id='line_1_19' title="bbox 2179 535 3763 606; baseline 0.001 -18"><span class='ocrx_word' id='word_1_127' title='bbox 2179 535 2233 588; x_wconf 90' lang='lat' dir='ltr'><strong>in</strong></span> <span class='ocrx_word' id='word_1_128' title='bbox 2264 537 2390 591; x_wconf 71' lang='lat' dir='ltr'><strong>vitze</strong></span> <span class='ocrx_word' id='word_1_129' title='bbox 2423 543 2664 606; x_wconf 90' lang='lat' dir='ltr'><strong>tempore</strong></span> <span class='ocrx_word' id='word_1_130' title='bbox 2695 535 2882 590; x_wconf 91' lang='lat' dir='ltr'><strong>ultimo</strong></span> <span class='ocrx_word' id='word_1_131' title='bbox 2923 535 3255 590; x_wconf 79' lang='lat' dir='ltr'><strong>subtraxerit</strong></span> <span class='ocrx_word' id='word_1_132' title='bbox 3301 535 3463 602; x_wconf 90' lang='lat' dir='ltr'><strong>Deus,</strong></span> <span class='ocrx_word' id='word_1_133' title='bbox 3499 553 3604 590; x_wconf 92' lang='lat' dir='ltr'><strong>non</strong></span> <span class='ocrx_word' id='word_1_134' title='bbox 3643 553 3763 605; x_wconf 82' lang='lat' dir='ltr'><strong>vos,</strong></span> 
     </span>
    </p>
   </div>
   <div class='ocr_carea' id='block_1_20' title="bbox 2180 610 3766 698">
    <p class='ocr_par' dir='ltr' id='par_1_20' title="bbox 2180 610 3766 698">
     <span class='ocr_line' id='line_1_20' title="bbox 2180 610 3766 698; baseline 0.004 -17"><span class='ocrx_word' id='word_1_135' title='bbox 2180 627 2264 681; x_wconf 91' lang='lat' dir='ltr'><strong>cui</strong></span> <span class='ocrx_word' id='word_1_136' title='bbox 2299 627 2638 683; x_wconf 87' lang='lat' dir='ltr'><strong>incessanter</strong></span> <span class='ocrx_word' id='word_1_137' title='bbox 2665 643 2849 698; x_wconf 88' lang='lat' dir='ltr'><strong>pecco.</strong></span> <span class='ocrx_word' id='word_1_138' title='bbox 2883 629 3129 684; x_wconf 83' lang='lat' dir='ltr'><strong>Breviter</strong></span> <span class='ocrx_word' id='word_1_139' title='bbox 3183 610 3360 684; x_wconf 77' lang='lat' dir='ltr'><strong>tamen</strong></span> <span class='ocrx_word' id='word_1_140' title='bbox 3411 631 3514 685; x_wconf 89' lang='lat' dir='ltr'><strong>hoc</strong></span> <span class='ocrx_word' id='word_1_141' title='bbox 3561 632 3766 687; x_wconf 84' lang='lat' dir='ltr'><strong>vestris</strong></span> 
     </span>
    </p>
   </div>
   <div class='ocr_carea' id='block_1_21' title="bbox 2181 717 3768 788">
    <p class='ocr_par' dir='ltr' id='par_1_21' title="bbox 2181 717 3768 788">
     <span class='ocr_line' id='line_1_21' title="bbox 2181 717 3768 788; baseline 0.003 -18"><span class='ocrx_word' id='word_1_142' title='bbox 2181 717 2404 772; x_wconf 85' lang='lat' dir='ltr'><strong>auribus</strong></span> <span class='ocrx_word' id='word_1_143' title='bbox 2453 732 2722 788; x_wconf 78' lang='lat' dir='ltr'><strong>suggero,</strong></span> <span class='ocrx_word' id='word_1_144' title='bbox 2767 719 2894 788; x_wconf 86' lang='lat' dir='ltr'><strong>quia</strong></span> <span class='ocrx_word' id='word_1_145' title='bbox 2941 719 3008 771; x_wconf 86' lang='lat' dir='ltr'><strong>de</strong></span> <span class='ocrx_word' id='word_1_146' title='bbox 3066 718 3324 774; x_wconf 82' lang='lat' dir='ltr'><strong>ﬁdelitate</strong></span> <span class='ocrx_word' id='word_1_147' title='bbox 3380 722 3644 775; x_wconf 86' lang='lat' dir='ltr'><strong>servanda</strong></span> <span class='ocrx_word' id='word_1_148' title='bbox 3698 721 3768 774; x_wconf 74' lang='lat' dir='ltr'><strong>ad</strong></span> 
     </span>
    </p>
   </div>
   <div class='ocr_carea' id='block_1_22' title="bbox 2181 809 3771 882">
    <p class='ocr_par' dir='ltr' id='par_1_22' title="bbox 2181 809 3771 882">
     <span class='ocr_line' id='line_1_22' title="bbox 2181 809 3771 882; baseline 0.003 -20"><span class='ocrx_word' id='word_1_149' title='bbox 2181 809 2485 864; x_wconf 88' lang='lat' dir='ltr'><strong>communis</strong></span> <span class='ocrx_word' id='word_1_150' title='bbox 2515 811 2664 878; x_wconf 77' lang='lat' dir='ltr'><strong>regni</strong></span> <span class='ocrx_word' id='word_1_151' title='bbox 2695 819 2896 864; x_wconf 89' lang='lat' dir='ltr'><strong>statum</strong></span> <span class='ocrx_word' id='word_1_152' title='bbox 2933 811 3071 879; x_wconf 87' lang='lat' dir='ltr'><strong>apud</strong></span> <span class='ocrx_word' id='word_1_153' title='bbox 3109 825 3208 865; x_wconf 85' lang='lat' dir='ltr'><strong>vos</strong></span> <span class='ocrx_word' id='word_1_154' title='bbox 3245 811 3299 865; x_wconf 91' lang='lat' dir='ltr'><strong>in</strong></span> <span class='ocrx_word' id='word_1_155' title='bbox 3329 811 3484 882; x_wconf 90' lang='lat' dir='ltr'><strong>culpa</strong></span> <span class='ocrx_word' id='word_1_156' title='bbox 3521 827 3627 866; x_wconf 92' lang='lat' dir='ltr'><strong>non</strong></span> <span class='ocrx_word' id='word_1_157' title='bbox 3669 813 3771 866; x_wconf 87' lang='lat' dir='ltr'><strong>ha-</strong></span> 
     </span>
    </p>
   </div>
   <div class='ocr_carea' id='block_1_23' title="bbox 2181 898 3772 972">
    <p class='ocr_par' dir='ltr' id='par_1_23' title="bbox 2181 898 3772 972">
     <span class='ocr_line' id='line_1_23' title="bbox 2181 898 3772 972; baseline 0.004 -21"><span class='ocrx_word' id='word_1_158' title='bbox 2181 899 2330 952; x_wconf 86' lang='lat' dir='ltr'><strong>beor.</strong></span> <span class='ocrx_word' id='word_1_159' title='bbox 2364 898 2617 971; x_wconf 83' lang='lat' dir='ltr'><strong>Trigenta</strong></span> <span class='ocrx_word' id='word_1_160' title='bbox 2649 916 2820 955; x_wconf 89' lang='lat' dir='ltr'><strong>annos</strong></span> <span class='ocrx_word' id='word_1_161' title='bbox 2849 901 3120 967; x_wconf 88' lang='lat' dir='ltr'><strong>ducimus,</strong></span> <span class='ocrx_word' id='word_1_162' title='bbox 3151 917 3260 972; x_wconf 90' lang='lat' dir='ltr'><strong>quo</strong></span> <span class='ocrx_word' id='word_1_163' title='bbox 3299 904 3351 958; x_wconf 92' lang='lat' dir='ltr'><strong>in</strong></span> <span class='ocrx_word' id='word_1_164' title='bbox 3393 913 3580 958; x_wconf 85' lang='lat' dir='ltr'><strong>nostra</strong></span> <span class='ocrx_word' id='word_1_165' title='bbox 3629 904 3772 958; x_wconf 85' lang='lat' dir='ltr'><strong>urbe</strong></span> 
     </span>
    </p>
   </div>
   <div class='ocr_carea' id='block_1_24' title="bbox 2183 989 3772 1064">
    <p class='ocr_par' dir='ltr' id='par_1_24' title="bbox 2183 989 3772 1064">
     <span class='ocr_line' id='line_1_24' title="bbox 2183 989 3772 1064; baseline 0.004 -21"><span class='ocrx_word' id='word_1_166' title='bbox 2183 989 2324 1044; x_wconf 89' lang='lat' dir='ltr'><strong>inter</strong></span> <span class='ocrx_word' id='word_1_167' title='bbox 2353 993 2668 1061; x_wconf 87' lang='lat' dir='ltr'><strong>pageusium</strong></span> <span class='ocrx_word' id='word_1_168' title='bbox 2700 1003 3007 1048; x_wconf 85' lang='lat' dir='ltr'><strong>nostrorum</strong></span> <span class='ocrx_word' id='word_1_169' title='bbox 3027 994 3242 1064; x_wconf 77' lang='lat' dir='ltr'><strong>gladios</strong></span> <span class='ocrx_word' id='word_1_170' title='bbox 3271 995 3526 1052; x_wconf 84' lang='lat' dir='ltr'><strong>vivimus.</strong></span> <span class='ocrx_word' id='word_1_171' title='bbox 3555 995 3772 1062; x_wconf 81' lang='lat' dir='ltr'><strong>Quibus</strong></span> 
     </span>
    </p>
   </div>
   <div class='ocr_carea' id='block_1_25' title="bbox 2181 1083 3772 1154">
    <p class='ocr_par' dir='ltr' id='par_1_25' title="bbox 2181 1083 3772 1154">
     <span class='ocr_line' id='line_1_25' title="bbox 2181 1083 3772 1154; baseline 0.004 -19"><span class='ocrx_word' id='word_1_172' title='bbox 2181 1098 2344 1152; x_wconf 88' lang='lat' dir='ltr'><strong>quam</strong></span> <span class='ocrx_word' id='word_1_173' title='bbox 2376 1084 2540 1146; x_wconf 89' lang='lat' dir='ltr'><strong>multa</strong></span> <span class='ocrx_word' id='word_1_174' title='bbox 2571 1083 2694 1138; x_wconf 88' lang='lat' dir='ltr'><strong>data</strong></span> <span class='ocrx_word' id='word_1_175' title='bbox 2727 1093 2853 1139; x_wconf 89' lang='lat' dir='ltr'><strong>sunt</strong></span> <span class='ocrx_word' id='word_1_176' title='bbox 2885 1087 2952 1140; x_wconf 90' lang='lat' dir='ltr'><strong>ab</strong></span> <span class='ocrx_word' id='word_1_177' title='bbox 2980 1087 3223 1142; x_wconf 79' lang='lat' dir='ltr'><strong>:ccrlcsia</strong></span> <span class='ocrx_word' id='word_1_178' title='bbox 3253 1099 3460 1154; x_wconf 84' lang='lat' dir='ltr'><strong>nostra,</strong></span> <span class='ocrx_word' id='word_1_179' title='bbox 3485 1088 3772 1144; x_wconf 79' lang='lat' dir='ltr'><strong>cotidiana</strong></span> 
     </span>
    </p>
   </div>
   <div class='ocr_carea' id='block_1_26' title="bbox 2184 1175 3774 1248">
    <p class='ocr_par' dir='ltr' id='par_1_26' title="bbox 2184 1175 3774 1248">
     <span class='ocr_line' id='line_1_26' title="bbox 2184 1175 3774 1248; baseline 0.005 -20"><span class='ocrx_word' id='word_1_180' title='bbox 2184 1175 2586 1242; x_wconf 85' lang='lat' dir='ltr'><strong>distributione,</strong></span> <span class='ocrx_word' id='word_1_181' title='bbox 2627 1193 2856 1248; x_wconf 75' lang='lat' dir='ltr'><strong>qua:th</strong></span> <span class='ocrx_word' id='word_1_182' title='bbox 2898 1178 2965 1232; x_wconf 91' lang='lat' dir='ltr'><strong>ah</strong></span> <span class='ocrx_word' id='word_1_183' title='bbox 3001 1177 3197 1234; x_wconf 87' lang='lat' dir='ltr'><strong>Ottoue</strong></span> <span class='ocrx_word' id='word_1_184' title='bbox 3245 1189 3302 1236; x_wconf 90' lang='lat' dir='ltr'><strong>et</strong></span> <span class='ocrx_word' id='word_1_185' title='bbox 3345 1181 3601 1236; x_wconf 84' lang='lat' dir='ltr'><strong>lleinrico</strong></span> <span class='ocrx_word' id='word_1_186' title='bbox 3629 1183 3774 1236; x_wconf 69' lang='lat' dir='ltr'><strong>divae</strong></span> 
     </span>
    </p>
   </div>
   <div class='ocr_carea' id='block_1_27' title="bbox 2183 1267 3778 1344">
    <p class='ocr_par' dir='ltr' id='par_1_27' title="bbox 2183 1267 3778 1344">
     <span class='ocr_line' id='line_1_27' title="bbox 2183 1267 3778 1344; baseline 0.005 -23"><span class='ocrx_word' id='word_1_187' title='bbox 2183 1267 2459 1322; x_wconf 77' lang='lat' dir='ltr'><strong>memoria:</strong></span> <span class='ocrx_word' id='word_1_188' title='bbox 2501 1270 2742 1340; x_wconf 79' lang='lat' dir='ltr'><strong>regibus,</strong></span> <span class='ocrx_word' id='word_1_189' title='bbox 2782 1271 3271 1340; x_wconf 73' lang='lat' dir='ltr'><strong>prtetleccssuribus</strong></span> <span class='ocrx_word' id='word_1_190' title='bbox 3317 1273 3453 1328; x_wconf 82' lang='lat' dir='ltr'><strong>meis</strong></span> <span class='ocrx_word' id='word_1_191' title='bbox 3499 1273 3778 1344; x_wconf 74' lang='lat' dir='ltr'><strong>cpiScopis</strong></span> 
     </span>
    </p>
   </div>
   <div class='ocr_carea' id='block_1_28' title="bbox 2183 1361 3772 1436">
    <p class='ocr_par' dir='ltr' id='par_1_28' title="bbox 2183 1361 3772 1436">
     <span class='ocr_line' id='line_1_28' title="bbox 2183 1361 3772 1436; baseline 0 -19"><span class='ocrx_word' id='word_1_192' title='bbox 2183 1361 2398 1426; x_wconf 89' lang='lat' dir='ltr'><strong>collata,</strong></span> <span class='ocrx_word' id='word_1_193' title='bbox 2439 1363 2570 1416; x_wconf 91' lang='lat' dir='ltr'><strong>mihi</strong></span> <span class='ocrx_word' id='word_1_194' title='bbox 2608 1362 2793 1426; x_wconf 82' lang='lat' dir='ltr'><strong>etiam,</strong></span> <span class='ocrx_word' id='word_1_195' title='bbox 2844 1373 2898 1416; x_wconf 90' lang='lat' dir='ltr'><strong>et</strong></span> <span class='ocrx_word' id='word_1_196' title='bbox 2930 1379 2959 1416; x_wconf 92' lang='lat' dir='ltr'><strong>a</strong></span> <span class='ocrx_word' id='word_1_197' title='bbox 2993 1365 3317 1432; x_wconf 83' lang='lat' dir='ltr'><strong>patrimonio</strong></span> <span class='ocrx_word' id='word_1_198' title='bbox 3355 1373 3482 1419; x_wconf 90' lang='lat' dir='ltr'><strong>sunt</strong></span> <span class='ocrx_word' id='word_1_199' title='bbox 3527 1377 3772 1436; x_wconf 81' lang='lat' dir='ltr'><strong>reperta,</strong></span> 
     </span>
    </p>
   </div>
   <div class='ocr_carea' id='block_1_29' title="bbox 2185 1453 3776 1522">
    <p class='ocr_par' dir='ltr' id='par_1_29' title="bbox 2185 1453 3776 1522">
     <span class='ocr_line' id='line_1_29' title="bbox 2185 1453 3776 1522; baseline 0.003 -17"><span class='ocrx_word' id='word_1_200' title='bbox 2185 1467 2290 1505; x_wconf 86' lang='lat' dir='ltr'><strong>non</strong></span> <span class='ocrx_word' id='word_1_201' title='bbox 2339 1461 2464 1506; x_wconf 88' lang='lat' dir='ltr'><strong>sunt</strong></span> <span class='ocrx_word' id='word_1_202' title='bbox 2513 1453 2867 1522; x_wconf 75' lang='lat' dir='ltr'><strong>suggerenda.</strong></span> <span class='ocrx_word' id='word_1_203' title='bbox 2921 1453 2987 1508; x_wconf 85' lang='lat' dir='ltr'><strong>Et</strong></span> <span class='ocrx_word' id='word_1_204' title='bbox 3035 1454 3176 1508; x_wconf 87' lang='lat' dir='ltr'><strong>sicut</strong></span> <span class='ocrx_word' id='word_1_205' title='bbox 3239 1453 3537 1509; x_wconf 82' lang='lat' dir='ltr'><strong>liberalitas</strong></span> <span class='ocrx_word' id='word_1_206' title='bbox 3590 1464 3776 1512; x_wconf 83' lang='lat' dir='ltr'><strong>vestra</strong></span> 
     </span>
    </p>
   </div>
   <div class='ocr_carea' id='block_1_30' title="bbox 2187 1541 3778 1615">
    <p class='ocr_par' dir='ltr' id='par_1_30' title="bbox 2187 1541 3778 1615">
     <span class='ocr_line' id='line_1_30' title="bbox 2187 1541 3778 1615; baseline 0.004 -21"><span class='ocrx_word' id='word_1_207' title='bbox 2187 1542 2528 1596; x_wconf 88' lang='lat' dir='ltr'><strong>saccllarium</strong></span> <span class='ocrx_word' id='word_1_208' title='bbox 2553 1541 2700 1614; x_wconf 69' lang='grc'><strong>(414)</strong></span> <span class='ocrx_word' id='word_1_209' title='bbox 2727 1543 2908 1606; x_wconf 89' lang='lat' dir='ltr'><strong>habet,</strong></span> <span class='ocrx_word' id='word_1_210' title='bbox 2941 1545 3032 1613; x_wconf 85' lang='lat' dir='ltr'><strong>qui</strong></span> <span class='ocrx_word' id='word_1_211' title='bbox 3061 1545 3240 1599; x_wconf 83' lang='lat' dir='ltr'><strong>causis</strong></span> <span class='ocrx_word' id='word_1_212' title='bbox 3267 1547 3778 1615; x_wconf 74' lang='lat' dir='ltr'><strong>supervenientibus</strong></span> 
     </span>
    </p>
   </div>
   <div class='ocr_carea' id='block_1_31' title="bbox 2184 1635 3774 1709">
    <p class='ocr_par' dir='ltr' id='par_1_31' title="bbox 2184 1635 3774 1709">
     <span class='ocr_line' id='line_1_31' title="bbox 2184 1635 3774 1709; baseline 0.004 -20"><span class='ocrx_word' id='word_1_213' title='bbox 2184 1635 2484 1690; x_wconf 82' lang='lat' dir='ltr'><strong>cotidianas</strong></span> <span class='ocrx_word' id='word_1_214' title='bbox 2527 1651 2790 1705; x_wconf 74' lang='lat' dir='ltr'><strong>expensas</strong></span> <span class='ocrx_word' id='word_1_215' title='bbox 2840 1635 3023 1698; x_wconf 86' lang='lat' dir='ltr'><strong>faciat,</strong></span> <span class='ocrx_word' id='word_1_216' title='bbox 3079 1639 3148 1690; x_wconf 89' lang='lat' dir='ltr'><strong>ita</strong></span> <span class='ocrx_word' id='word_1_217' title='bbox 3199 1647 3253 1693; x_wconf 92' lang='lat' dir='ltr'><strong>et</strong></span> <span class='ocrx_word' id='word_1_218' title='bbox 3289 1655 3390 1709; x_wconf 76' lang='lat' dir='ltr'><strong>ego</strong></span> <span class='ocrx_word' id='word_1_219' title='bbox 3448 1639 3774 1695; x_wconf 82' lang='lat' dir='ltr'><strong>sacellarius</strong></span> 
     </span>
    </p>
   </div>
   <div class='ocr_carea' id='block_1_32' title="bbox 2187 1725 3779 1792">
    <p class='ocr_par' dir='ltr' id='par_1_32' title="bbox 2187 1725 3779 1792">
     <span class='ocr_line' id='line_1_32' title="bbox 2187 1725 3779 1792; baseline 0.006 -15"><span class='ocrx_word' id='word_1_220' title='bbox 2187 1737 2374 1779; x_wconf 87' lang='lat' dir='ltr'><strong>eorum</strong></span> <span class='ocrx_word' id='word_1_221' title='bbox 2415 1741 2556 1792; x_wconf 92' lang='lat' dir='ltr'><strong>sum,</strong></span> <span class='ocrx_word' id='word_1_222' title='bbox 2593 1734 2655 1780; x_wconf 91' lang='lat' dir='ltr'><strong>ut</strong></span> <span class='ocrx_word' id='word_1_223' title='bbox 2703 1725 2890 1781; x_wconf 81' lang='lat' dir='ltr'><strong>dilatio</strong></span> <span class='ocrx_word' id='word_1_224' title='bbox 2927 1729 3136 1792; x_wconf 87' lang='lat' dir='ltr'><strong>mortis,</strong></span> <span class='ocrx_word' id='word_1_225' title='bbox 3169 1743 3240 1782; x_wconf 86' lang='lat' dir='ltr'><strong>ne</strong></span> <span class='ocrx_word' id='word_1_226' title='bbox 3285 1729 3460 1784; x_wconf 85' lang='lat' dir='ltr'><strong>dicam</strong></span> <span class='ocrx_word' id='word_1_227' title='bbox 3514 1730 3640 1785; x_wconf 83' lang='lat' dir='ltr'><strong>vitae</strong></span> <span class='ocrx_word' id='word_1_228' title='bbox 3683 1747 3779 1786; x_wconf 88' lang='lat' dir='ltr'><strong>re-</strong></span> 
     </span>
    </p>
   </div>
   <div class='ocr_carea' id='block_1_33' title="bbox 501 1806 3780 1892">
    <p class='ocr_par' dir='ltr' id='par_1_33' title="bbox 501 1806 3780 1892">
     <span class='ocr_line' id='line_1_33' title="bbox 501 1806 3780 1892; baseline -0.002 -12"><span class='ocrx_word' id='word_1_229' title='bbox 501 1825 672 1880; x_wconf 88' lang='lat' dir='ltr'><strong>sancti</strong></span> <span class='ocrx_word' id='word_1_230' title='bbox 707 1821 922 1876; x_wconf 85' lang='lat' dir='ltr'><strong>Vedasti</strong></span> <span class='ocrx_word' id='word_1_231' title='bbox 954 1833 1182 1890; x_wconf 88' lang='lat' dir='ltr'><strong>corpore</strong></span> <span class='ocrx_word' id='word_1_232' title='bbox 1212 1833 1333 1874; x_wconf 92' lang='lat' dir='ltr'><strong>cum</strong></span> <span class='ocrx_word' id='word_1_233' title='bbox 1361 1817 1484 1872; x_wconf 91' lang='lat' dir='ltr'><strong>aliis</strong></span> <span class='ocrx_word' id='word_1_234' title='bbox 1513 1817 1719 1873; x_wconf 86' lang='lat' dir='ltr'><strong>sanctis</strong></span> <span class='ocrx_word' id='word_1_235' title='bbox 1743 1833 1773 1872; x_wconf 91' lang='lat' dir='ltr'><strong>a</strong></span> <span class='ocrx_word' id='word_1_236' title='bbox 1799 1817 2082 1872; x_wconf 88' lang='lat' dir='ltr'><strong>monachis</strong></span> <span class='ocrx_word' id='word_1_237' title='bbox 2113 1806 2155 1865; x_wconf 81' lang='grc' dir='ltr'><strong>Β</strong></span> <span class='ocrx_word' id='word_1_238' title='bbox 2185 1817 2342 1886; x_wconf 88' lang='lat' dir='ltr'><strong>quies</strong></span> <span class='ocrx_word' id='word_1_239' title='bbox 2371 1832 2558 1872; x_wconf 90' lang='lat' dir='ltr'><strong>eorum</strong></span> <span class='ocrx_word' id='word_1_240' title='bbox 2593 1817 2682 1888; x_wconf 91' lang='lat' dir='ltr'><strong>qui</strong></span> <span class='ocrx_word' id='word_1_241' title='bbox 2730 1833 2941 1873; x_wconf 89' lang='lat' dir='ltr'><strong>mecum</strong></span> <span class='ocrx_word' id='word_1_242' title='bbox 2987 1827 3128 1892; x_wconf 76' lang='lat' dir='ltr'><strong>sunt</strong></span> <span class='ocrx_word' id='word_1_243' title='bbox 3155 1821 3367 1891; x_wconf 84' lang='lat' dir='ltr'><strong>acquiri</strong></span> <span class='ocrx_word' id='word_1_244' title='bbox 3397 1821 3597 1888; x_wconf 78' lang='lat' dir='ltr'><strong>valeat,</strong></span> <span class='ocrx_word' id='word_1_245' title='bbox 3627 1823 3780 1892; x_wconf 88' lang='lat' dir='ltr'><strong>quod</strong></span> 
     </span>
    </p>
   </div>
   <div class='ocr_carea' id='block_1_34' title="bbox 499 1911 2080 1984">
    <p class='ocr_par' dir='ltr' id='par_1_34' title="bbox 499 1911 2080 1984">
     <span class='ocr_line' id='line_1_34' title="bbox 499 1911 2080 1984; baseline -0.004 -14"><span class='ocrx_word' id='word_1_246' title='bbox 499 1911 2080 1984; x_wconf 75' lang='lat' dir='ltr'><strong>ejusdemloci‘”...................</strong></span> 
     </span>
    </p>
   </div>
   <div class='ocr_carea' id='block_1_35' title="bbox 572 2091 2084 2157">
    <p class='ocr_par' dir='ltr' id='par_1_35' title="bbox 572 2091 2084 2157">
     <span class='ocr_line' id='line_1_35' title="bbox 572 2091 2084 2157; baseline -0.003 -5"><span class='ocrx_word' id='word_1_247' title='bbox 572 2097 664 2152; x_wconf 84' lang='lat'><strong>59.</strong></span> <span class='ocrx_word' id='word_1_248' title='bbox 703 2095 902 2151; x_wconf 86' lang='lat' dir='ltr'><strong>Paucis</strong></span> <span class='ocrx_word' id='word_1_249' title='bbox 928 2102 1055 2150; x_wconf 87' lang='lat' dir='ltr'><strong>ante</strong></span> <span class='ocrx_word' id='word_1_250' title='bbox 1081 2092 1382 2148; x_wconf 84' lang='lat' dir='ltr'><strong>transactis</strong></span> <span class='ocrx_word' id='word_1_251' title='bbox 1411 2093 1622 2157; x_wconf 88' lang='lat' dir='ltr'><strong>diebus,</strong></span> <span class='ocrx_word' id='word_1_252' title='bbox 1652 2091 1989 2156; x_wconf 86' lang='lat' dir='ltr'><strong>Lietduinus,</strong></span> <span class='ocrx_word' id='word_1_253' title='bbox 2020 2108 2084 2147; x_wconf 77' lang='lat' dir='ltr'><strong>ex</strong></span> 
     </span>
    </p>
   </div>
   <div class='ocr_carea' id='block_1_36' title="bbox 501 2183 2084 2254">
    <p class='ocr_par' dir='ltr' id='par_1_36' title="bbox 501 2183 2084 2254">
     <span class='ocr_line' id='line_1_36' title="bbox 501 2183 2084 2254; baseline -0.004 -10"><span class='ocrx_word' id='word_1_254' title='bbox 501 2191 640 2246; x_wconf 89' lang='lat' dir='ltr'><strong>laico</strong></span> <span class='ocrx_word' id='word_1_255' title='bbox 663 2189 964 2244; x_wconf 90' lang='lat' dir='ltr'><strong>monachus</strong></span> <span class='ocrx_word' id='word_1_256' title='bbox 991 2194 1046 2242; x_wconf 91' lang='lat' dir='ltr'><strong>et</strong></span> <span class='ocrx_word' id='word_1_257' title='bbox 1073 2186 1241 2242; x_wconf 86' lang='lat' dir='ltr'><strong>abbas</strong></span> <span class='ocrx_word' id='word_1_258' title='bbox 1267 2185 1656 2240; x_wconf 90' lang='lat' dir='ltr'><strong>monachorum</strong></span> <span class='ocrx_word' id='word_1_259' title='bbox 1684 2195 1806 2254; x_wconf 92' lang='lat' dir='ltr'><strong>post</strong></span> <span class='ocrx_word' id='word_1_260' title='bbox 1831 2183 2025 2248; x_wconf 85' lang='lat' dir='ltr'><strong>factus,</strong></span> <span class='ocrx_word' id='word_1_261' title='bbox 2055 2198 2084 2237; x_wconf 91' lang='lat' dir='ltr'><strong>a</strong></span> 
     </span>
    </p>
   </div>
   <div class='ocr_carea' id='block_1_37' title="bbox 501 2275 2088 2346">
    <p class='ocr_par' dir='ltr' id='par_1_37' title="bbox 501 2275 2088 2346">
     <span class='ocr_line' id='line_1_37' title="bbox 501 2275 2088 2346; baseline -0.008 -6"><span class='ocrx_word' id='word_1_262' title='bbox 501 2283 699 2340; x_wconf 65' lang='lat' dir='ltr'><strong>saeculo</strong></span> <span class='ocrx_word' id='word_1_263' title='bbox 728 2281 915 2337; x_wconf 91' lang='lat' dir='ltr'><strong>abiens</strong></span> <span class='ocrx_word' id='word_1_264' title='bbox 945 2277 1311 2343; x_wconf 83' lang='lat' dir='ltr'><strong>laudabiliter,</strong></span> <span class='ocrx_word' id='word_1_265' title='bbox 1345 2287 1399 2332; x_wconf 91' lang='lat' dir='ltr'><strong>et</strong></span> <span class='ocrx_word' id='word_1_266' title='bbox 1422 2277 1488 2332; x_wconf 90' lang='lat' dir='ltr'><strong>ad</strong></span> <span class='ocrx_word' id='word_1_267' title='bbox 1511 2275 1654 2330; x_wconf 89' lang='lat' dir='ltr'><strong>aliud</strong></span> <span class='ocrx_word' id='word_1_268' title='bbox 1681 2275 2005 2346; x_wconf 84' lang='lat' dir='ltr'><strong>perveniens</strong></span> <span class='ocrx_word' id='word_1_269' title='bbox 2029 2285 2088 2328; x_wconf 91' lang='lat' dir='ltr'><strong>ut</strong></span> 
     </span>
    </p>
   </div>
   <div class='ocr_carea' id='block_1_38' title="bbox 501 2368 2088 2448">
    <p class='ocr_par' dir='ltr' id='par_1_38' title="bbox 501 2368 2088 2448">
     <span class='ocr_line' id='line_1_38' title="bbox 501 2368 2088 2448; baseline -0.007 -14"><span class='ocrx_word' id='word_1_270' title='bbox 501 2390 788 2448; x_wconf 88' lang='lat' dir='ltr'><strong>speramus</strong></span> <span class='ocrx_word' id='word_1_271' title='bbox 820 2373 1052 2430; x_wconf 78' lang='lat' dir='ltr'><strong>feliciter</strong></span> <span class='ocrx_word' id='word_1_272' title='bbox 1081 2373 1244 2444; x_wconf 79' lang='lat' dir='ltr'><strong>(circa</strong></span> <span class='ocrx_word' id='word_1_273' title='bbox 1271 2389 1360 2426; x_wconf 86' lang='lat' dir='ltr'><strong>an.</strong></span> <span class='ocrx_word' id='word_1_274' title='bbox 1395 2370 1578 2442; x_wconf 73' lang='grc'><strong>1044),</strong></span> <span class='ocrx_word' id='word_1_275' title='bbox 1618 2370 1806 2426; x_wconf 84' lang='lat' dir='ltr'><strong>tristes</strong></span> <span class='ocrx_word' id='word_1_276' title='bbox 1853 2368 2088 2424; x_wconf 89' lang='lat' dir='ltr'><strong>reddidit</strong></span> 
     </span>
    </p>
   </div>
   <div class='ocr_carea' id='block_1_39' title="bbox 497 2459 2089 2539">
    <p class='ocr_par' dir='ltr' id='par_1_39' title="bbox 497 2459 2089 2539">
     <span class='ocr_line' id='line_1_39' title="bbox 497 2459 2089 2539; baseline -0.008 -17"><span class='ocrx_word' id='word_1_277' title='bbox 497 2483 638 2539; x_wconf 88' lang='lat' dir='ltr'><strong>quos</strong></span> <span class='ocrx_word' id='word_1_278' title='bbox 661 2465 729 2522; x_wconf 91' lang='lat' dir='ltr'><strong>ad</strong></span> <span class='ocrx_word' id='word_1_279' title='bbox 763 2479 926 2520; x_wconf 91' lang='lat' dir='ltr'><strong>omne</strong></span> <span class='ocrx_word' id='word_1_280' title='bbox 957 2463 1159 2519; x_wconf 90' lang='lat' dir='ltr'><strong>bonum</strong></span> <span class='ocrx_word' id='word_1_281' title='bbox 1201 2461 1481 2518; x_wconf 83' lang='lat' dir='ltr'><strong>instruxit.</strong></span> <span class='ocrx_word' id='word_1_282' title='bbox 1515 2460 1590 2514; x_wconf 91' lang='lat' dir='ltr'><strong>De</strong></span> <span class='ocrx_word' id='word_1_283' title='bbox 1619 2475 1726 2528; x_wconf 89' lang='lat' dir='ltr'><strong>quo</strong></span> <span class='ocrx_word' id='word_1_284' title='bbox 1751 2468 1813 2514; x_wconf 76' lang='lat' dir='ltr'><strong>ut.</strong></span> <span class='ocrx_word' id='word_1_285' title='bbox 1839 2459 2089 2528; x_wconf 87' lang='lat' dir='ltr'><strong>aliquan-</strong></span> 
     </span>
    </p>
   </div>
   <div class='ocr_carea' id='block_1_40' title="bbox 502 2551 2086 2627">
    <p class='ocr_par' dir='ltr' id='par_1_40' title="bbox 502 2551 2086 2627">
     <span class='ocr_line' id='line_1_40' title="bbox 502 2551 2086 2627; baseline -0.009 -11"><span class='ocrx_word' id='word_1_286' title='bbox 502 2561 670 2616; x_wconf 80' lang='lat' dir='ltr'><strong>tulum</strong></span> <span class='ocrx_word' id='word_1_287' title='bbox 698 2559 874 2615; x_wconf 89' lang='lat' dir='ltr'><strong>dicam</strong></span> <span class='ocrx_word' id='word_1_288' title='bbox 901 2573 916 2610; x_wconf 89' lang='lat'><strong>:</strong></span> <span class='ocrx_word' id='word_1_289' title='bbox 942 2569 1040 2627; x_wconf 90' lang='lat' dir='ltr'><strong>per</strong></span> <span class='ocrx_word' id='word_1_290' title='bbox 1066 2554 1340 2610; x_wconf 86' lang='lat' dir='ltr'><strong>indoctam</strong></span> <span class='ocrx_word' id='word_1_291' title='bbox 1371 2553 1464 2609; x_wconf 87' lang='lat' dir='ltr'><strong>Dei</strong></span> <span class='ocrx_word' id='word_1_292' title='bbox 1492 2551 1836 2623; x_wconf 85' lang='lat' dir='ltr'><strong>sapientiam,</strong></span> <span class='ocrx_word' id='word_1_293' title='bbox 1867 2551 2086 2604; x_wconf 87' lang='lat' dir='ltr'><strong>stultam</strong></span> 
     </span>
    </p>
   </div>
   <div class='ocr_carea' id='block_1_41' title="bbox 497 2639 2087 2719">
    <p class='ocr_par' dir='ltr' id='par_1_41' title="bbox 497 2639 2087 2719">
     <span class='ocr_line' id='line_1_41' title="bbox 497 2639 2087 2719; baseline -0.011 -11"><span class='ocrx_word' id='word_1_294' title='bbox 497 2651 737 2708; x_wconf 83' lang='lat' dir='ltr'><strong>ostendit</strong></span> <span class='ocrx_word' id='word_1_295' title='bbox 781 2645 1261 2719; x_wconf 77' lang='lat' dir='ltr'><strong>grammaticorum</strong></span> <span class='ocrx_word' id='word_1_296' title='bbox 1305 2642 1546 2697; x_wconf 81' lang='lat' dir='ltr'><strong>inflatam</strong></span> <span class='ocrx_word' id='word_1_297' title='bbox 1592 2641 1918 2704; x_wconf 85' lang='lat' dir='ltr'><strong>doctrinam,</strong></span> <span class='ocrx_word' id='word_1_298' title='bbox 1959 2639 2087 2693; x_wconf 87' lang='lat' dir='ltr'><strong>dum</strong></span> 
     </span>
    </p>
   </div>
   <div class='ocr_carea' id='block_1_42' title="bbox 500 2731 2086 2814">
    <p class='ocr_par' dir='ltr' id='par_1_42' title="bbox 500 2731 2086 2814">
     <span class='ocr_line' id='line_1_42' title="bbox 500 2731 2086 2814; baseline -0.009 -15"><span class='ocrx_word' id='word_1_299' title='bbox 500 2743 758 2814; x_wconf 89' lang='lat' dir='ltr'><strong>quicquid</strong></span> <span class='ocrx_word' id='word_1_300' title='bbox 805 2739 974 2795; x_wconf 88' lang='lat' dir='ltr'><strong>seculi</strong></span> <span class='ocrx_word' id='word_1_301' title='bbox 1027 2737 1152 2802; x_wconf 89' lang='lat' dir='ltr'><strong>fuit,</strong></span> <span class='ocrx_word' id='word_1_302' title='bbox 1202 2735 1469 2792; x_wconf 87' lang='lat' dir='ltr'><strong>sollicitus</strong></span> <span class='ocrx_word' id='word_1_303' title='bbox 1519 2734 1684 2800; x_wconf 88' lang='lat' dir='ltr'><strong>cavit,</strong></span> <span class='ocrx_word' id='word_1_304' title='bbox 1728 2742 1784 2788; x_wconf 91' lang='lat' dir='ltr'><strong>et</strong></span> <span class='ocrx_word' id='word_1_305' title='bbox 1828 2748 1948 2801; x_wconf 76' lang='lat' dir='ltr'><strong>qua:</strong></span> <span class='ocrx_word' id='word_1_306' title='bbox 1995 2731 2086 2784; x_wconf 80' lang='lat' dir='ltr'><strong>Dei</strong></span> 
     </span>
    </p>
   </div>
   <div class='ocr_carea' id='block_1_43' title="bbox 498 2823 2089 2902">
    <p class='ocr_par' dir='ltr' id='par_1_43' title="bbox 498 2823 2089 2902">
     <span class='ocr_line' id='line_1_43' title="bbox 498 2823 2089 2902; baseline -0.008 -11"><span class='ocrx_word' id='word_1_307' title='bbox 498 2845 649 2902; x_wconf 89' lang='lat' dir='ltr'><strong>sunt,</strong></span> <span class='ocrx_word' id='word_1_308' title='bbox 685 2833 860 2889; x_wconf 78' lang='lat' dir='ltr'><strong>fidelis</strong></span> <span class='ocrx_word' id='word_1_309' title='bbox 889 2841 1148 2902; x_wconf 87' lang='lat' dir='ltr'><strong>operator</strong></span> <span class='ocrx_word' id='word_1_310' title='bbox 1182 2827 1516 2898; x_wconf 86' lang='lat' dir='ltr'><strong>adimplevit.</strong></span> <span class='ocrx_word' id='word_1_311' title='bbox 1565 2827 1664 2882; x_wconf 91' lang='lat' dir='ltr'><strong>llic</strong></span> <span class='ocrx_word' id='word_1_312' title='bbox 1708 2827 1958 2880; x_wconf 87' lang='lat' dir='ltr'><strong>abbatem</strong></span> <span class='ocrx_word' id='word_1_313' title='bbox 1989 2823 2089 2878; x_wconf 79' lang='lat' dir='ltr'><strong>Ri-</strong></span> 
     </span>
    </p>
   </div>
   <div class='ocr_carea' id='block_1_44' title="bbox 500 2917 2092 2994">
    <p class='ocr_par' dir='ltr' id='par_1_44' title="bbox 500 2917 2092 2994">
     <span class='ocr_line' id='line_1_44' title="bbox 500 2917 2092 2994; baseline -0.011 -8"><span class='ocrx_word' id='word_1_314' title='bbox 500 2927 788 2992; x_wconf 77' lang='lat' dir='ltr'><strong>chardum,</strong></span> <span class='ocrx_word' id='word_1_315' title='bbox 835 2923 1148 2994; x_wconf 87' lang='lat' dir='ltr'><strong>religiosum</strong></span> <span class='ocrx_word' id='word_1_316' title='bbox 1189 2919 1475 2975; x_wconf 88' lang='lat' dir='ltr'><strong>admodum</strong></span> <span class='ocrx_word' id='word_1_317' title='bbox 1505 2919 1702 2982; x_wconf 87' lang='lat' dir='ltr'><strong>virum,</strong></span> <span class='ocrx_word' id='word_1_318' title='bbox 1747 2929 1802 2970; x_wconf 84' lang='lat' dir='ltr'><strong>et</strong></span> <span class='ocrx_word' id='word_1_319' title='bbox 1841 2917 2092 2972; x_wconf 81' lang='lat' dir='ltr'><strong>Frederi-</strong></span> 
     </span>
    </p>
   </div>
   <div class='ocr_carea' id='block_1_45' title="bbox 500 3007 2092 3084">
    <p class='ocr_par' dir='ltr' id='par_1_45' title="bbox 500 3007 2092 3084">
     <span class='ocr_line' id='line_1_45' title="bbox 500 3007 2092 3084; baseline -0.008 -9"><span class='ocrx_word' id='word_1_320' title='bbox 500 3035 648 3084; x_wconf 91' lang='lat' dir='ltr'><strong>cum,</strong></span> <span class='ocrx_word' id='word_1_321' title='bbox 678 3015 896 3073; x_wconf 89' lang='lat' dir='ltr'><strong>comitis</strong></span> <span class='ocrx_word' id='word_1_322' title='bbox 947 3012 1195 3068; x_wconf 90' lang='lat' dir='ltr'><strong>Balduini</strong></span> <span class='ocrx_word' id='word_1_323' title='bbox 1245 3009 1568 3067; x_wconf 87' lang='lat' dir='ltr'><strong>avunculum</strong></span> <span class='ocrx_word' id='word_1_324' title='bbox 1618 3009 1769 3080; x_wconf 69' lang='grc'><strong>(11⁸2)</strong></span> <span class='ocrx_word' id='word_1_325' title='bbox 1818 3023 1845 3061; x_wconf 90' lang='lat' dir='ltr'><strong>a</strong></span> <span class='ocrx_word' id='word_1_326' title='bbox 1894 3007 2092 3062; x_wconf 79' lang='lat' dir='ltr'><strong>saeculo</strong></span> 
     </span>
    </p>
   </div>
   <div class='ocr_carea' id='block_1_46' title="bbox 501 3099 2092 3176">
    <p class='ocr_par' dir='ltr' id='par_1_46' title="bbox 501 3099 2092 3176">
     <span class='ocr_line' id='line_1_46' title="bbox 501 3099 2092 3176; baseline -0.009 -10"><span class='ocrx_word' id='word_1_327' title='bbox 501 3121 848 3174; x_wconf 87' lang='lat' dir='ltr'><strong>conversum,</strong></span> <span class='ocrx_word' id='word_1_328' title='bbox 881 3107 1204 3176; x_wconf 89' lang='lat' dir='ltr'><strong>prudentem</strong></span> <span class='ocrx_word' id='word_1_329' title='bbox 1248 3110 1303 3157; x_wconf 92' lang='lat' dir='ltr'><strong>et</strong></span> <span class='ocrx_word' id='word_1_330' title='bbox 1325 3101 1531 3170; x_wconf 89' lang='lat' dir='ltr'><strong>justum</strong></span> <span class='ocrx_word' id='word_1_331' title='bbox 1557 3101 1623 3132; x_wconf 67' lang='grc' dir='ltr'><strong>’θ’</strong></span> <span class='ocrx_word' id='word_1_332' title='bbox 1653 3099 1969 3162; x_wconf 74' lang='lat' dir='ltr'><strong>introduxit,</strong></span> <span class='ocrx_word' id='word_1_333' title='bbox 1997 3113 2092 3166; x_wconf 90' lang='lat' dir='ltr'><strong>per</strong></span> 
     </span>
    </p>
   </div>
   <div class='ocr_carea' id='block_1_47' title="bbox 501 3185 2084 3273">
    <p class='ocr_par' dir='ltr' id='par_1_47' title="bbox 501 3185 2084 3273">
     <span class='ocr_line' id='line_1_47' title="bbox 501 3185 2084 3273; baseline -0.011 -17"><span class='ocrx_word' id='word_1_334' title='bbox 501 3215 664 3273; x_wconf 82' lang='lat' dir='ltr'><strong>quem</strong></span> <span class='ocrx_word' id='word_1_335' title='bbox 691 3199 844 3254; x_wconf 86' lang='lat' dir='ltr'><strong>locus</strong></span> <span class='ocrx_word' id='word_1_336' title='bbox 875 3195 964 3261; x_wconf 80' lang='lat' dir='ltr'><strong>ille</strong></span> <span class='ocrx_word' id='word_1_337' title='bbox 991 3195 1044 3250; x_wconf 88' lang='lat' dir='ltr'><strong>in</strong></span> <span class='ocrx_word' id='word_1_338' title='bbox 1081 3195 1267 3248; x_wconf 80' lang='lat' dir='ltr'><strong>sancta</strong></span> <span class='ocrx_word' id='word_1_339' title='bbox 1298 3191 1560 3262; x_wconf 66' lang='lat' dir='ltr'><strong>reﬁgione</strong></span> <span class='ocrx_word' id='word_1_340' title='bbox 1589 3197 1644 3244; x_wconf 91' lang='lat' dir='ltr'><strong>et</strong></span> <span class='ocrx_word' id='word_1_341' title='bbox 1676 3189 1859 3242; x_wconf 87' lang='lat' dir='ltr'><strong>mundi</strong></span> <span class='ocrx_word' id='word_1_342' title='bbox 1909 3185 2084 3240; x_wconf 84' lang='lat' dir='ltr'><strong>facul-</strong></span> 
     </span>
    </p>
   </div>
   <div class='ocr_carea' id='block_1_48' title="bbox 503 3279 2086 3360">
    <p class='ocr_par' dir='ltr' id='par_1_48' title="bbox 503 3279 2086 3360">
     <span class='ocr_line' id='line_1_48' title="bbox 503 3279 2086 3360; baseline -0.009 -14"><span class='ocrx_word' id='word_1_343' title='bbox 503 3299 616 3346; x_wconf 88' lang='lat' dir='ltr'><strong>tate</strong></span> <span class='ocrx_word' id='word_1_344' title='bbox 645 3289 810 3360; x_wconf 73' lang='lat' dir='ltr'><strong>ccepit</strong></span> <span class='ocrx_word' id='word_1_345' title='bbox 848 3285 1073 3357; x_wconf 88' lang='lat' dir='ltr'><strong>pollere,</strong></span> <span class='ocrx_word' id='word_1_346' title='bbox 1109 3293 1164 3338; x_wconf 92' lang='lat' dir='ltr'><strong>et</strong></span> <span class='ocrx_word' id='word_1_347' title='bbox 1193 3283 1262 3338; x_wconf 91' lang='lat' dir='ltr'><strong>ab</strong></span> <span class='ocrx_word' id='word_1_348' title='bbox 1289 3297 1356 3338; x_wconf 89' lang='lat' dir='ltr'><strong>eo</strong></span> <span class='ocrx_word' id='word_1_349' title='bbox 1393 3281 1542 3353; x_wconf 74' lang='lat'><strong>(“5)</strong></span> <span class='ocrx_word' id='word_1_350' title='bbox 1581 3281 1700 3336; x_wconf 89' lang='lat' dir='ltr'><strong>loco</strong></span> <span class='ocrx_word' id='word_1_351' title='bbox 1741 3279 2086 3349; x_wconf 78' lang='lat' dir='ltr'><strong>subrogatus,</strong></span> 
     </span>
    </p>
   </div>
   <div class='ocr_carea' id='block_1_49' title="bbox 503 3371 2086 3446">
    <p class='ocr_par' dir='ltr' id='par_1_49' title="bbox 503 3371 2086 3446">
     <span class='ocr_line' id='line_1_49' title="bbox 503 3371 2086 3446; baseline -0.01 -7"><span class='ocrx_word' id='word_1_352' title='bbox 503 3383 778 3446; x_wconf 89' lang='lat' dir='ltr'><strong>nobiliter,</strong></span> <span class='ocrx_word' id='word_1_353' title='bbox 811 3389 872 3435; x_wconf 88' lang='lat' dir='ltr'><strong>ut</strong></span> <span class='ocrx_word' id='word_1_354' title='bbox 900 3379 1114 3438; x_wconf 83' lang='lat' dir='ltr'><strong>decuit.</strong></span> <span class='ocrx_word' id='word_1_355' title='bbox 1145 3375 1199 3430; x_wconf 90' lang='lat' dir='ltr'><strong>in</strong></span> <span class='ocrx_word' id='word_1_356' title='bbox 1227 3376 1480 3431; x_wconf 89' lang='lat' dir='ltr'><strong>omnibus</strong></span> <span class='ocrx_word' id='word_1_357' title='bbox 1510 3375 1668 3430; x_wconf 79' lang='lat' dir='ltr'><strong>bonis</strong></span> <span class='ocrx_word' id='word_1_358' title='bbox 1699 3372 2013 3442; x_wconf 88' lang='lat' dir='ltr'><strong>permansit.</strong></span> <span class='ocrx_word' id='word_1_359' title='bbox 2041 3371 2086 3424; x_wconf 81' lang='grc' dir='ltr'><strong>Δ</strong></span> 
     </span>
    </p>
   </div>
   <div class='ocr_carea' id='block_1_50' title="bbox 501 3466 2088 3539">
    <p class='ocr_par' dir='ltr' id='par_1_50' title="bbox 501 3466 2088 3539">
     <span class='ocr_line' id='line_1_50' title="bbox 501 3466 2088 3539; baseline -0.008 -7"><span class='ocrx_word' id='word_1_360' title='bbox 501 3476 856 3532; x_wconf 84' lang='lat' dir='ltr'><strong>fundamento</strong></span> <span class='ocrx_word' id='word_1_361' title='bbox 883 3469 1274 3526; x_wconf 89' lang='lat' dir='ltr'><strong>monasterium</strong></span> <span class='ocrx_word' id='word_1_362' title='bbox 1311 3469 1638 3523; x_wconf 85' lang='lat' dir='ltr'><strong>restauravit</strong></span> <span class='ocrx_word' id='word_1_363' title='bbox 1684 3469 1794 3539; x_wconf 84' lang='lat' dir='ltr'><strong>(an.</strong></span> <span class='ocrx_word' id='word_1_364' title='bbox 1832 3466 1988 3534; x_wconf 81' lang='grc'><strong>1051)</strong></span> <span class='ocrx_word' id='word_1_365' title='bbox 2033 3473 2088 3520; x_wconf 91' lang='lat' dir='ltr'><strong>et</strong></span> 
     </span>
    </p>
   </div>
   <div class='ocr_carea' id='block_1_51' title="bbox 508 3555 2088 3628">
    <p class='ocr_par' dir='ltr' id='par_1_51' title="bbox 508 3555 2088 3628">
     <span class='ocr_line' id='line_1_51' title="bbox 508 3555 2088 3628; baseline -0.008 -7"><span class='ocrx_word' id='word_1_366' title='bbox 508 3565 766 3621; x_wconf 89' lang='lat' dir='ltr'><strong>omnibus</strong></span> <span class='ocrx_word' id='word_1_367' title='bbox 799 3559 1131 3617; x_wconf 89' lang='lat' dir='ltr'><strong>utilitatibus</strong></span> <span class='ocrx_word' id='word_1_368' title='bbox 1163 3557 1462 3628; x_wconf 85' lang='lat' dir='ltr'><strong>ampliavit,</strong></span> <span class='ocrx_word' id='word_1_369' title='bbox 1497 3566 1551 3611; x_wconf 88' lang='lat' dir='ltr'><strong>et</strong></span> <span class='ocrx_word' id='word_1_370' title='bbox 1577 3557 1628 3610; x_wconf 91' lang='lat' dir='ltr'><strong>iu</strong></span> <span class='ocrx_word' id='word_1_371' title='bbox 1657 3555 2088 3626; x_wconf 84' lang='lat' dir='ltr'><strong>omnibusjusti-</strong></span> 
     </span>
    </p>
   </div>
   <div class='ocr_carea' id='block_1_52' title="bbox 504 3647 2086 3718">
    <p class='ocr_par' dir='ltr' id='par_1_52' title="bbox 504 3647 2086 3718">
     <span class='ocr_line' id='line_1_52' title="bbox 504 3647 2086 3718; baseline -0.01 -4"><span class='ocrx_word' id='word_1_372' title='bbox 504 3655 854 3714; x_wconf 85' lang='lat' dir='ltr'><strong>ﬁcationibus</strong></span> <span class='ocrx_word' id='word_1_373' title='bbox 881 3650 1094 3708; x_wconf 90' lang='lat' dir='ltr'><strong>Domini</strong></span> <span class='ocrx_word' id='word_1_374' title='bbox 1125 3650 1243 3703; x_wconf 90' lang='lat' dir='ltr'><strong>sine</strong></span> <span class='ocrx_word' id='word_1_375' title='bbox 1283 3648 1498 3718; x_wconf 77' lang='lat' dir='ltr'><strong>querela</strong></span> <span class='ocrx_word' id='word_1_376' title='bbox 1533 3649 1683 3700; x_wconf 76' lang='lat' dir='ltr'><strong>vixit.</strong></span> <span class='ocrx_word' id='word_1_377' title='bbox 1737 3647 1894 3710; x_wconf 90' lang='lat' dir='ltr'><strong>lluic,</strong></span> <span class='ocrx_word' id='word_1_378' title='bbox 1941 3655 2086 3714; x_wconf 86' lang='lat' dir='ltr'><strong>post-</strong></span> 
     </span>
    </p>
   </div>
   <div class='ocr_carea' id='block_1_53' title="bbox 504 3737 2090 3818">
    <p class='ocr_par' dir='ltr' id='par_1_53' title="bbox 504 3737 2090 3818">
     <span class='ocr_line' id='line_1_53' title="bbox 504 3737 2090 3818; baseline -0.01 -15"><span class='ocrx_word' id='word_1_379' title='bbox 504 3763 668 3818; x_wconf 86' lang='lat' dir='ltr'><strong>quam</strong></span> <span class='ocrx_word' id='word_1_380' title='bbox 713 3760 839 3800; x_wconf 88' lang='lat' dir='ltr'><strong>eum</strong></span> <span class='ocrx_word' id='word_1_381' title='bbox 889 3741 1032 3796; x_wconf 87' lang='lat' dir='ltr'><strong>Deus</strong></span> <span class='ocrx_word' id='word_1_382' title='bbox 1084 3739 1220 3800; x_wconf 84' lang='lat' dir='ltr'><strong>tulit,</strong></span> <span class='ocrx_word' id='word_1_383' title='bbox 1278 3739 1448 3792; x_wconf 90' lang='lat' dir='ltr'><strong>ahhas</strong></span> <span class='ocrx_word' id='word_1_384' title='bbox 1500 3737 1738 3792; x_wconf 83' lang='lat' dir='ltr'><strong>Joannes</strong></span> <span class='ocrx_word' id='word_1_385' title='bbox 1795 3737 2090 3798; x_wconf 87' lang='lat' dir='ltr'><strong>successit,</strong></span> 
     </span>
    </p>
   </div>
   <div class='ocr_carea' id='block_1_54' title="bbox 506 3825 2094 3898">
    <p class='ocr_par' dir='ltr' id='par_1_54' title="bbox 506 3825 2094 3898">
     <span class='ocr_line' id='line_1_54' title="bbox 506 3825 2094 3898; baseline -0.008 -6"><span class='ocrx_word' id='word_1_386' title='bbox 506 3836 714 3892; x_wconf 88' lang='lat' dir='ltr'><strong>electus</strong></span> <span class='ocrx_word' id='word_1_387' title='bbox 742 3849 772 3886; x_wconf 91' lang='lat' dir='ltr'><strong>a</strong></span> <span class='ocrx_word' id='word_1_388' title='bbox 802 3831 1085 3894; x_wconf 79' lang='lat' dir='ltr'><strong>fratribus,</strong></span> <span class='ocrx_word' id='word_1_389' title='bbox 1109 3831 1308 3884; x_wconf 91' lang='lat' dir='ltr'><strong>domno</strong></span> <span class='ocrx_word' id='word_1_390' title='bbox 1336 3829 1587 3898; x_wconf 88' lang='lat' dir='ltr'><strong>episcopo</strong></span> <span class='ocrx_word' id='word_1_391' title='bbox 1618 3825 1860 3882; x_wconf 86' lang='lat' dir='ltr'><strong>Gerardo</strong></span> <span class='ocrx_word' id='word_1_392' title='bbox 1883 3826 2094 3881; x_wconf 88' lang='lat' dir='ltr'><strong>favente</strong></span> 
     </span>
    </p>
   </div>
   <div class='ocr_carea' id='block_1_55' title="bbox 506 3922 1270 3984">
    <p class='ocr_par' dir='ltr' id='par_1_55' title="bbox 506 3922 1270 3984">
     <span class='ocr_line' id='line_1_55' title="bbox 506 3922 1270 3984; baseline -0.01 0"><span class='ocrx_word' id='word_1_393' title='bbox 506 3943 628 3984; x_wconf 90' lang='lat' dir='ltr'><strong>cum</strong></span> <span class='ocrx_word' id='word_1_394' title='bbox 665 3926 865 3982; x_wconf 91' lang='lat' dir='ltr'><strong>comite</strong></span> <span class='ocrx_word' id='word_1_395' title='bbox 893 3923 1157 3979; x_wconf 88' lang='lat' dir='ltr'><strong>Balduino</strong></span> <span class='ocrx_word' id='word_1_396' title='bbox 1178 3922 1270 3976; x_wconf 75' lang='grc' dir='ltr'><strong>³ου.</strong></span> 
     </span>
    </p>
   </div>
   <div class='ocr_carea' id='block_1_56' title="bbox 579 4008 2087 4079">
    <p class='ocr_par' dir='ltr' id='par_1_56' title="bbox 579 4008 2087 4079">
     <span class='ocr_line' id='line_1_56' title="bbox 579 4008 2087 4079; baseline -0.003 -9"><span class='ocrx_word' id='word_1_397' title='bbox 579 4017 670 4071; x_wconf 86' lang='lat'><strong>60.</strong></span> <span class='ocrx_word' id='word_1_398' title='bbox 713 4034 732 4068; x_wconf 76' lang='grc' dir='ltr'>ι</span> <span class='ocrx_word' id='word_1_399' title='bbox 769 4015 999 4071; x_wconf 82' lang='lat' dir='ltr'><strong>Domino</strong></span> <span class='ocrx_word' id='word_1_400' title='bbox 1041 4013 1297 4069; x_wconf 84' lang='lat' dir='ltr'><strong>Heiurico</strong></span> <span class='ocrx_word' id='word_1_401' title='bbox 1341 4019 1689 4079; x_wconf 79' lang='lat' dir='ltr'><strong>augustorum</strong></span> <span class='ocrx_word' id='word_1_402' title='bbox 1721 4008 2087 4074; x_wconf 80' lang='lat' dir='ltr'><strong>serenissima,</strong></span> 
     </span>
    </p>
   </div>
   <div class='ocr_carea' id='block_1_57' title="bbox 505 4103 2090 4180">
    <p class='ocr_par' dir='ltr' id='par_1_57' title="bbox 505 4103 2090 4180">
     <span class='ocr_line' id='line_1_57' title="bbox 505 4103 2090 4180; baseline -0.009 -12"><span class='ocrx_word' id='word_1_403' title='bbox 505 4109 782 4168; x_wconf 87' lang='lat' dir='ltr'><strong>Gerardus</strong></span> <span class='ocrx_word' id='word_1_404' title='bbox 809 4111 1184 4180; x_wconf 88' lang='lat' dir='ltr'><strong>episcoporum</strong></span> <span class='ocrx_word' id='word_1_405' title='bbox 1215 4105 1436 4159; x_wconf 89' lang='lat' dir='ltr'><strong>ultimus</strong></span> <span class='ocrx_word' id='word_1_406' title='bbox 1465 4112 1520 4158; x_wconf 89' lang='lat' dir='ltr'><strong>et</strong></span> <span class='ocrx_word' id='word_1_407' title='bbox 1544 4117 1824 4157; x_wconf 86' lang='lat' dir='ltr'><strong>servorum</strong></span> <span class='ocrx_word' id='word_1_408' title='bbox 1855 4103 1944 4156; x_wconf 88' lang='lat' dir='ltr'><strong>Dei</strong></span> <span class='ocrx_word' id='word_1_409' title='bbox 1973 4117 2090 4156; x_wconf 90' lang='lat' dir='ltr'><strong>ser-</strong></span> 
     </span>
    </p>
   </div>
   <div class='ocr_carea' id='block_1_58' title="bbox 506 4193 2091 4272">
    <p class='ocr_par' dir='ltr' id='par_1_58' title="bbox 506 4193 2091 4272">
     <span class='ocr_line' id='line_1_58' title="bbox 506 4193 2091 4272; baseline -0.004 -16"><span class='ocrx_word' id='word_1_410' title='bbox 506 4219 626 4268; x_wconf 87' lang='lat' dir='ltr'><strong>vus,</strong></span> <span class='ocrx_word' id='word_1_411' title='bbox 658 4202 806 4272; x_wconf 88' lang='lat' dir='ltr'><strong>pacis</strong></span> <span class='ocrx_word' id='word_1_412' title='bbox 843 4210 899 4255; x_wconf 88' lang='lat' dir='ltr'><strong>et</strong></span> <span class='ocrx_word' id='word_1_413' title='bbox 944 4197 1136 4254; x_wconf 89' lang='lat' dir='ltr'><strong>salutis</strong></span> <span class='ocrx_word' id='word_1_414' title='bbox 1169 4203 1440 4268; x_wconf 76' lang='lat' dir='ltr'><strong>perpetua:</strong></span> <span class='ocrx_word' id='word_1_415' title='bbox 1487 4208 1685 4248; x_wconf 90' lang='lat' dir='ltr'><strong>munus</strong></span> <span class='ocrx_word' id='word_1_416' title='bbox 1714 4193 1803 4247; x_wconf 85' lang='grc'><strong>³⁰¹.</strong></span> <span class='ocrx_word' id='word_1_417' title='bbox 1844 4193 2091 4249; x_wconf 85' lang='lat' dir='ltr'><strong>Peccatis</strong></span> 
     </span>
    </p>
   </div>
   <div class='ocr_carea' id='block_1_59' title="bbox 507 4283 2090 4360">
    <p class='ocr_par' dir='ltr' id='par_1_59' title="bbox 507 4283 2090 4360">
     <span class='ocr_line' id='line_1_59' title="bbox 507 4283 2090 4360; baseline -0.006 -12"><span class='ocrx_word' id='word_1_418' title='bbox 507 4294 644 4348; x_wconf 91' lang='lat' dir='ltr'><strong>meis</strong></span> <span class='ocrx_word' id='word_1_419' title='bbox 689 4294 792 4348; x_wconf 91' lang='lat' dir='ltr'><strong>hoc</strong></span> <span class='ocrx_word' id='word_1_420' title='bbox 845 4299 1056 4360; x_wconf 87' lang='lat' dir='ltr'><strong>reputo,</strong></span> <span class='ocrx_word' id='word_1_421' title='bbox 1103 4297 1164 4342; x_wconf 92' lang='lat' dir='ltr'><strong>ut</strong></span> <span class='ocrx_word' id='word_1_422' title='bbox 1203 4287 1455 4342; x_wconf 84' lang='lat' dir='ltr'><strong>solatium</strong></span> <span class='ocrx_word' id='word_1_423' title='bbox 1494 4283 1907 4354; x_wconf 87' lang='lat' dir='ltr'><strong>qualecumque,</strong></span> <span class='ocrx_word' id='word_1_424' title='bbox 1947 4284 2090 4354; x_wconf 88' lang='lat' dir='ltr'><strong>quod</strong></span> 
     </span>
    </p>
   </div>
   <div class='ocr_carea' id='block_1_60' title="bbox 2187 1907 3784 1984">
    <p class='ocr_par' dir='ltr' id='par_1_60' title="bbox 2187 1907 3784 1984">
     <span class='ocr_line' id='line_1_60' title="bbox 2187 1907 3784 1984; baseline 0.005 -24"><span class='ocrx_word' id='word_1_425' title='bbox 2187 1909 2337 1978; x_wconf 77' lang='lat' dir='ltr'><strong>virga</strong></span> <span class='ocrx_word' id='word_1_426' title='bbox 2368 1907 2671 1979; x_wconf 74' lang='lat' dir='ltr'><strong>disciplinae</strong></span> <span class='ocrx_word' id='word_1_427' title='bbox 2711 1919 2910 1965; x_wconf 84' lang='lat' dir='ltr'><strong>vestrae</strong></span> <span class='ocrx_word' id='word_1_428' title='bbox 2959 1910 3223 1966; x_wconf 89' lang='lat' dir='ltr'><strong>habuerat</strong></span> <span class='ocrx_word' id='word_1_429' title='bbox 3269 1911 3418 1984; x_wconf 76' lang='grc'><strong>(415)</strong></span> <span class='ocrx_word' id='word_1_430' title='bbox 3461 1912 3661 1968; x_wconf 77' lang='lat' dir='ltr'><strong>facere.</strong></span> <span class='ocrx_word' id='word_1_431' title='bbox 3710 1913 3784 1969; x_wconf 71' lang='lat' dir='ltr'><strong>Et</strong></span> 
     </span>
    </p>
   </div>
   <div class='ocr_carea' id='block_1_61' title="bbox 2179 1998 3781 2073">
    <p class='ocr_par' dir='ltr' id='par_1_61' title="bbox 2179 1998 3781 2073">
     <span class='ocr_line' id='line_1_61' title="bbox 2179 1998 3781 2073; baseline 0.002 -19"><span class='ocrx_word' id='word_1_432' title='bbox 2179 2000 2305 2054; x_wconf 71' lang='lat' dir='ltr'><strong>inec</strong></span> <span class='ocrx_word' id='word_1_433' title='bbox 2333 1998 2487 2068; x_wconf 88' lang='lat' dir='ltr'><strong>cujus</strong></span> <span class='ocrx_word' id='word_1_434' title='bbox 2515 2000 2620 2054; x_wconf 91' lang='lat' dir='ltr'><strong>nisi</strong></span> <span class='ocrx_word' id='word_1_435' title='bbox 2660 2001 2810 2072; x_wconf 76' lang='lat' dir='ltr'><strong>regni</strong></span> <span class='ocrx_word' id='word_1_436' title='bbox 2853 2003 3062 2072; x_wconf 79' lang='lat' dir='ltr'><strong>gratia?</strong></span> <span class='ocrx_word' id='word_1_437' title='bbox 3101 2003 3141 2056; x_wconf 85' lang='lat' dir='ltr'><strong>E</strong></span> <span class='ocrx_word' id='word_1_438' title='bbox 3171 2012 3360 2057; x_wconf 87' lang='lat' dir='ltr'><strong>contra</strong></span> <span class='ocrx_word' id='word_1_439' title='bbox 3384 2003 3454 2036; x_wconf 79' lang='grc'><strong>⁸⁰¹</strong></span> <span class='ocrx_word' id='word_1_440' title='bbox 3480 2003 3781 2073; x_wconf 77' lang='lat' dir='ltr'><strong>adgravata</strong></span> 
     </span>
    </p>
   </div>
   <div class='ocr_carea' id='block_1_62' title="bbox 2188 2094 3782 2168">
    <p class='ocr_par' dir='ltr' id='par_1_62' title="bbox 2188 2094 3782 2168">
     <span class='ocr_line' id='line_1_62' title="bbox 2188 2094 3782 2168; baseline 0.003 -20"><span class='ocrx_word' id='word_1_441' title='bbox 2188 2102 2272 2148; x_wconf 90' lang='lat' dir='ltr'><strong>est</strong></span> <span class='ocrx_word' id='word_1_442' title='bbox 2306 2108 2499 2148; x_wconf 88' lang='lat' dir='ltr'><strong>manus</strong></span> <span class='ocrx_word' id='word_1_443' title='bbox 2540 2094 2712 2163; x_wconf 77' lang='lat' dir='ltr'><strong>plaga:</strong></span> <span class='ocrx_word' id='word_1_444' title='bbox 2733 2103 2926 2148; x_wconf 76' lang='lat' dir='ltr'><strong>vestrae</strong></span> <span class='ocrx_word' id='word_1_445' title='bbox 2958 2111 3120 2164; x_wconf 88' lang='lat' dir='ltr'><strong>super</strong></span> <span class='ocrx_word' id='word_1_446' title='bbox 3149 2109 3268 2159; x_wconf 85' lang='lat' dir='ltr'><strong>nos,</strong></span> <span class='ocrx_word' id='word_1_447' title='bbox 3293 2095 3509 2167; x_wconf 88' lang='lat' dir='ltr'><strong>quando</strong></span> <span class='ocrx_word' id='word_1_448' title='bbox 3533 2097 3782 2168; x_wconf 88' lang='lat' dir='ltr'><strong>parvitas</strong></span> 
     </span>
    </p>
   </div>
   <div class='ocr_carea' id='block_1_63' title="bbox 2190 2184 3780 2257">
    <p class='ocr_par' dir='ltr' id='par_1_63' title="bbox 2190 2184 3780 2257">
     <span class='ocr_line' id='line_1_63' title="bbox 2190 2184 3780 2257; baseline 0.003 -19"><span class='ocrx_word' id='word_1_449' title='bbox 2190 2191 2380 2239; x_wconf 89' lang='lat' dir='ltr'><strong>nostra</strong></span> <span class='ocrx_word' id='word_1_450' title='bbox 2403 2184 2583 2239; x_wconf 89' lang='lat' dir='ltr'><strong>minus</strong></span> <span class='ocrx_word' id='word_1_451' title='bbox 2609 2185 2798 2239; x_wconf 88' lang='lat' dir='ltr'><strong>idonea</strong></span> <span class='ocrx_word' id='word_1_452' title='bbox 2825 2193 2907 2242; x_wconf 90' lang='lat' dir='ltr'><strong>est</strong></span> <span class='ocrx_word' id='word_1_453' title='bbox 2935 2187 3118 2240; x_wconf 89' lang='lat' dir='ltr'><strong>habita</strong></span> <span class='ocrx_word' id='word_1_454' title='bbox 3143 2187 3281 2257; x_wconf 88' lang='lat' dir='ltr'><strong>apud</strong></span> <span class='ocrx_word' id='word_1_455' title='bbox 3309 2201 3422 2243; x_wconf 89' lang='lat' dir='ltr'><strong>vos.</strong></span> <span class='ocrx_word' id='word_1_456' title='bbox 3453 2187 3568 2244; x_wconf 85' lang='lat' dir='ltr'><strong>Hoc</strong></span> <span class='ocrx_word' id='word_1_457' title='bbox 3595 2198 3780 2243; x_wconf 85' lang='lat' dir='ltr'><strong>tamen</strong></span> 
     </span>
    </p>
   </div>
   <div class='ocr_carea' id='block_1_64' title="bbox 2191 2277 3784 2348">
    <p class='ocr_par' dir='ltr' id='par_1_64' title="bbox 2191 2277 3784 2348">
     <span class='ocr_line' id='line_1_64' title="bbox 2191 2277 3784 2348; baseline 0.002 -16"><span class='ocrx_word' id='word_1_458' title='bbox 2191 2277 2410 2333; x_wconf 89' lang='lat' dir='ltr'><strong>domino</strong></span> <span class='ocrx_word' id='word_1_459' title='bbox 2455 2277 2599 2343; x_wconf 90' lang='lat' dir='ltr'><strong>dico,</strong></span> <span class='ocrx_word' id='word_1_460' title='bbox 2631 2285 2692 2331; x_wconf 92' lang='lat' dir='ltr'><strong>ut</strong></span> <span class='ocrx_word' id='word_1_461' title='bbox 2735 2277 2802 2332; x_wconf 92' lang='lat' dir='ltr'><strong>de</strong></span> <span class='ocrx_word' id='word_1_462' title='bbox 2848 2293 2935 2333; x_wconf 89' lang='lat' dir='ltr'><strong>me</strong></span> <span class='ocrx_word' id='word_1_463' title='bbox 2978 2278 3114 2332; x_wconf 88' lang='lat' dir='ltr'><strong>mala</strong></span> <span class='ocrx_word' id='word_1_464' title='bbox 3148 2279 3398 2348; x_wconf 72' lang='lat' dir='ltr'><strong>qumlibct</strong></span> <span class='ocrx_word' id='word_1_465' title='bbox 3443 2281 3682 2346; x_wconf 89' lang='lat' dir='ltr'><strong>estimet,</strong></span> <span class='ocrx_word' id='word_1_466' title='bbox 3714 2283 3784 2335; x_wconf 87' lang='lat' dir='ltr'><strong>de</strong></span> 
     </span>
    </p>
   </div>
   <div class='ocr_carea' id='block_1_65' title="bbox 2191 2369 3780 2440">
    <p class='ocr_par' dir='ltr' id='par_1_65' title="bbox 2191 2369 3780 2440">
     <span class='ocr_line' id='line_1_65' title="bbox 2191 2369 3780 2440; baseline 0.002 -17"><span class='ocrx_word' id='word_1_467' title='bbox 2191 2369 2425 2423; x_wconf 90' lang='lat' dir='ltr'><strong>utilitate</strong></span> <span class='ocrx_word' id='word_1_468' title='bbox 2453 2384 2584 2423; x_wconf 90' lang='lat' dir='ltr'><strong>vero</strong></span> <span class='ocrx_word' id='word_1_469' title='bbox 2609 2377 2664 2423; x_wconf 90' lang='lat' dir='ltr'><strong>et</strong></span> <span class='ocrx_word' id='word_1_470' title='bbox 2685 2385 2844 2424; x_wconf 90' lang='lat' dir='ltr'><strong>causa</strong></span> <span class='ocrx_word' id='word_1_471' title='bbox 2874 2371 3027 2439; x_wconf 88' lang='lat' dir='ltr'><strong>quasi</strong></span> <span class='ocrx_word' id='word_1_472' title='bbox 3057 2371 3386 2440; x_wconf 88' lang='lat' dir='ltr'><strong>provisionis</strong></span> <span class='ocrx_word' id='word_1_473' title='bbox 3423 2381 3624 2428; x_wconf 83' lang='lat' dir='ltr'><strong>nostrae</strong></span> <span class='ocrx_word' id='word_1_474' title='bbox 3669 2388 3780 2428; x_wconf 86' lang='lat' dir='ltr'><strong>non</strong></span> 
     </span>
    </p>
   </div>
   <div class='ocr_carea' id='block_1_66' title="bbox 2189 2458 3780 2529">
    <p class='ocr_par' dir='ltr' id='par_1_66' title="bbox 2189 2458 3780 2529">
     <span class='ocr_line' id='line_1_66' title="bbox 2189 2458 3780 2529; baseline 0.003 -17"><span class='ocrx_word' id='word_1_475' title='bbox 2189 2458 2522 2527; x_wconf 87' lang='lat' dir='ltr'><strong>quibuslibet</strong></span> <span class='ocrx_word' id='word_1_476' title='bbox 2561 2459 2680 2528; x_wconf 86' lang='lat' dir='ltr'><strong>pias</strong></span> <span class='ocrx_word' id='word_1_477' title='bbox 2715 2474 2876 2515; x_wconf 89' lang='lat' dir='ltr'><strong>aures</strong></span> <span class='ocrx_word' id='word_1_478' title='bbox 2923 2461 3182 2529; x_wconf 83' lang='lat' dir='ltr'><strong>praebeat,</strong></span> <span class='ocrx_word' id='word_1_479' title='bbox 3229 2463 3324 2516; x_wconf 89' lang='lat' dir='ltr'><strong>sed</strong></span> <span class='ocrx_word' id='word_1_480' title='bbox 3369 2478 3468 2518; x_wconf 87' lang='lat' dir='ltr'><strong>eos</strong></span> <span class='ocrx_word' id='word_1_481' title='bbox 3509 2463 3780 2527; x_wconf 89' lang='lat' dir='ltr'><strong>consulat,</strong></span> 
     </span>
    </p>
   </div>
   <div class='ocr_carea' id='block_1_67' title="bbox 2187 2549 3782 2624">
    <p class='ocr_par' dir='ltr' id='par_1_67' title="bbox 2187 2549 3782 2624">
     <span class='ocr_line' id='line_1_67' title="bbox 2187 2549 3782 2624; baseline 0.004 -22"><span class='ocrx_word' id='word_1_482' title='bbox 2187 2549 2386 2619; x_wconf 85' lang='lat' dir='ltr'><strong>quibus</strong></span> <span class='ocrx_word' id='word_1_483' title='bbox 2411 2564 2542 2619; x_wconf 81' lang='lat' dir='ltr'><strong>gens</strong></span> <span class='ocrx_word' id='word_1_484' title='bbox 2591 2558 2646 2603; x_wconf 92' lang='lat' dir='ltr'><strong>et</strong></span> <span class='ocrx_word' id='word_1_485' title='bbox 2685 2551 2857 2619; x_wconf 87' lang='lat' dir='ltr'><strong>patria</strong></span> <span class='ocrx_word' id='word_1_486' title='bbox 2903 2561 2987 2606; x_wconf 91' lang='lat' dir='ltr'><strong>est</strong></span> <span class='ocrx_word' id='word_1_487' title='bbox 3031 2553 3267 2623; x_wconf 82' lang='lat' dir='ltr'><strong>ceguita,</strong></span> <span class='ocrx_word' id='word_1_488' title='bbox 3300 2553 3529 2624; x_wconf 89' lang='lat' dir='ltr'><strong>plusque</strong></span> <span class='ocrx_word' id='word_1_489' title='bbox 3559 2555 3782 2610; x_wconf 85' lang='lat' dir='ltr'><strong>utilitati</strong></span> 
     </span>
    </p>
   </div>
   <div class='ocr_carea' id='block_1_68' title="bbox 2189 2641 3782 2716">
    <p class='ocr_par' dir='ltr' id='par_1_68' title="bbox 2189 2641 3782 2716">
     <span class='ocr_line' id='line_1_68' title="bbox 2189 2641 3782 2716; baseline 0.004 -21"><span class='ocrx_word' id='word_1_490' title='bbox 2189 2657 2353 2710; x_wconf 90' lang='lat' dir='ltr'><strong>quam</strong></span> <span class='ocrx_word' id='word_1_491' title='bbox 2382 2641 2712 2712; x_wconf 78' lang='lat' dir='ltr'><strong>suggestioni</strong></span> <span class='ocrx_word' id='word_1_492' title='bbox 2740 2643 2944 2697; x_wconf 91' lang='lat' dir='ltr'><strong>credat.</strong></span> <span class='ocrx_word' id='word_1_493' title='bbox 2977 2641 3085 2699; x_wconf 81' lang='lat' dir='ltr'><strong>Nec</strong></span> <span class='ocrx_word' id='word_1_494' title='bbox 3121 2653 3298 2698; x_wconf 89' lang='lat' dir='ltr'><strong>tamen</strong></span> <span class='ocrx_word' id='word_1_495' title='bbox 3337 2647 3500 2715; x_wconf 78' lang='lat' dir='ltr'><strong>regiae</strong></span> <span class='ocrx_word' id='word_1_496' title='bbox 3525 2646 3782 2716; x_wconf 74' lang='lat' dir='ltr'><strong>congruit</strong></span> 
     </span>
    </p>
   </div>
   <div class='ocr_carea' id='block_1_69' title="bbox 2193 2733 3784 2806">
    <p class='ocr_par' dir='ltr' id='par_1_69' title="bbox 2193 2733 3784 2806">
     <span class='ocr_line' id='line_1_69' title="bbox 2193 2733 3784 2806; baseline 0.005 -20"><span class='ocrx_word' id='word_1_497' title='bbox 2193 2747 2458 2801; x_wconf 61' lang='lat' dir='ltr'><strong>personae,</strong></span> <span class='ocrx_word' id='word_1_498' title='bbox 2511 2733 2912 2802; x_wconf 79' lang='lat' dir='ltr'><strong>intpugnatores</strong></span> <span class='ocrx_word' id='word_1_499' title='bbox 2959 2735 3222 2790; x_wconf 88' lang='lat' dir='ltr'><strong>hactenus</strong></span> <span class='ocrx_word' id='word_1_500' title='bbox 3267 2739 3418 2806; x_wconf 88' lang='lat' dir='ltr'><strong>pacis</strong></span> <span class='ocrx_word' id='word_1_501' title='bbox 3479 2737 3784 2794; x_wconf 75' lang='lat' dir='ltr'><strong>familiares</strong></span> 
     </span>
    </p>
   </div>
   <div class='ocr_carea' id='block_1_70' title="bbox 2197 2823 3784 2896">
    <p class='ocr_par' dir='ltr' id='par_1_70' title="bbox 2197 2823 3784 2896">
     <span class='ocr_line' id='line_1_70' title="bbox 2197 2823 3784 2896; baseline 0.004 -20"><span class='ocrx_word' id='word_1_502' title='bbox 2197 2823 2419 2886; x_wconf 89' lang='lat' dir='ltr'><strong>habere,</strong></span> <span class='ocrx_word' id='word_1_503' title='bbox 2451 2832 2507 2878; x_wconf 90' lang='lat' dir='ltr'><strong>et</strong></span> <span class='ocrx_word' id='word_1_504' title='bbox 2548 2839 2641 2880; x_wconf 77' lang='lat' dir='ltr'><strong>eos</strong></span> <span class='ocrx_word' id='word_1_505' title='bbox 2687 2839 2783 2893; x_wconf 87' lang='lat' dir='ltr'><strong>per</strong></span> <span class='ocrx_word' id='word_1_506' title='bbox 2821 2841 2958 2895; x_wconf 91' lang='lat' dir='ltr'><strong>quos</strong></span> <span class='ocrx_word' id='word_1_507' title='bbox 2997 2827 3168 2894; x_wconf 77' lang='lat' dir='ltr'><strong>viguit</strong></span> <span class='ocrx_word' id='word_1_508' title='bbox 3212 2827 3400 2895; x_wconf 87' lang='lat' dir='ltr'><strong>procul</strong></span> <span class='ocrx_word' id='word_1_509' title='bbox 3437 2827 3696 2896; x_wconf 87' lang='lat' dir='ltr'><strong>abjicere.</strong></span> <span class='ocrx_word' id='word_1_510' title='bbox 3723 2829 3784 2882; x_wconf 85' lang='lat' dir='ltr'><strong>In</strong></span> 
     </span>
    </p>
   </div>
   <div class='ocr_carea' id='block_1_71' title="bbox 2193 2911 3784 2986">
    <p class='ocr_par' dir='ltr' id='par_1_71' title="bbox 2193 2911 3784 2986">
     <span class='ocr_line' id='line_1_71' title="bbox 2193 2911 3784 2986; baseline 0.004 -20"><span class='ocrx_word' id='word_1_511' title='bbox 2193 2929 2324 2970; x_wconf 91' lang='lat' dir='ltr'><strong>vero</strong></span> <span class='ocrx_word' id='word_1_512' title='bbox 2356 2915 2486 2970; x_wconf 90' lang='lat' dir='ltr'><strong>mihi</strong></span> <span class='ocrx_word' id='word_1_513' title='bbox 2517 2917 2742 2981; x_wconf 88' lang='lat' dir='ltr'><strong>credite,</strong></span> <span class='ocrx_word' id='word_1_514' title='bbox 2771 2917 2898 2986; x_wconf 90' lang='lat' dir='ltr'><strong>quia</strong></span> <span class='ocrx_word' id='word_1_515' title='bbox 2929 2918 3108 2971; x_wconf 90' lang='lat' dir='ltr'><strong>suasio</strong></span> <span class='ocrx_word' id='word_1_516' title='bbox 3143 2917 3245 2970; x_wconf 88' lang='lat' dir='ltr'><strong>ista</strong></span> <span class='ocrx_word' id='word_1_517' title='bbox 3275 2933 3360 2972; x_wconf 89' lang='lat' dir='ltr'><strong>res</strong></span> <span class='ocrx_word' id='word_1_518' title='bbox 3390 2911 3476 2972; x_wconf 86' lang='lat' dir='ltr'><strong>est</strong></span> <span class='ocrx_word' id='word_1_519' title='bbox 3501 2917 3784 2983; x_wconf 88' lang='lat' dir='ltr'><strong>simulata,</strong></span> 
     </span>
    </p>
   </div>
   <div class='ocr_carea' id='block_1_72' title="bbox 2195 3010 3788 3082">
    <p class='ocr_par' dir='ltr' id='par_1_72' title="bbox 2195 3010 3788 3082">
     <span class='ocr_line' id='line_1_72' title="bbox 2195 3010 3788 3082; baseline 0.002 -18"><span class='ocrx_word' id='word_1_520' title='bbox 2195 3025 2300 3064; x_wconf 92' lang='lat' dir='ltr'><strong>non</strong></span> <span class='ocrx_word' id='word_1_521' title='bbox 2330 3025 2482 3075; x_wconf 89' lang='lat' dir='ltr'><strong>vera,</strong></span> <span class='ocrx_word' id='word_1_522' title='bbox 2513 3017 2568 3063; x_wconf 90' lang='lat' dir='ltr'><strong>et</strong></span> <span class='ocrx_word' id='word_1_523' title='bbox 2595 3010 2799 3065; x_wconf 89' lang='lat' dir='ltr'><strong>idcirco</strong></span> <span class='ocrx_word' id='word_1_524' title='bbox 2827 3010 2982 3064; x_wconf 88' lang='lat' dir='ltr'><strong>vobis</strong></span> <span class='ocrx_word' id='word_1_525' title='bbox 3016 3010 3236 3065; x_wconf 88' lang='lat' dir='ltr'><strong>obedire</strong></span> <span class='ocrx_word' id='word_1_526' title='bbox 3264 3011 3468 3078; x_wconf 87' lang='lat' dir='ltr'><strong>distuli,</strong></span> <span class='ocrx_word' id='word_1_527' title='bbox 3505 3012 3634 3082; x_wconf 89' lang='lat' dir='ltr'><strong>quia</strong></span> <span class='ocrx_word' id='word_1_528' title='bbox 3681 3025 3788 3067; x_wconf 76' lang='lat' dir='ltr'><strong>nec</strong></span> 
     </span>
    </p>
   </div>
   <div class='ocr_carea' id='block_1_73' title="bbox 2195 3101 3788 3172">
    <p class='ocr_par' dir='ltr' id='par_1_73' title="bbox 2195 3101 3788 3172">
     <span class='ocr_line' id='line_1_73' title="bbox 2195 3101 3788 3172; baseline 0.003 -18"><span class='ocrx_word' id='word_1_529' title='bbox 2195 3101 2350 3156; x_wconf 85' lang='lat' dir='ltr'><strong>vobis</strong></span> <span class='ocrx_word' id='word_1_530' title='bbox 2383 3116 2480 3156; x_wconf 89' lang='lat' dir='ltr'><strong>nec</strong></span> <span class='ocrx_word' id='word_1_531' title='bbox 2504 3102 2659 3156; x_wconf 88' lang='lat' dir='ltr'><strong>nobis</strong></span> <span class='ocrx_word' id='word_1_532' title='bbox 2685 3102 2840 3172; x_wconf 85' lang='lat' dir='ltr'><strong>quies</strong></span> <span class='ocrx_word' id='word_1_533' title='bbox 2871 3101 3011 3156; x_wconf 90' lang='lat' dir='ltr'><strong>ultra</strong></span> <span class='ocrx_word' id='word_1_534' title='bbox 3043 3110 3307 3157; x_wconf 88' lang='lat' dir='ltr'><strong>maneret.</strong></span> <span class='ocrx_word' id='word_1_535' title='bbox 3339 3103 3481 3158; x_wconf 87' lang='lat' dir='ltr'><strong>Sane</strong></span> <span class='ocrx_word' id='word_1_536' title='bbox 3511 3105 3618 3159; x_wconf 73' lang='lat' dir='ltr'><strong>non</strong></span> <span class='ocrx_word' id='word_1_537' title='bbox 3643 3107 3788 3159; x_wconf 89' lang='lat' dir='ltr'><strong>adeo</strong></span> 
     </span>
    </p>
   </div>
   <div class='ocr_carea' id='block_1_74' title="bbox 2197 3193 3790 3265">
    <p class='ocr_par' dir='ltr' id='par_1_74' title="bbox 2197 3193 3790 3265">
     <span class='ocr_line' id='line_1_74' title="bbox 2197 3193 3790 3265; baseline 0.003 -19"><span class='ocrx_word' id='word_1_538' title='bbox 2197 3193 2415 3257; x_wconf 92' lang='lat' dir='ltr'><strong>mirum,</strong></span> <span class='ocrx_word' id='word_1_539' title='bbox 2449 3193 2490 3246; x_wconf 92' lang='lat' dir='ltr'><strong>si</strong></span> <span class='ocrx_word' id='word_1_540' title='bbox 2523 3193 2590 3246; x_wconf 89' lang='lat' dir='ltr'><strong>ab</strong></span> <span class='ocrx_word' id='word_1_541' title='bbox 2639 3208 2696 3246; x_wconf 89' lang='lat' dir='ltr'><strong>re</strong></span> <span class='ocrx_word' id='word_1_542' title='bbox 2733 3193 2852 3262; x_wconf 91' lang='lat' dir='ltr'><strong>plus</strong></span> <span class='ocrx_word' id='word_1_543' title='bbox 2891 3194 3039 3264; x_wconf 90' lang='lat' dir='ltr'><strong>justo</strong></span> <span class='ocrx_word' id='word_1_544' title='bbox 3080 3195 3212 3248; x_wconf 86' lang='lat' dir='ltr'><strong>mihi</strong></span> <span class='ocrx_word' id='word_1_545' title='bbox 3261 3195 3638 3265; x_wconf 78' lang='lat' dir='ltr'><strong>indignemini,</strong></span> <span class='ocrx_word' id='word_1_546' title='bbox 3677 3197 3790 3250; x_wconf 82' lang='lat' dir='ltr'><strong>sic-</strong></span> 
     </span>
    </p>
   </div>
   <div class='ocr_carea' id='block_1_75' title="bbox 2195 3281 3790 3358">
    <p class='ocr_par' dir='ltr' id='par_1_75' title="bbox 2195 3281 3790 3358">
     <span class='ocr_line' id='line_1_75' title="bbox 2195 3281 3790 3358; baseline 0.004 -24"><span class='ocrx_word' id='word_1_547' title='bbox 2195 3283 2272 3336; x_wconf 88' lang='lat' dir='ltr'><strong>uti</strong></span> <span class='ocrx_word' id='word_1_548' title='bbox 2301 3281 2370 3312; x_wconf 85' lang='grc'><strong>³⁰³</strong></span> <span class='ocrx_word' id='word_1_549' title='bbox 2399 3281 2691 3338; x_wconf 85' lang='lat' dir='ltr'><strong>Mauricius</strong></span> <span class='ocrx_word' id='word_1_550' title='bbox 2723 3283 2986 3354; x_wconf 82' lang='lat' dir='ltr'><strong>Gregorio</strong></span> <span class='ocrx_word' id='word_1_551' title='bbox 3018 3284 3208 3355; x_wconf 67' lang='lat' dir='ltr'><strong>(Getae.</strong></span> <span class='ocrx_word' id='word_1_552' title='bbox 3249 3301 3331 3355; x_wconf 89' lang='lat' dir='ltr'><strong>ep.</strong></span> <span class='ocrx_word' id='word_1_553' title='bbox 3365 3286 3416 3350; x_wconf 74' lang='grc'><strong>4,</strong></span> <span class='ocrx_word' id='word_1_554' title='bbox 3446 3285 3560 3358; x_wconf 81' lang='grc'><strong>51),</strong></span> <span class='ocrx_word' id='word_1_555' title='bbox 3590 3301 3790 3356; x_wconf 89' lang='lat' dir='ltr'><strong>quam-</strong></span> 
     </span>
    </p>
   </div>
   <div class='ocr_carea' id='block_1_76' title="bbox 2197 3373 3784 3448">
    <p class='ocr_par' dir='ltr' id='par_1_76' title="bbox 2197 3373 3784 3448">
     <span class='ocr_line' id='line_1_76' title="bbox 2197 3373 3784 3448; baseline 0.004 -22"><span class='ocrx_word' id='word_1_556' title='bbox 2197 3373 2277 3428; x_wconf 90' lang='lat' dir='ltr'><strong>vis</strong></span> <span class='ocrx_word' id='word_1_557' title='bbox 2325 3373 2484 3442; x_wconf 79' lang='lat' dir='ltr'><strong>longe</strong></span> <span class='ocrx_word' id='word_1_558' title='bbox 2538 3373 2677 3428; x_wconf 87' lang='lat' dir='ltr'><strong>infra</strong></span> <span class='ocrx_word' id='word_1_559' title='bbox 2724 3373 3066 3445; x_wconf 80' lang='lat' dir='ltr'><strong>Gregorium.</strong></span> <span class='ocrx_word' id='word_1_560' title='bbox 3118 3377 3366 3432; x_wconf 52' lang='lat' dir='ltr'><strong>Vet‘cnda</strong></span> <span class='ocrx_word' id='word_1_561' title='bbox 3431 3393 3558 3432; x_wconf 88' lang='lat' dir='ltr'><strong>vero</strong></span> <span class='ocrx_word' id='word_1_562' title='bbox 3615 3395 3784 3448; x_wconf 84' lang='lat' dir='ltr'><strong>quam</strong></span> 
     </span>
    </p>
   </div>
   <div class='ocr_carea' id='block_1_77' title="bbox 2196 3465 3790 3536">
    <p class='ocr_par' dir='ltr' id='par_1_77' title="bbox 2196 3465 3790 3536">
     <span class='ocr_line' id='line_1_77' title="bbox 2196 3465 3790 3536; baseline 0.004 -16"><span class='ocrx_word' id='word_1_563' title='bbox 2196 3467 2360 3520; x_wconf 79' lang='lat' dir='ltr'><strong>sahiit</strong></span> <span class='ocrx_word' id='word_1_564' title='bbox 2413 3465 2704 3522; x_wconf 82' lang='lat' dir='ltr'><strong>Mauricius</strong></span> <span class='ocrx_word' id='word_1_565' title='bbox 2745 3469 3002 3536; x_wconf 86' lang='lat' dir='ltr'><strong>vindicta,</strong></span> <span class='ocrx_word' id='word_1_566' title='bbox 3048 3469 3174 3522; x_wconf 91' lang='lat' dir='ltr'><strong>dum</strong></span> <span class='ocrx_word' id='word_1_567' title='bbox 3226 3479 3308 3524; x_wconf 89' lang='lat' dir='ltr'><strong>est</strong></span> <span class='ocrx_word' id='word_1_568' title='bbox 3355 3471 3475 3525; x_wconf 79' lang='lat' dir='ltr'><strong>lteri</strong></span> <span class='ocrx_word' id='word_1_569' title='bbox 3523 3479 3578 3525; x_wconf 91' lang='lat' dir='ltr'><strong>et</strong></span> <span class='ocrx_word' id='word_1_570' title='bbox 3621 3471 3790 3526; x_wconf 86' lang='lat' dir='ltr'><strong>hodie</strong></span> 
     </span>
    </p>
   </div>
   <div class='ocr_carea' id='block_1_78' title="bbox 2197 3545 3789 3632">
    <p class='ocr_par' dir='ltr' id='par_1_78' title="bbox 2197 3545 3789 3632">
     <span class='ocr_line' id='line_1_78' title="bbox 2197 3545 3789 3632; baseline 0.006 -22"><span class='ocrx_word' id='word_1_571' title='bbox 2197 3545 2536 3630; x_wconf 22' lang='lat' dir='ltr'><strong>(Hebe-xm,</strong></span> <span class='ocrx_word' id='word_1_572' title='bbox 2563 3558 2640 3629; x_wconf 85' lang='lat'><strong>8),</strong></span> <span class='ocrx_word' id='word_1_573' title='bbox 2673 3560 2828 3630; x_wconf 89' lang='lat' dir='ltr'><strong>cujus</strong></span> <span class='ocrx_word' id='word_1_574' title='bbox 2853 3561 3090 3629; x_wconf 86' lang='lat' dir='ltr'><strong>petimur</strong></span> <span class='ocrx_word' id='word_1_575' title='bbox 3135 3561 3336 3616; x_wconf 89' lang='lat' dir='ltr'><strong>vicaria</strong></span> <span class='ocrx_word' id='word_1_576' title='bbox 3373 3577 3626 3632; x_wconf 88' lang='lat' dir='ltr'><strong>persona.</strong></span> <span class='ocrx_word' id='word_1_577' title='bbox 3679 3561 3789 3618; x_wconf 88' lang='lat' dir='ltr'><strong>Per</strong></span> 
     </span>
    </p>
   </div>
   <div class='ocr_carea' id='block_1_79' title="bbox 2195 3647 3788 3718">
    <p class='ocr_par' dir='ltr' id='par_1_79' title="bbox 2195 3647 3788 3718">
     <span class='ocr_line' id='line_1_79' title="bbox 2195 3647 3788 3718; baseline 0.006 -19"><span class='ocrx_word' id='word_1_578' title='bbox 2195 3661 2316 3700; x_wconf 87' lang='lat' dir='ltr'><strong>eum</strong></span> <span class='ocrx_word' id='word_1_579' title='bbox 2348 3649 2436 3718; x_wconf 90' lang='lat' dir='ltr'><strong>qui</strong></span> <span class='ocrx_word' id='word_1_580' title='bbox 2477 3647 2733 3703; x_wconf 88' lang='lat' dir='ltr'><strong>formavit</strong></span> <span class='ocrx_word' id='word_1_581' title='bbox 2763 3659 2819 3704; x_wconf 90' lang='lat' dir='ltr'><strong>et</strong></span> <span class='ocrx_word' id='word_1_582' title='bbox 2862 3649 3121 3705; x_wconf 90' lang='lat' dir='ltr'><strong>adunavit</strong></span> <span class='ocrx_word' id='word_1_583' title='bbox 3162 3652 3462 3706; x_wconf 76' lang='lat' dir='ltr'><strong>:ecclesiam</strong></span> <span class='ocrx_word' id='word_1_584' title='bbox 3509 3654 3576 3706; x_wconf 89' lang='lat' dir='ltr'><strong>de</strong></span> <span class='ocrx_word' id='word_1_585' title='bbox 3613 3652 3788 3708; x_wconf 90' lang='lat' dir='ltr'><strong>latere</strong></span> 
     </span>
    </p>
   </div>
   <div class='ocr_carea' id='block_1_80' title="bbox 2196 3741 3788 3813">
    <p class='ocr_par' dir='ltr' id='par_1_80' title="bbox 2196 3741 3788 3813">
     <span class='ocr_line' id='line_1_80' title="bbox 2196 3741 3788 3813; baseline 0.006 -23"><span class='ocrx_word' id='word_1_586' title='bbox 2196 3753 2336 3802; x_wconf 90' lang='lat' dir='ltr'><strong>suo,</strong></span> <span class='ocrx_word' id='word_1_587' title='bbox 2387 3753 2482 3793; x_wconf 87' lang='lat' dir='ltr'><strong>vos</strong></span> <span class='ocrx_word' id='word_1_588' title='bbox 2525 3755 2853 3810; x_wconf 87' lang='lat' dir='ltr'><strong>precamur,</strong></span> <span class='ocrx_word' id='word_1_589' title='bbox 2901 3755 2969 3795; x_wconf 92' lang='lat' dir='ltr'><strong>ne</strong></span> <span class='ocrx_word' id='word_1_590' title='bbox 3009 3743 3268 3796; x_wconf 88' lang='lat' dir='ltr'><strong>scindatis</strong></span> <span class='ocrx_word' id='word_1_591' title='bbox 3297 3741 3364 3774; x_wconf 58' lang='grc' dir='ltr'><strong>δ’*</strong></span> <span class='ocrx_word' id='word_1_592' title='bbox 3409 3752 3462 3797; x_wconf 94' lang='lat' dir='ltr'><strong>et</strong></span> <span class='ocrx_word' id='word_1_593' title='bbox 3508 3743 3788 3813; x_wconf 86' lang='lat' dir='ltr'><strong>dissipetis</strong></span> 
     </span>
    </p>
   </div>
   <div class='ocr_carea' id='block_1_81' title="bbox 2197 3831 3788 3904">
    <p class='ocr_par' dir='ltr' id='par_1_81' title="bbox 2197 3831 3788 3904">
     <span class='ocr_line' id='line_1_81' title="bbox 2197 3831 3788 3904; baseline 0.004 -22"><span class='ocrx_word' id='word_1_594' title='bbox 2197 3843 2350 3895; x_wconf 90' lang='lat' dir='ltr'><strong>eam;</strong></span> <span class='ocrx_word' id='word_1_595' title='bbox 2395 3846 2484 3896; x_wconf 90' lang='lat' dir='ltr'><strong>ne,</strong></span> <span class='ocrx_word' id='word_1_596' title='bbox 2519 3831 2662 3899; x_wconf 87' lang='lat' dir='ltr'><strong>quod</strong></span> <span class='ocrx_word' id='word_1_597' title='bbox 2711 3832 2871 3894; x_wconf 88' lang='lat' dir='ltr'><strong>absit,</strong></span> <span class='ocrx_word' id='word_1_598' title='bbox 2921 3843 3072 3887; x_wconf 80' lang='lat' dir='ltr'><strong>extra</strong></span> <span class='ocrx_word' id='word_1_599' title='bbox 3119 3849 3239 3887; x_wconf 89' lang='lat' dir='ltr'><strong>eam</strong></span> <span class='ocrx_word' id='word_1_600' title='bbox 3290 3834 3638 3888; x_wconf 88' lang='lat' dir='ltr'><strong>inveniamini</strong></span> <span class='ocrx_word' id='word_1_601' title='bbox 3687 3849 3788 3904; x_wconf 87' lang='lat' dir='ltr'><strong>per</strong></span> 
     </span>
    </p>
   </div>
   <div class='ocr_carea' id='block_1_82' title="bbox 2197 3919 3788 3994">
    <p class='ocr_par' dir='ltr' id='par_1_82' title="bbox 2197 3919 3788 3994">
     <span class='ocr_line' id='line_1_82' title="bbox 2197 3919 3788 3994; baseline 0.006 -22"><span class='ocrx_word' id='word_1_602' title='bbox 2197 3920 2576 3990; x_wconf 75' lang='lat' dir='ltr'><strong>purgationem</strong></span> <span class='ocrx_word' id='word_1_603' title='bbox 2603 3921 2889 3977; x_wconf 87' lang='lat' dir='ltr'><strong>ventilahri</strong></span> <span class='ocrx_word' id='word_1_604' title='bbox 2929 3923 3044 3978; x_wconf 90' lang='lat' dir='ltr'><strong>Dei.</strong></span> <span class='ocrx_word' id='word_1_605' title='bbox 3089 3919 3366 3994; x_wconf 86' lang='lat' dir='ltr'><strong>Loquaces</strong></span> <span class='ocrx_word' id='word_1_606' title='bbox 3411 3925 3788 3984; x_wconf 86' lang='lat' dir='ltr'><strong>adolescentes</strong></span> 
     </span>
    </p>
   </div>
   <div class='ocr_carea' id='block_1_83' title="bbox 2198 4009 3786 4086">
    <p class='ocr_par' dir='ltr' id='par_1_83' title="bbox 2198 4009 3786 4086">
     <span class='ocr_line' id='line_1_83' title="bbox 2198 4009 3786 4086; baseline 0.004 -22"><span class='ocrx_word' id='word_1_607' title='bbox 2198 4024 2320 4064; x_wconf 90' lang='lat' dir='ltr'><strong>cum</strong></span> <span class='ocrx_word' id='word_1_608' title='bbox 2351 4009 2592 4064; x_wconf 83' lang='lat' dir='ltr'><strong>Rohoam</strong></span> <span class='ocrx_word' id='word_1_609' title='bbox 2624 4026 2692 4065; x_wconf 89' lang='lat' dir='ltr'><strong>ne</strong></span> <span class='ocrx_word' id='word_1_610' title='bbox 2720 4011 3011 4078; x_wconf 88' lang='lat' dir='ltr'><strong>admittite,</strong></span> <span class='ocrx_word' id='word_1_611' title='bbox 3039 4015 3168 4082; x_wconf 90' lang='lat' dir='ltr'><strong>quin</strong></span> <span class='ocrx_word' id='word_1_612' title='bbox 3196 4017 3376 4086; x_wconf 87' lang='lat' dir='ltr'><strong>potius</strong></span> <span class='ocrx_word' id='word_1_613' title='bbox 3402 4029 3501 4086; x_wconf 88' lang='lat' dir='ltr'><strong>per</strong></span> <span class='ocrx_word' id='word_1_614' title='bbox 3528 4015 3786 4072; x_wconf 87' lang='lat' dir='ltr'><strong>silentem</strong></span> 
     </span>
    </p>
   </div>
   <div class='ocr_carea' id='block_1_84' title="bbox 2198 4099 3790 4181">
    <p class='ocr_par' dir='ltr' id='par_1_84' title="bbox 2198 4099 3790 4181">
     <span class='ocr_line' id='line_1_84' title="bbox 2198 4099 3790 4181; baseline 0.006 -23"><span class='ocrx_word' id='word_1_615' title='bbox 2198 4099 2405 4169; x_wconf 86' lang='lat' dir='ltr'><strong>Chusi,</strong></span> <span class='ocrx_word' id='word_1_616' title='bbox 2473 4103 2641 4160; x_wconf 87' lang='lat' dir='ltr'><strong>David</strong></span> <span class='ocrx_word' id='word_1_617' title='bbox 2697 4107 3133 4177; x_wconf 86' lang='lat' dir='ltr'><strong>sapientissimus</strong></span> <span class='ocrx_word' id='word_1_618' title='bbox 3183 4109 3437 4181; x_wconf 88' lang='lat' dir='ltr'><strong>princeps</strong></span> <span class='ocrx_word' id='word_1_619' title='bbox 3480 4110 3624 4166; x_wconf 86' lang='lat' dir='ltr'><strong>inter</strong></span> <span class='ocrx_word' id='word_1_620' title='bbox 3673 4119 3790 4167; x_wconf 89' lang='lat' dir='ltr'><strong>tres</strong></span> 
     </span>
    </p>
   </div>
   <div class='ocr_carea' id='block_1_85' title="bbox 2199 4193 3784 4270">
    <p class='ocr_par' dir='ltr' id='par_1_85' title="bbox 2199 4193 3784 4270">
     <span class='ocr_line' id='line_1_85' title="bbox 2199 4193 3784 4270; baseline 0.006 -23"><span class='ocrx_word' id='word_1_621' title='bbox 2199 4193 2286 4267; x_wconf 86' lang='lat' dir='ltr'><strong>(II</strong></span> <span class='ocrx_word' id='word_1_622' title='bbox 2311 4195 2440 4267; x_wconf 79' lang='lat' dir='ltr'><strong>Reg.</strong></span> <span class='ocrx_word' id='word_1_623' title='bbox 2471 4197 2654 4270; x_wconf 68' lang='grc' dir='ltr'><strong>χχιιι),</strong></span> <span class='ocrx_word' id='word_1_624' title='bbox 2688 4198 2842 4268; x_wconf 89' lang='lat' dir='ltr'><strong>quasi</strong></span> <span class='ocrx_word' id='word_1_625' title='bbox 2873 4207 2922 4254; x_wconf 91' lang='lat' dir='ltr'><strong>te</strong></span> <span class='ocrx_word' id='word_1_626' title='bbox 2947 4199 3073 4254; x_wconf 77' lang='grc'>³⁰³.›</span> <span class='ocrx_word' id='word_1_627' title='bbox 3119 4239 3132 4253; x_wconf 95' lang='lat'><strong>.</strong></span> <span class='ocrx_word' id='word_1_628' title='bbox 3178 4239 3192 4254; x_wconf 98' lang='lat'><strong>.</strong></span> <span class='ocrx_word' id='word_1_629' title='bbox 3237 4241 3250 4254; x_wconf 95' lang='lat'><strong>.</strong></span> <span class='ocrx_word' id='word_1_630' title='bbox 3297 4240 3310 4254; x_wconf 92' lang='lat'><strong>.</strong></span> <span class='ocrx_word' id='word_1_631' title='bbox 3354 4239 3370 4256; x_wconf 97' lang='lat'><strong>.</strong></span> <span class='ocrx_word' id='word_1_632' title='bbox 3407 4222 3428 4258; x_wconf 53' lang='grc' dir='ltr'><strong>δ.</strong></span> <span class='ocrx_word' id='word_1_633' title='bbox 3468 4240 3485 4256; x_wconf 91' lang='grc'><strong>.</strong></span> <span class='ocrx_word' id='word_1_634' title='bbox 3527 4242 3544 4256; x_wconf 95' lang='grc'><strong>.</strong></span> <span class='ocrx_word' id='word_1_635' title='bbox 3583 4242 3598 4257; x_wconf 95' lang='grc'><strong>.</strong></span> <span class='ocrx_word' id='word_1_636' title='bbox 3645 4239 3662 4256; x_wconf 91' lang='grc'><strong>.</strong></span> <span class='ocrx_word' id='word_1_637' title='bbox 3705 4239 3722 4258; x_wconf 90' lang='grc'><strong>.</strong></span> <span class='ocrx_word' id='word_1_638' title='bbox 3767 4241 3784 4257; x_wconf 93' lang='grc'><strong>.</strong></span> 
     </span>
    </p>
   </div>
   <div class='ocr_carea' id='block_1_86' title="bbox 1805 4443 2472 4506">
    <p class='ocr_par' dir='ltr' id='par_1_86' title="bbox 1805 4443 2472 4506">
     <span class='ocr_line' id='line_1_86' title="bbox 1805 4443 2472 4506; baseline 0.006 -6"><span class='ocrx_word' id='word_1_639' title='bbox 1805 4443 2035 4502; x_wconf 64' lang='lat' dir='ltr'><strong>VARIIE</strong></span> <span class='ocrx_word' id='word_1_640' title='bbox 2069 4447 2472 4506; x_wconf 79' lang='lat' dir='ltr'><strong>LECTIONES.</strong></span> 
     </span>
    </p>
   </div>
   <div class='ocr_carea' id='block_1_87' title="bbox 580 4557 3787 4642">
    <p class='ocr_par' dir='ltr' id='par_1_87' title="bbox 580 4557 3787 4642">
     <span class='ocr_line' id='line_1_87' title="bbox 580 4557 3787 4642; baseline 0.003 -27"><span class='ocrx_word' id='word_1_641' title='bbox 580 4567 652 4598; x_wconf 71' lang='grc'><strong>’⁵³</strong></span> <span class='ocrx_word' id='word_1_642' title='bbox 677 4562 984 4642; x_wconf 44' lang='lat' dir='ltr'><strong>_i_n_2..teste</strong></span> <span class='ocrx_word' id='word_1_643' title='bbox 1013 4557 1321 4642; x_wconf 71' lang='lat' dir='ltr'><strong>Colveucrio</strong></span> <span class='ocrx_word' id='word_1_644' title='bbox 1356 4579 1374 4611; x_wconf 75' lang='grc' dir='ltr'>ι</span> <span class='ocrx_word' id='word_1_645' title='bbox 1409 4557 1591 4642; x_wconf 74' lang='lat' dir='ltr'><strong>_Ilujt_ts</strong></span> <span class='ocrx_word' id='word_1_646' title='bbox 1618 4559 2109 4642; x_wconf 54' lang='lat' dir='ltr'><strong>falsitatiquiaque</strong></span> <span class='ocrx_word' id='word_1_647' title='bbox 2143 4563 2704 4642; x_wconf 42' lang='lat' dir='ltr'><strong>priorahverbauerant</strong></span> <span class='ocrx_word' id='word_1_648' title='bbox 2745 4583 2917 4642; x_wconf 66' lang='lat' dir='ltr'><strong>erasa,</strong></span> <span class='ocrx_word' id='word_1_649' title='bbox 2958 4568 3114 4642; x_wconf 72' lang='lat' dir='ltr'><strong>sicuti</strong></span> <span class='ocrx_word' id='word_1_650' title='bbox 3150 4576 3199 4642; x_wconf 73' lang='lat' dir='ltr'><strong>et</strong></span> <span class='ocrx_word' id='word_1_651' title='bbox 3228 4568 3384 4642; x_wconf 71' lang='lat' dir='ltr'><strong>ﬁnis;</strong></span> <span class='ocrx_word' id='word_1_652' title='bbox 3413 4569 3568 4642; x_wconf 65' lang='lat' dir='ltr'><strong>unde</strong></span> <span class='ocrx_word' id='word_1_653' title='bbox 3588 4585 3787 4642; x_wconf 83' lang='lat' dir='ltr'><strong>magna</strong></span> 
     </span>
    </p>
   </div>
   <div class='ocr_carea' id='block_1_88' title="bbox 509 4631 3786 4710">
    <p class='ocr_par' dir='ltr' id='par_1_88' title="bbox 509 4631 3786 4710">
     <span class='ocr_line' id='line_1_88' title="bbox 509 4631 3786 4710; baseline 0.001 -19"><span class='ocrx_word' id='word_1_654' title='bbox 509 4653 628 4691; x_wconf 77' lang='lat' dir='ltr'><strong>cum</strong></span> <span class='ocrx_word' id='word_1_655' title='bbox 655 4631 961 4710; x_wconf 56' lang='lat' dir='ltr'><strong>difﬁcultate</strong></span> <span class='ocrx_word' id='word_1_656' title='bbox 991 4647 1052 4684; x_wconf 85' lang='lat' dir='ltr'><strong>ea</strong></span> <span class='ocrx_word' id='word_1_657' title='bbox 1077 4631 1244 4710; x_wconf 65' lang='lat' dir='ltr'><strong>legere</strong></span> <span class='ocrx_word' id='word_1_658' title='bbox 1274 4632 1442 4710; x_wconf 75' lang='lat' dir='ltr'><strong>potui.</strong></span> <span class='ocrx_word' id='word_1_659' title='bbox 1475 4649 1493 4682; x_wconf 76' lang='grc' dir='ltr'><strong><em>ι</em></strong></span> <span class='ocrx_word' id='word_1_660' title='bbox 1527 4631 1593 4684; x_wconf 82' lang='lat' dir='ltr'><strong>In</strong></span> <span class='ocrx_word' id='word_1_661' title='bbox 1617 4631 1825 4710; x_wconf 45' lang='lat' dir='ltr'><strong>2:,nuln&#39;</strong></span> <span class='ocrx_word' id='word_1_662' title='bbox 1843 4632 1963 4710; x_wconf 83' lang='lat' dir='ltr'><strong>ja_m</strong></span> <span class='ocrx_word' id='word_1_663' title='bbox 1989 4632 2110 4710; x_wconf 71' lang='lat' dir='ltr'><strong>inde</strong></span> <span class='ocrx_word' id='word_1_664' title='bbox 2139 4631 2171 4686; x_wconf 73' lang='grc' dir='ltr'><strong>ὰ</strong></span> <span class='ocrx_word' id='word_1_665' title='bbox 2213 4649 2260 4710; x_wconf 72' lang='lat' dir='ltr'><strong>c.</strong></span> <span class='ocrx_word' id='word_1_666' title='bbox 2427 4634 2678 4710; x_wconf 20' lang='lat' dir='ltr'><strong>nullane“</strong></span> <span class='ocrx_word' id='word_1_667' title='bbox 2706 4640 2936 4710; x_wconf 71' lang='lat' dir='ltr'><strong>capitum</strong></span> <span class='ocrx_word' id='word_1_668' title='bbox 2965 4631 3259 4710; x_wconf 15' lang='lat' dir='ltr'><strong>distinctio-,7</strong></span> <span class='ocrx_word' id='word_1_669' title='bbox 3281 4631 3425 4692; x_wconf 70' lang='lat' dir='ltr'><strong>locus</strong></span> <span class='ocrx_word' id='word_1_670' title='bbox 3447 4641 3522 4693; x_wconf 75' lang='lat' dir='ltr'><strong>ita</strong></span> <span class='ocrx_word' id='word_1_671' title='bbox 3547 4631 3743 4710; x_wconf 55' lang='lat' dir='ltr'><strong>legitur</strong></span> <span class='ocrx_word' id='word_1_672' title='bbox 3763 4657 3786 4694; x_wconf 91' lang='lat'><em>:</em></span> 
     </span>
    </p>
   </div>
   <div class='ocr_carea' id='block_1_89' title="bbox 509 4702 912 4762">
    <p class='ocr_par' dir='ltr' id='par_1_89' title="bbox 509 4702 912 4762">
     <span class='ocr_line' id='line_1_89' title="bbox 509 4702 912 4762; baseline -0.02 0"><span class='ocrx_word' id='word_1_673' title='bbox 509 4723 694 4762; x_wconf 84' lang='lat' dir='ltr'><strong>secum</strong></span> <span class='ocrx_word' id='word_1_674' title='bbox 712 4702 912 4759; x_wconf 73' lang='lat' dir='ltr'><strong>detulit</strong></span> 
     </span>
    </p>
   </div>
   <div class='ocr_carea' id='block_1_90' title="bbox 509 4775 1539 4912">
    <p class='ocr_par' dir='ltr' id='par_1_90' title="bbox 509 4775 1539 4912">
     <span class='ocr_line' id='line_1_90' title="bbox 511 4775 1539 4842; baseline -0.009 -10"><span class='ocrx_word' id='word_1_675' title='bbox 511 4778 604 4832; x_wconf 80' lang='lat' dir='ltr'><strong>ﬁet.</strong></span> <span class='ocrx_word' id='word_1_676' title='bbox 632 4775 777 4830; x_wconf 80' lang='lat' dir='ltr'><strong>Colv.</strong></span> <span class='ocrx_word' id='word_1_677' title='bbox 893 4775 962 4803; x_wconf 81' lang='grc'><strong>²⁹⁶</strong></span> <span class='ocrx_word' id='word_1_678' title='bbox 987 4775 1216 4842; x_wconf 73' lang='lat' dir='ltr'><strong>posthwc</strong></span> <span class='ocrx_word' id='word_1_679' title='bbox 1245 4775 1300 4824; x_wconf 75' lang='lat' dir='ltr'><strong>in</strong></span> <span class='ocrx_word' id='word_1_680' title='bbox 1337 4775 1372 4824; x_wconf 76' lang='lat'><strong>2</strong></span> <span class='ocrx_word' id='word_1_681' title='bbox 1412 4789 1539 4842; x_wconf 66' lang='lat' dir='ltr'><strong>quiet</strong></span> 
     </span>
     <span class='ocr_line' id='line_1_91' title="bbox 509 4841 1539 4912; baseline -0.006 -12"><span class='ocrx_word' id='word_1_682' title='bbox 509 4850 738 4901; x_wconf 84' lang='lat' dir='ltr'><strong>duarum</strong></span> <span class='ocrx_word' id='word_1_683' title='bbox 765 4859 949 4912; x_wconf 13' lang='lat' dir='ltr'><strong>vocum,</strong></span> <span class='ocrx_word' id='word_1_684' title='bbox 971 4843 1198 4912; x_wconf 76' lang='lat' dir='ltr'><strong>spatium</strong></span> <span class='ocrx_word' id='word_1_685' title='bbox 1227 4841 1434 4912; x_wconf 76' lang='lat' dir='ltr'><strong>reliquit</strong></span> <span class='ocrx_word' id='word_1_686' title='bbox 1460 4841 1539 4896; x_wconf 60' lang='grc' dir='ltr'><strong>ρ’.</strong></span> 
     </span>
    </p>
   </div>
   <div class='ocr_carea' id='block_1_91' title="bbox 510 4909 1793 4978">
    <p class='ocr_par' dir='ltr' id='par_1_91' title="bbox 510 4909 1793 4978">
     <span class='ocr_line' id='line_1_92' title="bbox 510 4909 1793 4978; baseline -0.005 -8"><span class='ocrx_word' id='word_1_687' title='bbox 510 4919 771 4972; x_wconf 81' lang='lat' dir='ltr'><strong>relictum.</strong></span> <span class='ocrx_word' id='word_1_688' title='bbox 886 4911 956 4944; x_wconf 69' lang='grc' dir='ltr'><strong>’θ’</strong></span> <span class='ocrx_word' id='word_1_689' title='bbox 988 4909 1044 4968; x_wconf 83' lang='lat' dir='ltr'><strong>et</strong></span> <span class='ocrx_word' id='word_1_690' title='bbox 1068 4911 1157 4965; x_wconf 83' lang='lat' dir='ltr'><strong>Fr.</strong></span> <span class='ocrx_word' id='word_1_691' title='bbox 1181 4909 1471 4978; x_wconf 84' lang='lat' dir='ltr'><strong>——justum</strong></span> <span class='ocrx_word' id='word_1_692' title='bbox 1501 4912 1690 4964; x_wconf 83' lang='lat' dir='ltr'><strong>desunt</strong></span> <span class='ocrx_word' id='word_1_693' title='bbox 1713 4909 1793 4965; x_wconf 66' lang='lat'><strong>2‘.</strong></span> 
     </span>
    </p>
   </div>
   <div class='ocr_carea' id='block_1_92' title="bbox 1055 4700 2458 4770">
    <p class='ocr_par' dir='ltr' id='par_1_92' title="bbox 1055 4700 2458 4770">
     <span class='ocr_line' id='line_1_93' title="bbox 1055 4700 2458 4770; baseline 0.002 -16"><span class='ocrx_word' id='word_1_694' title='bbox 1055 4717 1160 4770; x_wconf 92' lang='lat' dir='ltr'><strong>qua</strong></span> <span class='ocrx_word' id='word_1_695' title='bbox 1191 4702 1466 4755; x_wconf 83' lang='lat' dir='ltr'><strong>ferebatur</strong></span> <span class='ocrx_word' id='word_1_696' title='bbox 1493 4702 1666 4756; x_wconf 83' lang='lat' dir='ltr'><strong>sancti</strong></span> <span class='ocrx_word' id='word_1_697' title='bbox 1689 4700 1756 4756; x_wconf 88' lang='lat' dir='ltr'><strong>G.</strong></span> <span class='ocrx_word' id='word_1_698' title='bbox 1787 4704 1957 4769; x_wconf 82' lang='lat' dir='ltr'><strong>spatio</strong></span> <span class='ocrx_word' id='word_1_699' title='bbox 1995 4705 2086 4756; x_wconf 83' lang='lat' dir='ltr'><strong>uni</strong></span> <span class='ocrx_word' id='word_1_700' title='bbox 2119 4704 2226 4756; x_wconf 77' lang='lat' dir='ltr'><strong>voci</strong></span> <span class='ocrx_word' id='word_1_701' title='bbox 2259 4705 2458 4758; x_wconf 80' lang='lat' dir='ltr'><strong>relicto.</strong></span> 
     </span>
    </p>
   </div>
   <div class='ocr_carea' id='block_1_93' title="bbox 893 4771 3339 4853">
    <p class='ocr_par' dir='ltr' id='par_1_93' title="bbox 893 4771 3339 4853">
     <span class='ocr_line' id='line_1_94' title="bbox 893 4771 3339 4853; baseline 0.003 -28"><span class='ocrx_word' id='word_1_702' title='bbox 893 4772 962 4803; x_wconf 71' lang='lat'><strong>&#39;9‘</strong></span> <span class='ocrx_word' id='word_1_703' title='bbox 987 4773 1216 4853; x_wconf 62' lang='lat' dir='ltr'><strong>post/uec</strong></span> <span class='ocrx_word' id='word_1_704' title='bbox 1245 4771 1372 4853; x_wconf 55' lang='lat' dir='ltr'><strong>inn2</strong></span> <span class='ocrx_word' id='word_1_705' title='bbox 1403 4771 1838 4853; x_wconf 43' lang='lat' dir='ltr'><strong>&#39;qtgcdemjnrasu</strong></span> <span class='ocrx_word' id='word_1_706' title='bbox 1873 4781 2046 4853; x_wconf 66' lang='lat' dir='ltr'><strong>erant.</strong></span> <span class='ocrx_word' id='word_1_707' title='bbox 2089 4772 2156 4853; x_wconf 47' lang='lat' dir='ltr'><strong>in</strong></span> <span class='ocrx_word' id='word_1_708' title='bbox 2191 4773 2274 4827; x_wconf 67' lang='lat'><strong>“2‘.</strong></span> <span class='ocrx_word' id='word_1_709' title='bbox 2309 4775 2763 4853; x_wconf 70' lang='lat' dir='ltr'><strong>durtrum_t_toc_unt</strong></span> <span class='ocrx_word' id='word_1_710' title='bbox 2802 4781 3051 4853; x_wconf 58' lang='lat' dir='ltr'><strong>spatium</strong></span> <span class='ocrx_word' id='word_1_711' title='bbox 3080 4779 3339 4853; x_wconf 71' lang='lat' dir='ltr'><strong>relictum.</strong></span> 
     </span>
    </p>
   </div>
   <div class='ocr_carea' id='block_1_94' title="bbox 2573 4706 3783 4765">
    <p class='ocr_par' dir='ltr' id='par_1_94' title="bbox 2573 4706 3783 4765">
     <span class='ocr_line' id='line_1_95' title="bbox 2573 4706 3783 4765; baseline 0.005 -6"><span class='ocrx_word' id='word_1_712' title='bbox 2573 4706 2642 4738; x_wconf 73' lang='grc'><strong>⁸³⁸</strong></span> <span class='ocrx_word' id='word_1_713' title='bbox 2666 4707 2826 4760; x_wconf 90' lang='lat' dir='ltr'><strong>nimis</strong></span> <span class='ocrx_word' id='word_1_714' title='bbox 2852 4709 2928 4761; x_wconf 73' lang='lat'><strong>2‘.</strong></span> <span class='ocrx_word' id='word_1_715' title='bbox 3039 4709 3109 4740; x_wconf 80' lang='grc'><strong>²⁹⁵</strong></span> <span class='ocrx_word' id='word_1_716' title='bbox 3138 4711 3210 4761; x_wconf 81' lang='lat' dir='ltr'><strong>ita</strong></span> <span class='ocrx_word' id='word_1_717' title='bbox 3239 4709 3314 4762; x_wconf 78' lang='grc'><strong>2⁸.</strong></span> <span class='ocrx_word' id='word_1_718' title='bbox 3345 4713 3430 4762; x_wconf 83' lang='lat' dir='ltr'><strong>cui</strong></span> <span class='ocrx_word' id='word_1_719' title='bbox 3464 4706 3783 4765; x_wconf 45' lang='lat' dir='ltr'><strong>dum—deest.</strong></span> 
     </span>
    </p>
   </div>
   <div class='ocr_carea' id='block_1_95' title="bbox 3453 4781 3788 4849">
    <p class='ocr_par' dir='ltr' id='par_1_95' title="bbox 3453 4781 3788 4849">
     <span class='ocr_line' id='line_1_96' title="bbox 3453 4781 3788 4849; baseline 0.006 -15"><span class='ocrx_word' id='word_1_720' title='bbox 3453 4781 3521 4813; x_wconf 76' lang='grc'><strong>³⁵⁷</strong></span> <span class='ocrx_word' id='word_1_721' title='bbox 3551 4783 3788 4849; x_wconf 72' lang='lat' dir='ltr'><strong>posuth</strong></span> 
     </span>
    </p>
   </div>
   <div class='ocr_carea' id='block_1_96' title="bbox 1653 4841 3790 4920">
    <p class='ocr_par' dir='ltr' id='par_1_96' title="bbox 1653 4841 3790 4920">
     <span class='ocr_line' id='line_1_97' title="bbox 1653 4841 3790 4920; baseline 0.006 -28"><span class='ocrx_word' id='word_1_722' title='bbox 1653 4841 1982 4920; x_wconf 39' lang='lat' dir='ltr'><strong>“ipost/tux</strong></span> <span class='ocrx_word' id='word_1_723' title='bbox 2011 4842 2064 4895; x_wconf 80' lang='lat' dir='ltr'><strong>in</strong></span> <span class='ocrx_word' id='word_1_724' title='bbox 2173 4859 2338 4920; x_wconf 67' lang='lat' dir='ltr'><strong>erqsu:</strong></span> <span class='ocrx_word' id='word_1_725' title='bbox 2366 4853 2518 4920; x_wconf 66' lang='lat' dir='ltr'><strong>erant</strong></span> <span class='ocrx_word' id='word_1_726' title='bbox 2547 4847 2612 4899; x_wconf 72' lang='grc'><strong>14</strong></span> <span class='ocrx_word' id='word_1_727' title='bbox 2641 4841 2902 4910; x_wconf 30' lang='lat' dir='ltr'><strong>tinctu-in</strong></span> <span class='ocrx_word' id='word_1_728' title='bbox 2927 4851 3004 4903; x_wconf 77' lang='grc'><strong>2⁸.</strong></span> <span class='ocrx_word' id='word_1_729' title='bbox 3034 4849 3184 4903; x_wconf 76' lang='lat' dir='ltr'><strong>linea:</strong></span> <span class='ocrx_word' id='word_1_730' title='bbox 3211 4861 3258 4903; x_wconf 85' lang='lat' dir='ltr'><strong>et</strong></span> <span class='ocrx_word' id='word_1_731' title='bbox 3286 4850 3519 4904; x_wconf 67' lang='lat' dir='ltr'><strong>dimidiae</strong></span> <span class='ocrx_word' id='word_1_732' title='bbox 3551 4841 3790 4920; x_wconf 62' lang='lat' dir='ltr'><strong>spatium</strong></span> 
     </span>
    </p>
   </div>
   <div class='ocr_carea' id='block_1_97' title="bbox 1907 4911 3788 4988">
    <p class='ocr_par' dir='ltr' id='par_1_97' title="bbox 1907 4911 3788 4988">
     <span class='ocr_line' id='line_1_98' title="bbox 1907 4911 3788 4988; baseline 0.007 -27"><span class='ocrx_word' id='word_1_733' title='bbox 1907 4911 1976 4988; x_wconf 46' lang='grc' dir='ltr'><strong>ἔσο</strong></span> <span class='ocrx_word' id='word_1_734' title='bbox 2023 4930 2042 4962; x_wconf 83' lang='grc'><strong>«</strong></span> <span class='ocrx_word' id='word_1_735' title='bbox 2077 4913 2209 4988; x_wconf 47' lang='grc' dir='ltr'><strong>ᾔρει</strong></span> <span class='ocrx_word' id='word_1_736' title='bbox 2234 4913 2397 4988; x_wconf 63' lang='lat' dir='ltr'><strong>ﬁnem</strong></span> <span class='ocrx_word' id='word_1_737' title='bbox 2421 4915 2580 4988; x_wconf 70' lang='lat' dir='ltr'><strong>hujus</strong></span> <span class='ocrx_word' id='word_1_738' title='bbox 2612 4933 2731 4988; x_wconf 73' lang='lat' dir='ltr'><strong>cap.</strong></span> <span class='ocrx_word' id='word_1_739' title='bbox 2757 4934 2872 4969; x_wconf 82' lang='lat' dir='ltr'><strong>cum</strong></span> <span class='ocrx_word' id='word_1_740' title='bbox 2905 4921 2952 4971; x_wconf 80' lang='lat' dir='ltr'><strong>in</strong></span> <span class='ocrx_word' id='word_1_741' title='bbox 2976 4921 3029 4972; x_wconf 73' lang='lat'><strong>‘2.</strong></span> <span class='ocrx_word' id='word_1_742' title='bbox 3058 4929 3262 4972; x_wconf 79' lang='lat' dir='ltr'><strong>vacaret</strong></span> <span class='ocrx_word' id='word_1_743' title='bbox 3290 4911 3652 4988; x_wconf 76' lang='lat' dir='ltr'><strong>semipagelia,</strong></span> <span class='ocrx_word' id='word_1_744' title='bbox 3681 4923 3788 4974; x_wconf 82' lang='lat' dir='ltr'><strong>nli-</strong></span> 
     </span>
    </p>
   </div>
   <div class='ocr_carea' id='block_1_98' title="bbox 511 4982 3789 5059">
    <p class='ocr_par' dir='ltr' id='par_1_98' title="bbox 511 4982 3789 5059">
     <span class='ocr_line' id='line_1_99' title="bbox 511 4982 3789 5059; baseline 0.001 -19"><span class='ocrx_word' id='word_1_745' title='bbox 511 4988 628 5059; x_wconf 80' lang='lat' dir='ltr'><strong>qm&#39;s</strong></span> <span class='ocrx_word' id='word_1_746' title='bbox 673 4984 948 5059; x_wconf 72' lang='lat' dir='ltr'><strong>recentiori</strong></span> <span class='ocrx_word' id='word_1_747' title='bbox 987 4985 1458 5059; x_wconf 59' lang='lat' dir='ltr'><strong>ritauu_adsgripsit</strong></span> <span class='ocrx_word' id='word_1_748' title='bbox 1488 4984 1598 5035; x_wconf 79' lang='lat' dir='ltr'><strong>lucc</strong></span> <span class='ocrx_word' id='word_1_749' title='bbox 1639 4983 1790 5059; x_wconf 55' lang='lat' dir='ltr'><strong>verba</strong></span> <span class='ocrx_word' id='word_1_750' title='bbox 1827 4997 1857 5059; x_wconf 38' lang='grc' dir='ltr'><strong>ξ.</strong></span> <span class='ocrx_word' id='word_1_751' title='bbox 1885 4982 2044 5036; x_wconf 83' lang='lat' dir='ltr'><strong>Anno</strong></span> <span class='ocrx_word' id='word_1_752' title='bbox 2077 4982 2310 5059; x_wconf 61' lang='lat'><strong>“48.8.</strong></span> <span class='ocrx_word' id='word_1_753' title='bbox 2345 4983 2468 5059; x_wconf 76' lang='lat' dir='ltr'><strong>Idus</strong></span> <span class='ocrx_word' id='word_1_754' title='bbox 2493 4982 2833 5059; x_wconf 80' lang='lat' dir='ltr'><strong>Septembris</strong></span> <span class='ocrx_word' id='word_1_755' title='bbox 2871 4989 3280 5044; x_wconf 77' lang='lat' dir='ltr'><strong>Cameracensis</strong></span> <span class='ocrx_word' id='word_1_756' title='bbox 3315 4982 3544 5044; x_wconf 77' lang='lat' dir='ltr'><strong>ecclesia</strong></span> <span class='ocrx_word' id='word_1_757' title='bbox 3580 4982 3646 5044; x_wconf 60' lang='grc' dir='ltr'><strong>δέ</strong></span> <span class='ocrx_word' id='word_1_758' title='bbox 3675 4992 3789 5044; x_wconf 84' lang='lat' dir='ltr'><strong>Ma-</strong></span> 
     </span>
    </p>
   </div>
   <div class='ocr_carea' id='block_1_99' title="bbox 513 5051 3266 5124">
    <p class='ocr_par' dir='ltr' id='par_1_99' title="bbox 513 5051 3266 5124">
     <span class='ocr_line' id='line_1_100' title="bbox 513 5051 3266 5124; baseline 0 -12"><span class='ocrx_word' id='word_1_759' title='bbox 513 5051 625 5118; x_wconf 68' lang='lat' dir='ltr'><strong>riae,</strong></span> <span class='ocrx_word' id='word_1_760' title='bbox 653 5066 708 5109; x_wconf 90' lang='lat' dir='ltr'><strong>et</strong></span> <span class='ocrx_word' id='word_1_761' title='bbox 731 5055 959 5110; x_wconf 89' lang='lat' dir='ltr'><strong>ecclesia</strong></span> <span class='ocrx_word' id='word_1_762' title='bbox 993 5055 1052 5107; x_wconf 76' lang='grc' dir='ltr'><strong>ὃ.</strong></span> <span class='ocrx_word' id='word_1_763' title='bbox 1083 5052 1327 5124; x_wconf 80' lang='lat' dir='ltr'><strong>Auherti,</strong></span> <span class='ocrx_word' id='word_1_764' title='bbox 1357 5051 1636 5124; x_wconf 86' lang='lat' dir='ltr'><strong>totumque</strong></span> <span class='ocrx_word' id='word_1_765' title='bbox 1663 5051 1954 5124; x_wconf 45' lang='lat' dir='ltr'><strong>Castellum</strong></span> <span class='ocrx_word' id='word_1_766' title='bbox 1983 5068 2090 5124; x_wconf 88' lang='lat' dir='ltr'><strong>uno</strong></span> <span class='ocrx_word' id='word_1_767' title='bbox 2113 5055 2410 5123; x_wconf 89' lang='lat' dir='ltr'><strong>eodemque</strong></span> <span class='ocrx_word' id='word_1_768' title='bbox 2435 5051 2685 5110; x_wconf 78' lang='lat' dir='ltr'><strong>incendio</strong></span> <span class='ocrx_word' id='word_1_769' title='bbox 2713 5059 3009 5124; x_wconf 86' lang='lat' dir='ltr'><strong>perierunt.</strong></span> <span class='ocrx_word' id='word_1_770' title='bbox 3051 5079 3068 5110; x_wconf 75' lang='grc' dir='ltr'><strong><em>ι</em></strong></span> <span class='ocrx_word' id='word_1_771' title='bbox 3101 5059 3266 5114; x_wconf 74' lang='lat' dir='ltr'><strong>Ceu.</strong></span> 
     </span>
    </p>
   </div>
   <div class='ocr_carea' id='block_1_100' title="bbox 512 5126 738 5206">
    <p class='ocr_par' dir='ltr' id='par_1_100' title="bbox 512 5126 738 5206">
     <span class='ocr_line' id='line_1_101' title="bbox 512 5126 738 5206; baseline 0.004 -27"><span class='ocrx_word' id='word_1_772' title='bbox 512 5128 663 5206; x_wconf 80' lang='lat' dir='ltr'><strong>ponit_</strong></span> <span class='ocrx_word' id='word_1_773' title='bbox 681 5126 738 5180; x_wconf 76' lang='grc'><strong>2⁸</strong></span> 
     </span>
    </p>
   </div>
   <div class='ocr_carea' id='block_1_101' title="bbox 3375 5060 3789 5130">
    <p class='ocr_par' dir='ltr' id='par_1_101' title="bbox 3375 5060 3789 5130">
     <span class='ocr_line' id='line_1_102' title="bbox 3375 5060 3789 5130; baseline 0.01 -18"><span class='ocrx_word' id='word_1_774' title='bbox 3375 5060 3441 5130; x_wconf 65' lang='grc' dir='ltr'>Ψ</span> <span class='ocrx_word' id='word_1_775' title='bbox 3471 5074 3585 5130; x_wconf 77' lang='lat' dir='ltr'><strong>post</strong></span> <span class='ocrx_word' id='word_1_776' title='bbox 3615 5077 3789 5130; x_wconf 84' lang='lat' dir='ltr'><strong>usque</strong></span> 
     </span>
    </p>
   </div>
   <div class='ocr_carea' id='block_1_102' title="bbox 837 5123 3788 5206">
    <p class='ocr_par' dir='ltr' id='par_1_102' title="bbox 837 5123 3788 5206">
     <span class='ocr_line' id='line_1_103' title="bbox 837 5123 3788 5206; baseline 0.002 -28"><span class='ocrx_word' id='word_1_777' title='bbox 837 5125 904 5156; x_wconf 84' lang='grc'><strong>³⁰¹</strong></span> <span class='ocrx_word' id='word_1_778' title='bbox 927 5125 1034 5206; x_wconf 69' lang='lat' dir='ltr'><strong>nisi</strong></span> <span class='ocrx_word' id='word_1_779' title='bbox 1064 5137 1152 5178; x_wconf 87' lang='lat' dir='ltr'><strong>res</strong></span> <span class='ocrx_word' id='word_1_780' title='bbox 1176 5123 1230 5203; x_wconf 79' lang='lat' dir='ltr'><strong>in</strong></span> <span class='ocrx_word' id='word_1_781' title='bbox 1253 5138 1316 5206; x_wconf 51' lang='grc' dir='ltr'><strong>ε..</strong></span> <span class='ocrx_word' id='word_1_782' title='bbox 1333 5131 1524 5206; x_wconf 73' lang='lat' dir='ltr'><strong>contra</strong></span> <span class='ocrx_word' id='word_1_783' title='bbox 1544 5123 1626 5176; x_wconf 76' lang='lat'><strong>‘2‘.</strong></span> <span class='ocrx_word' id='word_1_784' title='bbox 1673 5123 1772 5205; x_wconf 41' lang='lat'><strong>.3°_&#39;</strong></span> <span class='ocrx_word' id='word_1_785' title='bbox 1807 5124 1852 5176; x_wconf 87' lang='lat' dir='ltr'><strong>si</strong></span> <span class='ocrx_word' id='word_1_786' title='bbox 1875 5123 1942 5206; x_wconf 64' lang='lat' dir='ltr'><strong>ab</strong></span> <span class='ocrx_word' id='word_1_787' title='bbox 1965 5123 2220 5206; x_wconf 26' lang='lat' dir='ltr'><strong>reiztuihi</strong></span> <span class='ocrx_word' id='word_1_788' title='bbox 2263 5125 2545 5195; x_wconf 89' lang='lat' dir='ltr'><strong>plusjuste</strong></span> <span class='ocrx_word' id='word_1_789' title='bbox 2571 5143 2618 5206; x_wconf 85' lang='lat' dir='ltr'><strong>s_.</strong></span> <span class='ocrx_word' id='word_1_790' title='bbox 2801 5127 2870 5158; x_wconf 48' lang='grc' dir='ltr'><strong>θοι</strong></span> <span class='ocrx_word' id='word_1_791' title='bbox 2905 5131 2948 5182; x_wconf 84' lang='lat' dir='ltr'><strong>si</strong></span> <span class='ocrx_word' id='word_1_792' title='bbox 2983 5131 3200 5206; x_wconf 83' lang='lat' dir='ltr'><strong>n_u_da__tis</strong></span> <span class='ocrx_word' id='word_1_793' title='bbox 3381 5123 3560 5183; x_wconf 63' lang='lat'><strong>“&quot;122</strong></span> <span class='ocrx_word' id='word_1_794' title='bbox 3585 5130 3641 5184; x_wconf 78' lang='lat'><strong>9..</strong></span> <span class='ocrx_word' id='word_1_795' title='bbox 3672 5123 3788 5200; x_wconf 63' lang='lat' dir='ltr'><strong>p&#39;ust</strong></span> 
     </span>
    </p>
   </div>
  </div>
