4026 5370
275 301 294 352 1
308 297 380 357 77.

1175 311 1654 372 CONTINUATIO.
1685 347 1754 356 —
1783 316 2008 375 GESTA
2043 319 2406 378 LIETBERTI
2439 321 2650 378 EPISC.

3436 325 3536 383 ιη

777 577 1234 692 GESTA
1317 583 2078 702 LIETBERTI
2164 591 2812 706 EPISCOPI
2869 571 2976 628 ⁵⁰⁶

337 900 386 954 1.
427 899 596 970 (Cap.
629 901 664 956 Ε
675 901 747 972 1.)
773 901 906 960 lluic
933 907 1148 974 quidem
1178 907 1420 966 Gcrardo
1439 911 1680 981 pontiﬁci
1705 914 1856 970 dom-
1883 912 1934 960 Δ
1959 916 2234 973 :ecclesiae.
2263 917 2358 974 llis
2393 921 2464 956 ⁸η
2489 923 2723 994 acceptis
2749 903 3043 984 honoribus
3069 891 3144 984 ita
3177 921 3445 1002 utebatur,
3477 945 3542 992 ut

265 1005 364 1045 nus
407 991 736 1050 Lietbertus
791 997 841 1052 in
893 1001 1262 1069 episcopatum
1311 1005 1604 1068 successit,
1649 1008 1743 1075 qui
1788 1023 1858 1062 ex

265 1080 625 1137 Brachateusi
665 1087 840 1154 patria
887 1089 1070 1160 (116),
1107 1089 1272 1146 nobili
1315 1103 1468 1148 ortus
1507 1095 1788 1164 prosapia,
1823 1109 1857 1150 a

265 1174 716 1244 progenitoribus
741 1177 886 1248 (H7)
916 1181 1230 1236 educandus
1255 1198 1388 1251 puer
1421 1185 1746 1239 commissus
1774 1195 1860 1241 est

265 1265 360 1318 sub
399 1265 576 1332 ipsius
625 1265 856 1322 Gerardi
891 1271 1164 1338 pontiﬁcis
1191 1271 1342 1344 (418)
1378 1273 1683 1342 disciplina.
1721 1275 1862 1332 Puer

265 1357 432 1424 igitur
463 1357 570 1411 iste
615 1357 834 1413 docibili
873 1361 1090 1430 iugcnio
1135 1365 1390 1432 praeditus
1426 1373 1480 1421 et.
1522 1366 1736 1420 assidua
1783 1367 1857 1438 pii

269 1445 522 1514 magistri
557 1446 810 1500 doctrina
842 1447 1192 1514 informatus,
1217 1453 1432 1521 gemina
1468 1454 1692 1508 scientia
1725 1455 1858 1510 alfa-

267 1539 359 1590 tim
393 1537 686 1592 imbuitur.
717 1537 886 1606 Quem
913 1541 1104 1598 ridens
1135 1543 1256 1612 pius
1285 1555 1442 1614 pater
1475 1547 1636 1602 bonis
1667 1549 1862 1604 studiis

261 1643 518 1683 crescere
551 1639 608 1684 et
650 1645 752 1699 per
785 1633 904 1687 dies
953 1634 1196 1702 singulos
1225 1638 1294 1690 ad
1332 1637 1552 1694 meliora
1596 1656 1860 1696 conscen-

263 1716 409 1780 dere,
447 1721 618 1789 cepit
647 1737 772 1774 eum
802 1723 1148 1780 vehementer
1179 1726 1407 1798 diligere
1430 1739 1484 1782 et
1508 1731 1682 1784 consil
1703 1747 1860 1786 orum

265 1823 492 1862 suorum
519 1809 842 1879 partic'pem
873 1812 1082 1877 facere;
1110 1825 1188 1878 et,
1209 1823 1272 1870 ut
1297 1818 1596 1886 ampliusin
1629 1821 1858 1876 scientia

261 1909 382 1954 tutu
405 1899 782 1967 conﬁrmaret,
813 1905 1074 1973 regendas
1105 1906 1279 1962 scolas
1308 1917 1509 1964 sancta:
1538 1910 1720 1966 Maria:
1747 1928 1859 1966 ma-

265 1987 360 2042 tris
385 1988 652 2043 :ecelesize
673 1991 728 2046 ei
751 1995 1040 2062 commisit,
1063 1997 1154 2066 qui
1176 1997 1350 2054 honor
1377 2011 1598 2072 propter
1619 2000 1858 2058 laborem

267 2095 420 2134 ratus
449 2081 522 2112 m
566 2082 840 2140 nobilibus
883 2088 1260 2154 committitur,
1289 2090 1382 2144 sed
1417 2103 1620 2160 quanto
1661 2095 1856 2160 rarior,

267 2180 416 2226 tanto
439 2174 698 2243 magism
711 2176 1078 2234 honorabilior
1105 2182 1486 2249 conprobatur.
1503 2181 1672 2250 Hujus
1693 2186 1858 2256 igitur

1959 1009 2254 1080 majoribus
2289 1011 2632 1082 perlruendis
2659 1017 2868 1088 dignior
2894 1019 3252 1090 judicaretur.

2029 1163 2082 1220 2.
2119 1164 2274 1234 (Cap.
2299 1165 2416 1236 62.)
2454 1165 2586 1223 Post
2623 1169 2952 1239 aliquantum
2979 1187 3107 1230 vero
3139 1177 3396 1246 temporis
3435 1179 3536 1248 ipsi

1959 1251 2202 1310 Gerardo
2243 1257 2518 1327 pontifici,
2565 1261 2910 1330 vergentibus
2948 1266 3104 1319 annis
3145 1267 3213 1322 ad
3257 1283 3532 1334 occasum,

1959 1355 2212 1401 senectus
2231 1347 2492 1416 obrepsit,
2520 1363 2616 1416 pio
2634 1365 2740 1418 qua
2763 1349 2990 1406 debilior
3005 1353 3116 1424 jam
3133 1355 3294 1411 ﬂebat
3310 1373 3340 1410 a
3364 1359 3532 1428 priori

1961 1445 2126 1500 statu,
2159 1445 2264 1490 lam
2295 1437 2350 1492 in
2383 1437 2578 1494 divinis
2601 1440 2860 1497 misteriis
2891 1457 3050 1511 quant
3077 1444 3132 1498 in
3155 1446 3406 1502 humanis
3431 1463 3532 1503 ne-

1957 1529 2138 1600 gotiis.
2171 1527 2278 1584 Sed
2323 1529 2630 1587 Lietbertus
2653 1547 2814 1602 quem
2856 1549 2886 1588 a
2915 1549 3082 1604 puero
3123 1537 3392 1593 nutrierat
3427 1539 3532 1606 '“,

1958 1633 2119 1676 ouem
2155 1620 2452 1677 honoribus
2477 1621 2843 1688 exaltaverat,
2879 1625 2933 1680 in
2969 1635 3202 1697 utroque
3223 1629 3312 1682 val

1953 1710 2196 1779 juvabat.
2225 1713 2436 1769 Accidit
2467 1714 2693 1780 interea,
2727 1724 2786 1770 ut
2813 1717 3103 1775 Gualterus
3119 1717 3537 1778 Cameracensis

1959 1805 2282 1862 castellanos
2302 1807 2370 1862 ab
2391 1807 2624 1864 inimicis
2637 1809 2752 1864 suis
2771 1809 3088 1866 interfectus
3119 1809 3362 1866 interiret
3391 1809 3538 1884 (δη)

1959 1897 2072 1966 (an.
2113 1897 2299 1968 10H),
2352 1899 2682 1970 unicumque
2721 1899 2891 1954 tilium
2927 1915 3050 1954 cum
3094 1915 3264 1956 uxore
3303 1915 3398 1955 sua
3439 1917 3526 1954 sn-

1957 1986 2210 2056 perstites
2227 1987 2328 2042 sibi
2355 1989 2706 2058 relinqueret.
2728 1989 2860 2057 Quae
2879 1989 3098 2060 quidem
3125 2005 3279 2056 uxor,
3309 1989 3536 2044 Ermen-

1957 2078 2134 2132 trudis
2162 2079 2414 2146 nomine,
2445 2080 2514 2135 ab
2547 2081 2758 2138 insania
2791 2081 2973 2138 mariti
3002 2082 3086 2136 sui
3129 2097 3240 2137 non
3278 2081 3532 2148 cessavit,

1959 2169 2051 2224 sed
2078 2185 2174 2239 per
2207 2169 2392 2240 pejora
2417 2185 2648 2241 quaeque
2673 2172 2966 2237 oberrans,
2997 2171 3179 2226 mariti
3227 2170 3310 2226 sui
3345 2170 3535 2241 nequi-

269 2260 550 2316 ministerii
587 2265 980 2322 exercitatione
1003 2269 1342 2338 perfectioris
1371 2274 1610 2330 scientiae
1639 2277 1851 2330 culmen

1959 2261 2060 2316 tias
2087 2263 2482 2331 superexcellit.
2513 2264 2582 2318 Et
2622 2264 2748 2334 quia
2791 2263 3052 2319 malitiam
3081 2279 3178 2334 per
3203 2279 3294 2330 se,
3338 2272 3398 2319 ιιι
3435 2279 3530 2318 vo-

261 2355 476 2422 juvenis
495 2359 584 2414 ille
599 2362 742 2430 cepit
765 2365 1052 2434 attingere,
1073 2373 1128 2420 et
1149 2367 1288 2422 inter
1299 2369 1568 2439 sapientes
1581 2371 1854 2442 sapienter

267 2449 490 2516 pollere.
519 2453 748 2522 Cognita
781 2470 910 2510 vero
942 2456 1195 2527 episcopo
1239 2459 1506 2514 scolastici
1553 2461 1848 2528 industria,

267 2542 536 2607 separavit
569 2556 693 2596 eum
736 2559 768 2598 a
805 2559 1096 2614 puerorum
1134 2547 1412 2614 doctrina,
1461 2549 1664 2606 faciens
1704 2551 1854 2608 illum

265 2623 478 2705 Semper
529 2638 830 2696 consistere
875 2641 926 2694 in
973 2645 1244 2712 prescntia
1279 2661 1408 2710 sua,
1455 2655 1508 2700 et
1557 2647 1712 2702 lateri
1753 2663 1854 2704 suo

265 2726 564 2792 adhaerere,
596 2738 650 2784 et
683 2731 736 2784 in
759 2729 980 2798 judiciis
1010 2735 1124 2790 suis
1149 2745 1258 2792 tam
1291 2737 1518 2805 publicis
1549 2754 1712 2808 quam
1741 2741 1854 2809 pri-

267 2819 402 2874 vatis
428 2821 736 2878 auditorem
767 2824 820 2878 in
851 2825 1060 2895 primis,
1083 2837 1142 2882 et
1160 2843 1282 2882 mox
1308 2829 1546 2900 judicent
1583 2831 1850 2887 insistere.

267 2905 468 2978 Sicque
508 2911 710 2967 lactant
755 2924 868 2980 est,
908 2923 965 2969 ut
993 2915 1210 2984 juvenis
1242 2917 1330 2974 ille
1365 2935 1532 2988 parvo
1567 2929 1690 2990 post
1720 2929 1858 2976 lem-

265 3013 392 3067 pore
415 2999 474 3054 in
507 3001 708 3056 divinis
731 3013 786 3058 et
815 3005 866 3058 in
895 3005 1145 3062 humanis
1180 3007 1550 3065 ellicacissitne
1583 3011 1852 3068 claresce-

268 3099 364 3142 ret.
387 3089 562 3157 Quem
584 3092 774 3150 videns
793 3093 1078 3166 episc0pus
1105 3097 1262 3155 bouis
1281 3099 1573 3155 virtutibus
1597 3101 1667 3137 ³⁰⁹
1689 3103 1854 3157 abun-

267 3179 396 3235 dare
419 3191 474 3234 et
496 3183 801 3240 castitatem
835 3185 1146 3240 inviolatam
1170 3203 1514 3253 conservare,
1544 3191 1710 3254 cmpit
1729 3207 1851 3245 eum

269 3271 634 3344 diligere-pra:
665 3277 946 3343 omnibus,
985 3287 1040 3332 et
1074 3280 1282 3348 privata
1329 3290 1384 3336 et
1426 3282 1638 3351 publica
1674 3283 1854 3338 facere

270 3375 332 3414 et
359 3365 594 3418 consilio
625 3366 814 3435 ipsius.
849 3367 914 3422 Et
941 3371 1066 3438 quia
1099 3385 1222 3424 eum
1261 3371 1443 3426 divina
1481 3372 1764 3426 clementia
1799 3382 1854 3428 ct

1955 2354 2120 2421 lebat,
2150 2369 2408 2412 exercere
2435 2371 2542 2411 non
2575 2357 2768 2428 potuit,
2800 2388 2867 2397 —
2895 2355 3037 2412 ﬁlius
3072 2355 3216 2410 enim
3248 2353 3364 2422 ejus
3399 2368 3534 2425 puer

1955 2457 2075 2503 erat
2095 2477 2197 2514 —-,
2229 2449 2502 2504 tirannum
2537 2449 2806 2519 quendam
2835 2449 3052 2504 nomine
3077 2445 3410 2513 Iohannem,
3438 2445 3534 2501 ad-

1953 2553 2202 2596 vocatum
2229 2542 2668 2604 Atrebatenscm,
2690 2541 2792 2596 sibi
2819 2541 2872 2596 in
2893 2539 3202 2612 conjugium
3231 2539 3532 2610 copulavit,

1956 2635 2149 2704 suique
2175 2642 2230 2688 et
2271 2633 2369 2690 ﬁlii
2410 2634 2494 2690 sui
2536 2645 2824 2704 patronum
2865 2647 2987 2690 esse
3023 2634 3328 2690 constituit.
3367 2631 3534 2692 Filius

1957 2735 2136 2781 autem
2189 2727 2278 2782 ille
2328 2741 2454 2782 mox
2513 2737 2742 2782 mortem
2815 2727 2978 2792 obiit,
3037 2727 3332 2783 secundum
3392 2726 3546 2796 quod.

1955 2819 2216 2889 scriptum
2259 2828 2342 2875 est
2384 2839 2396 2874 :
2455 2819 2738 2875 Generatio
2793 2821 3074 2890 impiorum
3125 2819 3311 2890 peribit
3357 2817 3533 2889 (Paul.

1955 2927 2134 2976 xxxvr,
2172 2913 2286 2983 28).
2323 2910 2600 2968 Johannes
2629 2928 2780 2978 vero,
2808 2913 2896 2968 cui
2927 2922 3101 2969 mater
3134 2911 3292 2982 pueri
3333 2925 3536 2980 nupse-

1955 3011 2040 3056 rat
2064 3003 2266 3071 quique
2294 3017 2393 3071 per
2427 3014 2654 3058 matrem
2687 3001 3012 3059 benecium
3047 3003 3198 3072 pueri
3231 3002 3496 3056 invaserat
3517 3039 3544 3062 ι

1955 3093 2230 3150 nitebatur
2269 3103 2364 3148 aut
2413 3095 2466 3149 vi
2517 3104 2612 3150 aut
2655 3095 2778 3150 dolo
2822 3095 2954 3150 illud
3003 3094 3110 3150 sibi
3149 3093 3532 3170 transducerc,

1954 3185 2098 3256 quod
2129 3186 2216 3240 lex
2241 3185 2386 3242 nulla
2414 3187 2518 3242 sibi
2557 3187 2926 3256 permittebat.
2964 3186 3138 3242 Porro
3173 3193 3232 3240 ut
3273 3199 3359 3240 res
3401 3181 3542 3238 faci-

1951 3277 2116 3332 liores
2137 3279 2362 3334 haberet
2386 3278 2632 3346 effectus,
2659 3279 2826 3349 empit
2855 3280 3031 3348 ipsum
3073 3277 3372 3332 Gerardum
3403 3289 3536 3345 pon-

1957 3369 2155 3422 tiﬁcem
2187 3370 2398 3439 magnis
2419 3368 2712 3424 sollicitare
2731 3369 3202 3438 promissionibus,
3226 3377 3280 3420 et
3300 3365 3532 3434 pecunia

271 3452 536 3520 sapientia
560 3465 614 3510 et
638 3457 929 3514 virtutibus
949 3459 1306 3525 exaltaverat,
1333 3463 1678 3516 commodum
1701 3463 1856 3517 duxit
1955 3475 2302 3530 corrumpere
2351 3461 2688 3514 necessarios
2733 3469 2786 3514 et
2827 3459 3124 3514 familiares
3171 3461 3312 3528 ejus.
3359 3453 3534 3522 Hujus

205 3585 208 3587 Α
267 3554 388 3598 eum
423 3544 714 3615 episcopus
743 3547 1126 3618 magniﬁcare,
1164 3548 1449 3604 conferens
1493 3551 1544 3604 ei
1581 3552 1856 3606 archidia-
1955 3551 2173 3621 quidem
2209 3553 2432 3607 consilii
2463 3553 2817 3618 Lietbertum,
2861 3551 3002 3608 inter
3036 3550 3220 3606 ﬁdeles
3255 3546 3530 3619 pontiﬁcis

269 3645 520 3690 conatum
543 3645 598 3690 et
615 3639 1030 3714 praepositurum
1052 3648 1105 3694 et
1127 3651 1306 3696 cetera
1331 3637 1540 3710 majora
1558 3640 1855 3698 ministeria
1883 3639 1928 3700 C
1959 3645 2449 3714 sapientissimum,
2490 3645 2806 3716 participem
2833 3659 2954 3702 esse
2995 3643 3196 3708 noluit,
3231 3643 3428 3698 timens
3463 3653 3546 3694 ne»

1582 3816 1818 3874 YABIA‘J
1855 3819 2260 3878 LECTIONES.

335 3971 404 4003 ⁸⁸⁸
441 3971 587 4026 hunc
619 3974 832 4028 titulum
865 3973 929 4027 de
964 3973 1550 4058 nostrasuppleuitmts;
1585 3975 1637 4028 in
1660 3974 1714 4028 2.
1747 3975 1825 4029 2'.
1865 3992 1968 4030 non
1993 3975 2160 4058 adest.
2191 3976 2461 4058 lpoipinnt
2501 3987 2756 4058 escerpta‘
2778 3979 3313 4058 erlilrrq‘ges‘torum
3353 3975 3534 4058 Game-

267 4045 572 4096 racensittm
629 4046 965 4112 pontiﬁcum.
1009 4045 1082 4097 De
1102 4045 1322 4128 ’(Ιιιιιιιιρ
1359 4044 1638 4128 Lietberto
1679 4061 1994 4128 StLecessore
2025 4045 2260 4128 Gerardi
2280 4044 2591 4128 episcopi].
2617 4044 2710 4128 qui
2737 4044 3064 4128 [deincipiti
3093 4045 3180 4128 Ea:
3203 4063 3276 4128 ἐρ
3303 4047 3532 4128 "capitum

265 4112 648 4168 distinctionem
669 4116 1018 4174 instituimus.
1100 4115 1170 4146 ³⁰⁷
1195 4116 1391 4172 rarius.
1469 4115 1539 4147 ³⁸³
1568 4115 1706 4170 deest
1732 4115 1782 4170 7.
1863 4117 2210 4186 “’0peribus
2231 4117 2286 4172 7.
2315 4112 2326 4116 ’
2365 4118 2434 4152 ³·¹⁰
2465 4112 2586 4173 Βία.
2617 4112 2667 4172 '7.
2777 4119 2858 4150 “"
2887 4112 2960 4172 ita
2989 4117 3042 4170 7.
3075 4115 3346 4172 nutriebat
3367 4112 3424 4169 ‘2.
3445 4115 3530 4168 2".

1765 4294 1994 4352 NOT/E.

329 4463 478 4538 (itii)
515 4463 612 4538 list
635 4461 872 4538 terrade
896 4461 1066 4538 Alost,
1097 4463 1192 4538 ubi
1221 4463 1463 4538 Brakele.
1501 4465 1665 4522 Cocv.

332 4533 480 4604 (M7)
521 4533 903 4604 Nccrologiurn
931 4533 1108 4588 Beata:
1148 4533 1328 4588 Mariae
1355 4535 1761 4592 Cameracensis
1791 4535 1844 4591 in

267 4604 390 4657 bibl.
421 4605 703 4658 Camerac.
741 4603 800 4676 ri.
841 4603 968 4658 2l9.
997 4605 1312 4676 smcnlostt
1332 4606 1428 4668 in.,
1453 4621 1518 4660 ex
1549 4608 1842 4676 antiquiori

267 4675 616 4743 descriptum,
644 4677 760 4729 [nec
790 4675 956 4727 habet
983 4693 993 4728 :
1021 4675 1072 4729 5".
1109 4673 1234 4729 Kal.
1266 4673 1422 4728 Febr.
1458 4677 1581 4730 obiit
1620 4673 1848 4732 Lietber-

269 4753 344 4816 tus
371 4755 520 4813 pater
563 4743 808 4816 Lietberti
855 4744 1099 4812 episcopi.
1141 4746 1193 4798 8.
1243 4744 1375 4798 Idus
1416 4744 1562 4816 Sept.
1592 4747 1719 4800 obiit
1745 4747 1846 4802 0s-

269 4813 435 4882 burqis
466 4824 634 4870 mater
657 4813 910 4868 Lietberti
937 4817 1184 4882 episcopi.

333 4877 478 4949 (5'18)
519 4888 696 4938 carnis
729 4877 1052 4954 getiereAsibi
1094 4877 1408 4954 propinqui,
1454 4887 1602 4942 addit
1645 4887 1848 4940 Rodul-

271 4952 350 5028 fus
377 4957 428 5008 in
455 4956 569 5028 \j'ita
597 4955 889 5028 Lietberti.
915 4952 1020 5008 Sed
1049 4952 1269 5010 dubium
1292 4952 1475 5022 ellieit,
1501 4959 1642 5028 quod
1666 4965 1852 5012 noster

277 5025 342 5076 nil
369 5043 428 5077 ea
459 5027 524 5079 de
553 5043 608 5079 re
636 5025 871 5078 notavit.
1605 5049 1719 5087 ora-xm
1801 5051 1804 5054 λ

337 5095 476 5160 (119)
516 5095 892 5149 Cameraci....
944 5095 1011 5147 ad
1069 5097 1258 5150 ostium
1308 5100 1610 5152 monasterii
1655 5108 1852 5152 sauctw

1956 4471 2102 4523 dare.
2140 4467 2396 4544 Episcopo
2429 4475 2602 4544 autem
2646 4471 2924 4544 remittente
2958 4463 3346 4544 quodobtulit,
3371 4462 3532 4544 juxta

1955 4533 2264 4608 sententiam
2291 4533 2518 4608 episcopi
2547 4534 3203 4608 exconttnutiim_tus__obiit,
3231 4533 3532 4608 etsepultus

1956 4619 2030 4663 est
2066 4625 2212 4662 secus
2237 4603 2473 4670 Oisium,
2499 4607 2553 4660 in
2595 4615 2768 4657 monte
2815 4603 2962 4655 Emi.
3009 4603 3162 4668 Quod
3207 4604 3412 4673 quidem
3463 4607 3531 4657 ait

1881 4688 1927 4745 ι)
1955 4689 2157 4733 tantum
2193 4678 2320 4732 mali
2361 4678 2623 4746 pervenit,
2653 4685 2709 4726 ut
2751 4673 2920 4726 omnis
2959 4675 3102 4742 regio
3143 4673 3532 4746 Cgmeracensis

1954 4750 2062 4818 fere
2103 4749 2211 4818 igni
2260 4742 2574 4819 conibusta_,_
2595 4745 2754 4819 jussu
2793 4746 2974 4798 uxoris
3016 4759 3127 4798 sum
3163 4742 3532 4819 Ermentl'udis

1953 4811 2156 4890 penitus
2178 4827 2493 4890 uastantur.
2523 4811 2698 4890 Hujus
2721 4814 2894 4890 itaque
2923 4825 3148 4890 mortem
3169 4811 3534 4890 comes‘Flan-

1955 4880 2158 4944 drensis
2186 4880 2706 4964 Ba'lduinusldoiéns,
2735 4880 2964 4963 grauiter
2987 4881 3280 4964 inligati“!
3304 4882 3378 4963 ab.
3395 4884 3534 4934 atrio

1953 4970 2149 5014 sancta:
2173 4961 2352 5011 matris
2375 4955 2623 5032 q-cclesiaz
2645 4969 2832 5032 corpus
2852 4953 2966 5032 c_ju_s
2997 4952 3277 5032 injttste”ob
3299 4953 3540 5031 epist-ppu

1954 5025 2579 5102 sequestratum_fuisset,
2622 5035 2670 5102 et
2715 5023 2832 5102 ideo
2871 5023 3268 5102 irtjuste,_'quio
3309 5023 3536 5102 niorieus

1955 5089 2132 5152 eorum
2156 5089 2447 5150 astantibus
2475 5113 2531 5150 se
2562 5093 2872 5160 culpabilem
2903 5089 3009 5148 Deo
3041 5089 3284 5148 reddidit.
3323 5089 3439 5154 Qua
3473 5091 3538 5144 de
