4026 5370
527 271 631 328 183

1477 279 1701 335 GESTA
1740 273 2156 335 PONTIFICUM
2196 274 2798 351 CAMERACENSIUM,

3679 271 3778 335 134.

526 383 712 439 utilem
743 398 863 440 esse
886 385 1175 453 credebat,
1218 403 1434 459 suaeque
1463 390 1804 443 contmodnm
1839 388 2104 445 fidelitati.
2135 387 2183 447 Α
2214 399 2343 441 vero
2393 387 2520 442 dum
2573 389 2640 442 ad
2693 388 2968 445 civitatem
3020 391 3445 462 propinquaret,
3501 388 3786 459 mandavit

524 474 623 530 llis
645 476 842 532 auditis
861 491 1051 533 omnes
1078 480 1286 536 assensi
1313 488 1464 545 sunt,
1496 488 1692 550 praeter
1720 495 1883 533 unum
1915 479 2096 534 archi-

526 562 838 630 diaconum,
881 565 1124 622 Guonem
1152 569 1220 600 3“
1246 571 1494 634 nomine,
1536 569 1628 640 qui
1662 585 1786 624 mox
1821 571 2101 625 convictus

525 664 612 710 est
636 656 1032 714 contradixisse
1067 659 1268 715 invidia
1301 663 1480 732 potius
1499 701 1515 727 ,
1543 676 1702 732 quam
1743 661 1849 716 ulla
1878 662 1981 717 alia
2009 678 2098 716 ra-

525 749 674 802 tione
709 747 896 820 (Mart.
942 750 1055 820 5i).
1101 750 1299 822 Sicque
1347 762 1619 813 annuente
1660 755 1763 810 isto
1811 769 1933 808 cum
1980 755 2099 810 aliis

524 840 798 907 omnibus,
816 841 1032 897 donavit
1050 843 1418 915 episcopatum
1434 845 1878 904 Cameracensem
1905 849 2100 904 damno

527 930 807 985 Lietberto
850 932 1144 1002 imperator
1187 933 1558 991 Romanorum
1603 936 1869 992 Henricus
1909 952 2101 993 secun-

527 1022 650 1077 dus.
680 1020 904 1077 Videres
935 1024 1097 1095 igitur
1129 1040 1290 1081 omne
1321 1027 1582 1096 palatium
1612 1030 1809 1098 gaudio
1837 1031 2098 1099 repletum

523 1126 645 1166 esse
668 1121 724 1167 et
747 1112 1076 1170 exultatione
1097 1156 1112 1181 ,
1147 1125 1201 1172 et
1228 1117 1570 1188 incipientem
1600 1120 1772 1192 ipsum
1799 1121 1962 1177 etiam
1993 1123 2097 1176 im-

523 1213 830 1274 peratorem
863 1203 934 1260 Te
961 1205 1126 1274 Deum
1163 1209 1442 1264 laudamus
1461 1251 1476 1277 ,
1502 1213 1754 1282 prosequi
1785 1213 2097 1284 episcopum

457 1342 460 1346 .
525 1311 647 1350 cum
676 1296 821 1352 clero
841 1308 901 1357 et,
922 1299 1114 1370 populo
1145 1317 1312 1371 usque
1334 1304 1387 1357 in
1424 1305 1746 1372 aecrlesiam,
1789 1321 1908 1360 cum
1941 1307 2099 1375 hujus

522 1391 673 1464 ymni
695 1390 1035 1458 jubilatione.
1063 1393 1432 1463 Magniﬁcatus
1466 1405 1548 1452 est
1575 1399 1809 1469 pontifex
1840 1416 1869 1453 a
1893 1416 2020 1472 rege
2045 1411 2099 1456 et

521 1481 860 1552 principibus
883 1482 998 1552 ejus
1027 1485 1080 1540 in
1117 1502 1310 1557 magna
1344 1486 1510 1559 gloria
1541 1530 1555 1555 ,
1585 1499 1641 1544 et
1676 1502 1922 1561 receptus
1955 1500 2036 1552 est
2065 1507 2097 1547 a

523 1571 638 1624 suis
671 1588 792 1626 cum
829 1574 1124 1642 gratiarum
1165 1577 1374 1633 actione
1409 1586 1464 1632 et
1499 1577 1668 1634 letitia
1705 1595 1917 1650 magna.
1964 1581 2099 1636 Pon-

523 1660 682 1727 tifex,
715 1662 852 1720 facta
885 1665 1142 1721 fidelitate
1167 1667 1498 1738 imperatori,
1528 1678 1581 1725 et
1604 1671 1854 1740 omnibus
1882 1687 2101 1744 compe-

524 1755 763 1808 tentibus
805 1755 1143 1826 adimpletis,
1190 1760 1470 1830 satagebat
1512 1763 1579 1817 ad
1623 1763 1897 1820 civitatem
1941 1780 2096 1828 suam
2127 1747 2170 1804 1"

522 1844 720 1898 reverti
747 1843 916 1914 (439).

595 1925 646 1983 5.
691 1933 832 1989 Sane
860 1934 1135 1992 Iohannes
1165 1938 1281 2008 ille,
1323 1942 1416 2012 qui
1451 1941 1499 1997 ei
1538 1943 1780 2000 infensus
1817 1945 2096 2005 Cameraci

522 2032 879 2084 remanserat,
907 2025 1111 2080 audivit
1135 2039 1498 2096 prmcurrente
1524 2031 1863 2104 fama,‘quod
1892 2035 2096 2094 factum

521 2109 720 2183 fuerat,
757 2114 885 2183 quia
917 2115 1146 2176 domnus
1174 2117 1481 2176 Lietbertus
1523 2133 1744 2193 accepto
1785 2127 2096 2198 episcopatu

521 2200 678 2264 laetus
716 2205 1008 2260 remeabat.
1037 2205 1150 2263 Hac
1185 2225 1282 2279 pro
1308 2226 1471 2267 causa
1513 2213 1670 2270 valde
1703 2215 1977 2285 irascitur,
2014 2234 2099 2274 sev

522 2305 755 2362 cumque
789 2293 877 2346 diu
909 2305 1152 2365 reputat,
1187 2300 1314 2367 quid
1345 2299 1490 2358 facto
1513 2318 1650 2374 opus
1690 2306 1760 2360 sit
1791 2307 1879 2360 υτ.
1903 2308 2096 2366 Postea

413 2397 426 2413 ο
517 2380 781 2436 satellites
807 2383 859 2438 in
886 2400 1052 2440 unum
1086 2399 1381 2456 convocat,
1405 2393 1594 2463 eisque
1620 2405 1889 2453 secretum
1930 2401 2096 2456 animi

521 2470 604 2524 sui
649 2471 920 2544 insinuat,
961 2477 1174 2547 dicens,
1223 2495 1284 2536 se
1327 2483 1604 2541 Lietberto
1649 2503 1824 2557 nuper
1846 2490 2098 2561 episcopo

516 2557 665 2618 facto
712 2563 916 2620 nullum
962 2568 1238 2625 introitum
1285 2572 1523 2630 civitatis
1575 2557 1894 2636 Cameracaa—
1929 2557 2100 2638 indul-

477 2715 484 2720 ι
521 2663 672 2726 gere,
704 2653 806 2708 nisi
847 2669 906 2711 se
936 2659 1286 2715 castellanum
1329 2664 1481 2734 prius
1523 2665 1693 2735 ipsius
1735 2671 1970 2727 civitatis
2003 2687 2099 2728 vo-

517 2737 680 2796 luerit
705 2743 907 2804 facere.
951 2746 1196 2820 Precepit
1236 2752 1400 2820 igitur
1436 2756 1685 2813 omnibus
1707 2758 1842 2824 illis,
1878 2772 2096 2830 paratos

521 2846 642 2887 esse
691 2849 905 2905 semper
951 2839 1004 2896 in
1036 2843 1233 2908 armis,
1269 2845 1336 2899 ad
1373 2848 1741 2916 repellendum
1788 2854 2096 2924 episcopum

521 2920 697 2990 illum,
726 2925 826 2981 nisi
859 2929 962 2984 sibi
990 2929 1061 2971 ιιι
1087 2931 1268 2987 hocin
1299 2935 1437 2989 dono
1467 2920 2099 3004 satisfeceritIDein—ma-

521 3022 663 3086 trem
685 3018 984 3083 mcclesiam
1015 3034 1219 3078 sancta:
1263 3024 1444 3081 Mariae
1481 3029 1748 3084 violenter
1783 3032 2012 3099 invasit,
2044 3045 2098 3090 et

2201 473 2454 546 Iohanni,
2482 487 2541 532 ut
2572 479 2687 546 ipse
2704 486 2758 533 et
2782 479 2863 541 sui
2896 493 2924 532 a
2954 480 3174 536 civitate
3206 481 3440 546 exirent,
3465 488 3518 536 et
3548 479 3784 547 liberum

2203 563 2483 621 in’troitum
2515 568 2769 639 episcopo
2791 569 3029 624 venienti
3065 571 3463 640 permitterent.
3504 569 3787 627 Iohannes

2202 667 2384 711 autem
2421 657 2546 728 quia
2569 661 2944 716 contradicere
2973 677 3136 718 ausus
3165 678 3272 717 non
3302 671 3443 728 erat,
3468 663 3791 736 adimplevit

2202 745 2416 800 comitis
2444 745 2650 801 domini
2680 747 2762 802 sui
2793 748 3109 804 mandatum
3143 765 3244 820 per
3263 751 3470 815 omnia,
3501 751 3647 806 sicut
3668 749 3790 818 jus-

2202 847 2296 888 sus
2326 833 2524 890 fuerat.
2555 835 2782 892 lntravit
2805 838 2972 909 igitur
3005 839 3294 910 episcopus
3321 839 3598 894 civitatem
3631 855 3789 895 suam

2201 924 2339 986 duce
2389 926 2587 988 comite
2625 942 2746 982 cum
2801 943 2994 998 magna
3047 927 3250 1000 gloria,
3305 940 3361 985 et
3399 929 3660 999 expulsus
3703 938 3791 994 est

2202 1014 2544 1070 adversarius
2581 1014 2697 1085 ejus
2735 1016 3008 1072 Iohannes
3045 1034 3168 1074 cum
3211 1034 3409 1089 magna
3462 1021 3786 1094 ignominia.

2272 1105 2325 1162 8.
2358 1106 2512 1178 (Cap.
2552 1109 2666 1179 66.)
2693 1107 2941 1164 Pontifex
2969 1123 3101 1165 vero
3122 1108 3294 1180 ejecto
3319 1109 3564 1166 Iohanne
3586 1126 3787 1180 preca-

2201 1213 2334 1254 vens
2361 1198 2414 1254 in
2445 1198 2706 1264 futurum,
2739 1209 2794 1255 et
2821 1200 3043 1266 timens,
3069 1216 3138 1257 ne
3166 1200 3251 1257 vel
3283 1201 3372 1256 ille
3401 1201 3688 1258 Iohannes
3703 1201 3790 1256 vel

2202 1287 2427 1357 quilibet
2452 1291 2695 1343 tirannus
2717 1290 2846 1345 huic
2873 1289 3068 1346 similis
3109 1291 3164 1346 in
3197 1291 3602 1346 castellaturam
3636 1290 3790 1344 illam

2203 1389 2295 1434 aut
2323 1381 2372 1434 vi
2419 1392 2512 1435 aut
2553 1381 2770 1452 ingenio
2798 1381 3055 1448 intraret,
3087 1390 3144 1437 et
3171 1392 3359 1452 postea
3398 1382 3580 1452 justus
3623 1383 3791 1448 heres

2201 1481 2322 1524 eam
2371 1480 2620 1540 repetens
2662 1473 2787 1526 inde
2816 1473 3005 1527 turbas
3050 1471 3286 1540 faceret,
3319 1474 3459 1530 ultro
3501 1473 3791 1545 Hugonem

2203 1555 2444 1614 Gualteri
2467 1560 2748 1616 castellani
2774 1561 3011 1618 defuncti
3057 1573 3329 1634 nepotem,
3354 1579 3419 1621 eo
3441 1565 3585 1636 quod
3608 1564 3790 1636 legitie

2202 1664 2324 1702 mus
2352 1650 2510 1706 heres
2545 1664 2696 1714 erat,
2725 1651 2939 1715 ascivit,
2988 1652 3149 1721 eique
3197 1653 3603 1709 castellaturam
3633 1655 3788 1710 illam

2201 1739 2489 1797 concessit.
2536 1740 2600 1794 Et
2637 1741 2764 1810 quia
2813 1741 2917 1798 iste
2958 1741 3110 1812 [lngo
3135 1743 3310 1798 adhuc
3349 1759 3482 1814 puer
3515 1753 3654 1809 erat,
3690 1746 3789 1800 sed

2203 1831 2562 1906 propinquum
2588 1834 2857 1902 quendam
2881 1833 3158 1890 Ansellum
3207 1836 3354 1907 (441)
3389 1839 3633 1905 nomine,
3669 1855 3789 1894 mo-

2203 1923 2355 1981 ribus
2402 1933 2458 1979 et
2505 1925 2674 1982 armis
2702 1928 3006 1998 egregium,
3049 1927 3302 1996 habebat,
3335 1929 3496 2000 hujus
3525 1933 3790 1987 custodia:

2201 2031 2425 2086 puerum
2458 2031 2581 2071 cum
2621 2017 2764 2072 bono
2794 2017 2909 2087 ejus
2941 2019 3090 2092 (442)
3117 2022 3422 2086 commisit;
3457 2037 3619 2092 quem
3664 2023 3787 2077 An-

2201 2106 2366 2160 scllus
2397 2106 2484 2162 ille
2526 2123 2695 2178 usque
2737 2109 2804 2172 ad
2850 2109 3173 2181 praefinitum
3222 2121 3433 2184 tempus
3477 2114 3682 2186 optime
3729 2121 3786 2184 ct

2204 2196 2438 2253 ﬁdeliter
2475 2199 2638 2267 rexit.
3345 2199 3348 2202 ’
3521 2197 3528 2202 ’

2271 2289 2324 2344 9.
2382 2288 2658 2346 Iohannes
2701 2291 2896 2363 igitur,
2957 2295 3307 2352 castellatura
3360 2312 3523 2368 quam
3579 2297 3786 2370 injuste

2203 2382 2849 2452 usurpaveratprivatus,
2881 2399 2983 2440 nec
3026 2386 3313 2456 quicquam
3354 2387 3479 2442 mali
3521 2389 3788 2452 adversus

2199 2469 2510 2538 episcopum
2557 2470 2785 2540 proinde
2821 2488 3142 2544 presumens
3184 2475 3450 2540 facerc—
3477 2479 3785 2546 prohibitus

2200 2557 2342 2612 enim
2394 2567 2570 2613 erata
2605 2560 2805 2615 comite
2829 2591 2901 2606 -η
2925 2563 3104 2632 ipsum
3139 2566 3393 2620 comitem
3437 2566 3781 2633 Balduinum,

2201 2651 2352 2720 cujus
2378 2651 2537 2724 ligius
2566 2652 2718 2724 (455)
2742 2654 2900 2711 miles
2937 2666 3076 2721 erat,
3107 2657 3412 2729 dereliquit,
3440 2669 3493 2714 et
3520 2661 3585 2714 ad
3613 2661 3785 2732 impe-

2200 2754 2435 2800 ratorem
2474 2745 2840 2802 Romanorum
2895 2745 3186 2804 Henricum
3219 2765 3278 2806 se
3325 2751 3582 2817 contulit,
3617 2768 3783 2822 quem

2200 2837 2408 2892 sciebat
2453 2846 2580 2894 tunc
2635 2840 2896 2909 temporis
2949 2843 3226 2899 inimicum
3281 2859 3401 2900 esse
3456 2844 3782 2900 Flandrensi

2200 2926 2403 2980 comiti.
2457 2925 2626 2994 lInjus
2663 2929 2880 2998 quidem
2930 2930 3085 2992 miles
3126 2931 3371 3000 effectus,
3427 2933 3606 2990 sciens
3653 2936 3784 3006 quia

2201 3013 2496 3083 imperator
2521 3017 2824 3071 secundam
2847 3017 3231 3085 profectionem
3259 3022 3312 3077 in
3340 3022 3649 3078 Flandriam
3685 3023 3786 3078 ad-

524 3103 714 3171 ejectis
731 3112 1028 3181 canonicis,
1060 3114 1338 3172 thesauros
1359 3118 1619 3176 aecclcsiaa
1645 3129 1700 3175 et
1721 3123 2095 3196 quodcumque

2205 3119 2388 3188 versus
2438 3106 2754 3164 Balduinum
2786 3110 2856 3178 ³8³
2903 3123 3164 3182 pararet,
3223 3116 3476 3184 promisit
3514 3117 3599 3181 ei,
3628 3119 3783 3188 quod

522 3197 670 3254 intus
716 3202 945 3270 invenit,
988 3205 1178 3260 ditioni
1222 3222 1332 3263 suae
1372 3211 2102 3286 mancipavit,custodesque

521 3306 650 3346 suos
697 3303 934 3352 armatos
982 3297 1114 3354 inibi
1161 3301 1356 3369 posuit.
1403 3301 1691 3360 Basilicam
1737 3307 1920 3376 itaque
1969 3323 2101 3378 pon-

521 3382 780 3441 tificalem
825 3403 945 3443 cum
994 3390 1253 3451 militibus
1308 3393 1420 3452 suis
1471 3396 1714 3463 introiit,
1771 3408 1827 3454 et
1874 3416 2099 3456 uxorem

520 3489 675 3530 suam
728 3477 781 3532 in
831 3494 1045 3536 camera
1109 3485 1380 3553 pontificis
1441 3489 1815 3559 introducens,
1869 3502 2098 3550 stratum

523 3580 679 3620 suum
708 3569 759 3622 in
789 3569 927 3624 lecto
949 3575 1238 3642 pontiﬁcali
1261 3580 1440 3646 parari
1484 3580 1629 3647 fecit,
1675 3583 1886 3656 sibique
1930 3595 1987 3642 et
2013 3601 2103 3644 sa-

522 3657 784 3724 tellitibus
824 3661 934 3716 suis
963 3665 1029 3717 de
1056 3666 1454 3735 pontificalibus
1508 3672 1810 3739 sumptibus
1859 3679 2104 3747 precepit

521 3748 820 3806 ministrari
855 3753 1024 3825 (ΜΟ)9

601 3839 654 3893 6.
697 3840 834 3913 (cap.
871 3844 985 3916 65.)
1024 3847 1230 3904 Interea
1261 3852 1384 3906 dum
1426 3854 1541 3911 hinc
1575 3868 1883 3927 agerentur,
1930 3877 2102 3924 novus

526 3930 732 3988 civitati
763 3939 1159 4009 apprOpinquat
1187 3944 1492 4016 episcopus.
1537 3949 1634 4005 Cui
1660 3949 1934 4012 Iohannes
1977 3972 2099 4011 cum

523 4032 718 4091 parato
757 4041 1048 4086 occurrens
1074 4036 1335 4102 exercitu,
1378 4052 1563 4105 portas
1604 4042 1817 4109 clausit,
1846 4054 1901 4100 et
1945 4045 2102 4119 longe

525 4117 760 4185 reppulit
792 4118 858 4153 ³¹⁰
887 4121 955 4175 ab
987 4123 1230 4179 introitu.
1273 4127 1568 4199 Episcopus
1594 4133 1774 4204 itaque
1803 4136 1870 4190 ad
1901 4117 2098 4192 novum

526 4201 820 4266 Castellum
852 4220 1050 4269 sanctae
1078 4214 1260 4272 Maria:
1303 4218 1596 4291 divertcns,
1640 4201 1761 4280 cum
1812 4227 2018 4286 honore
2046 4240 2100 4287 et

527 4295 714 4354 laetitia
738 4302 1001 4371 recipitur
1028 4321 1057 4360 a
1085 4309 1217 4362 suis.

599 4390 862 4464 7.1bique
894 4395 1204 4465 aliquandiu
1235 4402 1451 4467 mansit,
1477 4405 1647 4463 donec
1684 4407 2097 4470 Flandrensium

2204 3194 2502 3250 exercitum
2533 3212 2688 3252 suum
2723 3198 2852 3255 illuc
2880 3201 3186 3270 deduceret,
3212 3205 3256 3260 si
3285 3221 3316 3261 a
3358 3207 3665 3273 Lietberto,
3692 3209 3784 3282 cui

2203 3285 2415 3340 noviter
2444 3286 2810 3357 episcopatum
2856 3289 3103 3358 dederat,
3138 3295 3542 3354 castellaturam
3584 3297 3783 3362 Came-,-

2203 3377 2442 3432 racensis
2469 3377 2701 3434 civitatis
2735 3380 2849 3434 dari
2890 3382 2991 3436 sibi
3027 3381 3268 3440 fecisset.

2275 3469 2363 3540 10.
2393 3470 2549 3544 (Cap.
2588 3473 2702 3544 67.)
2731 3473 2829 3530 llis
2853 3476 3053 3536 auditis
3091 3479 3404 3551 imperator,
3430 3481 3552 3551 quia
3579 3481 3631 3537 in
3665 3492 3776 3538 ter.-

2203 3579 2321 3618 ram
2378 3565 2593 3621 comitis
2642 3566 3061 3637 depopulaturus
3116 3573 3300 3627 venire
3348 3573 3620 3634 desiderat
3667 3575 3775 3646 ‘9',

2204 3659 2356 3716 laetus
2382 3661 2630 3724 ellicitur,
2664 3663 2926 3718 estimans
2969 3680 3027 3720 se
3067 3666 3223 3722 facile
3264 3668 3678 3740 impetraturum
3709 3670 3780 3725 ab

2203 3747 2474 3817 episcopo,
2508 3750 2651 3818 quod
2672 3766 2701 3803 a
2724 3750 2968 3808 Iohanne
2990 3755 3383 3824 postulabatur.
3415 3758 3660 3828 Denique
3680 3775 3784 3820 nec

2205 3839 2430 3894 inultum
2481 3843 2740 3912 temporis
2787 3845 3052 3919 interfuit,
3093 3865 3213 3903 cum
3249 3849 3564 3920 imperator,
3591 3861 3784 3923 parato

2204 3937 2448 3990 exercitu
2494 3945 2547 3991 et
2568 3936 2815 3993 Iohanne
2848 3942 3071 3997 ductore
3099 3943 3413 4008 constituto,
3443 3960 3508 3998 ex
3540 3956 3700 4014 pacto
3727 3955 3785 4016 et

2202 4031 2459 4100 petitione
2485 4031 2618 4100 ejus.
2652 4044 2710 4088 ut
2743 4035 2795 4090 in
2828 4035 3216 4093 Flandrensem
3251 4041 3480 4107 patriam
3515 4041 3586 4072 ³²³
3616 4043 3785 4098 deve-

2202 4125 2365 4189 niret,
2395 4125 2499 4180 iter
2527 4126 2835 4196 aggreditur
2858 4128 2967 4199 (an.
2996 4129 3176 4200 1054).
3203 4129 3582 4186 Pertransiens
3614 4131 3786 4202 igitur

2203 4215 2385 4270 omnia
2437 4215 2812 4286 interjacentia
2859 4218 2940 4274 sui
3008 4219 3155 4290 regni
3208 4219 3363 4282 loca,
3423 4221 3670 4289 pervenit
3711 4221 3785 4279 ad

2203 4308 2358 4366 Maen
2387 4310 2556 4379 (ἐμ),
2580 4311 2756 4368 vicum
2779 4313 3046 4382 quendam
3078 4327 3240 4384 super
3260 4314 3511 4368 Scaldum
3532 4311 3782 4388 ﬂuvium,

2205 4417 2314 4462 non
2364 4403 2575 4474 longius
2612 4420 2774 4475 quam
2826 4405 3035 4473 duobus
3069 4405 3287 4475 milibus
3338 4422 3370 4460 a
3409 4405 3780 4472 Valentianis,

529 4493 714 4537 comes
735 4484 1031 4542 Balduinus
1055 4504 1086 4543 a
1117 4507 1242 4562 rege
1265 4493 1592 4551 Francorum
1626 4512 1903 4560 revertens
1926 4515 1979 4561 et
2006 4522 2102 4576 per
2132 4494 2180 4554 Ι)
2210 4498 2298 4554 Ubi
2327 4509 2516 4568 Ροηίθε
2539 4501 2750 4556 νο¹θὺ³ι
2788 4501 2988 4565 facere.
3011 4509 3067 4556 οι
3105 4502 3184 4556 Sic
3210 4501 3263 4555 ill
3289 4510 3486 4556 ιθιτὲῐιι
3510 4500 3781 4578 Βθιίῖιιῖῐιῖη

531 4571 708 4637 ipsum
741 4571 1030 4631 Castellum
1075 4581 1360 4637 transitum
1409 4585 1630 4650 habens,
1663 4604 1784 4644 eum
1832 4592 1902 4647 ibi
1955 4571 2100 4650 inve-

531 4661 613 4714 nit
640 4662 730 4726 ³²⁰,
760 4673 814 4718 et
840 4666 904 4719 de
931 4668 1202 4739 episcopio
1225 4673 1341 4742 ejus
1379 4675 1530 4730 laetus
1552 4676 1773 4735 effectus
1792 4723 1805 4746 ,
1838 4699 2006 4754 usque
2032 4688 2099 4742 ad

529 4753 801 4811 civitatem
822 4759 1269 4820 Cameraceusem
1299 4781 1420 4822 eum
1448 4784 1631 4826 secum
1649 4772 1890 4830 deduxit.
1909 4777 2099 4834 Comes

2209 4611 2328 4664 qua:
2357 4596 2424 4627 m
2445 4611 2664 4665 presens
2685 4597 2910 4652 transito
2937 4595 3154 4653 flumine
3182 4596 3522 4669 occurrebat,
3552 4594 3780 4652 intrare.

2210 4689 2317 4752 Sed
2345 4687 2633 4743 Balduinns
2656 4703 2838 4743 comes
2865 4688 3090 4744 alteram
3116 4696 3322 4758 partem
3365 4687 3495 4756 ripae
3520 4699 3646 4740 cum
3681 4699 3782 4741 suo

2210 4778 2450 4842 exercitu
2485 4778 2596 4847 jam
2630 4786 3110 4850 preoccupaverat,
3144 4793 3238 4846 per
3281 4790 3443 4845 quam
3485 4775 3785 4844 imperator

1838 4953 2066 5008 VARle
2102 4955 2497 5014 LECTIONES.

602 5048 670 5078 ³¹⁶
706 5052 779 5104 ita
803 5051 857 5104 2.
892 5053 943 5106 7.
993 5052 1105 5106 Vita
1131 5052 1294 5109 Lielb.
1319 5056 1636 5116 Chunomen
1664 5063 1741 5115 2‘.

527 5116 579 5192 7_.
629 5117 744 5192 Vita
782 5121 950 5175 Lietb.
995 5124 1282 5192 repellit2.
1309 5127 1386 5179 2‘.

532 5188 664 5243 tiam
693 5191 745 5243 7.
826 5193 895 5222 m
922 5188 1084 5262 quem
1113 5195 1170 5248 2.

1819 5064 1888 5140 ⁸¹Ῐ
1929 5065 2001 5140 ita
2031 5067 2082 5120 7.
2123 5067 2244 5140 Vita
2277 5069 2467 5132 Lietb.;
2504 5087 2638 5140 Opus
2663 5073 2734 5126 sit
2757 5072 2900 5125 factu
2926 5074 2980 5126 2.
3015 5073 3093 5128 2’.

1466 5129 1536 5160 ³¹⁰
1572 5132 1837 5196 invenerit
1860 5136 1915 5207 2.
1956 5135 2035 5188 2‘.
2113 5137 2203 5206 ,³³⁸
2228 5129 2479 5194 comitem
2505 5129 2650 5194 addit
2677 5141 2727 5196 7.

3174 5071 3244 5108 ³¹⁸
3283 5075 3422 5124 decu
3453 5069 3507 5120 7.
3595 5067 3666 5112 ³³9
3705 5071 3778 5126 im

2827 5144 2894 5174 ³³³
2925 5142 3265 5212 desiderabat
3291 5141 3342 5193 7.
3441 5139 3513 5181 ³³³
3551 5139 3778 5224 provin-

2021 5315 2247 5370 ΝΟΤᾹΣ-
