4026 5370
214 244 315 305 185

215 490 557 548 imperatore
585 492 640 537 et
669 486 868 539 comite
901 506 931 546 e
976 492 1210 559 diverso,
1240 511 1416 565 neque
1457 497 1628 555 altero
1657 500 1815 556 alteri

219 583 417 624 nocere
446 572 765 629 valentibus
812 592 1033 650 propter
1063 584 1402 640 altitudinem
1450 588 1817 646 intercurren-

224 661 292 716 tis
338 661 524 728 fluvii,
579 681 709 734 pars
769 676 1011 743 quaedam
1062 677 1130 731 ab
1177 677 1529 747 imperatorio
1577 682 1818 741 exercitu

223 751 532 807 clanculum
595 773 881 832 segregata
912 803 925 828 ,
979 779 1077 834 per
1130 766 1485 825 Cameracum
1539 772 1818 827 civitatem

225 841 489 899 adversus
538 850 923 921 imperatorem
963 856 1241 914 sedentem
1289 860 1594 930 inparatum
1645 865 1715 896 ⁸⁸⁸
1741 863 1820 919 of-

232 942 482 1029 fendere,
506 954 563 999 et
590 947 670 1001 sic
700 963 766 1002 ex
810 949 1102 1019 improviso
1123 968 1399 1023 superare.
1427 959 1579 1025 Quod
1601 960 1819 1029 quidem

232 1022 439 1087 factum
470 1036 684 1102 fuisset,
733 1040 835 1093 nisi
865 1041 929 1095 ad
966 1022 1212 1098 ultimum
1240 1061 1336 1114 per
1381 1047 1614 1117 legatum
1645 1054 1823 1105 moni-

230 1136 319 1180 tus
346 1144 536 1185 comes
580 1147 706 1189 cum
744 1136 856 1189 suis
905 1135 1135 1206 lugeret,
1168 1150 1223 1195 et
1268 1146 1571 1198 custodiam
1624 1145 1823 1200 littoris

231 1237 459 1278 vacuam
488 1226 895 1297 derelinqueret
918 1231 1008 1288 ³⁸⁸.

308 1318 395 1385 li.
452 1318 607 1389 (Cap.
644 1320 759 1385 68.)
797 1322 909 1378 lioc
945 1325 1064 1379 viso
1101 1326 1393 1396 imperator
1423 1330 1677 1388 Scaldum
1726 1333 1826 1388 flu-

228 1411 406 1481 vium,
466 1414 672 1481 paratis
706 1415 1001 1485 'pontibus,
1056 1422 1301 1485 transiit,
1362 1434 1416 1478 et
1475 1436 1671 1480 terram
1707 1427 1828 1481 Bal-

229 1508 386 1561 duini
439 1509 509 1539 ³²⁷
539 1510 681 1563 hosti
719 1511 868 1582 (3.55)
914 1528 1023 1567 sua:
1070 1514 1455 1572 devastandam
1506 1521 1822 1589 distribuit;

231 1603 421 1670 sicque
465 1604 846 1673 depopulaudo
889 1622 1009 1661 eam
1055 1611 1236 1678 praeda
1268 1622 1321 1665 et
1362 1613 1468 1682 igni
1497 1654 1511 1678 ,
1562 1631 1729 1685 usque
1759 1618 1825 1671 ad

234 1695 627 1751 Debull‘entem
686 1698 861 1752 rivum
894 1700 1041 1771 (“6)
1075 1716 1196 1755 cum
1229 1706 1472 1759 exercitu
1505 1722 1604 1762 suo
1640 1724 1826 1778 perve-

233 1788 334 1842 nit.
378 1789 499 1855 Quo
528 1790 729 1845 inloco
757 1793 1012 1861 praefatus
1051 1793 1345 1861 Johannes,
1378 1800 1614 1869 acceptis
1646 1816 1826 1855 secmn

234 1882 565 1939 satellitibus
606 1886 720 1938 suis
749 1901 935 1945 coram
975 1886 1302 1955 imperatore
1333 1890 1579 1953 veniens,
1620 1893 1833 1963 rogavit

237 1987 381 2039 eum,
417 1982 479 2027 ut
527 1974 936 2029 castellaturam
986 1976 1438 2033 Cameraeeusem
1492 1981 1592 2035 sibi
1641 1983 1829 2039 donari

237 2067 463 2121 fecisset
492 2070 812 2135 secundum,
833 2069 1162 2138 promissum
1213 2088 1395 2138 suum,
1435 2073 1480 2128 si
1514 2074 1671 2131 vellet
1718 2092 1831 2131 am-

238 2163 379 2233 plius
415 2179 444 2215 a
475 2177 534 2217 se
563 2173 619 2217 et
648 2180 676 2218 a
704 2164 815 2219 suis
846 2165 1047 2220 habere
1068 2166 1413 2224 conductum.

325 2256 412 2312 l2.
466 2256 624 2328 (Cap.
676 2258 792 2329 69.)
834 2259 1003 2329 igitur
1055 2260 1353 2331 imperator
1399 2264 1615 2319 vocavit
1662 2264 1727 2319 ad
1774 2282 1831 2321 se

241 2344 582 2413 Lietbertum
615 2348 930 2417 episcopum
957 2378 1023 2390 -
1051 2363 1279 2418 presens
1323 2352 1468 2407 enim
1513 2362 1658 2418 erat,
1683 2385 1750 2393 —
1779 2364 1833 2410 et

242 2438 520 2511 postulare
577 2439 741 2509 cepit,
790 2448 846 2492 ut
893 2438 1123 2497 Johanni
1168 2442 1570 2498 castellaturam
1607 2445 1834 2502 donaret

242 2527 559 2582 Carueracze
597 2528 857 2582 civitatis.
910 2527 1026 2586 iliis
1075 2530 1292 2597 auditis,
1335 2532 1622 2602 episcopus
1664 2550 1834 2605 usque

243 2617 309 2671 ad
350 2618 591 2673 animant
623 2618 999 2686 conturbatur,
1025 2636 1147 2674 cum
1174 2622 1287 2691 jam
1326 2638 1445 2677 eam
1472 2624 1621 2695 justo
1647 2625 1831 2682 heredi

245 2709 524 2774 donasset,
574 2720 628 2763 et
678 2712 997 2767 sevissiams
1059 2715 1305 2769 tiranuus
1349 2716 1549 2787 injuste
1597 2731 1723 2776 eam
1756 2735 1836 2774 re-

244 2808 475 2868 peteret.
528 2799 825 2869 Respondit
877 2802 1132 2866 laudent,
1188 2820 1246 2858 se
1306 2820 1411 2859 non
1449 2821 1608 2876 posse
1653 2807 1835 2865 facere

245 2891 386 2957 quod
439 2890 737 2961 imperator
793 2890 1118 2963 imperabat,
1160 2894 1285 2961 quia
1343 2893 1550 2963 llugoui
1598 2895 1835 2965 legitimo

246 2980 431 3039 heredi
467 2980 538 3011 ³²⁸
578 2982 872 3036 secundum
908 2983 1079 3053 legem
1127 2986 1315 3057 patrizc
1350 2985 1463 3058 jam
1496 3004 1616 3042 eam
1664 2989 1836 3046 dotta-

246 3085 419 3126 verat.
479 3071 782 3143 imperator
825 3085 1049 3144 propter
1103 3077 1397 3133 instantem
1455 3083 1833 3137 necessitatem

246 3161 465 3216 volebat
500 3162 745 3231 petitioni
773 3162 1037 3220 Johannis
1068 3166 1420 3234 satisfacere;
1460 3170 1713 3241 episcopo
1742 3187 1835 3229 au-

252 3260 356 3305 tem
385 3253 703 3318 videbatur,
738 3255 880 3323 quod
933 3254 1158 3321 fecerat.
1193 3258 1342 3315 nullo
1388 3260 1548 3315 modo
1593 3276 1651 3315 se
1681 3278 1840 3333 posse

252 3343 569 3399 dissolvere.
597 3345 918 3415 Imperatori
962 3349 1105 3417 quod
1130 3351 1348 3419 petebat
1393 3350 1513 3406 leve
1554 3352 1841 3411 videbatur

253 3451 307 3495 et
333 3440 644 3505 modicum;
706 3441 962 3511 episcopo
1024 3443 1165 3511 quod
1233 3445 1520 3513 petebatur
1568 3462 1733 3518 grave
1786 3458 1839 3502 et

253 3533 619 3605 mortiferum.
649 3531 707 3587 Si
734 3534 880 3593 enim
915 3534 1194 3595 infandum
1228 3539 1501 3594 hominem
1526 3552 1713 3595 contra
1750 3542 1839 3611 jus

254 3625 428 3691 aliena
452 3633 726 3693 petentem
771 3641 823 3678 tn
853 3626 1133 3681 civitatem
1157 3643 1312 3685 suam
1345 3628 1628 3700 reciperet,
1668 3648 1841 3702 neque

256 3715 400 3769 intus
428 3730 613 3785 pacem
647 3730 761 3785 prae
785 3717 1055 3773 tirannide
1081 3720 1199 3788 ejus
1232 3721 1475 3789 haberet,
1508 3738 1680 3795 neque
1710 3724 1842 3779 foris

256 3807 644 3859 exheredatum
670 3817 729 3860 et
760 3817 1018 3877 parentes
1044 3809 1161 3878 ejus
1188 3812 1459 3867 sustinere
1500 3822 1703 3882 posset.
1735 3813 1842 3867 llu-

257 3898 490 3957 miliatus
512 3898 681 3968 igitur
708 3909 765 3954 et
802 3902 1159 3955 coxiturbatus
1191 3902 1481 3970 episcopus
1532 3919 1839 3973 usquequa-

258 4003 392 4057 (με,
437 3990 859 4047 viviticationem
898 3993 1117 4061 petebat
1164 4008 1191 4046 a
1238 3993 1418 4049 divina
1470 3994 1840 4061 miseratione,

258 4082 444 4139 volens
479 4082 677 4136 donum
722 4098 879 4140 suum
914 4083 1155 4153 legitime
1207 4086 1505 4153 perfectum
1557 4086 1844 4143 inviolabi-

260 4170 381 4226 liter
404 4188 748 4242 permanere.
775 4171 1030 4239 Sentiens
1059 4177 1227 4244 igitur
1250 4177 1567 4246 imperator,
1593 4192 1653 4233 se
1693 4178 1846 4232 blan-

262 4261 406 4315 ditiis
454 4262 745 4331 impetrare
805 4279 907 4317 non
957 4280 1115 4333 posse
1167 4267 1311 4334 quod
1366 4268 1624 4336 petebat,
1681 4270 1847 4338 erepit

262 4358 403 4425 abuti
444 4357 724 4433 violentia,
767 4360 1074 4430 precipiens
1127 4363 1443 4431 episcopum
1493 4378 1523 4417 a
1580 4363 1841 4418 militibus

1122 284 1605 345 CONTINUATIO.
1645 316 1717 329 —-
1747 287 1975 352 GESTA
2011 289 2372 349 UETBERTI
2409 293 2622 351 EPISC.

214 386 265 438 in
295 381 522 448 ἰρι-ἡξει
563 386 679 460 rjus
716 393 947 447 transire
997 400 1245 468 parabat.
1273 400 1599 461 Sedentibus
1625 406 1806 477 itaque
1832 411 1881 467 Δ

1981 408 2068 466 l3.
2099 409 2257 483 (Cap.
2301 413 2419 487 70.)
2454 413 2572 483 Quo
2623 416 2804 483 facto,
2874 420 3112 476 accinxit
3163 438 3222 478 se
3278 441 3492 485 rursum

1916 499 2188 559 Juhannes
2235 504 2303 560 ad
2361 505 2663 563 deducendi
2720 509 3014 579 negotium,
3052 512 3097 567 si
3150 512 3267 569 ﬁeri
3311 528 3497 586 posset

1918 594 2099 664 aliquo
2132 605 2312 666 pacto,
2343 613 2442 668 per
2469 600 2767 656 clausulam
2800 602 2943 659 illam
2970 606 3168 664 ducere
3203 610 3496 681 imperato-

1919 685 1996 740 ris
2015 688 2337 744 exercitum.
2375 690 2669 748 Laboranti
2697 694 2860 766 igitur
2894 696 3099 753 homini
3142 710 3198 756 et
3234 705 3498 772 querenti

1919 777 1973 830 id
2012 777 2186 848 ipsum
2240 781 2503 850 perﬁcere
2528 821 2544 849 ,
2580 796 2751 855 porta:
2776 812 2779 815 ι
2804 787 3060 844 clausulae
3117 791 3261 848 illius
3299 807 3499 866 apertae

1920 876 2047 921 sunt
2078 868 2145 923 de
2186 871 2359 925 media
2410 882 2600 939 nocte;
2644 876 2828 946 sicque
2884 878 3184 937 clausulam
3228 884 3374 938 illam
3410 886 3498 940 in-

1923 956 2110 1012 troivit
2132 958 2449 1030 imperator,
2473 962 2610 1018 facta
2636 965 2978 1023 inimicorum
3002 986 3222 1027 suorum
3246 973 3502 1031 resistere

1924 1049 2214 1106 volentium
2264 1068 2372 1107 non
2428 1055 2648 1109 minima
2694 1058 2860 1113 crede.
2895 1059 3271 1119 Pertransiens
3316 1074 3499 1120 autem

1924 1140 2223 1195 clausulam
2268 1142 2434 1208 illam,
2463 1155 2517 1199 et
2566 1145 2863 1204 interfectis
2904 1164 2935 1205 a
2980 1153 3184 1209 dextris
3233 1164 3289 1209 et
3341 1171 3369 1209 a
3427 1157 3503 1211 si-

1926 1232 2111 1287 nistris
2132 1236 2543 1291 occursantibus
2573 1238 2699 1302 sibi,
2731 1240 2797 1294 ad
2823 1240 3022 1297 lslense
3043 1244 3327 1299 castellum
3351 1246 3501 1317 (448)

1926 1330 2192 1399 pervenit,
2217 1331 2305 1386 ubi
2335 1331 2661 1388 Lautbertus
2688 1352 2870 1390 comes
2902 1336 3189 1393 Lensensis
3214 1356 3333 1394 cum
3364 1342 3502 1396 mul-

1929 1422 1998 1475 tis
2036 1423 2085 1477 ei
2126 1438 2442 1490 occurrens,
2477 1426 2795 1482 interfectus
2830 1430 3104 1484 occubuit.
3136 1434 3217 1486 Ab
3271 1449 3337 1489 eo
3380 1434 3501 1503 qui-

1929 1514 2049 1568 dem
2081 1516 2306 1571 castello
2334 1515 2551 1571 divertit
2596 1516 2664 1571 ad
2704 1517 3011 1573 Tornacum
3060 1521 3358 1591 civitatem,
3408 1525 3503 1580 tibi

1935 1606 1987 1659 in
2016 1606 2249 1675 quodam
2283 1607 2578 1679 municipio
2617 1609 2833 1664 inclusit
2877 1626 2984 1665 non
3022 1627 3244 1682 parvam
3273 1615 3504 1670 militum

1930 1694 2221 1751 electorum
2254 1696 2546 1768 fugientem
2587 1700 3010 1767 multitudinem,
3041 1718 3181 1773 quos
3223 1704 3512 1774 obsidione

1931 1799 1986 1844 et
2010 1792 2076 1845 ad
2106 1790 2351 1845 ultimum
2398 1791 2539 1846 fame
2566 1808 2854 1863 oppressos
2883 1796 3127 1865 conpulit
3167 1798 3236 1855 ad
3281 1802 3514 1857 deditio-

1932 1898 2075 1938 nem.
2101 1882 2209 1937 lllis
2251 1884 2416 1953 igitur
2465 1886 2703 1954 acceptis
2735 1895 2791 1939 et
2835 1900 2931 1954 per
2960 1892 3237 1961 ergastula
3280 1892 3513 1948 militum

1930 1989 2149 2030 suorum
2179 1974 2232 2028 in
2264 1975 2510 2031 custodia
2557 1976 2808 2047 reclusis,
2850 1977 3153 2052 imperator
3178 1999 3300 2039 cum
3340 1985 3513 2056 gloria

1930 2072 1998 2126 ad
2044 2072 2290 2126 civitates
2326 2071 2476 2141 regni
2512 2071 2593 2126 sui
2628 2072 2809 2131 rediit.
2862 2078 2969 2133 Sed
3015 2095 3113 2132 nos
3160 2094 3190 2132 a
3237 2081 3517 2150 proposito

1931 2162 2287 2227 dcviavimus,
2319 2162 2443 2217 dum
2491 2177 2658 2232 opera
2708 2168 3052 2239 imperatoris
3098 2180 3511 2238 prosequentes,

1932 2255 2324 2325 aliquantisper
2387 2270 2415 2306 a
2475 2259 2646 2328 gestis
2702 2260 2884 2313 domui
2936 2258 3191 2314 Lietbcrti
3245 2258 3518 2330 pontiﬁcis

1931 2343 2199 2399 siluimus.
2254 2341 2620 2402 Retnittamus
2670 2347 2835 2417 igitur
2874 2347 3010 2401 bella
3066 2348 3412 2417 imperatoris
3461 2359 3517 2403 et

1932 2434 2216 2505 magnifica
2245 2434 2384 2491 facta
2416 2438 2618 2493 edituis
2661 2438 2810 2509 (449)
2837 2437 2973 2508 ejus,
3004 2448 3061 2494 et
3111 2454 3211 2494 nos
3266 2439 3334 2493 ad
3362 2447 3518 2511 gesta

1932 2524 2202 2597 pontificis
2228 2540 2352 2599 quae
2384 2539 2590 2583 restant
2622 2529 2931 2585 redeamus.

2005 2618 2093 2673 Η.
2119 2616 2275 2691 (ϐιῳ.
2308 2620 2422 2691 71.)
2448 2621 2758 2679 Recedente
2797 2623 3127 2692 imperatore
3152 2623 3215 2691 in
3255 2624 3406 2696 regni
3435 2625 3519 2681 sui

1934 2710 2188 2781 patriam,
2222 2712 2447 2767 recessit
2474 2728 2690 2783 quoque
2738 2713 2929 2769 domus
2964 2714 3271 2769 Lictbertus
3311 2717 3521 2785 episco-

1935 2816 2036 2872 pus
2066 2802 2421 2858 Cameraeum
2460 2803 2514 2857 in
2562 2803 2836 2858 civitatem
2881 2821 3055 2860 suam.
3086 2804 3188 2873 Qui
3237 2806 3518 2877 Hugonem

1934 2908 2184 2963 puerum,
2216 2908 2378 2964 quem
2420 2893 2775 2949 castellanum
2804 2892 3031 2961 fecerat,
3067 2912 3176 2952 non
3223 2912 3252 2951 a
3299 2912 3358 2952 se
3397 2912 3522 2966 rep-

1938 2989 2097 3059 pulit,
2144 2988 2237 3043 sed
2293 3004 2400 3043 non
2435 2987 2632 3043 minori
2686 3003 2818 3042 cura
2872 3006 3034 3060 quam
3084 2990 3198 3060 ipse
3248 2989 3516 3053 Ansellus,

1935 3083 2266 3138 constitutus
2292 3093 2473 3138 custos
2514 3080 2631 3150 ejus
2656 3090 2711 3137 et
2748 3091 2910 3149 tutor,
2953 3085 3097 3139 fovet
3128 3099 3250 3138 cum
3299 3094 3357 3140 et
3387 3092 3523 3139 enu-

1937 3156 2057 3237 trit,
2107 3173 2307 3227 ducens
2355 3173 2406 3226 in
2460 3172 2675 3227 irritum
2718 3173 2917 3228 donum
2962 3173 3090 3228 illud
3137 3172 3518 3239 castellaturae,

1936 3265 2083 3334 quod
2136 3279 2234 3333 per
2272 3264 2583 3319 violentiam
2638 3264 2983 3334 imperatoris
3042 3265 3249 3321 donare
3298 3272 3521 3319 coactus

1942 3365 2024 3410 est
2053 3354 2306 3410 Johanni.
2337 3354 2449 3409 lloc
2487 3364 2669 3410 autem
2706 3355 2908 3410 factum
2949 3356 3244 3424 imperatur
3284 3356 3373 3422 pie
3402 3369 3524 3424 per-

1944 3446 2082 3511 tulit,
2133 3446 2387 3516 nullaque
2435 3446 2631 3515 injuria
2683 3446 2911 3515 proinde
2960 3446 3271 3515 episcopum
3308 3444 3518 3512 aﬂecit;

1941 3542 2072 3605 quin
2128 3536 2308 3607 potius
2355 3537 2555 3591 donum
2605 3536 2732 3591 illud
2761 3577 2777 3603 ,
2831 3538 2973 3607 quod
3022 3536 3088 3591 ab
3146 3535 3237 3591 illo
3285 3535 3521 3591 Jobanni

1942 3626 2143 3682 factum
2195 3627 2412 3693 fuerat,
2463 3628 2577 3683 suis
2630 3629 2946 3683 muneribus
2992 3628 3208 3697 alioque
3257 3626 3525 3682 beneflcio

1944 3720 2295 3784 restauravit,
2336 3718 2593 3789 pacisque
2628 3717 2975 3772 concordiam
3028 3718 3169 3771 inter
3211 3716 3524 3786 episcopum

1942 3822 1997 3866 et
2027 3812 2201 3880 ipsum
2251 3809 2641 3865 reconciliavit.
2678 3808 2895 3864 Sciebat
2929 3810 3074 3865 enim
3122 3809 3324 3863 factum
3358 3808 3525 3862 fuisse

1945 3912 2077 3956 nutu
2127 3902 2337 3956 consilii
2370 3901 2475 3965 sui,
2505 3900 2649 3970 quod
2699 3901 2986 3971 episcOpus
3033 3899 3135 3971 ipsi
3169 3898 3377 3971 llugoui
3415 3897 3526 3968 pri-

1944 4007 2093 4045 nium
2119 3991 2522 4048 castellaturam
2546 3990 2869 4045 donaverat.

2018 4082 2105 4139 {5.
2138 4082 2431 4153 Episc0pus
2460 4082 2620 4151 igitur
2644 4080 2933 4135 letificatus
2963 4079 3158 4148 adepta
3183 4076 3526 4147 imperatoris

1945 4179 2116 4250 gratia
2147 4188 2200 4232 et
2228 4177 2293 4231 de
2320 4183 2572 4245 superata
2593 4172 2856 4229 Johannis
2881 4173 3179 4244 quastione
3200 4170 3514 4240 injusta,ci«

1945 4273 2167 4326 vitalem
2210 4285 2365 4325 suam
2410 4269 2767 4324 Cameracum
2799 4265 3040 4319 exaltare
3064 4259 3390 4319 omnimodis
3427 4275 3519 4313 sa-

1948 4364 2184 4435 tagebat.
2221 4362 2377 4416 Cives
2412 4361 2630 4431 itaque,
2681 4359 2771 4428 qui
2820 4357 3043 4411 diutinae
3090 4352 3369 4408 seditionis
3424 4365 3522 4420 op-

264 4447 371 4515 τπρὶ
399 4488 414 4510 ,
463 4456 517 4501 et
546 4458 701 4502 extra
750 4458 1071 4515 potestatem
1123 4451 1273 4519 (M7)
1334 4451 1451 4518 eius
1495 4452 1730 4521 positum
1787 4453 1839 4507 in
1872 4455 1919 4514 υ
1944 4454 2219 4526 pressione
2245 4452 2547 4521 paupertati
2574 4450 2777 4506 redacti
2807 4448 3039 4509 fuerant,
3068 4446 3216 4516 pacis
3237 4442 3523 4499 dulcedine

265 4536 501 4593 .custodia
551 4538 847 4593 reservari.
893 4538 1132 4596 Tandem
1178 4541 1465 4612 episc0pus
1499 4545 1840 4614 coepiscopo-

268 4640 381 4679 rum
427 4637 480 4682 et
508 4630 814 4684 amicorum
844 4629 913 4664 ’³⁸
942 4630 1235 4687 liberrimis
1262 4632 1504 4687 consiliis
1534 4644 1837 4704 correptus,

268 4720 568 4789 s:iensquc,
620 4718 771 4790 quod
824 4727 1115 4779 secundum
1166 4724 1472 4795 apostolum
1505 4727 1613 4796 regi
1653 4727 1844 4781 debeat

272 4826 386 4865 esse
416 4813 687 4882 subjectus
733 4811 907 4881 (Rom.
951 4830 1068 4881 xm,
1096 4816 1171 4886 i),
1203 4816 1395 4869 annuit
1436 4816 1746 4885 imperatori
1776 4816 1843 4869 de

272 4898 506 4962 labanne
553 4901 698 4971 quod
747 4902 982 4970 petebat,
1016 4906 1198 4975 sicque
1231 4906 1285 4960 in
1318 4920 1471 4960 suam
1514 4916 1842 4976 potestatem

276 4991 451 5060 rediit,
482 4992 750 5048 liberatus
780 4994 846 5047 ab
871 4998 1012 5052 omni
1042 4998 1308 5055 custodia.

1946 4542 2203 4597 vivificati
2250 4542 2401 4612 quasi
2455 4542 2522 4596 de
2567 4540 2854 4611 sepulchro
2902 4538 3096 4592 mortis
3146 4536 3522 4605 resurgebant.

1947 4632 2066 4687 Prae
2092 4631 2276 4687 labore
2316 4632 2460 4687 enim
2483 4641 2539 4685 et
2568 4629 2748 4685 studio
2777 4626 3068 4699 pontificis,
3096 4626 3147 4680 in
3173 4626 3389 4681 civitate
3419 4623 3524 4679 Ca-

1950 4723 2249 4778 meracensi
2290 4733 2343 4777 et
2372 4723 2794 4790 circumquaque
2824 4720 2875 4773 in
2924 4719 3173 4773 omnibus
3204 4713 3528 4788 appenditiis

1950 4816 2323 4873 misericordia
2367 4824 2422 4867 et
2467 4816 2671 4869 veritas
2709 4812 2810 4867 sibi
2868 4812 3181 4874 obviabaut,
3225 4806 3433 4878 justitia
3476 4812 3531 4857 et

1950 4924 2054 4979 pax
2100 4907 2286 4964 oscula
2316 4906 2557 4961 libabant
2599 4902 2769 4977 (l’sal.
2810 4918 3040 4967 uxxrv,
3075 4902 3183 4971 ll).
3231 4900 3429 4970 Aperta
3477 4906 3529 4949 et

1955 5009 2195 5059 reserata
2223 5008 2347 5055 sunt
2380 5000 2589 5066 omnia,
2626 5011 2726 5052 nec
2755 4994 2842 5050 fur
2872 4995 3128 5052 inventus
3157 5006 3332 5063 neque
3362 5004 3529 5059 rapax

1564 5155 1798 5211 VARIIE
1852 5153 2257 5214 LECTIONES.

345 5288 411 5329 ³⁷³
439 5290 813 5348 ininparatum
833 5288 884 5341 2.
958 5293 1025 5328 ³³⁸
1048 5293 1430 5365 dereliquisset
1454 5292 1503 5348 7.

1583 5300 1651 5331 ³³⁷
1679 5294 1898 5354 comitis
1927 5296 1979 5351 7.
2058 5298 2130 5331 ³⁸⁸
2156 5295 2175 5349 1
2204 5310 2232 5347 a
2262 5292 2338 5347 ih.
2373 5291 2520 5351 deest
2553 5298 2606 5352 7.
2682 5292 2751 5327 ⁸³⁸
2778 5305 2999 5349 suorum
3036 5290 3181 5346 addit
3207 5290 3261 5343 7.
