  <div class='ocr_page' id='page_1' title='image "/cluster/home/n/w/nwhite01/storage/ocr_20150623/149/hvd.32044015473770/099.png"; bbox 0 0 4026 5370; ppageno 0'>
   <div class='ocr_carea' id='block_1_1' title="bbox 505 173 607 241">
    <p class='ocr_par' dir='ltr' id='par_1_1' title="bbox 505 173 607 241">
     <span class='ocr_line' id='line_1_1' title="bbox 505 173 607 241; baseline -0.039 -11"><span class='ocrx_word' id='word_1_1' title='bbox 505 173 607 241; x_wconf 61' lang='grc'><strong>187</strong></span> 
     </span>
    </p>
   </div>
   <div class='ocr_carea' id='block_1_2' title="bbox 1454 167 2784 232">
    <p class='ocr_par' dir='ltr' id='par_1_2' title="bbox 1454 167 2784 232">
     <span class='ocr_line' id='line_1_2' title="bbox 1454 167 2784 232; baseline -0.006 0"><span class='ocrx_word' id='word_1_2' title='bbox 1454 175 1679 232; x_wconf 78' lang='lat' dir='ltr'><strong>GESTA</strong></span> <span class='ocrx_word' id='word_1_3' title='bbox 1722 170 2136 230; x_wconf 77' lang='lat' dir='ltr'><strong>PONTlFlCUM</strong></span> <span class='ocrx_word' id='word_1_4' title='bbox 2175 167 2784 232; x_wconf 68' lang='lat' dir='ltr'><strong>C‘AMERACENSIUM:</strong></span> 
     </span>
    </p>
   </div>
   <div class='ocr_carea' id='block_1_3' title="bbox 3675 157 3784 217">
    <p class='ocr_par' dir='ltr' id='par_1_3' title="bbox 3675 157 3784 217">
     <span class='ocr_line' id='line_1_3' title="bbox 3675 157 3784 217; baseline 0.009 -2"><span class='ocrx_word' id='word_1_5' title='bbox 3675 157 3784 217; x_wconf 72' lang='lat'><strong>188</strong></span> 
     </span>
    </p>
   </div>
   <div class='ocr_carea' id='block_1_4' title="bbox 507 273 3800 358">
    <p class='ocr_par' dir='ltr' id='par_1_4' title="bbox 507 273 3800 358">
     <span class='ocr_line' id='line_1_4' title="bbox 507 273 3800 358; baseline -0.003 -18"><span class='ocrx_word' id='word_1_6' title='bbox 507 298 686 353; x_wconf 87' lang='lat' dir='ltr'><strong>neque</strong></span> <span class='ocrx_word' id='word_1_7' title='bbox 735 281 1002 356; x_wconf 81' lang='lat' dir='ltr'><strong>injurians</strong></span> <span class='ocrx_word' id='word_1_8' title='bbox 1041 283 1329 356; x_wconf 81' lang='lat' dir='ltr'><strong>quisquam</strong></span> <span class='ocrx_word' id='word_1_9' title='bbox 1361 285 1454 353; x_wconf 78' lang='lat'><strong>&quot;°,</strong></span> <span class='ocrx_word' id='word_1_10' title='bbox 1488 286 1586 357; x_wconf 78' lang='lat' dir='ltr'><strong>qui</strong></span> <span class='ocrx_word' id='word_1_11' title='bbox 1632 284 1803 356; x_wconf 82' lang='lat' dir='ltr'><strong>aliqui</strong></span> <span class='ocrx_word' id='word_1_12' title='bbox 1847 284 2082 354; x_wconf 86' lang='lat' dir='ltr'><strong>dampna</strong></span> <span class='ocrx_word' id='word_1_13' title='bbox 2111 287 2160 346; x_wconf 72' lang='grc' dir='ltr'>Α</span> <span class='ocrx_word' id='word_1_14' title='bbox 2186 296 2288 352; x_wconf 83' lang='lat' dir='ltr'><strong>pus</strong></span> <span class='ocrx_word' id='word_1_15' title='bbox 2332 280 2716 342; x_wconf 85' lang='lat' dir='ltr'><strong>Ermenaldum</strong></span> <span class='ocrx_word' id='word_1_16' title='bbox 2767 277 3000 358; x_wconf 60' lang='lat' dir='ltr'><strong>videndis</strong></span> <span class='ocrx_word' id='word_1_17' title='bbox 3044 275 3411 348; x_wconf 88' lang='lat' dir='ltr'><strong>mancipatum</strong></span> <span class='ocrx_word' id='word_1_18' title='bbox 3440 273 3800 347; x_wconf 69' lang='lat' dir='ltr'><strong>repperiensu.</strong></span> 
     </span>
    </p>
   </div>
   <div class='ocr_carea' id='block_1_5' title="bbox 503 369 2088 449">
    <p class='ocr_par' dir='ltr' id='par_1_5' title="bbox 503 369 2088 449">
     <span class='ocr_line' id='line_1_5' title="bbox 503 369 2088 449; baseline 0.003 -25"><span class='ocrx_word' id='word_1_19' title='bbox 503 370 727 425; x_wconf 82' lang='lat' dir='ltr'><strong>inferat.</strong></span> <span class='ocrx_word' id='word_1_20' title='bbox 751 369 947 426; x_wconf 85' lang='lat' dir='ltr'><strong>Clerici</strong></span> <span class='ocrx_word' id='word_1_21' title='bbox 977 371 1029 425; x_wconf 93' lang='lat' dir='ltr'><strong>in</strong></span> <span class='ocrx_word' id='word_1_22' title='bbox 1062 371 1322 430; x_wconf 67' lang='lat' dir='ltr'><strong>(ecclesiis</strong></span> <span class='ocrx_word' id='word_1_23' title='bbox 1345 372 1622 444; x_wconf 73' lang='lat' dir='ltr'><strong>opulentia</strong></span> <span class='ocrx_word' id='word_1_24' title='bbox 1653 371 1868 449; x_wconf 71' lang='lat' dir='ltr'><strong>referti,</strong></span> <span class='ocrx_word' id='word_1_25' title='bbox 1897 371 2088 428; x_wconf 87' lang='lat' dir='ltr'><strong>laudes</strong></span> 
     </span>
    </p>
   </div>
   <div class='ocr_carea' id='block_1_6' title="bbox 501 460 2088 540">
    <p class='ocr_par' dir='ltr' id='par_1_6' title="bbox 501 460 2088 540">
     <span class='ocr_line' id='line_1_6' title="bbox 501 460 2088 540; baseline 0.003 -26"><span class='ocrx_word' id='word_1_26' title='bbox 501 461 613 517; x_wconf 87' lang='lat' dir='ltr'><strong>Deo</strong></span> <span class='ocrx_word' id='word_1_27' title='bbox 641 460 995 540; x_wconf 70' lang='lat' dir='ltr'><strong>referebant;</strong></span> <span class='ocrx_word' id='word_1_28' title='bbox 1052 461 1177 517; x_wconf 81' lang='lat' dir='ltr'><strong>laici</strong></span> <span class='ocrx_word' id='word_1_29' title='bbox 1221 479 1344 520; x_wconf 90' lang='lat' dir='ltr'><strong>cum</strong></span> <span class='ocrx_word' id='word_1_30' title='bbox 1397 463 1547 520; x_wconf 92' lang='lat' dir='ltr'><strong>omni</strong></span> <span class='ocrx_word' id='word_1_31' title='bbox 1602 477 1736 534; x_wconf 84' lang='lat' dir='ltr'><strong>pace</strong></span> <span class='ocrx_word' id='word_1_32' title='bbox 1769 461 1943 518; x_wconf 82' lang='lat' dir='ltr'><strong>cilicia</strong></span> <span class='ocrx_word' id='word_1_33' title='bbox 1989 477 2088 518; x_wconf 83' lang='lat' dir='ltr'><strong>sua</strong></span> 
     </span>
    </p>
   </div>
   <div class='ocr_carea' id='block_1_7' title="bbox 500 543 2086 626">
    <p class='ocr_par' dir='ltr' id='par_1_7' title="bbox 500 543 2086 626">
     <span class='ocr_line' id='line_1_7' title="bbox 500 543 2086 626; baseline 0.002 -21"><span class='ocrx_word' id='word_1_34' title='bbox 500 553 860 620; x_wconf 75' lang='lat' dir='ltr'><strong>exercebant;</strong></span> <span class='ocrx_word' id='word_1_35' title='bbox 890 554 1109 608; x_wconf 81' lang='lat' dir='ltr'><strong>beatum</strong></span> <span class='ocrx_word' id='word_1_36' title='bbox 1138 543 1392 616; x_wconf 85' lang='lat' dir='ltr'><strong>dixerunt</strong></span> <span class='ocrx_word' id='word_1_37' title='bbox 1411 553 1665 626; x_wconf 85' lang='lat' dir='ltr'><strong>populum</strong></span> <span class='ocrx_word' id='word_1_38' title='bbox 1694 554 1778 612; x_wconf 88' lang='lat' dir='ltr'><strong>cui</strong></span> <span class='ocrx_word' id='word_1_39' title='bbox 1801 554 1916 618; x_wconf 69' lang='lat' dir='ltr'><strong>haec</strong></span> <span class='ocrx_word' id='word_1_40' title='bbox 1935 562 2086 623; x_wconf 82' lang='lat' dir='ltr'><strong>sunt,</strong></span> 
     </span>
    </p>
   </div>
   <div class='ocr_carea' id='block_1_8' title="bbox 499 643 2086 722">
    <p class='ocr_par' dir='ltr' id='par_1_8' title="bbox 499 643 2086 722">
     <span class='ocr_line' id='line_1_8' title="bbox 499 643 2086 722; baseline 0.004 -25"><span class='ocrx_word' id='word_1_41' title='bbox 499 643 668 700; x_wconf 88' lang='lat' dir='ltr'><strong>immo</strong></span> <span class='ocrx_word' id='word_1_42' title='bbox 694 644 994 702; x_wconf 77' lang='lat' dir='ltr'><strong>beatiorem</strong></span> <span class='ocrx_word' id='word_1_43' title='bbox 1026 645 1375 722; x_wconf 67' lang='lat' dir='ltr'><strong>episcopum,</strong></span> <span class='ocrx_word' id='word_1_44' title='bbox 1397 661 1496 720; x_wconf 87' lang='lat' dir='ltr'><strong>per</strong></span> <span class='ocrx_word' id='word_1_45' title='bbox 1525 661 1693 718; x_wconf 87' lang='lat' dir='ltr'><strong>quem</strong></span> <span class='ocrx_word' id='word_1_46' title='bbox 1747 655 1898 703; x_wconf 87' lang='lat' dir='ltr'><strong>tanta</strong></span> <span class='ocrx_word' id='word_1_47' title='bbox 1930 647 2086 718; x_wconf 84' lang='lat' dir='ltr'><strong>pacis</strong></span> 
     </span>
    </p>
   </div>
   <div class='ocr_carea' id='block_1_9' title="bbox 498 735 1085 807">
    <p class='ocr_par' dir='ltr' id='par_1_9' title="bbox 498 735 1085 807">
     <span class='ocr_line' id='line_1_9' title="bbox 498 735 1085 807; baseline 0.005 -18"><span class='ocrx_word' id='word_1_48' title='bbox 498 735 692 806; x_wconf 76' lang='lat' dir='ltr'><strong>gaudia</strong></span> <span class='ocrx_word' id='word_1_49' title='bbox 731 736 1085 807; x_wconf 78' lang='lat' dir='ltr'><strong>pullularunt.</strong></span> 
     </span>
    </p>
   </div>
   <div class='ocr_carea' id='block_1_10' title="bbox 575 821 2086 907">
    <p class='ocr_par' dir='ltr' id='par_1_10' title="bbox 575 821 2086 907">
     <span class='ocr_line' id='line_1_10' title="bbox 575 821 2086 907; baseline 0.003 -29"><span class='ocrx_word' id='word_1_50' title='bbox 575 825 662 880; x_wconf 79' lang='grc'><strong>16.</strong></span> <span class='ocrx_word' id='word_1_51' title='bbox 695 825 847 897; x_wconf 83' lang='lat' dir='ltr'><strong>(Cap.</strong></span> <span class='ocrx_word' id='word_1_52' title='bbox 880 825 991 896; x_wconf 69' lang='lat'><strong>72.)</strong></span> <span class='ocrx_word' id='word_1_53' title='bbox 1028 821 1237 886; x_wconf 88' lang='lat' dir='ltr'><strong>Interea</strong></span> <span class='ocrx_word' id='word_1_54' title='bbox 1263 826 1416 907; x_wconf 74' lang='lat' dir='ltr'><strong>Ilugo</strong></span> <span class='ocrx_word' id='word_1_55' title='bbox 1465 828 1811 889; x_wconf 80' lang='lat' dir='ltr'><strong>castellatura</strong></span> <span class='ocrx_word' id='word_1_56' title='bbox 1855 828 2086 882; x_wconf 89' lang='lat' dir='ltr'><strong>donatus</strong></span> 
     </span>
    </p>
   </div>
   <div class='ocr_carea' id='block_1_11' title="bbox 497 915 2082 998">
    <p class='ocr_par' dir='ltr' id='par_1_11' title="bbox 497 915 2082 998">
     <span class='ocr_line' id='line_1_11' title="bbox 497 915 2082 998; baseline 0.003 -30"><span class='ocrx_word' id='word_1_57' title='bbox 497 923 662 969; x_wconf 78' lang='lat' dir='ltr'><strong>actate</strong></span> <span class='ocrx_word' id='word_1_58' title='bbox 713 915 1056 986; x_wconf 74' lang='lat' dir='ltr'><strong>proficiebat,</strong></span> <span class='ocrx_word' id='word_1_59' title='bbox 1106 927 1426 998; x_wconf 79' lang='lat' dir='ltr'><strong>tempusque</strong></span> <span class='ocrx_word' id='word_1_60' title='bbox 1470 920 1778 990; x_wconf 79' lang='lat' dir='ltr'><strong>proximum</strong></span> <span class='ocrx_word' id='word_1_61' title='bbox 1825 919 2082 985; x_wconf 81' lang='lat' dir='ltr'><strong>instabat,</strong></span> 
     </span>
    </p>
   </div>
   <div class='ocr_carea' id='block_1_12' title="bbox 499 1001 2085 1084">
    <p class='ocr_par' dir='ltr' id='par_1_12' title="bbox 499 1001 2085 1084">
     <span class='ocr_line' id='line_1_12' title="bbox 499 1001 2085 1084; baseline 0.003 -24"><span class='ocrx_word' id='word_1_62' title='bbox 499 1022 607 1076; x_wconf 90' lang='lat' dir='ltr'><strong>quo</strong></span> <span class='ocrx_word' id='word_1_63' title='bbox 643 1007 895 1075; x_wconf 28' lang='lat' dir='ltr'><strong>An‘sellus</strong></span> <span class='ocrx_word' id='word_1_64' title='bbox 946 1001 1212 1080; x_wconf 79' lang='lat' dir='ltr'><strong>regimine</strong></span> <span class='ocrx_word' id='word_1_65' title='bbox 1246 1008 1373 1078; x_wconf 85' lang='lat' dir='ltr'><strong>ejus.</strong></span> <span class='ocrx_word' id='word_1_66' title='bbox 1422 1025 1613 1074; x_wconf 76' lang='lat' dir='ltr'><strong>carere</strong></span> <span class='ocrx_word' id='word_1_67' title='bbox 1641 1019 1695 1065; x_wconf 91' lang='lat' dir='ltr'><strong>et</strong></span> <span class='ocrx_word' id='word_1_68' title='bbox 1742 1010 1856 1084; x_wconf 68' lang='lat' dir='ltr'><strong>ipse</strong></span> <span class='ocrx_word' id='word_1_69' title='bbox 1885 1010 2085 1065; x_wconf 89' lang='lat' dir='ltr'><strong>bonum</strong></span> 
     </span>
    </p>
   </div>
   <div class='ocr_carea' id='block_1_13' title="bbox 500 1090 2089 1170">
    <p class='ocr_par' dir='ltr' id='par_1_13' title="bbox 500 1090 2089 1170">
     <span class='ocr_line' id='line_1_13' title="bbox 500 1090 2089 1170; baseline 0.001 -20"><span class='ocrx_word' id='word_1_70' title='bbox 500 1090 654 1164; x_wconf 74' lang='lat' dir='ltr'><strong>suum</strong></span> <span class='ocrx_word' id='word_1_71' title='bbox 693 1097 840 1170; x_wconf 69' lang='grc'>(450)</span> <span class='ocrx_word' id='word_1_72' title='bbox 875 1099 1122 1169; x_wconf 84' lang='lat' dir='ltr'><strong>recipere</strong></span> <span class='ocrx_word' id='word_1_73' title='bbox 1142 1099 1402 1165; x_wconf 64' lang='lat' dir='ltr'><strong>debebat.</strong></span> <span class='ocrx_word' id='word_1_74' title='bbox 1424 1099 1595 1162; x_wconf 79' lang='lat' dir='ltr'><strong>Porro</strong></span> <span class='ocrx_word' id='word_1_75' title='bbox 1622 1097 1841 1162; x_wconf 85' lang='lat' dir='ltr'><strong>Ansello</strong></span> <span class='ocrx_word' id='word_1_76' title='bbox 1867 1099 2089 1163; x_wconf 81' lang='lat' dir='ltr'><strong>videba-</strong></span> 
     </span>
    </p>
   </div>
   <div class='ocr_carea' id='block_1_14' title="bbox 498 1189 2086 1269">
    <p class='ocr_par' dir='ltr' id='par_1_14' title="bbox 498 1189 2086 1269">
     <span class='ocr_line' id='line_1_14' title="bbox 498 1189 2086 1269; baseline 0.003 -27"><span class='ocrx_word' id='word_1_77' title='bbox 498 1198 607 1256; x_wconf 91' lang='lat' dir='ltr'><strong>tur,</strong></span> <span class='ocrx_word' id='word_1_78' title='bbox 647 1190 772 1259; x_wconf 87' lang='lat' dir='ltr'><strong>quia</strong></span> <span class='ocrx_word' id='word_1_79' title='bbox 806 1189 872 1244; x_wconf 89' lang='lat' dir='ltr'><strong>ad</strong></span> <span class='ocrx_word' id='word_1_80' title='bbox 913 1191 1204 1260; x_wconf 74' lang='lat' dir='ltr'><strong>regendam</strong></span> <span class='ocrx_word' id='word_1_81' title='bbox 1229 1192 1295 1224; x_wconf 80' lang='grc'><strong>³³¹</strong></span> <span class='ocrx_word' id='word_1_82' title='bbox 1326 1191 1729 1246; x_wconf 89' lang='lat' dir='ltr'><strong>castellaturam</strong></span> <span class='ocrx_word' id='word_1_83' title='bbox 1752 1191 1970 1269; x_wconf 41' lang='lat' dir='ltr'><strong>j’uvenis</strong></span> <span class='ocrx_word' id='word_1_84' title='bbox 1996 1191 2086 1246; x_wconf 90' lang='lat' dir='ltr'><strong>ille</strong></span> 
     </span>
    </p>
   </div>
   <div class='ocr_carea' id='block_1_15' title="bbox 494 1281 2086 1354">
    <p class='ocr_par' dir='ltr' id='par_1_15' title="bbox 494 1281 2086 1354">
     <span class='ocr_line' id='line_1_15' title="bbox 494 1281 2086 1354; baseline 0.002 -20"><span class='ocrx_word' id='word_1_85' title='bbox 494 1281 733 1335; x_wconf 89' lang='lat' dir='ltr'><strong>nondum</strong></span> <span class='ocrx_word' id='word_1_86' title='bbox 785 1289 928 1338; x_wconf 85' lang='lat' dir='ltr'><strong>esset</strong></span> <span class='ocrx_word' id='word_1_87' title='bbox 963 1283 1221 1348; x_wconf 85' lang='lat' dir='ltr'><strong>idoneus;</strong></span> <span class='ocrx_word' id='word_1_88' title='bbox 1273 1283 1502 1352; x_wconf 82' lang='lat' dir='ltr'><strong>ideoque</strong></span> <span class='ocrx_word' id='word_1_89' title='bbox 1549 1282 1823 1354; x_wconf 83' lang='lat' dir='ltr'><strong>protelare</strong></span> <span class='ocrx_word' id='word_1_90' title='bbox 1870 1282 2086 1349; x_wconf 76' lang='lat' dir='ltr'><strong>volebat.</strong></span> 
     </span>
    </p>
   </div>
   <div class='ocr_carea' id='block_1_16' title="bbox 495 1374 2084 1450">
    <p class='ocr_par' dir='ltr' id='par_1_16' title="bbox 495 1374 2084 1450">
     <span class='ocr_line' id='line_1_16' title="bbox 495 1374 2084 1450; baseline 0.001 -22"><span class='ocrx_word' id='word_1_91' title='bbox 495 1375 755 1438; x_wconf 76' lang='lat' dir='ltr'><strong>custodia:</strong></span> <span class='ocrx_word' id='word_1_92' title='bbox 791 1374 1190 1443; x_wconf 67' lang='lat' dir='ltr'><strong>sumofijcium,</strong></span> <span class='ocrx_word' id='word_1_93' title='bbox 1221 1375 1266 1430; x_wconf 92' lang='lat' dir='ltr'><strong>si</strong></span> <span class='ocrx_word' id='word_1_94' title='bbox 1291 1376 1756 1446; x_wconf 75' lang='lat' dir='ltr'><strong>sibipermitteret</strong></span> <span class='ocrx_word' id='word_1_95' title='bbox 1776 1376 2084 1450; x_wconf 83' lang='lat' dir='ltr'><strong>episcopus.</strong></span> 
     </span>
    </p>
   </div>
   <div class='ocr_carea' id='block_1_17' title="bbox 503 1465 2086 1539">
    <p class='ocr_par' dir='ltr' id='par_1_17' title="bbox 503 1465 2086 1539">
     <span class='ocr_line' id='line_1_17' title="bbox 503 1465 2086 1539; baseline 0.001 -19"><span class='ocrx_word' id='word_1_96' title='bbox 503 1465 612 1521; x_wconf 85' lang='lat' dir='ltr'><strong>Sed</strong></span> <span class='ocrx_word' id='word_1_97' title='bbox 639 1466 891 1537; x_wconf 86' lang='lat' dir='ltr'><strong>quamvis</strong></span> <span class='ocrx_word' id='word_1_98' title='bbox 942 1465 1182 1536; x_wconf 78' lang='lat' dir='ltr'><strong>pontifex</strong></span> <span class='ocrx_word' id='word_1_99' title='bbox 1225 1467 1292 1521; x_wconf 88' lang='lat' dir='ltr'><strong>de</strong></span> <span class='ocrx_word' id='word_1_100' title='bbox 1323 1466 1717 1537; x_wconf 82' lang='lat' dir='ltr'><strong>inperfectione</strong></span> <span class='ocrx_word' id='word_1_101' title='bbox 1764 1467 2004 1539; x_wconf 79' lang='lat' dir='ltr'><strong>llugonis</strong></span> <span class='ocrx_word' id='word_1_102' title='bbox 2030 1466 2086 1521; x_wconf 88' lang='lat' dir='ltr'><strong>id</strong></span> 
     </span>
    </p>
   </div>
   <div class='ocr_carea' id='block_1_18' title="bbox 496 1558 2082 1644">
    <p class='ocr_par' dir='ltr' id='par_1_18' title="bbox 496 1558 2082 1644">
     <span class='ocr_line' id='line_1_18' title="bbox 496 1558 2082 1644; baseline 0.001 -32"><span class='ocrx_word' id='word_1_103' title='bbox 496 1560 678 1644; x_wconf 77' lang='lat' dir='ltr'><strong>ipsum</strong></span> <span class='ocrx_word' id='word_1_104' title='bbox 730 1558 960 1624; x_wconf 86' lang='lat' dir='ltr'><strong>sentiret</strong></span> <span class='ocrx_word' id='word_1_105' title='bbox 989 1575 1109 1624; x_wconf 82' lang='lat' dir='ltr'><strong>cum</strong></span> <span class='ocrx_word' id='word_1_106' title='bbox 1140 1559 1378 1623; x_wconf 83' lang='lat' dir='ltr'><strong>Ansello,</strong></span> <span class='ocrx_word' id='word_1_107' title='bbox 1422 1560 1640 1619; x_wconf 82' lang='lat' dir='ltr'><strong>nolebat</strong></span> <span class='ocrx_word' id='word_1_108' title='bbox 1689 1570 1870 1616; x_wconf 85' lang='lat' dir='ltr'><strong>tamen</strong></span> <span class='ocrx_word' id='word_1_109' title='bbox 1906 1561 2082 1630; x_wconf 87' lang='lat' dir='ltr'><strong>ipsum</strong></span> 
     </span>
    </p>
   </div>
   <div class='ocr_carea' id='block_1_19' title="bbox 2187 356 3783 444">
    <p class='ocr_par' dir='ltr' id='par_1_19' title="bbox 2187 356 3783 444">
     <span class='ocr_line' id='line_1_19' title="bbox 2187 356 3783 444; baseline -0.008 -11"><span class='ocrx_word' id='word_1_110' title='bbox 2187 372 2321 442; x_wconf 70' lang='lat' dir='ltr'><strong>fecit</strong></span> <span class='ocrx_word' id='word_1_111' title='bbox 2346 373 2662 440; x_wconf 21' lang='lat' dir='ltr'><strong>absolvi..et</strong></span> <span class='ocrx_word' id='word_1_112' title='bbox 2678 356 3038 444; x_wconf 25' lang='lat' dir='ltr'><strong>secumv&#39;quasi</strong></span> <span class='ocrx_word' id='word_1_113' title='bbox 3070 371 3137 425; x_wconf 81' lang='lat' dir='ltr'><strong>ab</strong></span> <span class='ocrx_word' id='word_1_114' title='bbox 3162 383 3292 426; x_wconf 86' lang='lat' dir='ltr'><strong>orco</strong></span> <span class='ocrx_word' id='word_1_115' title='bbox 3315 368 3658 426; x_wconf 85' lang='lat' dir='ltr'><strong>subtractum</strong></span> <span class='ocrx_word' id='word_1_116' title='bbox 3684 365 3783 421; x_wconf 69' lang='lat' dir='ltr'><strong>la:-</strong></span> 
     </span>
    </p>
   </div>
   <div class='ocr_carea' id='block_1_20' title="bbox 2191 466 2574 524">
    <p class='ocr_par' dir='ltr' id='par_1_20' title="bbox 2191 466 2574 524">
     <span class='ocr_line' id='line_1_20' title="bbox 2191 466 2574 524; baseline 0.003 -3"><span class='ocrx_word' id='word_1_117' title='bbox 2191 474 2312 522; x_wconf 93' lang='lat' dir='ltr'><strong>tum</strong></span> <span class='ocrx_word' id='word_1_118' title='bbox 2338 466 2574 524; x_wconf 80' lang='lat' dir='ltr'><strong>reduxit.</strong></span> 
     </span>
    </p>
   </div>
   <div class='ocr_carea' id='block_1_21' title="bbox 2260 551 3786 626">
    <p class='ocr_par' dir='ltr' id='par_1_21' title="bbox 2260 551 3786 626">
     <span class='ocr_line' id='line_1_21' title="bbox 2260 551 3786 626; baseline -0.002 -16"><span class='ocrx_word' id='word_1_119' title='bbox 2260 554 2348 610; x_wconf 77' lang='lat' dir='ltr'><strong>l8.</strong></span> <span class='ocrx_word' id='word_1_120' title='bbox 2383 555 2578 614; x_wconf 80' lang='lat' dir='ltr'><strong>Postea</strong></span> <span class='ocrx_word' id='word_1_121' title='bbox 2604 569 2733 612; x_wconf 84' lang='lat' dir='ltr'><strong>vero</strong></span> <span class='ocrx_word' id='word_1_122' title='bbox 2759 554 2912 626; x_wconf 80' lang='lat' dir='ltr'><strong>Hugo</strong></span> <span class='ocrx_word' id='word_1_123' title='bbox 2948 553 3145 610; x_wconf 82' lang='lat' dir='ltr'><strong>infecta</strong></span> <span class='ocrx_word' id='word_1_124' title='bbox 3179 567 3315 624; x_wconf 86' lang='lat' dir='ltr'><strong>pace</strong></span> <span class='ocrx_word' id='word_1_125' title='bbox 3353 553 3573 613; x_wconf 84' lang='lat' dir='ltr'><strong>domum</strong></span> <span class='ocrx_word' id='word_1_126' title='bbox 3594 551 3786 618; x_wconf 81' lang='lat' dir='ltr'><strong>rediit,</strong></span> 
     </span>
    </p>
   </div>
   <div class='ocr_carea' id='block_1_22' title="bbox 2189 643 3788 715">
    <p class='ocr_par' dir='ltr' id='par_1_22' title="bbox 2189 643 3788 715">
     <span class='ocr_line' id='line_1_22' title="bbox 2189 643 3788 715; baseline -0.003 -11"><span class='ocrx_word' id='word_1_127' title='bbox 2189 652 2245 704; x_wconf 86' lang='lat' dir='ltr'><strong>et</strong></span> <span class='ocrx_word' id='word_1_128' title='bbox 2283 645 2353 700; x_wconf 86' lang='lat' dir='ltr'><strong>ab</strong></span> <span class='ocrx_word' id='word_1_129' title='bbox 2400 644 2615 715; x_wconf 86' lang='lat' dir='ltr'><strong>incepta</strong></span> <span class='ocrx_word' id='word_1_130' title='bbox 2661 644 3024 715; x_wconf 80' lang='lat' dir='ltr'><strong>perversitate</strong></span> <span class='ocrx_word' id='word_1_131' title='bbox 3051 660 3156 700; x_wconf 90' lang='lat' dir='ltr'><strong>non</strong></span> <span class='ocrx_word' id='word_1_132' title='bbox 3213 658 3458 710; x_wconf 85' lang='lat' dir='ltr'><strong>cessans,</strong></span> <span class='ocrx_word' id='word_1_133' title='bbox 3503 643 3788 715; x_wconf 77' lang='lat' dir='ltr'><strong>prioribus</strong></span> 
     </span>
    </p>
   </div>
   <div class='ocr_carea' id='block_1_23' title="bbox 2188 735 3790 807">
    <p class='ocr_par' dir='ltr' id='par_1_23' title="bbox 2188 735 3790 807">
     <span class='ocr_line' id='line_1_23' title="bbox 2188 735 3790 807; baseline 0 -16"><span class='ocrx_word' id='word_1_134' title='bbox 2188 735 2350 792; x_wconf 87' lang='lat' dir='ltr'><strong>malis</strong></span> <span class='ocrx_word' id='word_1_135' title='bbox 2381 736 2568 806; x_wconf 82' lang='lat' dir='ltr'><strong>pejora</strong></span> <span class='ocrx_word' id='word_1_136' title='bbox 2615 735 3006 807; x_wconf 84' lang='lat' dir='ltr'><strong>superaddidit.</strong></span> <span class='ocrx_word' id='word_1_137' title='bbox 3055 736 3214 791; x_wconf 85' lang='lat' dir='ltr'><strong>Cives</strong></span> <span class='ocrx_word' id='word_1_138' title='bbox 3247 750 3483 806; x_wconf 84' lang='lat' dir='ltr'><strong>namque</strong></span> <span class='ocrx_word' id='word_1_139' title='bbox 3529 735 3790 791; x_wconf 78' lang='lat' dir='ltr'><strong>meiiores</strong></span> 
     </span>
    </p>
   </div>
   <div class='ocr_carea' id='block_1_24' title="bbox 2187 826 3788 906">
    <p class='ocr_par' dir='ltr' id='par_1_24' title="bbox 2187 826 3788 906">
     <span class='ocr_line' id='line_1_24' title="bbox 2187 826 3788 906; baseline -0.001 -23"><span class='ocrx_word' id='word_1_140' title='bbox 2187 834 2242 883; x_wconf 83' lang='lat' dir='ltr'><strong>et</strong></span> <span class='ocrx_word' id='word_1_141' title='bbox 2288 827 2515 883; x_wconf 88' lang='lat' dir='ltr'><strong>ditiores</strong></span> <span class='ocrx_word' id='word_1_142' title='bbox 2563 827 2909 893; x_wconf 78' lang='lat' dir='ltr'><strong>contumelia.</strong></span> <span class='ocrx_word' id='word_1_143' title='bbox 2937 838 2991 882; x_wconf 92' lang='lat' dir='ltr'><strong>et</strong></span> <span class='ocrx_word' id='word_1_144' title='bbox 3041 826 3257 901; x_wconf 84' lang='lat' dir='ltr'><strong>injuriis</strong></span> <span class='ocrx_word' id='word_1_145' title='bbox 3308 827 3596 906; x_wconf 68' lang='lat' dir='ltr'><strong>alliciebat,</strong></span> <span class='ocrx_word' id='word_1_146' title='bbox 3647 828 3788 882; x_wconf 85' lang='lat' dir='ltr'><strong>alios</strong></span> 
     </span>
    </p>
   </div>
   <div class='ocr_carea' id='block_1_25' title="bbox 2188 916 3787 996">
    <p class='ocr_par' dir='ltr' id='par_1_25' title="bbox 2188 916 3787 996">
     <span class='ocr_line' id='line_1_25' title="bbox 2188 916 3787 996; baseline 0 -24"><span class='ocrx_word' id='word_1_147' title='bbox 2188 916 2568 988; x_wconf 85' lang='lat' dir='ltr'><strong>indempnatos</strong></span> <span class='ocrx_word' id='word_1_148' title='bbox 2596 928 2651 982; x_wconf 85' lang='lat' dir='ltr'><strong>et</strong></span> <span class='ocrx_word' id='word_1_149' title='bbox 2678 919 2998 996; x_wconf 75' lang='lat' dir='ltr'><strong>injudicatos</strong></span> <span class='ocrx_word' id='word_1_150' title='bbox 3031 919 3084 973; x_wconf 92' lang='lat' dir='ltr'><strong>in</strong></span> <span class='ocrx_word' id='word_1_151' title='bbox 3117 919 3276 988; x_wconf 86' lang='lat' dir='ltr'><strong>cippo</strong></span> <span class='ocrx_word' id='word_1_152' title='bbox 3321 919 3472 990; x_wconf 71' lang='grc'><strong>(454)</strong></span> <span class='ocrx_word' id='word_1_153' title='bbox 3514 919 3787 974; x_wconf 83' lang='lat' dir='ltr'><strong>vilissimo</strong></span> 
     </span>
    </p>
   </div>
   <div class='ocr_carea' id='block_1_26' title="bbox 2187 1006 3788 1077">
    <p class='ocr_par' dir='ltr' id='par_1_26' title="bbox 2187 1006 3788 1077">
     <span class='ocr_line' id='line_1_26' title="bbox 2187 1006 3788 1077; baseline -0.001 -14"><span class='ocrx_word' id='word_1_154' title='bbox 2187 1006 2536 1072; x_wconf 86' lang='lat' dir='ltr'><strong>concludens,</strong></span> <span class='ocrx_word' id='word_1_155' title='bbox 2563 1016 2617 1062; x_wconf 90' lang='lat' dir='ltr'><strong>et</strong></span> <span class='ocrx_word' id='word_1_156' title='bbox 2658 1010 2802 1074; x_wconf 83' lang='lat' dir='ltr'><strong>inter</strong></span> <span class='ocrx_word' id='word_1_157' title='bbox 2835 1009 3098 1064; x_wconf 86' lang='lat' dir='ltr'><strong>dedecora</strong></span> <span class='ocrx_word' id='word_1_158' title='bbox 3156 1007 3637 1077; x_wconf 80' lang='lat' dir='ltr'><strong>plurimabarbam</strong></span> <span class='ocrx_word' id='word_1_159' title='bbox 3661 1007 3788 1062; x_wconf 78' lang='lat' dir='ltr'><strong>aliis</strong></span> 
     </span>
    </p>
   </div>
   <div class='ocr_carea' id='block_1_27' title="bbox 2190 1099 3788 1171">
    <p class='ocr_par' dir='ltr' id='par_1_27' title="bbox 2190 1099 3788 1171">
     <span class='ocr_line' id='line_1_27' title="bbox 2190 1099 3788 1171; baseline -0.001 -17"><span class='ocrx_word' id='word_1_160' title='bbox 2190 1099 2448 1154; x_wconf 89' lang='lat' dir='ltr'><strong>evelleus.</strong></span> <span class='ocrx_word' id='word_1_161' title='bbox 2479 1100 2830 1155; x_wconf 86' lang='lat' dir='ltr'><strong>Evremarum</strong></span> <span class='ocrx_word' id='word_1_162' title='bbox 2861 1113 3115 1171; x_wconf 86' lang='lat' dir='ltr'><strong>namque,</strong></span> <span class='ocrx_word' id='word_1_163' title='bbox 3152 1101 3218 1155; x_wconf 90' lang='lat' dir='ltr'><strong>de</strong></span> <span class='ocrx_word' id='word_1_164' title='bbox 3256 1099 3545 1155; x_wconf 87' lang='lat' dir='ltr'><strong>ditioribus</strong></span> <span class='ocrx_word' id='word_1_165' title='bbox 3574 1099 3788 1154; x_wconf 81' lang='lat' dir='ltr'><strong>civibus</strong></span> 
     </span>
    </p>
   </div>
   <div class='ocr_carea' id='block_1_28' title="bbox 2186 1189 3788 1263">
    <p class='ocr_par' dir='ltr' id='par_1_28' title="bbox 2186 1189 3788 1263">
     <span class='ocr_line' id='line_1_28' title="bbox 2186 1189 3788 1263; baseline -0.002 -16"><span class='ocrx_word' id='word_1_166' title='bbox 2186 1207 2377 1258; x_wconf 90' lang='lat' dir='ltr'><strong>unum,</strong></span> <span class='ocrx_word' id='word_1_167' title='bbox 2400 1191 2686 1248; x_wconf 86' lang='lat' dir='ltr'><strong>inhoneste</strong></span> <span class='ocrx_word' id='word_1_168' title='bbox 2719 1193 2883 1247; x_wconf 69' lang='lat' dir='ltr'><strong>traxit</strong></span> <span class='ocrx_word' id='word_1_169' title='bbox 2906 1193 2971 1246; x_wconf 89' lang='lat' dir='ltr'><strong>ad</strong></span> <span class='ocrx_word' id='word_1_170' title='bbox 2995 1193 3211 1263; x_wconf 90' lang='lat' dir='ltr'><strong>cippum</strong></span> <span class='ocrx_word' id='word_1_171' title='bbox 3252 1191 3560 1262; x_wconf 83' lang='lat' dir='ltr'><strong>publicum;</strong></span> <span class='ocrx_word' id='word_1_172' title='bbox 3595 1189 3788 1246; x_wconf 84' lang='lat' dir='ltr'><strong>Geral-</strong></span> 
     </span>
    </p>
   </div>
   <div class='ocr_carea' id='block_1_29' title="bbox 2187 1280 3788 1354">
    <p class='ocr_par' dir='ltr' id='par_1_29' title="bbox 2187 1280 3788 1354">
     <span class='ocr_line' id='line_1_29' title="bbox 2187 1280 3788 1354; baseline -0.002 -17"><span class='ocrx_word' id='word_1_173' title='bbox 2187 1285 2315 1347; x_wconf 83' lang='lat' dir='ltr'><strong>dum</strong></span> <span class='ocrx_word' id='word_1_174' title='bbox 2346 1297 2578 1354; x_wconf 89' lang='lat' dir='ltr'><strong>quoque,</strong></span> <span class='ocrx_word' id='word_1_175' title='bbox 2633 1283 2774 1338; x_wconf 91' lang='lat' dir='ltr'><strong>inter</strong></span> <span class='ocrx_word' id='word_1_176' title='bbox 2807 1294 3142 1348; x_wconf 83' lang='lat' dir='ltr'><strong>mercatores</strong></span> <span class='ocrx_word' id='word_1_177' title='bbox 3175 1283 3412 1341; x_wconf 84' lang='lat' dir='ltr'><strong>intuset</strong></span> <span class='ocrx_word' id='word_1_178' title='bbox 3459 1281 3598 1345; x_wconf 82' lang='lat' dir='ltr'><strong>foris</strong></span> <span class='ocrx_word' id='word_1_179' title='bbox 3642 1280 3788 1336; x_wconf 78' lang='lat' dir='ltr'><strong>satis</strong></span> 
     </span>
    </p>
   </div>
   <div class='ocr_carea' id='block_1_30' title="bbox 2185 1359 3782 1453">
    <p class='ocr_par' dir='ltr' id='par_1_30' title="bbox 2185 1359 3782 1453">
     <span class='ocr_line' id='line_1_30' title="bbox 2185 1359 3782 1453; baseline 0 -27"><span class='ocrx_word' id='word_1_180' title='bbox 2185 1359 2500 1444; x_wconf 69' lang='lat' dir='ltr'><strong>cognitum,</strong></span> <span class='ocrx_word' id='word_1_181' title='bbox 2548 1388 2777 1444; x_wconf 82' lang='lat' dir='ltr'><strong>corpore</strong></span> <span class='ocrx_word' id='word_1_182' title='bbox 2838 1374 3168 1453; x_wconf 70' lang='lat' dir='ltr'><strong>quidemet.</strong></span> <span class='ocrx_word' id='word_1_183' title='bbox 3213 1381 3375 1430; x_wconf 63' lang='lat' dir='ltr'><strong>aetate</strong></span> <span class='ocrx_word' id='word_1_184' title='bbox 3432 1381 3782 1442; x_wconf 79' lang='lat' dir='ltr'><strong>provectum,</strong></span> 
     </span>
    </p>
   </div>
   <div class='ocr_carea' id='block_1_31' title="bbox 2189 1462 3785 1532">
    <p class='ocr_par' dir='ltr' id='par_1_31' title="bbox 2189 1462 3785 1532">
     <span class='ocr_line' id='line_1_31' title="bbox 2189 1462 3785 1532; baseline -0.001 -14"><span class='ocrx_word' id='word_1_185' title='bbox 2189 1463 2422 1518; x_wconf 88' lang='lat' dir='ltr'><strong>tirannis</strong></span> <span class='ocrx_word' id='word_1_186' title='bbox 2451 1463 2616 1519; x_wconf 82' lang='lat' dir='ltr'><strong>etiam</strong></span> <span class='ocrx_word' id='word_1_187' title='bbox 2649 1462 3030 1526; x_wconf 85' lang='lat' dir='ltr'><strong>reverendum.</strong></span> <span class='ocrx_word' id='word_1_188' title='bbox 3060 1464 3165 1527; x_wconf 67' lang='lat' dir='ltr'><strong>Ero</strong></span> <span class='ocrx_word' id='word_1_189' title='bbox 3205 1464 3313 1520; x_wconf 85' lang='lat' dir='ltr'><strong>hiis</strong></span> <span class='ocrx_word' id='word_1_190' title='bbox 3338 1473 3394 1521; x_wconf 94' lang='lat' dir='ltr'><strong>et</strong></span> <span class='ocrx_word' id='word_1_191' title='bbox 3423 1465 3544 1523; x_wconf 88' lang='lat' dir='ltr'><strong>aliis</strong></span> <span class='ocrx_word' id='word_1_192' title='bbox 3582 1464 3785 1532; x_wconf 82' lang='lat' dir='ltr'><strong>hujus.-</strong></span> 
     </span>
    </p>
   </div>
   <div class='ocr_carea' id='block_1_32' title="bbox 2187 1554 3792 1633">
    <p class='ocr_par' dir='ltr' id='par_1_32' title="bbox 2187 1554 3792 1633">
     <span class='ocr_line' id='line_1_32' title="bbox 2187 1554 3792 1633; baseline 0 -23"><span class='ocrx_word' id='word_1_193' title='bbox 2187 1555 2334 1611; x_wconf 90' lang='lat' dir='ltr'><strong>modi</strong></span> <span class='ocrx_word' id='word_1_194' title='bbox 2375 1571 2521 1633; x_wconf 62' lang='lat' dir='ltr'><strong>saepe</strong></span> <span class='ocrx_word' id='word_1_195' title='bbox 2552 1563 2844 1627; x_wconf 89' lang='lat' dir='ltr'><strong>correptus</strong></span> <span class='ocrx_word' id='word_1_196' title='bbox 2875 1554 2944 1610; x_wconf 86' lang='lat' dir='ltr'><strong>ab</strong></span> <span class='ocrx_word' id='word_1_197' title='bbox 2969 1555 3243 1628; x_wconf 89' lang='lat' dir='ltr'><strong>episcopo,</strong></span> <span class='ocrx_word' id='word_1_198' title='bbox 3274 1564 3328 1610; x_wconf 89' lang='lat' dir='ltr'><strong>et</strong></span> <span class='ocrx_word' id='word_1_199' title='bbox 3365 1556 3649 1616; x_wconf 83' lang='lat' dir='ltr'><strong>emendari</strong></span> <span class='ocrx_word' id='word_1_200' title='bbox 3686 1573 3792 1617; x_wconf 76' lang='lat' dir='ltr'><strong>no-</strong></span> 
     </span>
    </p>
   </div>
   <div class='ocr_carea' id='block_1_33' title="bbox 494 1631 3790 1725">
    <p class='ocr_par' dir='ltr' id='par_1_33' title="bbox 494 1631 3790 1725">
     <span class='ocr_line' id='line_1_33' title="bbox 494 1631 3790 1725; baseline 0 -25"><span class='ocrx_word' id='word_1_201' title='bbox 494 1635 736 1703; x_wconf 74' lang='lat' dir='ltr'><strong>l&#39;raudari</strong></span> <span class='ocrx_word' id='word_1_202' title='bbox 769 1666 796 1704; x_wconf 88' lang='lat' dir='ltr'><strong>a</strong></span> <span class='ocrx_word' id='word_1_203' title='bbox 832 1650 1071 1720; x_wconf 79' lang='lat' dir='ltr'><strong>prciiniti</strong></span> <span class='ocrx_word' id='word_1_204' title='bbox 1109 1653 1370 1722; x_wconf 88' lang='lat' dir='ltr'><strong>temporis</strong></span> <span class='ocrx_word' id='word_1_205' title='bbox 1397 1652 2083 1723; x_wconf 69' lang='lat' dir='ltr'><strong>Spatio,putansjuyenem</strong></span> <span class='ocrx_word' id='word_1_206' title='bbox 2120 1631 2162 1691; x_wconf 67' lang='grc' dir='ltr'>Β</span> <span class='ocrx_word' id='word_1_207' title='bbox 2188 1645 2326 1712; x_wconf 90' lang='lat' dir='ltr'><strong>lens,</strong></span> <span class='ocrx_word' id='word_1_208' title='bbox 2361 1646 2456 1701; x_wconf 90' lang='lat' dir='ltr'><strong>sed</strong></span> <span class='ocrx_word' id='word_1_209' title='bbox 2477 1631 2537 1700; x_wconf 90' lang='lat' dir='ltr'><strong>in</strong></span> <span class='ocrx_word' id='word_1_210' title='bbox 2561 1643 3021 1725; x_wconf 85' lang='lat' dir='ltr'><strong>pejuseorruens,</strong></span> <span class='ocrx_word' id='word_1_211' title='bbox 3052 1647 3556 1708; x_wconf 75' lang='lat' dir='ltr'><strong>excommunicatus</strong></span> <span class='ocrx_word' id='word_1_212' title='bbox 3586 1656 3672 1701; x_wconf 91' lang='lat' dir='ltr'><strong>est</strong></span> <span class='ocrx_word' id='word_1_213' title='bbox 3714 1647 3790 1708; x_wconf 76' lang='lat' dir='ltr'><strong>ab</strong></span> 
     </span>
    </p>
   </div>
   <div class='ocr_carea' id='block_1_34' title="bbox 493 1739 2084 1827">
    <p class='ocr_par' dir='ltr' id='par_1_34' title="bbox 493 1739 2084 1827">
     <span class='ocr_line' id='line_1_34' title="bbox 493 1739 2084 1827; baseline 0.004 -35"><span class='ocrx_word' id='word_1_214' title='bbox 493 1753 594 1827; x_wconf 79' lang='lat' dir='ltr'><strong>per</strong></span> <span class='ocrx_word' id='word_1_215' title='bbox 622 1739 963 1822; x_wconf 83' lang='lat' dir='ltr'><strong>disciplinam</strong></span> <span class='ocrx_word' id='word_1_216' title='bbox 995 1740 1249 1808; x_wconf 30' lang='lat' dir='ltr'><strong>suamad.</strong></span> <span class='ocrx_word' id='word_1_217' title='bbox 1280 1742 1528 1796; x_wconf 83' lang='lat' dir='ltr'><strong>veritatis</strong></span> <span class='ocrx_word' id='word_1_218' title='bbox 1557 1742 1697 1796; x_wconf 89' lang='lat' dir='ltr'><strong>viam</strong></span> <span class='ocrx_word' id='word_1_219' title='bbox 1733 1757 1894 1822; x_wconf 85' lang='lat' dir='ltr'><strong>posse</strong></span> <span class='ocrx_word' id='word_1_220' title='bbox 1930 1757 2084 1804; x_wconf 63' lang='lat' dir='ltr'><strong>rever</strong></span> 
     </span>
    </p>
   </div>
   <div class='ocr_carea' id='block_1_35' title="bbox 494 1829 2080 1904">
    <p class='ocr_par' dir='ltr' id='par_1_35' title="bbox 494 1829 2080 1904">
     <span class='ocr_line' id='line_1_35' title="bbox 494 1829 2080 1904; baseline 0.004 -23"><span class='ocrx_word' id='word_1_221' title='bbox 494 1829 634 1895; x_wconf 84' lang='lat' dir='ltr'><strong>cari,</strong></span> <span class='ocrx_word' id='word_1_222' title='bbox 675 1831 718 1884; x_wconf 92' lang='lat' dir='ltr'><strong>si</strong></span> <span class='ocrx_word' id='word_1_223' title='bbox 747 1832 1010 1899; x_wconf 67' lang='lat' dir='ltr'><strong>caecitatis</strong></span> <span class='ocrx_word' id='word_1_224' title='bbox 1036 1847 1148 1886; x_wconf 67' lang='lat' dir='ltr'><strong>sua:</strong></span> <span class='ocrx_word' id='word_1_225' title='bbox 1177 1832 1481 1904; x_wconf 80' lang='lat' dir='ltr'><strong>ignorantia</strong></span> <span class='ocrx_word' id='word_1_226' title='bbox 1518 1849 1546 1886; x_wconf 89' lang='lat' dir='ltr'><strong>a</strong></span> <span class='ocrx_word' id='word_1_227' title='bbox 1584 1843 1733 1897; x_wconf 88' lang='lat' dir='ltr'><strong>recto</strong></span> <span class='ocrx_word' id='word_1_228' title='bbox 1762 1834 2080 1900; x_wconf 75' lang='lat' dir='ltr'><strong>deviaverit,</strong></span> 
     </span>
    </p>
   </div>
   <div class='ocr_carea' id='block_1_36' title="bbox 496 1922 2085 2010">
    <p class='ocr_par' dir='ltr' id='par_1_36' title="bbox 496 1922 2085 2010">
     <span class='ocr_line' id='line_1_36' title="bbox 496 1922 2085 2010; baseline 0.001 -33"><span class='ocrx_word' id='word_1_229' title='bbox 496 1924 589 1978; x_wconf 87' lang='lat' dir='ltr'><strong>Sic</strong></span> <span class='ocrx_word' id='word_1_230' title='bbox 631 1922 882 1988; x_wconf 87' lang='lat' dir='ltr'><strong>Ansellns</strong></span> <span class='ocrx_word' id='word_1_231' title='bbox 906 1924 1214 1991; x_wconf 85' lang='lat' dir='ltr'><strong>nullatenus</strong></span> <span class='ocrx_word' id='word_1_232' title='bbox 1250 1925 1544 2010; x_wconf 78' lang='lat' dir='ltr'><strong>impetrare</strong></span> <span class='ocrx_word' id='word_1_233' title='bbox 1585 1925 1758 1980; x_wconf 85' lang='lat' dir='ltr'><strong>valuit</strong></span> <span class='ocrx_word' id='word_1_234' title='bbox 1800 1940 1960 1994; x_wconf 88' lang='lat' dir='ltr'><strong>prece</strong></span> <span class='ocrx_word' id='word_1_235' title='bbox 1999 1923 2085 1980; x_wconf 88' lang='lat' dir='ltr'><strong>vel</strong></span> 
     </span>
    </p>
   </div>
   <div class='ocr_carea' id='block_1_37' title="bbox 493 2013 2081 2089">
    <p class='ocr_par' dir='ltr' id='par_1_37' title="bbox 493 2013 2081 2089">
     <span class='ocr_line' id='line_1_37' title="bbox 493 2013 2081 2089; baseline 0 -21"><span class='ocrx_word' id='word_1_236' title='bbox 493 2014 699 2089; x_wconf 76' lang='lat' dir='ltr'><strong>precio,</strong></span> <span class='ocrx_word' id='word_1_237' title='bbox 714 2015 842 2083; x_wconf 86' lang='lat' dir='ltr'><strong>quin</strong></span> <span class='ocrx_word' id='word_1_238' title='bbox 859 2013 1010 2084; x_wconf 79' lang='lat' dir='ltr'><strong>Hugu</strong></span> <span class='ocrx_word' id='word_1_239' title='bbox 1027 2014 1429 2069; x_wconf 80' lang='lat' dir='ltr'><strong>castellaturatn</strong></span> <span class='ocrx_word' id='word_1_240' title='bbox 1448 2030 1599 2070; x_wconf 85' lang='lat' dir='ltr'><strong>suam</strong></span> <span class='ocrx_word' id='word_1_241' title='bbox 1616 2031 1720 2080; x_wconf 87' lang='lat' dir='ltr'><strong>non</strong></span> <span class='ocrx_word' id='word_1_242' title='bbox 1742 2013 2081 2084; x_wconf 77' lang='lat' dir='ltr'><strong>reciperetin</strong></span> 
     </span>
    </p>
   </div>
   <div class='ocr_carea' id='block_1_38' title="bbox 505 2105 2079 2181">
    <p class='ocr_par' dir='ltr' id='par_1_38' title="bbox 505 2105 2079 2181">
     <span class='ocr_line' id='line_1_38' title="bbox 505 2105 2079 2181; baseline -0.001 -21"><span class='ocrx_word' id='word_1_243' title='bbox 505 2107 594 2160; x_wconf 88' lang='lat' dir='ltr'><strong>die</strong></span> <span class='ocrx_word' id='word_1_244' title='bbox 610 2121 728 2160; x_wconf 91' lang='lat' dir='ltr'><strong>suo.</strong></span> <span class='ocrx_word' id='word_1_245' title='bbox 752 2106 962 2175; x_wconf 84' lang='lat' dir='ltr'><strong>Adepto</strong></span> <span class='ocrx_word' id='word_1_246' title='bbox 983 2105 1163 2176; x_wconf 80' lang='lat' dir='ltr'><strong>itaque</strong></span> <span class='ocrx_word' id='word_1_247' title='bbox 1181 2105 1332 2181; x_wconf 75' lang='grc' dir='ltr'><strong>Ηυεο</strong></span> <span class='ocrx_word' id='word_1_248' title='bbox 1352 2105 1575 2176; x_wconf 77' lang='lat' dir='ltr'><strong>honoris</strong></span> <span class='ocrx_word' id='word_1_249' title='bbox 1589 2106 1668 2162; x_wconf 92' lang='lat' dir='ltr'><strong>sui</strong></span> <span class='ocrx_word' id='word_1_250' title='bbox 1694 2105 2079 2178; x_wconf 81' lang='lat' dir='ltr'><strong>gubernaculo,</strong></span> 
     </span>
    </p>
   </div>
   <div class='ocr_carea' id='block_1_39' title="bbox 496 2194 2078 2265">
    <p class='ocr_par' dir='ltr' id='par_1_39' title="bbox 496 2194 2078 2265">
     <span class='ocr_line' id='line_1_39' title="bbox 496 2194 2078 2265; baseline -0.001 -15"><span class='ocrx_word' id='word_1_251' title='bbox 496 2195 754 2260; x_wconf 84' lang='lat' dir='ltr'><strong>continuo</strong></span> <span class='ocrx_word' id='word_1_252' title='bbox 802 2194 977 2264; x_wconf 84' lang='lat' dir='ltr'><strong>palam</strong></span> <span class='ocrx_word' id='word_1_253' title='bbox 1024 2194 1154 2249; x_wconf 85' lang='lat' dir='ltr'><strong>fecit</strong></span> <span class='ocrx_word' id='word_1_254' title='bbox 1193 2195 1470 2260; x_wconf 88' lang='lat' dir='ltr'><strong>omnibus,</strong></span> <span class='ocrx_word' id='word_1_255' title='bbox 1514 2195 1658 2265; x_wconf 87' lang='lat' dir='ltr'><strong>quod</strong></span> <span class='ocrx_word' id='word_1_256' title='bbox 1705 2194 2078 2261; x_wconf 81' lang='lat' dir='ltr'><strong>claudebatin</strong></span> 
     </span>
    </p>
   </div>
   <div class='ocr_carea' id='block_1_40' title="bbox 496 2284 2082 2356">
    <p class='ocr_par' dir='ltr' id='par_1_40' title="bbox 496 2284 2082 2356">
     <span class='ocr_line' id='line_1_40' title="bbox 496 2284 2082 2356; baseline 0.003 -20"><span class='ocrx_word' id='word_1_257' title='bbox 496 2285 700 2339; x_wconf 84' lang='lat' dir='ltr'><strong>animo.</strong></span> <span class='ocrx_word' id='word_1_258' title='bbox 729 2284 903 2340; x_wconf 85' lang='lat' dir='ltr'><strong>Antea</strong></span> <span class='ocrx_word' id='word_1_259' title='bbox 934 2284 1077 2339; x_wconf 89' lang='lat' dir='ltr'><strong>enim</strong></span> <span class='ocrx_word' id='word_1_260' title='bbox 1110 2287 1381 2355; x_wconf 84' lang='lat' dir='ltr'><strong>quomodo</strong></span> <span class='ocrx_word' id='word_1_261' title='bbox 1410 2301 1532 2343; x_wconf 86' lang='lat' dir='ltr'><strong>eum</strong></span> <span class='ocrx_word' id='word_1_262' title='bbox 1564 2299 1944 2356; x_wconf 83' lang='lat' dir='ltr'><strong>cognosceres,</strong></span> <span class='ocrx_word' id='word_1_263' title='bbox 1961 2302 2082 2340; x_wconf 90' lang='lat' dir='ltr'><strong>cum</strong></span> 
     </span>
    </p>
   </div>
   <div class='ocr_carea' id='block_1_41' title="bbox 494 2359 2085 2453">
    <p class='ocr_par' dir='ltr' id='par_1_41' title="bbox 494 2359 2085 2453">
     <span class='ocr_line' id='line_1_41' title="bbox 494 2359 2085 2453; baseline 0.003 -23"><span class='ocrx_word' id='word_1_264' title='bbox 494 2391 546 2453; x_wconf 83' lang='lat' dir='ltr'><strong>p.</strong></span> <span class='ocrx_word' id='word_1_265' title='bbox 561 2375 846 2431; x_wconf 91' lang='lat' dir='ltr'><strong>ohiberent</strong></span> <span class='ocrx_word' id='word_1_266' title='bbox 861 2376 1020 2436; x_wconf 88' lang='lat' dir='ltr'><strong>simul</strong></span> <span class='ocrx_word' id='word_1_267' title='bbox 1037 2359 1187 2440; x_wconf 80' lang='lat' dir='ltr'><strong>actas,</strong></span> <span class='ocrx_word' id='word_1_268' title='bbox 1205 2385 1380 2434; x_wconf 87' lang='lat' dir='ltr'><strong>metus</strong></span> <span class='ocrx_word' id='word_1_269' title='bbox 1395 2385 1448 2440; x_wconf 88' lang='lat' dir='ltr'><strong>ct</strong></span> <span class='ocrx_word' id='word_1_270' title='bbox 1474 2379 1766 2450; x_wconf 80' lang='lat' dir='ltr'><strong>magister?</strong></span> <span class='ocrx_word' id='word_1_271' title='bbox 1785 2378 1942 2433; x_wconf 85' lang='lat' dir='ltr'><strong>Modo</strong></span> <span class='ocrx_word' id='word_1_272' title='bbox 1955 2394 2085 2443; x_wconf 80' lang='lat' dir='ltr'><strong>vero</strong></span> 
     </span>
    </p>
   </div>
   <div class='ocr_carea' id='block_1_42' title="bbox 494 2469 2084 2540">
    <p class='ocr_par' dir='ltr' id='par_1_42' title="bbox 494 2469 2084 2540">
     <span class='ocr_line' id='line_1_42' title="bbox 494 2469 2084 2540; baseline 0.002 -19"><span class='ocrx_word' id='word_1_273' title='bbox 494 2484 607 2524; x_wconf 74' lang='lat' dir='ltr'><strong>sua:</strong></span> <span class='ocrx_word' id='word_1_274' title='bbox 653 2469 940 2538; x_wconf 87' lang='lat' dir='ltr'><strong>potestatis</strong></span> <span class='ocrx_word' id='word_1_275' title='bbox 983 2483 1226 2538; x_wconf 87' lang='lat' dir='ltr'><strong>compos,</strong></span> <span class='ocrx_word' id='word_1_276' title='bbox 1263 2469 1428 2524; x_wconf 88' lang='lat' dir='ltr'><strong>totius</strong></span> <span class='ocrx_word' id='word_1_277' title='bbox 1479 2470 1778 2540; x_wconf 81' lang='lat' dir='ltr'><strong>magisterii</strong></span> <span class='ocrx_word' id='word_1_278' title='bbox 1819 2479 1873 2525; x_wconf 92' lang='lat' dir='ltr'><strong>et</strong></span> <span class='ocrx_word' id='word_1_279' title='bbox 1920 2470 2084 2534; x_wconf 79' lang='lat' dir='ltr'><strong>disci—</strong></span> 
     </span>
    </p>
   </div>
   <div class='ocr_carea' id='block_1_43' title="bbox 495 2546 2084 2636">
    <p class='ocr_par' dir='ltr' id='par_1_43' title="bbox 495 2546 2084 2636">
     <span class='ocr_line' id='line_1_43' title="bbox 495 2546 2084 2636; baseline 0.004 -24"><span class='ocrx_word' id='word_1_280' title='bbox 495 2560 654 2628; x_wconf 83' lang='lat' dir='ltr'><strong>plinae</strong></span> <span class='ocrx_word' id='word_1_281' title='bbox 715 2570 1091 2631; x_wconf 78' lang='lat' dir='ltr'><strong>contemptor,</strong></span> <span class='ocrx_word' id='word_1_282' title='bbox 1123 2546 1334 2636; x_wconf 77' lang='lat' dir='ltr'><strong>fasque</strong></span> <span class='ocrx_word' id='word_1_283' title='bbox 1398 2561 1657 2636; x_wconf 74' lang='lat' dir='ltr'><strong>nefasque</strong></span> <span class='ocrx_word' id='word_1_284' title='bbox 1708 2562 2084 2630; x_wconf 85' lang='lat' dir='ltr'><strong>confundens,</strong></span> 
     </span>
    </p>
   </div>
   <div class='ocr_carea' id='block_1_44' title="bbox 495 2639 2088 2726">
    <p class='ocr_par' dir='ltr' id='par_1_44' title="bbox 495 2639 2088 2726">
     <span class='ocr_line' id='line_1_44' title="bbox 495 2639 2088 2726; baseline 0.004 -22"><span class='ocrx_word' id='word_1_285' title='bbox 495 2660 620 2720; x_wconf 90' lang='lat' dir='ltr'><strong>post</strong></span> <span class='ocrx_word' id='word_1_286' title='bbox 645 2652 946 2722; x_wconf 84' lang='lat' dir='ltr'><strong>pravitates</strong></span> <span class='ocrx_word' id='word_1_287' title='bbox 978 2651 1160 2706; x_wconf 79' lang='lat' dir='ltr'><strong>cordis</strong></span> <span class='ocrx_word' id='word_1_288' title='bbox 1190 2639 1270 2706; x_wconf 89' lang='lat' dir='ltr'><strong>sui</strong></span> <span class='ocrx_word' id='word_1_289' title='bbox 1295 2661 1350 2708; x_wconf 89' lang='lat' dir='ltr'><strong>et</strong></span> <span class='ocrx_word' id='word_1_290' title='bbox 1382 2653 1602 2720; x_wconf 86' lang='lat' dir='ltr'><strong>illicitas</strong></span> <span class='ocrx_word' id='word_1_291' title='bbox 1632 2653 1936 2726; x_wconf 89' lang='lat' dir='ltr'><strong>voluptates</strong></span> <span class='ocrx_word' id='word_1_292' title='bbox 1966 2671 2088 2726; x_wconf 80' lang='lat' dir='ltr'><strong>gra-</strong></span> 
     </span>
    </p>
   </div>
   <div class='ocr_carea' id='block_1_45' title="bbox 420 2729 2086 2824">
    <p class='ocr_par' dir='ltr' id='par_1_45' title="bbox 420 2729 2086 2824">
     <span class='ocr_line' id='line_1_45' title="bbox 420 2729 2086 2824; baseline 0.005 -28"><span class='ocrx_word' id='word_1_293' title='bbox 420 2757 424 2760; x_wconf 65' lang='lat'>‘</span> <span class='ocrx_word' id='word_1_294' title='bbox 497 2742 644 2797; x_wconf 89' lang='lat' dir='ltr'><strong>ditur</strong></span> <span class='ocrx_word' id='word_1_295' title='bbox 715 2743 833 2798; x_wconf 86' lang='lat' dir='ltr'><strong>sine</strong></span> <span class='ocrx_word' id='word_1_296' title='bbox 891 2753 1140 2812; x_wconf 88' lang='lat' dir='ltr'><strong>respectu</strong></span> <span class='ocrx_word' id='word_1_297' title='bbox 1197 2744 1400 2824; x_wconf 85' lang='lat' dir='ltr'><strong>aliquo.</strong></span> <span class='ocrx_word' id='word_1_298' title='bbox 1460 2745 1718 2813; x_wconf 78' lang='lat' dir='ltr'><strong>Potestne</strong></span> <span class='ocrx_word' id='word_1_299' title='bbox 1779 2729 2086 2819; x_wconf 81' lang='lat' dir='ltr'><strong>respectum</strong></span> 
     </span>
    </p>
   </div>
   <div class='ocr_carea' id='block_1_46' title="bbox 489 2833 2087 2915">
    <p class='ocr_par' dir='ltr' id='par_1_46' title="bbox 489 2833 2087 2915">
     <span class='ocr_line' id='line_1_46' title="bbox 489 2833 2087 2915; baseline 0.007 -31"><span class='ocrx_word' id='word_1_300' title='bbox 489 2833 720 2904; x_wconf 66' lang='lat' dir='ltr'><strong>justitia‘.</strong></span> <span class='ocrx_word' id='word_1_301' title='bbox 757 2843 974 2899; x_wconf 85' lang='lat' dir='ltr'><strong>tenere,</strong></span> <span class='ocrx_word' id='word_1_302' title='bbox 1031 2835 1121 2915; x_wconf 87' lang='lat' dir='ltr'><strong>qui</strong></span> <span class='ocrx_word' id='word_1_303' title='bbox 1164 2836 1214 2889; x_wconf 92' lang='lat' dir='ltr'><strong>in</strong></span> <span class='ocrx_word' id='word_1_304' title='bbox 1257 2836 1479 2895; x_wconf 82' lang='lat' dir='ltr'><strong>civitate</strong></span> <span class='ocrx_word' id='word_1_305' title='bbox 1527 2837 1730 2892; x_wconf 87' lang='lat' dir='ltr'><strong>domini</strong></span> <span class='ocrx_word' id='word_1_306' title='bbox 1779 2839 1860 2894; x_wconf 93' lang='lat' dir='ltr'><strong>sui</strong></span> <span class='ocrx_word' id='word_1_307' title='bbox 1921 2849 1976 2894; x_wconf 90' lang='lat' dir='ltr'><strong>et</strong></span> <span class='ocrx_word' id='word_1_308' title='bbox 2031 2841 2087 2905; x_wconf 84' lang='lat' dir='ltr'><strong>in</strong></span> 
     </span>
    </p>
   </div>
   <div class='ocr_carea' id='block_1_47' title="bbox 497 2923 2084 3004">
    <p class='ocr_par' dir='ltr' id='par_1_47' title="bbox 497 2923 2084 3004">
     <span class='ocr_line' id='line_1_47' title="bbox 497 2923 2084 3004; baseline 0.006 -28"><span class='ocrx_word' id='word_1_309' title='bbox 497 2923 616 2978; x_wconf 81' lang='lat' dir='ltr'><strong>foro</strong></span> <span class='ocrx_word' id='word_1_310' title='bbox 651 2923 769 2994; x_wconf 87' lang='lat' dir='ltr'><strong>ejus</strong></span> <span class='ocrx_word' id='word_1_311' title='bbox 797 2923 1087 2994; x_wconf 79' lang='lat' dir='ltr'><strong>lignarium</strong></span> <span class='ocrx_word' id='word_1_312' title='bbox 1118 2925 1267 3002; x_wconf 65' lang='grc'><strong>(451)</strong></span> <span class='ocrx_word' id='word_1_313' title='bbox 1299 2941 1395 3004; x_wconf 85' lang='lat' dir='ltr'><strong>per</strong></span> <span class='ocrx_word' id='word_1_314' title='bbox 1423 2928 1706 2998; x_wconf 73' lang='lat' dir='ltr'><strong>angariant</strong></span> <span class='ocrx_word' id='word_1_315' title='bbox 1753 2929 1904 3001; x_wconf 70' lang='grc'><strong>(452)</strong></span> <span class='ocrx_word' id='word_1_316' title='bbox 1932 2930 2084 2985; x_wconf 91' lang='lat' dir='ltr'><strong>colli-</strong></span> 
     </span>
    </p>
   </div>
   <div class='ocr_carea' id='block_1_48' title="bbox 496 3015 2082 3101">
    <p class='ocr_par' dir='ltr' id='par_1_48' title="bbox 496 3015 2082 3101">
     <span class='ocr_line' id='line_1_48' title="bbox 496 3015 2082 3101; baseline 0.008 -35"><span class='ocrx_word' id='word_1_317' title='bbox 496 3017 577 3100; x_wconf 76' lang='lat' dir='ltr'><strong>gi:</strong></span> <span class='ocrx_word' id='word_1_318' title='bbox 603 3015 705 3083; x_wconf 79' lang='lat' dir='ltr'><strong>m;</strong></span> <span class='ocrx_word' id='word_1_319' title='bbox 737 3031 860 3071; x_wconf 90' lang='lat' dir='ltr'><strong>cum</strong></span> <span class='ocrx_word' id='word_1_320' title='bbox 902 3017 957 3072; x_wconf 87' lang='lat' dir='ltr'><strong>id</strong></span> <span class='ocrx_word' id='word_1_321' title='bbox 988 3032 1224 3092; x_wconf 88' lang='lat' dir='ltr'><strong>unquam</strong></span> <span class='ocrx_word' id='word_1_322' title='bbox 1249 3028 1562 3084; x_wconf 80' lang='lat' dir='ltr'><strong>antecessor</strong></span> <span class='ocrx_word' id='word_1_323' title='bbox 1589 3020 1706 3101; x_wconf 89' lang='lat' dir='ltr'><strong>ejus</strong></span> <span class='ocrx_word' id='word_1_324' title='bbox 1736 3037 1840 3077; x_wconf 91' lang='lat' dir='ltr'><strong>non</strong></span> <span class='ocrx_word' id='word_1_325' title='bbox 1867 3021 2082 3090; x_wconf 85' lang='lat' dir='ltr'><strong>fecerit,</strong></span> 
     </span>
    </p>
   </div>
   <div class='ocr_carea' id='block_1_49' title="bbox 497 3106 2084 3180">
    <p class='ocr_par' dir='ltr' id='par_1_49' title="bbox 497 3106 2084 3180">
     <span class='ocr_line' id='line_1_49' title="bbox 497 3106 2084 3180; baseline 0.008 -23"><span class='ocrx_word' id='word_1_326' title='bbox 497 3116 551 3159; x_wconf 88' lang='lat' dir='ltr'><strong>et</strong></span> <span class='ocrx_word' id='word_1_327' title='bbox 577 3106 940 3162; x_wconf 88' lang='lat' dir='ltr'><strong>contradictio</strong></span> <span class='ocrx_word' id='word_1_328' title='bbox 982 3108 1241 3163; x_wconf 84' lang='lat' dir='ltr'><strong>reclamet</strong></span> <span class='ocrx_word' id='word_1_329' title='bbox 1287 3118 1341 3164; x_wconf 94' lang='lat' dir='ltr'><strong>et</strong></span> <span class='ocrx_word' id='word_1_330' title='bbox 1389 3111 1676 3180; x_wconf 87' lang='lat' dir='ltr'><strong>prohibeat</strong></span> <span class='ocrx_word' id='word_1_331' title='bbox 1727 3113 1931 3169; x_wconf 90' lang='lat' dir='ltr'><strong>domini</strong></span> <span class='ocrx_word' id='word_1_332' title='bbox 1965 3115 2084 3170; x_wconf 85' lang='lat' dir='ltr'><strong>sui?</strong></span> 
     </span>
    </p>
   </div>
   <div class='ocr_carea' id='block_1_50' title="bbox 497 3193 2081 3276">
    <p class='ocr_par' dir='ltr' id='par_1_50' title="bbox 497 3193 2081 3276">
     <span class='ocr_line' id='line_1_50' title="bbox 497 3193 2081 3276; baseline 0.008 -27"><span class='ocrx_word' id='word_1_333' title='bbox 497 3193 725 3250; x_wconf 82' lang='lat' dir='ltr'><strong>Factum</strong></span> <span class='ocrx_word' id='word_1_334' title='bbox 752 3206 836 3252; x_wconf 88' lang='lat' dir='ltr'><strong>est</strong></span> <span class='ocrx_word' id='word_1_335' title='bbox 874 3206 1055 3258; x_wconf 85' lang='lat' dir='ltr'><strong>autem</strong></span> <span class='ocrx_word' id='word_1_336' title='bbox 1105 3198 1212 3256; x_wconf 86' lang='lat' dir='ltr'><strong>hoc</strong></span> <span class='ocrx_word' id='word_1_337' title='bbox 1245 3199 1536 3271; x_wconf 83' lang='lat' dir='ltr'><strong>lignarium</strong></span> <span class='ocrx_word' id='word_1_338' title='bbox 1572 3218 1602 3257; x_wconf 87' lang='lat' dir='ltr'><strong>a</strong></span> <span class='ocrx_word' id='word_1_339' title='bbox 1634 3202 1856 3276; x_wconf 74' lang='lat' dir='ltr'><strong>llugone</strong></span> <span class='ocrx_word' id='word_1_340' title='bbox 1886 3207 2081 3262; x_wconf 84' lang='lat' dir='ltr'><strong>castel-</strong></span> 
     </span>
    </p>
   </div>
   <div class='ocr_carea' id='block_1_51' title="bbox 497 3285 2082 3363">
    <p class='ocr_par' dir='ltr' id='par_1_51' title="bbox 497 3285 2082 3363">
     <span class='ocr_line' id='line_1_51' title="bbox 497 3285 2082 3363; baseline 0.009 -23"><span class='ocrx_word' id='word_1_341' title='bbox 497 3285 622 3341; x_wconf 85' lang='lat' dir='ltr'><strong>lano</strong></span> <span class='ocrx_word' id='word_1_342' title='bbox 652 3287 705 3342; x_wconf 91' lang='lat' dir='ltr'><strong>in</strong></span> <span class='ocrx_word' id='word_1_343' title='bbox 735 3289 956 3344; x_wconf 86' lang='lat' dir='ltr'><strong>civitate</strong></span> <span class='ocrx_word' id='word_1_344' title='bbox 983 3289 1387 3357; x_wconf 81' lang='lat' dir='ltr'><strong>Cameracensi,</strong></span> <span class='ocrx_word' id='word_1_345' title='bbox 1423 3303 1478 3347; x_wconf 91' lang='lat' dir='ltr'><strong>et</strong></span> <span class='ocrx_word' id='word_1_346' title='bbox 1519 3296 1754 3363; x_wconf 89' lang='lat' dir='ltr'><strong>positum</strong></span> <span class='ocrx_word' id='word_1_347' title='bbox 1783 3309 1866 3353; x_wconf 92' lang='lat' dir='ltr'><strong>est</strong></span> <span class='ocrx_word' id='word_1_348' title='bbox 1915 3299 1966 3352; x_wconf 91' lang='lat' dir='ltr'><strong>in</strong></span> <span class='ocrx_word' id='word_1_349' title='bbox 1999 3300 2082 3355; x_wconf 89' lang='lat' dir='ltr'><strong>in-</strong></span> 
     </span>
    </p>
   </div>
   <div class='ocr_carea' id='block_1_52' title="bbox 496 3377 2080 3453">
    <p class='ocr_par' dir='ltr' id='par_1_52' title="bbox 496 3377 2080 3453">
     <span class='ocr_line' id='line_1_52' title="bbox 496 3377 2080 3453; baseline 0.007 -21"><span class='ocrx_word' id='word_1_350' title='bbox 496 3377 696 3434; x_wconf 68' lang='lat' dir='ltr'><strong>claatro</strong></span> <span class='ocrx_word' id='word_1_351' title='bbox 717 3378 786 3409; x_wconf 84' lang='grc'><em>³³³</em></span> <span class='ocrx_word' id='word_1_352' title='bbox 813 3379 962 3453; x_wconf 71' lang='grc'>(455)</span> <span class='ocrx_word' id='word_1_353' title='bbox 995 3380 1167 3434; x_wconf 85' lang='lat' dir='ltr'><strong>sancti</strong></span> <span class='ocrx_word' id='word_1_354' title='bbox 1209 3382 1458 3437; x_wconf 85' lang='lat' dir='ltr'><strong>Autberti</strong></span> <span class='ocrx_word' id='word_1_355' title='bbox 1493 3383 1560 3436; x_wconf 86' lang='lat' dir='ltr'><strong>ad</strong></span> <span class='ocrx_word' id='word_1_356' title='bbox 1591 3386 2080 3442; x_wconf 88' lang='lat' dir='ltr'><strong>contradictionem</strong></span> 
     </span>
    </p>
   </div>
   <div class='ocr_carea' id='block_1_53' title="bbox 495 3469 2084 3548">
    <p class='ocr_par' dir='ltr' id='par_1_53' title="bbox 495 3469 2084 3548">
     <span class='ocr_line' id='line_1_53' title="bbox 495 3469 2084 3548; baseline 0.006 -23"><span class='ocrx_word' id='word_1_357' title='bbox 495 3469 756 3526; x_wconf 89' lang='lat' dir='ltr'><strong>Lietberti</strong></span> <span class='ocrx_word' id='word_1_358' title='bbox 804 3474 1108 3543; x_wconf 82' lang='lat' dir='ltr'><strong>pontiﬁcis;</strong></span> <span class='ocrx_word' id='word_1_359' title='bbox 1141 3482 1196 3533; x_wconf 86' lang='lat' dir='ltr'><strong>et</strong></span> <span class='ocrx_word' id='word_1_360' title='bbox 1221 3473 1337 3530; x_wconf 64' lang='lat' dir='ltr'><strong>haec</strong></span> <span class='ocrx_word' id='word_1_361' title='bbox 1379 3474 1482 3532; x_wconf 85' lang='lat' dir='ltr'><strong>fuit</strong></span> <span class='ocrx_word' id='word_1_362' title='bbox 1511 3477 1690 3548; x_wconf 89' lang='lat' dir='ltr'><strong>prima</strong></span> <span class='ocrx_word' id='word_1_363' title='bbox 1719 3493 1884 3545; x_wconf 83' lang='lat' dir='ltr'><strong>causa</strong></span> <span class='ocrx_word' id='word_1_364' title='bbox 1914 3481 1980 3536; x_wconf 87' lang='lat' dir='ltr'><strong>de</strong></span> <span class='ocrx_word' id='word_1_365' title='bbox 2008 3481 2084 3535; x_wconf 88' lang='lat' dir='ltr'><strong>in-</strong></span> 
     </span>
    </p>
   </div>
   <div class='ocr_carea' id='block_1_54' title="bbox 491 3549 1526 3636">
    <p class='ocr_par' dir='ltr' id='par_1_54' title="bbox 491 3549 1526 3636">
     <span class='ocr_line' id='line_1_54' title="bbox 491 3549 1526 3636; baseline 0.007 -21"><span class='ocrx_word' id='word_1_366' title='bbox 491 3564 760 3634; x_wconf 88' lang='lat' dir='ltr'><strong>juriarum</strong></span> <span class='ocrx_word' id='word_1_367' title='bbox 795 3568 912 3633; x_wconf 85' lang='lat' dir='ltr'><strong>ejus</strong></span> <span class='ocrx_word' id='word_1_368' title='bbox 943 3566 1222 3636; x_wconf 89' lang='lat' dir='ltr'><strong>primitiis.</strong></span> <span class='ocrx_word' id='word_1_369' title='bbox 1523 3549 1526 3552; x_wconf 32' lang='grc'><strong>’</strong></span> 
     </span>
    </p>
   </div>
   <div class='ocr_carea' id='block_1_55' title="bbox 569 3653 2086 3728">
    <p class='ocr_par' dir='ltr' id='par_1_55' title="bbox 569 3653 2086 3728">
     <span class='ocr_line' id='line_1_55' title="bbox 569 3653 2086 3728; baseline 0.007 -21"><span class='ocrx_word' id='word_1_370' title='bbox 569 3653 656 3707; x_wconf 82' lang='lat' dir='ltr'><strong>l7.</strong></span> <span class='ocrx_word' id='word_1_371' title='bbox 677 3655 924 3711; x_wconf 87' lang='lat' dir='ltr'><strong>Secunda</strong></span> <span class='ocrx_word' id='word_1_372' title='bbox 955 3656 1148 3722; x_wconf 58' lang='lat' dir='ltr'><strong>injuria</strong></span> <span class='ocrx_word' id='word_1_373' title='bbox 1178 3657 1300 3714; x_wconf 85' lang='lat' dir='ltr'><strong>talis</strong></span> <span class='ocrx_word' id='word_1_374' title='bbox 1331 3657 1559 3726; x_wconf 81' lang='lat' dir='ltr'><strong>exstitit,</strong></span> <span class='ocrx_word' id='word_1_375' title='bbox 1588 3661 1732 3728; x_wconf 88' lang='lat' dir='ltr'><strong>quod</strong></span> <span class='ocrx_word' id='word_1_376' title='bbox 1757 3658 2086 3718; x_wconf 89' lang='lat' dir='ltr'><strong>Ermenaldo</strong></span> 
     </span>
    </p>
   </div>
   <div class='ocr_carea' id='block_1_56' title="bbox 496 3739 2087 3820">
    <p class='ocr_par' dir='ltr' id='par_1_56' title="bbox 496 3739 2087 3820">
     <span class='ocr_line' id='line_1_56' title="bbox 496 3739 2087 3820; baseline 0.006 -22"><span class='ocrx_word' id='word_1_377' title='bbox 496 3739 676 3801; x_wconf 81' lang='lat' dir='ltr'><strong>villico</strong></span> <span class='ocrx_word' id='word_1_378' title='bbox 705 3757 761 3802; x_wconf 91' lang='lat' dir='ltr'><strong>et</strong></span> <span class='ocrx_word' id='word_1_379' title='bbox 800 3748 1134 3805; x_wconf 67' lang='lat' dir='ltr'><strong>cubiculario</strong></span> <span class='ocrx_word' id='word_1_380' title='bbox 1161 3750 1398 3820; x_wconf 88' lang='lat' dir='ltr'><strong>episcopi</strong></span> <span class='ocrx_word' id='word_1_381' title='bbox 1424 3754 1612 3806; x_wconf 87' lang='lat' dir='ltr'><strong>decem</strong></span> <span class='ocrx_word' id='word_1_382' title='bbox 1641 3767 1837 3807; x_wconf 86' lang='lat' dir='ltr'><strong>vaccas</strong></span> <span class='ocrx_word' id='word_1_383' title='bbox 1864 3751 2087 3808; x_wconf 88' lang='lat' dir='ltr'><strong>abstulit</strong></span> 
     </span>
    </p>
   </div>
   <div class='ocr_carea' id='block_1_57' title="bbox 496 3838 2083 3912">
    <p class='ocr_par' dir='ltr' id='par_1_57' title="bbox 496 3838 2083 3912">
     <span class='ocr_line' id='line_1_57' title="bbox 496 3838 2083 3912; baseline 0.004 -19"><span class='ocrx_word' id='word_1_384' title='bbox 496 3839 632 3894; x_wconf 88' lang='lat' dir='ltr'><strong>etin</strong></span> <span class='ocrx_word' id='word_1_385' title='bbox 658 3838 876 3895; x_wconf 88' lang='lat' dir='ltr'><strong>civitate</strong></span> <span class='ocrx_word' id='word_1_386' title='bbox 911 3857 1027 3906; x_wconf 85' lang='lat' dir='ltr'><strong>sua,</strong></span> <span class='ocrx_word' id='word_1_387' title='bbox 1061 3857 1119 3897; x_wconf 91' lang='lat' dir='ltr'><strong>se</strong></span> <span class='ocrx_word' id='word_1_388' title='bbox 1141 3851 1427 3912; x_wconf 65' lang='lat' dir='ltr'><strong>praesente,</strong></span> <span class='ocrx_word' id='word_1_389' title='bbox 1456 3843 1681 3901; x_wconf 79' lang='lat' dir='ltr'><strong>adduxit</strong></span> <span class='ocrx_word' id='word_1_390' title='bbox 1723 3852 1778 3898; x_wconf 91' lang='lat' dir='ltr'><strong>et</strong></span> <span class='ocrx_word' id='word_1_391' title='bbox 1825 3844 2083 3912; x_wconf 85' lang='lat' dir='ltr'><strong>comedit,</strong></span> 
     </span>
    </p>
   </div>
   <div class='ocr_carea' id='block_1_58' title="bbox 497 3931 2084 4005">
    <p class='ocr_par' dir='ltr' id='par_1_58' title="bbox 497 3931 2084 4005">
     <span class='ocr_line' id='line_1_58' title="bbox 497 3931 2084 4005; baseline 0.002 -17"><span class='ocrx_word' id='word_1_392' title='bbox 497 3931 784 4004; x_wconf 87' lang='lat' dir='ltr'><strong>ipsumque</strong></span> <span class='ocrx_word' id='word_1_393' title='bbox 817 3933 1201 3990; x_wconf 84' lang='lat' dir='ltr'><strong>Ermenaldum</strong></span> <span class='ocrx_word' id='word_1_394' title='bbox 1234 3935 1302 3988; x_wconf 87' lang='lat' dir='ltr'><strong>ad</strong></span> <span class='ocrx_word' id='word_1_395' title='bbox 1347 3933 1598 3988; x_wconf 89' lang='lat' dir='ltr'><strong>ultimum</strong></span> <span class='ocrx_word' id='word_1_396' title='bbox 1631 3935 2084 4005; x_wconf 90' lang='lat' dir='ltr'><strong>comprehensum</strong></span> 
     </span>
    </p>
   </div>
   <div class='ocr_carea' id='block_1_59' title="bbox 496 4023 2084 4095">
    <p class='ocr_par' dir='ltr' id='par_1_59' title="bbox 496 4023 2084 4095">
     <span class='ocr_line' id='line_1_59' title="bbox 496 4023 2084 4095; baseline 0.003 -19"><span class='ocrx_word' id='word_1_397' title='bbox 496 4023 741 4094; x_wconf 74' lang='lat' dir='ltr'><strong>alligavit</strong></span> <span class='ocrx_word' id='word_1_398' title='bbox 770 4025 1001 4080; x_wconf 84' lang='lat' dir='ltr'><strong>catenis.</strong></span> <span class='ocrx_word' id='word_1_399' title='bbox 1030 4024 1182 4092; x_wconf 84' lang='lat' dir='ltr'><strong>Quod</strong></span> <span class='ocrx_word' id='word_1_400' title='bbox 1221 4039 1343 4079; x_wconf 90' lang='lat' dir='ltr'><strong>cum</strong></span> <span class='ocrx_word' id='word_1_401' title='bbox 1380 4025 1635 4095; x_wconf 89' lang='lat' dir='ltr'><strong>episcopo</strong></span> <span class='ocrx_word' id='word_1_402' title='bbox 1665 4026 1968 4079; x_wconf 90' lang='lat' dir='ltr'><strong>nuntiatum</strong></span> <span class='ocrx_word' id='word_1_403' title='bbox 1995 4042 2084 4081; x_wconf 88' lang='lat' dir='ltr'><strong>es-</strong></span> 
     </span>
    </p>
   </div>
   <div class='ocr_carea' id='block_1_60' title="bbox 499 4115 2082 4189">
    <p class='ocr_par' dir='ltr' id='par_1_60' title="bbox 499 4115 2082 4189">
     <span class='ocr_line' id='line_1_60' title="bbox 499 4115 2082 4189; baseline 0.001 -20"><span class='ocrx_word' id='word_1_404' title='bbox 499 4123 602 4176; x_wconf 87' lang='lat' dir='ltr'><strong>set.</strong></span> <span class='ocrx_word' id='word_1_405' title='bbox 631 4115 787 4170; x_wconf 86' lang='lat' dir='ltr'><strong>valde</strong></span> <span class='ocrx_word' id='word_1_406' title='bbox 815 4115 1064 4181; x_wconf 89' lang='lat' dir='ltr'><strong>indoluit,</strong></span> <span class='ocrx_word' id='word_1_407' title='bbox 1097 4116 1355 4189; x_wconf 86' lang='lat' dir='ltr'><strong>venitque</strong></span> <span class='ocrx_word' id='word_1_408' title='bbox 1399 4117 1468 4170; x_wconf 89' lang='lat' dir='ltr'><strong>ad</strong></span> <span class='ocrx_word' id='word_1_409' title='bbox 1513 4116 1732 4172; x_wconf 89' lang='lat' dir='ltr'><strong>domum</strong></span> <span class='ocrx_word' id='word_1_410' title='bbox 1781 4116 2082 4182; x_wconf 88' lang='lat' dir='ltr'><strong>castellani,</strong></span> 
     </span>
    </p>
   </div>
   <div class='ocr_carea' id='block_1_61' title="bbox 495 4205 2087 4277">
    <p class='ocr_par' dir='ltr' id='par_1_61' title="bbox 495 4205 2087 4277">
     <span class='ocr_line' id='line_1_61' title="bbox 495 4205 2087 4277; baseline -0.001 -17"><span class='ocrx_word' id='word_1_411' title='bbox 495 4206 683 4262; x_wconf 84' lang='lat' dir='ltr'><strong>volens</strong></span> <span class='ocrx_word' id='word_1_412' title='bbox 735 4207 896 4273; x_wconf 89' lang='lat' dir='ltr'><strong>scire,</strong></span> <span class='ocrx_word' id='word_1_413' title='bbox 953 4220 1123 4277; x_wconf 89' lang='lat' dir='ltr'><strong>quare</strong></span> <span class='ocrx_word' id='word_1_414' title='bbox 1151 4205 1544 4263; x_wconf 88' lang='lat' dir='ltr'><strong>cubicularium</strong></span> <span class='ocrx_word' id='word_1_415' title='bbox 1590 4221 1748 4260; x_wconf 89' lang='lat' dir='ltr'><strong>suum</strong></span> <span class='ocrx_word' id='word_1_416' title='bbox 1781 4215 1991 4260; x_wconf 88' lang='lat' dir='ltr'><strong>teneret</strong></span> <span class='ocrx_word' id='word_1_417' title='bbox 2030 4205 2087 4260; x_wconf 90' lang='lat' dir='ltr'><strong>in</strong></span> 
     </span>
    </p>
   </div>
   <div class='ocr_carea' id='block_1_62' title="bbox 2187 1736 3790 1807">
    <p class='ocr_par' dir='ltr' id='par_1_62' title="bbox 2187 1736 3790 1807">
     <span class='ocr_line' id='line_1_62' title="bbox 2187 1736 3790 1807; baseline 0.001 -16"><span class='ocrx_word' id='word_1_418' title='bbox 2187 1751 2273 1797; x_wconf 88' lang='lat' dir='ltr'><strong>eo.</strong></span> <span class='ocrx_word' id='word_1_419' title='bbox 2305 1737 2375 1790; x_wconf 81' lang='lat' dir='ltr'><strong>At</strong></span> <span class='ocrx_word' id='word_1_420' title='bbox 2415 1736 2504 1791; x_wconf 92' lang='lat' dir='ltr'><strong>ille</strong></span> <span class='ocrx_word' id='word_1_421' title='bbox 2532 1744 2587 1791; x_wconf 92' lang='lat' dir='ltr'><strong>et</strong></span> <span class='ocrx_word' id='word_1_422' title='bbox 2633 1737 2738 1793; x_wconf 90' lang='lat' dir='ltr'><strong>hoc</strong></span> <span class='ocrx_word' id='word_1_423' title='bbox 2765 1738 2928 1793; x_wconf 89' lang='lat' dir='ltr'><strong>etiam</strong></span> <span class='ocrx_word' id='word_1_424' title='bbox 2958 1738 3304 1805; x_wconf 85' lang='lat' dir='ltr'><strong>contempsit,</strong></span> <span class='ocrx_word' id='word_1_425' title='bbox 3337 1737 3648 1807; x_wconf 82' lang='lat' dir='ltr'><strong>nullamque</strong></span> <span class='ocrx_word' id='word_1_426' title='bbox 3681 1737 3790 1800; x_wconf 75' lang='lat' dir='ltr'><strong>mi-</strong></span> 
     </span>
    </p>
   </div>
   <div class='ocr_carea' id='block_1_63' title="bbox 2193 1827 3784 1906">
    <p class='ocr_par' dir='ltr' id='par_1_63' title="bbox 2193 1827 3784 1906">
     <span class='ocr_line' id='line_1_63' title="bbox 2193 1827 3784 1906; baseline 0 -24"><span class='ocrx_word' id='word_1_427' title='bbox 2193 1827 2545 1882; x_wconf 85' lang='lat' dir='ltr'><strong>sericordiam</strong></span> <span class='ocrx_word' id='word_1_428' title='bbox 2569 1843 2818 1906; x_wconf 73' lang='lat' dir='ltr'><strong>qumrens</strong></span> <span class='ocrx_word' id='word_1_429' title='bbox 2846 1827 2931 1884; x_wconf 89' lang='lat' dir='ltr'><strong>vel</strong></span> <span class='ocrx_word' id='word_1_430' title='bbox 2957 1829 3389 1884; x_wconf 89' lang='lat' dir='ltr'><strong>meliorationem</strong></span> <span class='ocrx_word' id='word_1_431' title='bbox 3429 1829 3784 1899; x_wconf 57' lang='lat' dir='ltr'><strong>promittens,</strong></span> 
     </span>
    </p>
   </div>
   <div class='ocr_carea' id='block_1_64' title="bbox 2188 1919 3786 1990">
    <p class='ocr_par' dir='ltr' id='par_1_64' title="bbox 2188 1919 3786 1990">
     <span class='ocr_line' id='line_1_64' title="bbox 2188 1919 3786 1990; baseline -0.003 -13"><span class='ocrx_word' id='word_1_432' title='bbox 2188 1923 2255 1977; x_wconf 88' lang='lat' dir='ltr'><strong>ad</strong></span> <span class='ocrx_word' id='word_1_433' title='bbox 2286 1923 2540 1986; x_wconf 84' lang='lat' dir='ltr'><strong>comitem</strong></span> <span class='ocrx_word' id='word_1_434' title='bbox 2568 1922 2751 1977; x_wconf 89' lang='lat' dir='ltr'><strong>Sancti</strong></span> <span class='ocrx_word' id='word_1_435' title='bbox 2787 1920 3030 1988; x_wconf 82' lang='lat' dir='ltr'><strong>Quintini</strong></span> <span class='ocrx_word' id='word_1_436' title='bbox 3064 1919 3217 1985; x_wconf 89' lang='lat' dir='ltr'><strong>abiit,</strong></span> <span class='ocrx_word' id='word_1_437' title='bbox 3248 1920 3432 1990; x_wconf 72' lang='lat' dir='ltr'><strong>ibiQue</strong></span> <span class='ocrx_word' id='word_1_438' title='bbox 3461 1919 3786 1989; x_wconf 81' lang='lat' dir='ltr'><strong>aliquandiu</strong></span> 
     </span>
    </p>
   </div>
   <div class='ocr_carea' id='block_1_65' title="bbox 2185 2007 3779 2089">
    <p class='ocr_par' dir='ltr' id='par_1_65' title="bbox 2185 2007 3779 2089">
     <span class='ocr_line' id='line_1_65' title="bbox 2185 2007 3779 2089; baseline -0.003 -22"><span class='ocrx_word' id='word_1_439' title='bbox 2185 2011 2455 2074; x_wconf 82' lang='lat' dir='ltr'><strong>versatus.</strong></span> <span class='ocrx_word' id='word_1_440' title='bbox 2485 2007 2743 2088; x_wconf 86' lang='lat' dir='ltr'><strong>quicquid</strong></span> <span class='ocrx_word' id='word_1_441' title='bbox 2776 2011 2900 2065; x_wconf 89' lang='lat' dir='ltr'><strong>mali</strong></span> <span class='ocrx_word' id='word_1_442' title='bbox 2935 2011 3129 2089; x_wconf 78' lang='lat' dir='ltr'><strong>potuit,</strong></span> <span class='ocrx_word' id='word_1_443' title='bbox 3166 2009 3428 2075; x_wconf 85' lang='lat' dir='ltr'><strong>adversus</strong></span> <span class='ocrx_word' id='word_1_444' title='bbox 3459 2009 3779 2082; x_wconf 77' lang='lat' dir='ltr'><strong>episcopum</strong></span> 
     </span>
    </p>
   </div>
   <div class='ocr_carea' id='block_1_66' title="bbox 2185 2101 2910 2177">
    <p class='ocr_par' dir='ltr' id='par_1_66' title="bbox 2185 2101 2910 2177">
     <span class='ocr_line' id='line_1_66' title="bbox 2185 2101 2910 2177; baseline -0.01 -16"><span class='ocrx_word' id='word_1_445' title='bbox 2185 2113 2241 2161; x_wconf 89' lang='lat' dir='ltr'><strong>et</strong></span> <span class='ocrx_word' id='word_1_446' title='bbox 2275 2103 2580 2165; x_wconf 68' lang='lat' dir='ltr'><strong>{ecclesiam</strong></span> <span class='ocrx_word' id='word_1_447' title='bbox 2610 2104 2726 2177; x_wconf 85' lang='lat' dir='ltr'><strong>ejus</strong></span> <span class='ocrx_word' id='word_1_448' title='bbox 2760 2101 2910 2157; x_wconf 87' lang='lat' dir='ltr'><strong>fecit.</strong></span> 
     </span>
    </p>
   </div>
   <div class='ocr_carea' id='block_1_67' title="bbox 2260 2193 3788 2267">
    <p class='ocr_par' dir='ltr' id='par_1_67' title="bbox 2260 2193 3788 2267">
     <span class='ocr_line' id='line_1_67' title="bbox 2260 2193 3788 2267; baseline -0.001 -16"><span class='ocrx_word' id='word_1_449' title='bbox 2260 2193 2527 2267; x_wconf 39' lang='grc' dir='ltr'><strong>19.,((Ῑιιρ.</strong></span> <span class='ocrx_word' id='word_1_450' title='bbox 2565 2195 2679 2267; x_wconf 78' lang='lat'><strong>73.)</strong></span> <span class='ocrx_word' id='word_1_451' title='bbox 2706 2195 2835 2250; x_wconf 88' lang='lat' dir='ltr'><strong>Post</strong></span> <span class='ocrx_word' id='word_1_452' title='bbox 2864 2208 3063 2264; x_wconf 86' lang='lat' dir='ltr'><strong>paucos</strong></span> <span class='ocrx_word' id='word_1_453' title='bbox 3096 2202 3273 2248; x_wconf 88' lang='lat' dir='ltr'><strong>autem</strong></span> <span class='ocrx_word' id='word_1_454' title='bbox 3305 2193 3420 2254; x_wconf 88' lang='lat' dir='ltr'><strong>dies</strong></span> <span class='ocrx_word' id='word_1_455' title='bbox 3445 2194 3498 2249; x_wconf 92' lang='lat' dir='ltr'><strong>in</strong></span> <span class='ocrx_word' id='word_1_456' title='bbox 3527 2194 3788 2258; x_wconf 75' lang='lat' dir='ltr'><strong>Camera-</strong></span> 
     </span>
    </p>
   </div>
   <div class='ocr_carea' id='block_1_68' title="bbox 2187 2286 3784 2358">
    <p class='ocr_par' dir='ltr' id='par_1_68' title="bbox 2187 2286 3784 2358">
     <span class='ocr_line' id='line_1_68' title="bbox 2187 2286 3784 2358; baseline -0.003 -15"><span class='ocrx_word' id='word_1_457' title='bbox 2187 2290 2335 2351; x_wconf 89' lang='lat' dir='ltr'><strong>eensi</strong></span> <span class='ocrx_word' id='word_1_458' title='bbox 2370 2305 2506 2358; x_wconf 73' lang='lat' dir='ltr'><strong>pago</strong></span> <span class='ocrx_word' id='word_1_459' title='bbox 2535 2304 2638 2343; x_wconf 92' lang='lat' dir='ltr'><strong>nou</strong></span> <span class='ocrx_word' id='word_1_460' title='bbox 2671 2287 2883 2358; x_wconf 82' lang='lat' dir='ltr'><strong>longius</strong></span> <span class='ocrx_word' id='word_1_461' title='bbox 2920 2302 2948 2340; x_wconf 92' lang='lat' dir='ltr'><strong>a</strong></span> <span class='ocrx_word' id='word_1_462' title='bbox 2974 2287 3192 2344; x_wconf 85' lang='lat' dir='ltr'><strong>civitate</strong></span> <span class='ocrx_word' id='word_1_463' title='bbox 3223 2301 3386 2356; x_wconf 87' lang='lat' dir='ltr'><strong>quam</strong></span> <span class='ocrx_word' id='word_1_464' title='bbox 3413 2287 3598 2342; x_wconf 87' lang='lat' dir='ltr'><strong>decem</strong></span> <span class='ocrx_word' id='word_1_465' title='bbox 3637 2286 3784 2348; x_wconf 81' lang='lat' dir='ltr'><strong>mili-</strong></span> 
     </span>
    </p>
   </div>
   <div class='ocr_carea' id='block_1_69' title="bbox 2187 2375 3791 2448">
    <p class='ocr_par' dir='ltr' id='par_1_69' title="bbox 2187 2375 3791 2448">
     <span class='ocr_line' id='line_1_69' title="bbox 2187 2375 3791 2448; baseline -0.004 -15"><span class='ocrx_word' id='word_1_466' title='bbox 2187 2379 2310 2442; x_wconf 87' lang='lat' dir='ltr'><strong>bus,</strong></span> <span class='ocrx_word' id='word_1_467' title='bbox 2342 2379 2481 2448; x_wconf 88' lang='lat' dir='ltr'><strong>apud</strong></span> <span class='ocrx_word' id='word_1_468' title='bbox 2513 2377 2782 2448; x_wconf 86' lang='lat' dir='ltr'><strong>quendam</strong></span> <span class='ocrx_word' id='word_1_469' title='bbox 2812 2376 2987 2433; x_wconf 89' lang='lat' dir='ltr'><strong>locum</strong></span> <span class='ocrx_word' id='word_1_470' title='bbox 3012 2375 3368 2436; x_wconf 84' lang='lat' dir='ltr'><strong>Porrivallem</strong></span> <span class='ocrx_word' id='word_1_471' title='bbox 3395 2375 3624 2440; x_wconf 88' lang='lat' dir='ltr'><strong>dictum,</strong></span> <span class='ocrx_word' id='word_1_472' title='bbox 3670 2391 3791 2436; x_wconf 87' lang='lat' dir='ltr'><strong>mu-</strong></span> 
     </span>
    </p>
   </div>
   <div class='ocr_carea' id='block_1_70' title="bbox 2190 2464 3789 2535">
    <p class='ocr_par' dir='ltr' id='par_1_70' title="bbox 2190 2464 3789 2535">
     <span class='ocr_line' id='line_1_70' title="bbox 2190 2464 3789 2535; baseline 0.001 -16"><span class='ocrx_word' id='word_1_473' title='bbox 2190 2466 2448 2535; x_wconf 86' lang='lat' dir='ltr'><strong>nicipium</strong></span> <span class='ocrx_word' id='word_1_474' title='bbox 2476 2465 2732 2530; x_wconf 78' lang='lat' dir='ltr'><strong>firmavit,</strong></span> <span class='ocrx_word' id='word_1_475' title='bbox 2759 2465 2810 2518; x_wconf 93' lang='lat' dir='ltr'><strong>in</strong></span> <span class='ocrx_word' id='word_1_476' title='bbox 2839 2465 2981 2534; x_wconf 88' lang='lat' dir='ltr'><strong>quod</strong></span> <span class='ocrx_word' id='word_1_477' title='bbox 3018 2464 3279 2522; x_wconf 78' lang='lat' dir='ltr'><strong>introieris</strong></span> <span class='ocrx_word' id='word_1_478' title='bbox 3307 2479 3429 2519; x_wconf 91' lang='lat' dir='ltr'><strong>eum</strong></span> <span class='ocrx_word' id='word_1_479' title='bbox 3461 2464 3789 2526; x_wconf 86' lang='lat' dir='ltr'><strong>satellitibus</strong></span> 
     </span>
    </p>
   </div>
   <div class='ocr_carea' id='block_1_71' title="bbox 2189 2555 3791 2625">
    <p class='ocr_par' dir='ltr' id='par_1_71' title="bbox 2189 2555 3791 2625">
     <span class='ocr_line' id='line_1_71' title="bbox 2189 2555 3791 2625; baseline 0 -14"><span class='ocrx_word' id='word_1_480' title='bbox 2189 2556 2321 2619; x_wconf 87' lang='lat' dir='ltr'><strong>suis,</strong></span> <span class='ocrx_word' id='word_1_481' title='bbox 2381 2571 2469 2612; x_wconf 85' lang='lat' dir='ltr'><strong>res</strong></span> <span class='ocrx_word' id='word_1_482' title='bbox 2501 2556 2708 2610; x_wconf 88' lang='lat' dir='ltr'><strong>vicinas</strong></span> <span class='ocrx_word' id='word_1_483' title='bbox 2755 2556 3071 2619; x_wconf 80' lang='lat' dir='ltr'><strong>devastabat</strong></span> <span class='ocrx_word' id='word_1_484' title='bbox 3120 2555 3399 2625; x_wconf 90' lang='lat' dir='ltr'><strong>episcopii,</strong></span> <span class='ocrx_word' id='word_1_485' title='bbox 3436 2565 3791 2611; x_wconf 74' lang='lat' dir='ltr'><strong>transeuntes</strong></span> 
     </span>
    </p>
   </div>
   <div class='ocr_carea' id='block_1_72' title="bbox 2189 2645 3785 2718">
    <p class='ocr_par' dir='ltr' id='par_1_72' title="bbox 2189 2645 3785 2718">
     <span class='ocr_line' id='line_1_72' title="bbox 2189 2645 3785 2718; baseline -0.004 -13"><span class='ocrx_word' id='word_1_486' title='bbox 2189 2647 2471 2718; x_wconf 78' lang='lat' dir='ltr'><strong>diripiens,</strong></span> <span class='ocrx_word' id='word_1_487' title='bbox 2497 2648 2919 2716; x_wconf 82' lang='lat' dir='ltr'><strong>circumquaque</strong></span> <span class='ocrx_word' id='word_1_488' title='bbox 2952 2654 3234 2702; x_wconf 87' lang='lat' dir='ltr'><strong>manentes</strong></span> <span class='ocrx_word' id='word_1_489' title='bbox 3273 2645 3517 2701; x_wconf 76' lang='lat' dir='ltr'><strong>alliciens</strong></span> <span class='ocrx_word' id='word_1_490' title='bbox 3555 2647 3785 2716; x_wconf 80' lang='lat' dir='ltr'><strong>rapinis.</strong></span> 
     </span>
    </p>
   </div>
   <div class='ocr_carea' id='block_1_73' title="bbox 2190 2736 3790 2808">
    <p class='ocr_par' dir='ltr' id='par_1_73' title="bbox 2190 2736 3790 2808">
     <span class='ocr_line' id='line_1_73' title="bbox 2190 2736 3790 2808; baseline -0.003 -13"><span class='ocrx_word' id='word_1_491' title='bbox 2190 2739 2304 2796; x_wconf 83' lang='lat' dir='ltr'><strong>Hoc</strong></span> <span class='ocrx_word' id='word_1_492' title='bbox 2330 2753 2393 2793; x_wconf 89' lang='lat' dir='ltr'><strong>an</strong></span> <span class='ocrx_word' id='word_1_493' title='bbox 2403 2746 2508 2793; x_wconf 90' lang='lat' dir='ltr'><strong>tem</strong></span> <span class='ocrx_word' id='word_1_494' title='bbox 2525 2738 2812 2808; x_wconf 89' lang='lat' dir='ltr'><strong>episcopus</strong></span> <span class='ocrx_word' id='word_1_495' title='bbox 2828 2737 2916 2791; x_wconf 84' lang='lat' dir='ltr'><strong>ditt</strong></span> <span class='ocrx_word' id='word_1_496' title='bbox 2932 2737 3076 2792; x_wconf 88' lang='lat' dir='ltr'><strong>ferre</strong></span> <span class='ocrx_word' id='word_1_497' title='bbox 3090 2752 3195 2792; x_wconf 92' lang='lat' dir='ltr'><strong>non</strong></span> <span class='ocrx_word' id='word_1_498' title='bbox 3213 2737 3406 2806; x_wconf 82' lang='lat' dir='ltr'><strong>potuit,</strong></span> <span class='ocrx_word' id='word_1_499' title='bbox 3423 2736 3518 2792; x_wconf 87' lang='lat' dir='ltr'><strong>sed</strong></span> <span class='ocrx_word' id='word_1_500' title='bbox 3529 2737 3790 2792; x_wconf 90' lang='lat' dir='ltr'><strong>collectos</strong></span> 
     </span>
    </p>
   </div>
   <div class='ocr_carea' id='block_1_74' title="bbox 2189 2831 3792 2908">
    <p class='ocr_par' dir='ltr' id='par_1_74' title="bbox 2189 2831 3792 2908">
     <span class='ocr_line' id='line_1_74' title="bbox 2189 2831 3792 2908; baseline -0.003 -19"><span class='ocrx_word' id='word_1_501' title='bbox 2189 2834 2469 2908; x_wconf 82' lang='lat' dir='ltr'><strong>equiteset</strong></span> <span class='ocrx_word' id='word_1_502' title='bbox 2496 2833 2704 2903; x_wconf 89' lang='lat' dir='ltr'><strong>pedites</strong></span> <span class='ocrx_word' id='word_1_503' title='bbox 2726 2833 2792 2887; x_wconf 89' lang='lat' dir='ltr'><strong>ad</strong></span> <span class='ocrx_word' id='word_1_504' title='bbox 2826 2832 3174 2902; x_wconf 89' lang='lat' dir='ltr'><strong>municipium</strong></span> <span class='ocrx_word' id='word_1_505' title='bbox 3203 2831 3329 2885; x_wconf 88' lang='lat' dir='ltr'><strong>illud</strong></span> <span class='ocrx_word' id='word_1_506' title='bbox 3356 2832 3577 2886; x_wconf 83' lang='lat' dir='ltr'><strong>direxit.</strong></span> <span class='ocrx_word' id='word_1_507' title='bbox 3610 2831 3792 2894; x_wconf 80' lang='lat' dir='ltr'><strong>Muni-</strong></span> 
     </span>
    </p>
   </div>
   <div class='ocr_carea' id='block_1_75' title="bbox 2191 2905 3790 2994">
    <p class='ocr_par' dir='ltr' id='par_1_75' title="bbox 2191 2905 3790 2994">
     <span class='ocr_line' id='line_1_75' title="bbox 2191 2905 3790 2994; baseline 0.001 -15"><span class='ocrx_word' id='word_1_508' title='bbox 2191 2905 2390 2994; x_wconf 78' lang='lat' dir='ltr'><strong>cipium</strong></span> <span class='ocrx_word' id='word_1_509' title='bbox 2416 2938 2545 2978; x_wconf 88' lang='lat' dir='ltr'><strong>vero</strong></span> <span class='ocrx_word' id='word_1_510' title='bbox 2578 2922 2708 2978; x_wconf 90' lang='lat' dir='ltr'><strong>illud</strong></span> <span class='ocrx_word' id='word_1_511' title='bbox 2739 2922 2946 2978; x_wconf 89' lang='lat' dir='ltr'><strong>assultu</strong></span> <span class='ocrx_word' id='word_1_512' title='bbox 2983 2923 3049 2954; x_wconf 78' lang='grc'><strong>³³⁵</strong></span> <span class='ocrx_word' id='word_1_513' title='bbox 3077 2923 3426 2994; x_wconf 84' lang='lat' dir='ltr'><strong>opprimitur,</strong></span> <span class='ocrx_word' id='word_1_514' title='bbox 3450 2930 3507 2977; x_wconf 91' lang='lat' dir='ltr'><strong>et</strong></span> <span class='ocrx_word' id='word_1_515' title='bbox 3540 2937 3790 2993; x_wconf 81' lang='lat' dir='ltr'><strong>coangu-</strong></span> 
     </span>
    </p>
   </div>
   <div class='ocr_carea' id='block_1_76' title="bbox 2187 3016 3788 3093">
    <p class='ocr_par' dir='ltr' id='par_1_76' title="bbox 2187 3016 3788 3093">
     <span class='ocr_line' id='line_1_76' title="bbox 2187 3016 3788 3093; baseline 0.001 -22"><span class='ocrx_word' id='word_1_516' title='bbox 2187 3026 2388 3071; x_wconf 88' lang='lat' dir='ltr'><strong>statnm</strong></span> <span class='ocrx_word' id='word_1_517' title='bbox 2418 3025 2473 3072; x_wconf 91' lang='lat' dir='ltr'><strong>et</strong></span> <span class='ocrx_word' id='word_1_518' title='bbox 2501 3017 2626 3093; x_wconf 77' lang='lat' dir='ltr'><strong>igne</strong></span> <span class='ocrx_word' id='word_1_519' title='bbox 2673 3031 2998 3073; x_wconf 91' lang='lat' dir='ltr'><strong>succensum</strong></span> <span class='ocrx_word' id='word_1_520' title='bbox 3039 3016 3107 3072; x_wconf 88' lang='lat' dir='ltr'><strong>ad</strong></span> <span class='ocrx_word' id='word_1_521' title='bbox 3151 3025 3349 3078; x_wconf 81' lang='lat' dir='ltr'><strong>terram</strong></span> <span class='ocrx_word' id='word_1_522' title='bbox 3390 3018 3788 3086; x_wconf 74' lang='lat' dir='ltr'><strong>prosternituc;</strong></span> 
     </span>
    </p>
   </div>
   <div class='ocr_carea' id='block_1_77' title="bbox 2186 3107 3795 3180">
    <p class='ocr_par' dir='ltr' id='par_1_77' title="bbox 2186 3107 3795 3180">
     <span class='ocr_line' id='line_1_77' title="bbox 2186 3107 3795 3180; baseline -0.002 -14"><span class='ocrx_word' id='word_1_523' title='bbox 2186 3110 2372 3180; x_wconf 86' lang='lat' dir='ltr'><strong>sicque</strong></span> <span class='ocrx_word' id='word_1_524' title='bbox 2401 3109 2553 3164; x_wconf 92' lang='lat' dir='ltr'><strong>locus</strong></span> <span class='ocrx_word' id='word_1_525' title='bbox 2576 3107 2665 3164; x_wconf 90' lang='lat' dir='ltr'><strong>ille</strong></span> <span class='ocrx_word' id='word_1_526' title='bbox 2690 3124 2718 3164; x_wconf 90' lang='lat' dir='ltr'><strong>a</strong></span> <span class='ocrx_word' id='word_1_527' title='bbox 2749 3109 3071 3166; x_wconf 87' lang='lat' dir='ltr'><strong>satellitibus</strong></span> <span class='ocrx_word' id='word_1_528' title='bbox 3105 3116 3160 3164; x_wconf 91' lang='lat' dir='ltr'><strong>et</strong></span> <span class='ocrx_word' id='word_1_529' title='bbox 3188 3108 3563 3169; x_wconf 85' lang='lat' dir='ltr'><strong>alatrunculis</strong></span> <span class='ocrx_word' id='word_1_530' title='bbox 3591 3123 3795 3164; x_wconf 85' lang='lat' dir='ltr'><strong>emun—</strong></span> 
     </span>
    </p>
   </div>
   <div class='ocr_carea' id='block_1_78' title="bbox 2186 3201 3789 3273">
    <p class='ocr_par' dir='ltr' id='par_1_78' title="bbox 2186 3201 3789 3273">
     <span class='ocr_line' id='line_1_78' title="bbox 2186 3201 3789 3273; baseline -0.001 -16"><span class='ocrx_word' id='word_1_531' title='bbox 2186 3202 2370 3258; x_wconf 90' lang='lat' dir='ltr'><strong>datur.</strong></span> <span class='ocrx_word' id='word_1_532' title='bbox 2405 3202 2559 3271; x_wconf 82' lang='lat' dir='ltr'><strong>llugo</strong></span> <span class='ocrx_word' id='word_1_533' title='bbox 2586 3202 2751 3273; x_wconf 78' lang='lat' dir='ltr'><strong>igitur</strong></span> <span class='ocrx_word' id='word_1_534' title='bbox 2779 3201 2868 3258; x_wconf 89' lang='lat' dir='ltr'><strong>ille</strong></span> <span class='ocrx_word' id='word_1_535' title='bbox 2888 3203 3164 3257; x_wconf 90' lang='lat' dir='ltr'><strong>destructo</strong></span> <span class='ocrx_word' id='word_1_536' title='bbox 3189 3203 3482 3272; x_wconf 83' lang='lat' dir='ltr'><strong>municipio</strong></span> <span class='ocrx_word' id='word_1_537' title='bbox 3523 3202 3592 3256; x_wconf 86' lang='lat' dir='ltr'><strong>ad</strong></span> <span class='ocrx_word' id='word_1_538' title='bbox 3634 3203 3789 3256; x_wconf 90' lang='lat' dir='ltr'><strong>aliud</strong></span> 
     </span>
    </p>
   </div>
   <div class='ocr_carea' id='block_1_79' title="bbox 2187 3293 3791 3365">
    <p class='ocr_par' dir='ltr' id='par_1_79' title="bbox 2187 3293 3791 3365">
     <span class='ocr_line' id='line_1_79' title="bbox 2187 3293 3791 3365; baseline -0.001 -16"><span class='ocrx_word' id='word_1_539' title='bbox 2187 3296 2424 3360; x_wconf 85' lang='lat' dir='ltr'><strong>divertit,</strong></span> <span class='ocrx_word' id='word_1_540' title='bbox 2455 3296 2539 3349; x_wconf 86' lang='lat' dir='ltr'><strong>cui</strong></span> <span class='ocrx_word' id='word_1_541' title='bbox 2584 3295 2819 3350; x_wconf 89' lang='lat' dir='ltr'><strong>lnceium</strong></span> <span class='ocrx_word' id='word_1_542' title='bbox 2851 3294 3000 3365; x_wconf 70' lang='grc'>(455)</span> <span class='ocrx_word' id='word_1_543' title='bbox 3032 3293 3328 3364; x_wconf 84' lang='lat' dir='ltr'><strong>antiquitas</strong></span> <span class='ocrx_word' id='word_1_544' title='bbox 3365 3308 3562 3348; x_wconf 91' lang='lat' dir='ltr'><strong>nomen</strong></span> <span class='ocrx_word' id='word_1_545' title='bbox 3612 3293 3791 3362; x_wconf 80' lang='lat' dir='ltr'><strong>impo-</strong></span> 
     </span>
    </p>
   </div>
   <div class='ocr_carea' id='block_1_80' title="bbox 2185 3383 3795 3457">
    <p class='ocr_par' dir='ltr' id='par_1_80' title="bbox 2185 3383 3795 3457">
     <span class='ocr_line' id='line_1_80' title="bbox 2185 3383 3795 3457; baseline -0.005 -14"><span class='ocrx_word' id='word_1_546' title='bbox 2185 3388 2313 3452; x_wconf 73' lang='lat' dir='ltr'><strong>suit,</strong></span> <span class='ocrx_word' id='word_1_547' title='bbox 2343 3387 2680 3457; x_wconf 84' lang='lat' dir='ltr'><strong>paredasque</strong></span> <span class='ocrx_word' id='word_1_548' title='bbox 2710 3396 2765 3440; x_wconf 94' lang='lat' dir='ltr'><strong>et</strong></span> <span class='ocrx_word' id='word_1_549' title='bbox 2795 3387 2934 3439; x_wconf 87' lang='lat' dir='ltr'><strong>mala</strong></span> <span class='ocrx_word' id='word_1_550' title='bbox 2973 3385 3204 3454; x_wconf 89' lang='lat' dir='ltr'><strong>plurima</strong></span> <span class='ocrx_word' id='word_1_551' title='bbox 3242 3383 3294 3438; x_wconf 91' lang='lat' dir='ltr'><strong>in</strong></span> <span class='ocrx_word' id='word_1_552' title='bbox 3333 3385 3648 3454; x_wconf 88' lang='lat' dir='ltr'><strong>episcopum</strong></span> <span class='ocrx_word' id='word_1_553' title='bbox 3697 3397 3795 3448; x_wconf 72' lang='lat' dir='ltr'><strong>re-</strong></span> 
     </span>
    </p>
   </div>
   <div class='ocr_carea' id='block_1_81' title="bbox 2188 3475 3788 3558">
    <p class='ocr_par' dir='ltr' id='par_1_81' title="bbox 2188 3475 3788 3558">
     <span class='ocr_line' id='line_1_81' title="bbox 2188 3475 3788 3558; baseline -0.004 -26"><span class='ocrx_word' id='word_1_554' title='bbox 2188 3478 2400 3558; x_wconf 86' lang='lat' dir='ltr'><strong>petivit.</strong></span> <span class='ocrx_word' id='word_1_555' title='bbox 2476 3477 2630 3546; x_wconf 88' lang='lat' dir='ltr'><strong>Quod</strong></span> <span class='ocrx_word' id='word_1_556' title='bbox 2685 3476 2851 3531; x_wconf 89' lang='lat' dir='ltr'><strong>etiam</strong></span> <span class='ocrx_word' id='word_1_557' title='bbox 2899 3475 3183 3546; x_wconf 88' lang='lat' dir='ltr'><strong>episcopus</strong></span> <span class='ocrx_word' id='word_1_558' title='bbox 3255 3475 3480 3529; x_wconf 72' lang='lat' dir='ltr'><strong>moleste</strong></span> <span class='ocrx_word' id='word_1_559' title='bbox 3550 3475 3788 3542; x_wconf 82' lang='lat' dir='ltr'><strong>accepit,</strong></span> 
     </span>
    </p>
   </div>
   <div class='ocr_carea' id='block_1_82' title="bbox 2185 3564 3785 3639">
    <p class='ocr_par' dir='ltr' id='par_1_82' title="bbox 2185 3564 3785 3639">
     <span class='ocr_line' id='line_1_82' title="bbox 2185 3564 3785 3639; baseline -0.003 -17"><span class='ocrx_word' id='word_1_560' title='bbox 2185 3569 2568 3639; x_wconf 74' lang='lat' dir='ltr'><strong>copiosumque</strong></span> <span class='ocrx_word' id='word_1_561' title='bbox 2621 3577 2969 3630; x_wconf 14' lang='lat' dir='ltr'><strong>armatorum,</strong></span> <span class='ocrx_word' id='word_1_562' title='bbox 3011 3564 3415 3627; x_wconf 81' lang='lat' dir='ltr'><strong>multitudinem</strong></span> <span class='ocrx_word' id='word_1_563' title='bbox 3465 3567 3534 3620; x_wconf 90' lang='lat' dir='ltr'><strong>ad</strong></span> <span class='ocrx_word' id='word_1_564' title='bbox 3601 3565 3785 3624; x_wconf 81' lang='lat' dir='ltr'><strong>locum</strong></span> 
     </span>
    </p>
   </div>
   <div class='ocr_carea' id='block_1_83' title="bbox 2185 3655 3786 3730">
    <p class='ocr_par' dir='ltr' id='par_1_83' title="bbox 2185 3655 3786 3730">
     <span class='ocr_line' id='line_1_83' title="bbox 2185 3655 3786 3730; baseline -0.001 -17"><span class='ocrx_word' id='word_1_565' title='bbox 2185 3657 2337 3722; x_wconf 86' lang='lat' dir='ltr'><strong>illum</strong></span> <span class='ocrx_word' id='word_1_566' title='bbox 2365 3659 2614 3725; x_wconf 74' lang='lat' dir='ltr'><strong>deduxit;</strong></span> <span class='ocrx_word' id='word_1_567' title='bbox 2656 3659 2954 3730; x_wconf 84' lang='lat' dir='ltr'><strong>fuissetque</strong></span> <span class='ocrx_word' id='word_1_568' title='bbox 2980 3658 3237 3711; x_wconf 92' lang='lat' dir='ltr'><strong>continuo</strong></span> <span class='ocrx_word' id='word_1_569' title='bbox 3271 3657 3620 3727; x_wconf 90' lang='lat' dir='ltr'><strong>municipium</strong></span> <span class='ocrx_word' id='word_1_570' title='bbox 3649 3655 3786 3712; x_wconf 85' lang='lat' dir='ltr'><strong>illud</strong></span> 
     </span>
    </p>
   </div>
   <div class='ocr_carea' id='block_1_84' title="bbox 2184 3746 3783 3813">
    <p class='ocr_par' dir='ltr' id='par_1_84' title="bbox 2184 3746 3783 3813">
     <span class='ocr_line' id='line_1_84' title="bbox 2184 3746 3783 3813; baseline -0.003 -9"><span class='ocrx_word' id='word_1_571' title='bbox 2184 3749 2459 3804; x_wconf 89' lang='lat' dir='ltr'><strong>solotenus</strong></span> <span class='ocrx_word' id='word_1_572' title='bbox 2521 3749 2863 3813; x_wconf 81' lang='lat' dir='ltr'><strong>subversum,</strong></span> <span class='ocrx_word' id='word_1_573' title='bbox 2925 3749 3024 3803; x_wconf 93' lang='lat' dir='ltr'><strong>nisi</strong></span> <span class='ocrx_word' id='word_1_574' title='bbox 3071 3746 3367 3811; x_wconf 77' lang='lat' dir='ltr'><strong>Rotbertus</strong></span> <span class='ocrx_word' id='word_1_575' title='bbox 3423 3751 3490 3802; x_wconf 91' lang='lat' dir='ltr'><strong>de</strong></span> <span class='ocrx_word' id='word_1_576' title='bbox 3538 3747 3783 3810; x_wconf 74' lang='lat' dir='ltr'><strong>Perrona</strong></span> 
     </span>
    </p>
   </div>
   <div class='ocr_carea' id='block_1_85' title="bbox 2185 3839 3784 3912">
    <p class='ocr_par' dir='ltr' id='par_1_85' title="bbox 2185 3839 3784 3912">
     <span class='ocr_line' id='line_1_85' title="bbox 2185 3839 3784 3912; baseline -0.006 -12"><span class='ocrx_word' id='word_1_577' title='bbox 2185 3860 2310 3900; x_wconf 92' lang='lat' dir='ltr'><strong>cum</strong></span> <span class='ocrx_word' id='word_1_578' title='bbox 2355 3845 2466 3900; x_wconf 87' lang='lat' dir='ltr'><strong>suis</strong></span> <span class='ocrx_word' id='word_1_579' title='bbox 2495 3844 2618 3900; x_wconf 94' lang='lat' dir='ltr'><strong>dolo</strong></span> <span class='ocrx_word' id='word_1_580' title='bbox 2645 3843 2968 3908; x_wconf 89' lang='lat' dir='ltr'><strong>obstitisset,</strong></span> <span class='ocrx_word' id='word_1_581' title='bbox 3021 3842 3112 3912; x_wconf 92' lang='lat' dir='ltr'><strong>qui</strong></span> <span class='ocrx_word' id='word_1_582' title='bbox 3153 3850 3376 3895; x_wconf 84' lang='lat' dir='ltr'><strong>venerat</strong></span> <span class='ocrx_word' id='word_1_583' title='bbox 3415 3841 3467 3893; x_wconf 92' lang='lat' dir='ltr'><strong>in</strong></span> <span class='ocrx_word' id='word_1_584' title='bbox 3503 3839 3784 3909; x_wconf 65' lang='lat' dir='ltr'><strong>pontiﬁcis</strong></span> 
     </span>
    </p>
   </div>
   <div class='ocr_carea' id='block_1_86' title="bbox 2185 3931 3780 3996">
    <p class='ocr_par' dir='ltr' id='par_1_86' title="bbox 2185 3931 3780 3996">
     <span class='ocr_line' id='line_1_86' title="bbox 2185 3931 3780 3996; baseline -0.004 -6"><span class='ocrx_word' id='word_1_585' title='bbox 2185 3937 2466 3990; x_wconf 87' lang='lat' dir='ltr'><strong>auxilium.</strong></span> <span class='ocrx_word' id='word_1_586' title='bbox 2505 3935 2602 3991; x_wconf 89' lang='lat' dir='ltr'><strong>llis</strong></span> <span class='ocrx_word' id='word_1_587' title='bbox 2655 3936 2728 3990; x_wconf 89' lang='lat' dir='ltr'><strong>ita</strong></span> <span class='ocrx_word' id='word_1_588' title='bbox 2774 3936 3045 3990; x_wconf 88' lang='lat' dir='ltr'><strong>incassum</strong></span> <span class='ocrx_word' id='word_1_589' title='bbox 3092 3934 3358 3996; x_wconf 89' lang='lat' dir='ltr'><strong>decursis,</strong></span> <span class='ocrx_word' id='word_1_590' title='bbox 3409 3931 3780 3986; x_wconf 82' lang='lat' dir='ltr'><strong>Cameracen-</strong></span> 
     </span>
    </p>
   </div>
   <div class='ocr_carea' id='block_1_87' title="bbox 2190 4025 3781 4098">
    <p class='ocr_par' dir='ltr' id='par_1_87' title="bbox 2190 4025 3781 4098">
     <span class='ocr_line' id='line_1_87' title="bbox 2190 4025 3781 4098; baseline -0.004 -16"><span class='ocrx_word' id='word_1_591' title='bbox 2190 4041 2280 4082; x_wconf 90' lang='lat' dir='ltr'><strong>scs</strong></span> <span class='ocrx_word' id='word_1_592' title='bbox 2329 4025 2528 4082; x_wconf 90' lang='lat' dir='ltr'><strong>infecto</strong></span> <span class='ocrx_word' id='word_1_593' title='bbox 2590 4026 2804 4098; x_wconf 76' lang='lat' dir='ltr'><strong>negotio</strong></span> <span class='ocrx_word' id='word_1_594' title='bbox 2860 4026 2927 4080; x_wconf 90' lang='lat' dir='ltr'><strong>ad</strong></span> <span class='ocrx_word' id='word_1_595' title='bbox 2977 4025 3252 4080; x_wconf 88' lang='lat' dir='ltr'><strong>civitatem</strong></span> <span class='ocrx_word' id='word_1_596' title='bbox 3303 4039 3458 4079; x_wconf 87' lang='lat' dir='ltr'><strong>suam</strong></span> <span class='ocrx_word' id='word_1_597' title='bbox 3507 4032 3636 4079; x_wconf 86' lang='lat' dir='ltr'><strong>sunt</strong></span> <span class='ocrx_word' id='word_1_598' title='bbox 3688 4037 3781 4077; x_wconf 90' lang='lat' dir='ltr'><strong>re-</strong></span> 
     </span>
    </p>
   </div>
   <div class='ocr_carea' id='block_1_88' title="bbox 2187 4117 2352 4176">
    <p class='ocr_par' dir='ltr' id='par_1_88' title="bbox 2187 4117 2352 4176">
     <span class='ocr_line' id='line_1_88' title="bbox 2187 4117 2352 4176; baseline -0.024 0"><span class='ocrx_word' id='word_1_599' title='bbox 2187 4117 2352 4176; x_wconf 76' lang='lat' dir='ltr'><strong>versi.</strong></span> 
     </span>
    </p>
   </div>
   <div class='ocr_carea' id='block_1_89' title="bbox 2257 4211 3790 4285">
    <p class='ocr_par' dir='ltr' id='par_1_89' title="bbox 2257 4211 3790 4285">
     <span class='ocr_line' id='line_1_89' title="bbox 2257 4211 3790 4285; baseline 0 -18"><span class='ocrx_word' id='word_1_600' title='bbox 2257 4213 2348 4276; x_wconf 73' lang='lat'><strong>20.</strong></span> <span class='ocrx_word' id='word_1_601' title='bbox 2379 4211 2530 4285; x_wconf 77' lang='lat' dir='ltr'><strong>(Cap.</strong></span> <span class='ocrx_word' id='word_1_602' title='bbox 2555 4213 2669 4284; x_wconf 64' lang='lat' dir='ltr'><strong>7i.)</strong></span> <span class='ocrx_word' id='word_1_603' title='bbox 2691 4213 2899 4274; x_wconf 83' lang='lat' dir='ltr'><strong>Interea</strong></span> <span class='ocrx_word' id='word_1_604' title='bbox 2932 4213 3084 4282; x_wconf 80' lang='lat' dir='ltr'><strong>llugo</strong></span> <span class='ocrx_word' id='word_1_605' title='bbox 3109 4215 3196 4272; x_wconf 89' lang='lat' dir='ltr'><strong>ille</strong></span> <span class='ocrx_word' id='word_1_606' title='bbox 3219 4213 3491 4283; x_wconf 78' lang='lat' dir='ltr'><strong>quandam</strong></span> <span class='ocrx_word' id='word_1_607' title='bbox 3513 4212 3790 4282; x_wconf 82' lang='lat' dir='ltr'><strong>juveucu-</strong></span> 
     </span>
    </p>
   </div>
   <div class='ocr_carea' id='block_1_90' title="bbox 497 4287 3783 4382">
    <p class='ocr_par' dir='ltr' id='par_1_90' title="bbox 497 4287 3783 4382">
     <span class='ocr_line' id='line_1_90' title="bbox 497 4287 3783 4382; baseline 0.002 -31"><span class='ocrx_word' id='word_1_608' title='bbox 497 4287 750 4355; x_wconf 81' lang='lat' dir='ltr'><strong>vinculis.</strong></span> <span class='ocrx_word' id='word_1_609' title='bbox 779 4297 872 4354; x_wconf 90' lang='lat' dir='ltr'><strong>llle</strong></span> <span class='ocrx_word' id='word_1_610' title='bbox 911 4314 1041 4354; x_wconf 90' lang='lat' dir='ltr'><strong>vero</strong></span> <span class='ocrx_word' id='word_1_611' title='bbox 1073 4315 1199 4355; x_wconf 75' lang='lat' dir='ltr'><strong>mox</strong></span> <span class='ocrx_word' id='word_1_612' title='bbox 1245 4309 1302 4355; x_wconf 92' lang='lat' dir='ltr'><strong>ut</strong></span> <span class='ocrx_word' id='word_1_613' title='bbox 1333 4298 1566 4354; x_wconf 88' lang='lat' dir='ltr'><strong>advertit</strong></span> <span class='ocrx_word' id='word_1_614' title='bbox 1597 4298 1814 4354; x_wconf 90' lang='lat' dir='ltr'><strong>domum</strong></span> <span class='ocrx_word' id='word_1_615' title='bbox 1854 4299 2087 4354; x_wconf 87' lang='lat' dir='ltr'><strong>intrasse</strong></span> <span class='ocrx_word' id='word_1_616' title='bbox 2115 4321 2164 4382; x_wconf 77' lang='grc' dir='ltr'><strong>ι)</strong></span> <span class='ocrx_word' id='word_1_617' title='bbox 2190 4304 2321 4370; x_wconf 89' lang='lat' dir='ltr'><strong>lam,</strong></span> <span class='ocrx_word' id='word_1_618' title='bbox 2341 4305 2512 4360; x_wconf 80' lang='lat' dir='ltr'><strong>Adam</strong></span> <span class='ocrx_word' id='word_1_619' title='bbox 2542 4305 2786 4372; x_wconf 74' lang='lat' dir='ltr'><strong>nomine,</strong></span> <span class='ocrx_word' id='word_1_620' title='bbox 2806 4314 3020 4376; x_wconf 88' lang='lat' dir='ltr'><strong>neptem</strong></span> <span class='ocrx_word' id='word_1_621' title='bbox 3045 4305 3293 4360; x_wconf 85' lang='lat' dir='ltr'><strong>videlicet</strong></span> <span class='ocrx_word' id='word_1_622' title='bbox 3320 4304 3599 4360; x_wconf 81' lang='lat' dir='ltr'><strong>Richeldis</strong></span> <span class='ocrx_word' id='word_1_623' title='bbox 3627 4302 3783 4358; x_wconf 79' lang='lat' dir='ltr'><strong>Mon-</strong></span> 
     </span>
    </p>
   </div>
   <div class='ocr_carea' id='block_1_91' title="bbox 497 4387 2084 4467">
    <p class='ocr_par' dir='ltr' id='par_1_91' title="bbox 497 4387 2084 4467">
     <span class='ocr_line' id='line_1_91' title="bbox 497 4387 2084 4467; baseline 0.003 -27"><span class='ocrx_word' id='word_1_624' title='bbox 497 4387 775 4444; x_wconf 83' lang='lat' dir='ltr'><strong>dominum</strong></span> <span class='ocrx_word' id='word_1_625' title='bbox 803 4406 982 4455; x_wconf 91' lang='lat' dir='ltr'><strong>suum,</strong></span> <span class='ocrx_word' id='word_1_626' title='bbox 1013 4388 1137 4467; x_wconf 76' lang='lat' dir='ltr'><strong>fuga</strong></span> <span class='ocrx_word' id='word_1_627' title='bbox 1168 4390 1348 4463; x_wconf 86' lang='lat' dir='ltr'><strong>lapsus</strong></span> <span class='ocrx_word' id='word_1_628' title='bbox 1377 4398 1463 4444; x_wconf 88' lang='lat' dir='ltr'><strong>est</strong></span> <span class='ocrx_word' id='word_1_629' title='bbox 1497 4405 1593 4463; x_wconf 90' lang='lat' dir='ltr'><strong>per</strong></span> <span class='ocrx_word' id='word_1_630' title='bbox 1629 4390 1859 4445; x_wconf 90' lang='lat' dir='ltr'><strong>alterum</strong></span> <span class='ocrx_word' id='word_1_631' title='bbox 1889 4389 2084 4450; x_wconf 87' lang='lat' dir='ltr'><strong>domus</strong></span> 
     </span>
    </p>
   </div>
   <div class='ocr_carea' id='block_1_92' title="bbox 498 4477 2082 4552">
    <p class='ocr_par' dir='ltr' id='par_1_92' title="bbox 498 4477 2082 4552">
     <span class='ocr_line' id='line_1_92' title="bbox 498 4477 2082 4552; baseline 0.005 -23"><span class='ocrx_word' id='word_1_632' title='bbox 498 4477 720 4531; x_wconf 86' lang='lat' dir='ltr'><strong>ostium.</strong></span> <span class='ocrx_word' id='word_1_633' title='bbox 752 4477 1096 4535; x_wconf 81' lang='lat' dir='ltr'><strong>Vociferante</strong></span> <span class='ocrx_word' id='word_1_634' title='bbox 1125 4481 1288 4552; x_wconf 80' lang='lat' dir='ltr'><strong>igitur</strong></span> <span class='ocrx_word' id='word_1_635' title='bbox 1314 4480 1568 4551; x_wconf 88' lang='lat' dir='ltr'><strong>episcopo</strong></span> <span class='ocrx_word' id='word_1_636' title='bbox 1598 4490 1653 4535; x_wconf 92' lang='lat' dir='ltr'><strong>et</strong></span> <span class='ocrx_word' id='word_1_637' title='bbox 1701 4481 1987 4552; x_wconf 86' lang='lat' dir='ltr'><strong>adjurante</strong></span> <span class='ocrx_word' id='word_1_638' title='bbox 2031 4482 2082 4537; x_wconf 90' lang='lat' dir='ltr'><strong>in</strong></span> 
     </span>
    </p>
   </div>
   <div class='ocr_carea' id='block_1_93' title="bbox 495 4572 2084 4641">
    <p class='ocr_par' dir='ltr' id='par_1_93' title="bbox 495 4572 2084 4641">
     <span class='ocr_line' id='line_1_93' title="bbox 495 4572 2084 4641; baseline 0.004 -16"><span class='ocrx_word' id='word_1_639' title='bbox 495 4572 827 4630; x_wconf 70' lang='lat' dir='ltr'><strong>sacramenti</strong></span> <span class='ocrx_word' id='word_1_640' title='bbox 862 4576 1097 4641; x_wconf 91' lang='lat' dir='ltr'><strong>nomine,</strong></span> <span class='ocrx_word' id='word_1_641' title='bbox 1131 4590 1198 4631; x_wconf 87' lang='lat' dir='ltr'><strong>ne</strong></span> <span class='ocrx_word' id='word_1_642' title='bbox 1227 4575 1422 4641; x_wconf 90' lang='lat' dir='ltr'><strong>abiret,</strong></span> <span class='ocrx_word' id='word_1_643' title='bbox 1468 4574 1564 4630; x_wconf 92' lang='lat' dir='ltr'><strong>sed</strong></span> <span class='ocrx_word' id='word_1_644' title='bbox 1595 4585 1744 4630; x_wconf 87' lang='lat' dir='ltr'><strong>stans</strong></span> <span class='ocrx_word' id='word_1_645' title='bbox 1783 4575 1849 4631; x_wconf 90' lang='lat' dir='ltr'><strong>de</strong></span> <span class='ocrx_word' id='word_1_646' title='bbox 1896 4576 2084 4633; x_wconf 85' lang='lat' dir='ltr'><strong>Erme-</strong></span> 
     </span>
    </p>
   </div>
   <div class='ocr_carea' id='block_1_94' title="bbox 498 4663 2086 4735">
    <p class='ocr_par' dir='ltr' id='par_1_94' title="bbox 498 4663 2086 4735">
     <span class='ocr_line' id='line_1_94' title="bbox 498 4663 2086 4735; baseline 0.004 -15"><span class='ocrx_word' id='word_1_647' title='bbox 498 4663 661 4720; x_wconf 88' lang='lat' dir='ltr'><strong>naldo</strong></span> <span class='ocrx_word' id='word_1_648' title='bbox 702 4678 862 4734; x_wconf 89' lang='lat' dir='ltr'><strong>quem</strong></span> <span class='ocrx_word' id='word_1_649' title='bbox 890 4678 1109 4735; x_wconf 86' lang='lat' dir='ltr'><strong>ceperat</strong></span> <span class='ocrx_word' id='word_1_650' title='bbox 1137 4669 1207 4701; x_wconf 71' lang='grc'><strong>³³⁸</strong></span> <span class='ocrx_word' id='word_1_651' title='bbox 1247 4669 1514 4726; x_wconf 86' lang='lat' dir='ltr'><strong>rationem</strong></span> <span class='ocrx_word' id='word_1_652' title='bbox 1569 4669 1821 4724; x_wconf 88' lang='lat' dir='ltr'><strong>redderet</strong></span> <span class='ocrx_word' id='word_1_653' title='bbox 1866 4688 1877 4722; x_wconf 95' lang='lat'>:</span> <span class='ocrx_word' id='word_1_654' title='bbox 1940 4679 2086 4726; x_wconf 87' lang='lat' dir='ltr'><strong>stare</strong></span> 
     </span>
    </p>
   </div>
   <div class='ocr_carea' id='block_1_95' title="bbox 498 4751 2088 4832">
    <p class='ocr_par' dir='ltr' id='par_1_95' title="bbox 498 4751 2088 4832">
     <span class='ocr_line' id='line_1_95' title="bbox 498 4751 2088 4832; baseline 0.005 -24"><span class='ocrx_word' id='word_1_655' title='bbox 498 4751 693 4820; x_wconf 86' lang='lat' dir='ltr'><strong>noluit,</strong></span> <span class='ocrx_word' id='word_1_656' title='bbox 720 4754 814 4810; x_wconf 85' lang='lat' dir='ltr'><strong>sed</strong></span> <span class='ocrx_word' id='word_1_657' title='bbox 841 4769 1069 4811; x_wconf 88' lang='lat' dir='ltr'><strong>ascenso</strong></span> <span class='ocrx_word' id='word_1_658' title='bbox 1097 4769 1237 4829; x_wconf 91' lang='lat' dir='ltr'><strong>equo</strong></span> <span class='ocrx_word' id='word_1_659' title='bbox 1261 4757 1490 4830; x_wconf 82' lang='lat' dir='ltr'><strong>aufugit.</strong></span> <span class='ocrx_word' id='word_1_660' title='bbox 1526 4757 1639 4815; x_wconf 81' lang='lat' dir='ltr'><strong>Hoc</strong></span> <span class='ocrx_word' id='word_1_661' title='bbox 1689 4759 1827 4827; x_wconf 90' lang='lat' dir='ltr'><strong>viso,</strong></span> <span class='ocrx_word' id='word_1_662' title='bbox 1873 4761 2088 4832; x_wconf 91' lang='lat' dir='ltr'><strong>episco-</strong></span> 
     </span>
    </p>
   </div>
   <div class='ocr_carea' id='block_1_96' title="bbox 2189 4394 3781 4468">
    <p class='ocr_par' dir='ltr' id='par_1_96' title="bbox 2189 4394 3781 4468">
     <span class='ocr_line' id='line_1_96' title="bbox 2189 4394 3781 4468; baseline 0.002 -17"><span class='ocrx_word' id='word_1_663' title='bbox 2189 4396 2358 4452; x_wconf 90' lang='lat' dir='ltr'><strong>tensis</strong></span> <span class='ocrx_word' id='word_1_664' title='bbox 2383 4395 2693 4462; x_wconf 59' lang='lat' dir='ltr'><strong>comitissx,</strong></span> <span class='ocrx_word' id='word_1_665' title='bbox 2717 4396 2860 4467; x_wconf 92' lang='lat' dir='ltr'><strong>cepit</strong></span> <span class='ocrx_word' id='word_1_666' title='bbox 2881 4412 3085 4460; x_wconf 87' lang='lat' dir='ltr'><strong>amare,</strong></span> <span class='ocrx_word' id='word_1_667' title='bbox 3119 4411 3350 4468; x_wconf 87' lang='lat' dir='ltr'><strong>eamque</strong></span> <span class='ocrx_word' id='word_1_668' title='bbox 3377 4396 3432 4450; x_wconf 92' lang='lat' dir='ltr'><strong>in</strong></span> <span class='ocrx_word' id='word_1_669' title='bbox 3465 4394 3781 4466; x_wconf 76' lang='lat' dir='ltr'><strong>coniugium</strong></span> 
     </span>
    </p>
   </div>
   <div class='ocr_carea' id='block_1_97' title="bbox 2186 4486 3780 4559">
    <p class='ocr_par' dir='ltr' id='par_1_97' title="bbox 2186 4486 3780 4559">
     <span class='ocr_line' id='line_1_97' title="bbox 2186 4486 3780 4559; baseline -0.003 -15"><span class='ocrx_word' id='word_1_670' title='bbox 2186 4488 2290 4546; x_wconf 88' lang='lat' dir='ltr'><strong>sibi</strong></span> <span class='ocrx_word' id='word_1_671' title='bbox 2317 4488 2450 4543; x_wconf 91' lang='lat' dir='ltr'><strong>velle</strong></span> <span class='ocrx_word' id='word_1_672' title='bbox 2471 4489 2662 4558; x_wconf 87' lang='lat' dir='ltr'><strong>cupide</strong></span> <span class='ocrx_word' id='word_1_673' title='bbox 2684 4489 2956 4559; x_wconf 86' lang='lat' dir='ltr'><strong>copulare.</strong></span> <span class='ocrx_word' id='word_1_674' title='bbox 2979 4487 3084 4543; x_wconf 88' lang='lat' dir='ltr'><strong>Sed</strong></span> <span class='ocrx_word' id='word_1_675' title='bbox 3109 4489 3235 4558; x_wconf 89' lang='lat' dir='ltr'><strong>quia</strong></span> <span class='ocrx_word' id='word_1_676' title='bbox 3251 4486 3780 4551; x_wconf 74' lang='lat' dir='ltr'><strong>excommunicatus,</strong></span> 
     </span>
    </p>
   </div>
   <div class='ocr_carea' id='block_1_98' title="bbox 2186 4576 3779 4651">
    <p class='ocr_par' dir='ltr' id='par_1_98' title="bbox 2186 4576 3779 4651">
     <span class='ocr_line' id='line_1_98' title="bbox 2186 4576 3779 4651; baseline -0.001 -19"><span class='ocrx_word' id='word_1_677' title='bbox 2186 4580 2460 4651; x_wconf 89' lang='lat' dir='ltr'><strong>quomodo</strong></span> <span class='ocrx_word' id='word_1_678' title='bbox 2504 4595 2721 4651; x_wconf 90' lang='lat' dir='ltr'><strong>quaque</strong></span> <span class='ocrx_word' id='word_1_679' title='bbox 2767 4580 2976 4636; x_wconf 88' lang='lat' dir='ltr'><strong>ratione</strong></span> <span class='ocrx_word' id='word_1_680' title='bbox 3020 4580 3071 4634; x_wconf 92' lang='lat' dir='ltr'><strong>id</strong></span> <span class='ocrx_word' id='word_1_681' title='bbox 3116 4578 3425 4649; x_wconf 81' lang='lat' dir='ltr'><strong>perliceret,</strong></span> <span class='ocrx_word' id='word_1_682' title='bbox 3475 4576 3779 4636; x_wconf 87' lang='lat' dir='ltr'><strong>nesciebat.</strong></span> 
     </span>
    </p>
   </div>
   <div class='ocr_carea' id='block_1_99' title="bbox 2187 4667 3782 4747">
    <p class='ocr_par' dir='ltr' id='par_1_99' title="bbox 2187 4667 3782 4747">
     <span class='ocr_line' id='line_1_99' title="bbox 2187 4667 3782 4747; baseline -0.005 -17"><span class='ocrx_word' id='word_1_683' title='bbox 2187 4671 2444 4730; x_wconf 84' lang='lat' dir='ltr'><strong>lncendio</strong></span> <span class='ocrx_word' id='word_1_684' title='bbox 2472 4672 2739 4742; x_wconf 88' lang='lat' dir='ltr'><strong>siquidem</strong></span> <span class='ocrx_word' id='word_1_685' title='bbox 2765 4671 2998 4747; x_wconf 81' lang='lat' dir='ltr'><strong>carnalis</strong></span> <span class='ocrx_word' id='word_1_686' title='bbox 3035 4671 3237 4724; x_wconf 90' lang='lat' dir='ltr'><strong>amoris</strong></span> <span class='ocrx_word' id='word_1_687' title='bbox 3263 4669 3530 4733; x_wconf 88' lang='lat' dir='ltr'><strong>devictus,</strong></span> <span class='ocrx_word' id='word_1_688' title='bbox 3578 4669 3646 4721; x_wconf 89' lang='lat' dir='ltr'><strong>ad</strong></span> <span class='ocrx_word' id='word_1_689' title='bbox 3684 4667 3782 4730; x_wconf 48' lang='lat' dir='ltr'><strong>lli.-</strong></span> 
     </span>
    </p>
   </div>
   <div class='ocr_carea' id='block_1_100' title="bbox 2190 4759 3781 4833">
    <p class='ocr_par' dir='ltr' id='par_1_100' title="bbox 2190 4759 3781 4833">
     <span class='ocr_line' id='line_1_100' title="bbox 2190 4759 3781 4833; baseline -0.002 -17"><span class='ocrx_word' id='word_1_690' title='bbox 2190 4760 2436 4816; x_wconf 88' lang='lat' dir='ltr'><strong>cbeldem</strong></span> <span class='ocrx_word' id='word_1_691' title='bbox 2474 4761 2806 4819; x_wconf 87' lang='lat' dir='ltr'><strong>comitissam</strong></span> <span class='ocrx_word' id='word_1_692' title='bbox 2851 4761 3212 4833; x_wconf 74' lang='lat' dir='ltr'><strong>progreditur,</strong></span> <span class='ocrx_word' id='word_1_693' title='bbox 3249 4759 3448 4814; x_wconf 78' lang='lat' dir='ltr'><strong>obnixe</strong></span> <span class='ocrx_word' id='word_1_694' title='bbox 3483 4760 3781 4821; x_wconf 81' lang='lat' dir='ltr'><strong>obsecrans</strong></span> 
     </span>
    </p>
   </div>
   <div class='ocr_carea' id='block_1_101' title="bbox 1768 4913 2475 4972">
    <p class='ocr_par' dir='ltr' id='par_1_101' title="bbox 1768 4913 2475 4972">
     <span class='ocr_line' id='line_1_101' title="bbox 1768 4913 2475 4972; baseline 0 -5"><span class='ocrx_word' id='word_1_695' title='bbox 1768 4913 2007 4969; x_wconf 77' lang='lat' dir='ltr'><strong>VARUE</strong></span> <span class='ocrx_word' id='word_1_696' title='bbox 2068 4913 2475 4972; x_wconf 80' lang='lat' dir='ltr'><strong>LECTIONES.</strong></span> 
     </span>
    </p>
   </div>
   <div class='ocr_carea' id='block_1_102' title="bbox 573 5024 1590 5096">
    <p class='ocr_par' dir='ltr' id='par_1_102' title="bbox 573 5024 1590 5096">
     <span class='ocr_line' id='line_1_102' title="bbox 573 5024 1590 5096; baseline 0.019 -29"><span class='ocrx_word' id='word_1_697' title='bbox 573 5024 642 5057; x_wconf 69' lang='grc'><strong>³⁸⁸</strong></span> <span class='ocrx_word' id='word_1_698' title='bbox 683 5025 912 5096; x_wconf 78' lang='lat' dir='ltr'><strong>quisque</strong></span> <span class='ocrx_word' id='word_1_699' title='bbox 938 5025 990 5079; x_wconf 86' lang='lat'><strong>7.</strong></span> <span class='ocrx_word' id='word_1_700' title='bbox 1025 5027 1250 5094; x_wconf 81' lang='lat' dir='ltr'><strong>quilibet</strong></span> <span class='ocrx_word' id='word_1_701' title='bbox 1281 5028 1398 5082; x_wconf 78' lang='lat' dir='ltr'><strong>Vita</strong></span> <span class='ocrx_word' id='word_1_702' title='bbox 1431 5033 1590 5086; x_wconf 77' lang='lat' dir='ltr'><strong>Lietb.</strong></span> 
     </span>
    </p>
   </div>
   <div class='ocr_carea' id='block_1_103' title="bbox 503 5097 1868 5169">
    <p class='ocr_par' dir='ltr' id='par_1_103' title="bbox 503 5097 1868 5169">
     <span class='ocr_line' id='line_1_103' title="bbox 503 5097 1868 5169; baseline 0.003 -17"><span class='ocrx_word' id='word_1_703' title='bbox 503 5106 662 5169; x_wconf 88' lang='lat' dir='ltr'><strong>perat</strong></span> <span class='ocrx_word' id='word_1_704' title='bbox 689 5097 746 5152; x_wconf 74' lang='grc'><strong>2.</strong></span> <span class='ocrx_word' id='word_1_705' title='bbox 780 5097 861 5150; x_wconf 78' lang='lat'><strong>2‘.</strong></span> <span class='ocrx_word' id='word_1_706' title='bbox 938 5097 1006 5127; x_wconf 82' lang='grc'><strong>³³³</strong></span> <span class='ocrx_word' id='word_1_707' title='bbox 1039 5101 1111 5150; x_wconf 82' lang='lat' dir='ltr'><strong>ita</strong></span> <span class='ocrx_word' id='word_1_708' title='bbox 1142 5097 1195 5152; x_wconf 88' lang='lat'><strong>7.</strong></span> <span class='ocrx_word' id='word_1_709' title='bbox 1238 5098 1354 5152; x_wconf 86' lang='lat' dir='ltr'><strong>Vita</strong></span> <span class='ocrx_word' id='word_1_710' title='bbox 1384 5100 1550 5157; x_wconf 82' lang='lat' dir='ltr'><strong>Lietb.</strong></span> <span class='ocrx_word' id='word_1_711' title='bbox 1583 5117 1614 5157; x_wconf 88' lang='lat' dir='ltr'><strong>a</strong></span> <span class='ocrx_word' id='word_1_712' title='bbox 1644 5103 1782 5158; x_wconf 91' lang='lat' dir='ltr'><strong>saltu</strong></span> <span class='ocrx_word' id='word_1_713' title='bbox 1814 5097 1868 5156; x_wconf 72' lang='lat'><strong>2.</strong></span> 
     </span>
    </p>
   </div>
   <div class='ocr_carea' id='block_1_104' title="bbox 569 5297 1198 5370">
    <p class='ocr_par' dir='ltr' id='par_1_104' title="bbox 569 5297 1198 5370">
     <span class='ocr_line' id='line_1_104' title="bbox 569 5297 1198 5370; baseline -0.005 -17"><span class='ocrx_word' id='word_1_714' title='bbox 569 5299 719 5370; x_wconf 71' lang='grc' dir='ltr'><strong>(ιεο)</strong></span> <span class='ocrx_word' id='word_1_715' title='bbox 751 5299 861 5355; x_wconf 84' lang='lat' dir='ltr'><strong>Son</strong></span> <span class='ocrx_word' id='word_1_716' title='bbox 907 5297 1062 5370; x_wconf 79' lang='lat' dir='ltr'><strong>bien._</strong></span> <span class='ocrx_word' id='word_1_717' title='bbox 1132 5368 1136 5370; x_wconf 93' lang='lat'>_</span> <span class='ocrx_word' id='word_1_718' title='bbox 1195 5368 1198 5370; x_wconf 92' lang='lat'><em>_</em></span> 
     </span>
    </p>
   </div>
   <div class='ocr_carea' id='block_1_105' title="bbox 1698 5031 2187 5102">
    <p class='ocr_par' dir='ltr' id='par_1_105' title="bbox 1698 5031 2187 5102">
     <span class='ocr_line' id='line_1_105' title="bbox 1698 5031 2187 5102; baseline -0.004 -15"><span class='ocrx_word' id='word_1_719' title='bbox 1698 5033 1764 5065; x_wconf 75' lang='grc'><strong>³³³</strong></span> <span class='ocrx_word' id='word_1_720' title='bbox 1798 5031 2095 5102; x_wconf 79' lang='lat' dir='ltr'><strong>regendum</strong></span> <span class='ocrx_word' id='word_1_721' title='bbox 2136 5032 2187 5085; x_wconf 88' lang='lat'><strong>7.</strong></span> 
     </span>
    </p>
   </div>
   <div class='ocr_carea' id='block_1_106' title="bbox 2303 5026 3755 5102">
    <p class='ocr_par' dir='ltr' id='par_1_106' title="bbox 2303 5026 3755 5102">
     <span class='ocr_line' id='line_1_106' title="bbox 2303 5026 3755 5102; baseline -0.006 -14"><span class='ocrx_word' id='word_1_722' title='bbox 2303 5031 2374 5064; x_wconf 83' lang='grc'><strong>⁸³¹</strong></span> <span class='ocrx_word' id='word_1_723' title='bbox 2404 5031 2619 5102; x_wconf 77' lang='lat' dir='ltr'><strong>collegit</strong></span> <span class='ocrx_word' id='word_1_724' title='bbox 2649 5033 2702 5086; x_wconf 85' lang='lat'><strong>7.</strong></span> <span class='ocrx_word' id='word_1_725' title='bbox 2805 5029 2873 5060; x_wconf 82' lang='grc'><strong>³³³</strong></span> <span class='ocrx_word' id='word_1_726' title='bbox 2905 5037 2988 5084; x_wconf 89' lang='lat' dir='ltr'><strong>est</strong></span> <span class='ocrx_word' id='word_1_727' title='bbox 3021 5029 3074 5084; x_wconf 92' lang='lat' dir='ltr'><strong>in</strong></span> <span class='ocrx_word' id='word_1_728' title='bbox 3101 5029 3342 5084; x_wconf 86' lang='lat' dir='ltr'><strong>claustro</strong></span> <span class='ocrx_word' id='word_1_729' title='bbox 3361 5027 3415 5080; x_wconf 83' lang='lat'><strong>7.</strong></span> <span class='ocrx_word' id='word_1_730' title='bbox 3501 5026 3571 5056; x_wconf 63' lang='grc'>³³⁵</span> <span class='ocrx_word' id='word_1_731' title='bbox 3601 5040 3755 5080; x_wconf 87' lang='lat' dir='ltr'><strong>accc-</strong></span> 
     </span>
    </p>
   </div>
   <div class='ocr_carea' id='block_1_107' title="bbox 2002 5189 2233 5266">
    <p class='ocr_par' dir='ltr' id='par_1_107' title="bbox 2002 5189 2233 5266">
     <span class='ocr_line' id='line_1_107' title="bbox 2002 5189 2233 5266; baseline 0.004 -2"><span class='ocrx_word' id='word_1_732' title='bbox 2002 5189 2233 5266; x_wconf 69' lang='lat' dir='ltr'><strong>Nam.</strong></span> 
     </span>
    </p>
   </div>
   <div class='ocr_carea' id='block_1_108' title="bbox 2260 5294 3775 5370">
    <p class='ocr_par' dir='ltr' id='par_1_108' title="bbox 2260 5294 3775 5370">
     <span class='ocr_line' id='line_1_108' title="bbox 2260 5294 3775 5370; baseline -0.009 -11"><span class='ocrx_word' id='word_1_733' title='bbox 2260 5303 2411 5370; x_wconf 68' lang='grc'><strong>(454)</strong></span> <span class='ocrx_word' id='word_1_734' title='bbox 2453 5301 2524 5354; x_wconf 88' lang='lat' dir='ltr'><strong>Le</strong></span> <span class='ocrx_word' id='word_1_735' title='bbox 2553 5318 2666 5370; x_wconf 83' lang='lat' dir='ltr'><strong>cep,</strong></span> <span class='ocrx_word' id='word_1_736' title='bbox 2698 5301 2902 5355; x_wconf 86' lang='lat' dir='ltr'><strong>ferrum</strong></span> <span class='ocrx_word' id='word_1_737' title='bbox 2926 5311 3033 5367; x_wconf 90' lang='lat' dir='ltr'><strong>quo</strong></span> <span class='ocrx_word' id='word_1_738' title='bbox 3051 5296 3384 5370; x_wconf 69' lang='lat' dir='ltr'><strong>captivo_rum</strong></span> <span class='ocrx_word' id='word_1_739' title='bbox 3412 5295 3580 5362; x_wconf 89' lang='lat' dir='ltr'><strong>pedes</strong></span> <span class='ocrx_word' id='word_1_740' title='bbox 3609 5294 3775 5348; x_wconf 86' lang='lat' dir='ltr'><strong>inclu-</strong></span> 
     </span>
    </p>
   </div>
  </div>
