4026 5370
193 382 295 438 {89

1060 374 1547 435 CONTINUATIO.
1584 404 1655 416 —-
1691 370 1917 428 GESTA
1953 370 2318 428 LIETBERTI
2359 371 2571 427 EPISC.

3358 367 3459 420 I90

192 513 337 564 eam,
360 504 425 552 ut
462 496 577 564 sibi
604 495 654 550 in
688 490 1091 552 matrimonium
1114 493 1468 560 conjungeret
1488 487 1658 543 Adam
1691 499 1786 540 ne-
1814 489 1857 545 Α
1888 499 2009 554 qna:
2027 484 2406 540 consecranda;
2429 490 2587 538 erant
2609 479 2953 544 benedicens,
2985 487 3040 534 et
3080 488 3262 533 cetera
3297 477 3459 532 mint-

195 600 341 659 ptem
365 603 557 643 suam.
583 587 653 648 At
679 584 765 638 illa
794 584 1044 655 precibus
1064 583 1182 652 ejus
1200 579 1513 645 devicta,ad
1538 577 1784 631 ultimum

196 678 387 738 annuit
435 677 586 746 quod
619 675 856 746 petebat,
903 673 948 727 si
987 672 1136 742 prius
1166 669 1448 724 absolutus
1484 675 1628 721 esset
1655 679 1786 719 ana-

200 769 462 832 themate,
501 782 611 837 quo
643 767 710 820 ab
735 765 988 834 episcopo
1013 762 1390 819 Cameracensi
1413 761 1625 815 vinctus
1647 767 1786 813 erat.

197 861 334 928 Quid
358 859 602 914 faceret?
632 856 1035 912 Absolutionem
1066 869 1173 909 non
1189 854 1413 909 curabat
1433 863 1786 919 magnopere;

196 953 393 1024 qul'll
427 960 616 1008 tamen
644 966 762 1006 eam
799 949 868 1003 ab
897 948 1151 1020 episc0po
1177 961 1271 1014 per
1293 943 1672 1007 internuntios,
1699 941 1766 996 de

199 1044 404 1100 siderio
459 1044 662 1102 ardens
710 1040 1010 1110 concupitaa
1051 1037 1260 1108 puellae.
1309 1036 1480 1090 Porro
1511 1035 1791 1104 episcopus

198 1134 464 1202 fatigatus
498 1129 835 1186 multimodis
881 1127 1090 1199 injuriis
1139 1127 1278 1196 ejus,
1334 1122 1617 1179 absolvere
1666 1137 1790 1177 eum

199 1223 444 1292 nolebat,
458 1221 566 1275 nisi
589 1219 742 1289 prius
761 1218 1128 1274 dimissionem
1152 1231 1312 1270 manu
1338 1215 1555 1284 propria
1568 1243 1635 1253 —
1649 1211 1792 1282 quod

199 1324 251 1373 et
278 1315 449 1387 vulgo
475 1313 713 1383 werpire
747 1312 944 1367 dicitur
967 1340 1039 1352 —
1077 1309 1284 1365 faceret
1333 1322 1399 1362 ex
1444 1306 1590 1364 omni
1632 1307 1794 1361 henc-

200 1405 344 1469 ﬁcio,
377 1407 526 1474 qt:0.l
551 1404 692 1457 infra
724 1403 983 1457 ambitum
1012 1401 1321 1456 Camerac:e
1351 1398 1589 1454 civitatis
1626 1397 1794 1451 habe-

199 1499 308 1553 bat.
359 1497 520 1567 [lngo
551 1512 683 1551 vero
735 1495 802 1550 ad
852 1492 1100 1549 ultimum
1150 1492 1444 1547 ambitione
1493 1489 1795 1560 juvencnlze

201 1588 596 1651 inﬂammatus,
615 1586 747 1642 fecit
763 1585 1015 1656 episcopo
1032 1585 1323 1638 secundum
1346 1581 1620 1650 optionem
1641 1580 1756 1650 ejus
1777 1597 1789 1631 :

204 1680 457 1750 πετρίνὶι
490 1677 670 1747 palam
697 1674 968 1740 omnibus,
995 1681 1261 1744 praesente
1284 1670 1538 1741 episcopo
1576 1669 1796 1738 suisque

203 1771 475 1826 militibus
506 1809 521 1833 ,
588 1777 863 1842 praesente
917 1765 1190 1828 comitissa
1259 1763 1521 1823 Richelde
1576 1762 1796 1830 suisque

205 1831 861 1935 principibusrquicquid
892 1855 1122 1910 habebat
1154 1855 1398 1909 henelicii
1428 1852 1566 1908 infra
1606 1852 1799 1907 civita—
1827 1831 1873 1889 Β

207 1961 312 2019 tem
342 1951 522 2020 ipsam
550 1949 873 2013 Cameraci;
911 1947 1099 2015 sicque
1141 1943 1443 2008 absolutus,
1485 1943 1798 1997 ﬁdelitatem

208 2042 466 2112 episcorio
493 2041 624 2096 fecit
645 2039 714 2094 de
738 2038 964 2109 reliquis
981 2037 1340 2098 castellatura:
1365 2035 1545 2104 bonis,
1584 2043 1640 2091 et
1677 2035 1802 2091 inde

209 2137 429 2202 obsides
455 2133 623 2192 dedit.

280 2250 374 2304 ει.
408 2249 539 2304 Hac
571 2255 757 2303 autem
792 2245 1022 2302 ﬁdelitas
1055 2261 1159 2302 non
1186 2245 1278 2300 diu
1320 2255 1404 2301 est
1435 2246 1504 2301 ab
1535 2244 1651 2315 ipso
1698 2243 1807 2299 llu-

214 2362 354 2416 gone
383 2345 700 2410 observata,
748 2343 875 2412 quia
924 2342 978 2396 in
1035 2341 1200 2396 natali
1242 2341 1310 2373 ³³⁸
1349 2341 1522 2396 sancti
1561 2322 1805 2395 ’.Δηὼ-θαι

214 2437 566 2507 jurejurando
598 2435 949 2507 promissam,
981 2433 1200 2503 infregit
1239 2448 1358 2487 eam
1403 2432 1458 2487 2.
1503 2432 1636 2487 feria
1686 2443 1806 2503 post

215 2531 442 2600 palmas.
475 2529 532 2583 ln
560 2528 666 2583 hac
692 2526 841 2582 enim
882 2525 1016 2581 feria
1043 2525 1266 2595 majoris
1299 2525 1610 2580 ebdomada:
1635 2524 1804 2594 (456),

218 2621 580 2678 Atrewasiam
608 2619 759 2691 (657)
783 2618 976 2673 silvam
1010 2624 1279 2688 penetrat,
1304 2624 1359 2671 et
1383 2616 1563 2671 omnia
1587 2631 1708 2685 qnze
1735 2615 1804 2669 ibi

221 2715 462 2787 repperit
510 2705 762 2780 jumenta
808 2708 1322 2783 Cameracensium,
1380 2707 1557 2764 ablata
1612 2706 1810 2776 injuste

219 2805 448 2862 abduxit
475 2818 679 2862 secum.
704 2801 807 2870 Qui
848 2816 972 2856 cum
1005 2801 1204 2871 saepius
1245 2810 1560 2855 moneretur
1588 2800 1656 2854 ab
1696 2801 1810 2870 epi-

221 2914 389 2971 scopo
421 2899 478 2953 in
500 2897 759 2952 ﬁdelitate
787 2895 990 2966 jurata.
1017 2901 1161 2949 utea
1190 2894 1464 2959 redderet,
1493 2892 1684 2959 noluit,
1711 2893 1807 2948 scd

220 3001 276 3044 et
301 2993 356 3044 in
388 2990 510 3058 ipso
536 2984 896 3043 absolutionis
922 2985 1027 3050 die,
1055 2984 1148 3056 qui
1183 2993 1266 3040 est
1303 2993 1430 3040 ante
1457 2975 1811 3054 parasceven,

225 3081 580 3136 difﬁdentiam
619 3077 770 3148 (‘58)
817 3077 1038 3132 domino
1080 3092 1181 3132 suo
1208 3077 1505 3134 mandavit.
1536 3076 1687 3148 (Cap.
1721 3076 1812 3147 75)

226 3171 423 3226 Postea
437 3147 793 3226 Cameracum
820 3165 1454 3236 derelinquens,divertit
1480 3147 1552 3220 ad
1575 3165 1812 3222 Oiseium
1842 3169 1888 3232 ο
1917 3147 2194 3217 Ρθτίθοιίεν

231 3263 410 3332 (£59),
465 3261 776 3330 malumque
805 3258 874 3307 "7
925 3258 1070 3328 quod
1119 3257 1316 3328 potuit,
1369 3257 1511 3312 sicut
1563 3259 1816 3328 primitus

234 3355 417 3410 facere
448 3351 680 3407 instituit
731 3351 1021 3406 adversum
1051 3347 1120 3382 ⁸³⁸
1166 3349 1499 3419 episcopum.
1552 3348 1820 3404 Mandavit

239 3449 407 3517 igitur
434 3446 718 3516 episcopus
740 3443 790 3499 ei
815 3458 920 3498 non
943 3440 1108 3496 semel
1136 3442 1229 3496 sed
1257 3441 1374 3511 plus
1402 3442 1521 3497 vice
1551 3443 1733 3506 tertia,
1764 3450 1823 3496 u-t

243 3549 370 3593 ante
394 3545 740 3608 conspectum
781 3534 902 3604 ejus
929 3534 1174 3597 veniens,
1217 3534 1577 3602 praesentibus
1606 3548 1824 3604 compa-

244 3633 396 3687 ribus
421 3629 536 3684 suis
583 3629 636 3683 in
666 3635 880 3683 rectum
927 3624 1073 3696 (460)
1102 3633 1272 3678 staret
1299 3625 1366 3678 de
1408 3625 1667 3694 injustitia
1703 3641 1821 3679 sua.

247 3719 364 3790 Ipse
410 3734 537 3774 vero
573 3717 772 3773 crebro
811 3716 912 3770 sub
960 3713 1180 3768 nomine
1216 3723 1374 3768 terra:
1404 3730 1513 3768 suae
1556 3723 1609 3768 et
1663 3715 1716 3768 in
1755 3714 1824 3746 ³³⁸

248 3808 506 3864 ﬁdelitate
533 3822 695 3877 quam
736 3812 1019 3873 juraverat
1054 3805 1434 3869 commonitus,
1467 3805 1532 3858 ad
1580 3804 1826 3860 ultimum

249 3914 373 3958 ante
399 3908 746 3969 conspectum
775 3897 980 3952 domini
1007 3896 1086 3950 sui
1118 3896 1458 3967 prcsentibus
1485 3899 1830 3966 comparibus

250 3995 365 4051 suis
389 3994 574 4058 venit;
601 3991 696 4046 sed
748 3990 817 4045 de
856 3988 1287 4058 quibuscumque
1324 3989 1698 4058 interpellatus
1749 3999 1833 4044 est

250 4097 456 4154 rectum
480 4085 659 4140 facere
679 4079 1154 4150 nolens,iujustior
1183 4096 1346 4150 quam
1369 4080 1628 4146 venisset,
1656 4096 1834 4135 reces-

253 4185 341 4236 sit.
371 4181 525 4236 Unde
554 4194 839 4249 oompares
857 4178 975 4248 ejus
995 4185 1049 4231 et
1069 4175 1164 4230 alii
1197 4173 1576 4244 quamplurimi
1605 4171 1833 4237 nobiles,

254 4275 342 4342 qui
373 4273 645 4327 communi
669 4272 956 4340 utriusque
973 4284 1134 4322 causa
1164 4266 1291 4321 huic
1311 4265 1505 4336 placito
1522 4265 1834 4328 interfuere,

255 4362 536 4433 llugonem
567 4376 716 4416 reum
747 4369 1025 4423 vocantes,
1059 4367 1259 4413 terram
1284 4369 1447 4426 quam
1493 4355 1558 4409 de
1587 4355 1839 4425 episcopo
1940 4338 2151 4393 ﬁdem“
2197 4333 2262 4386 ad
2311 4329 2496 4433 ""de

258 4454 496 4519 tenebat,
527 4453 574 4506 ei
601 4449 998 4519 adjudicavere.

1861 575 2036 631 sterii
2065 577 2146 631 sui
2181 589 2343 646 Opera
2389 573 2690 644 perﬁciens.
2738 571 2953 626 Accidit
3003 579 3206 637 autem,
3238 577 3298 625 ut
3335 585 3462 625 cum

1863 669 2048 739 hujus
2076 668 2279 723 laboris
2308 665 2579 722 exercitio
2598 663 2667 718 ad
2712 663 2981 733 quandam
3008 662 3191 717 villam
3221 659 3464 716 Buricel-

1865 761 1998 815 lum
2027 761 2245 815 nomine
2276 759 2573 823 deveniret,
2601 755 3008 825 azcclesiamque
3029 753 3170 809 villa:
3190 753 3308 822 ejus
3335 768 3465 809 con-

1891 855 2209 908 secrandam
2253 851 2614 914 benediceret,
2662 859 2717 903 et
2761 855 2884 918 post
2912 847 3376 903 consecrationem
3409 844 3464 898 in

1890 943 2276 999 conﬁrmandis
2307 942 2469 998 etiam
2507 939 2814 996 hominibus
2844 938 2912 970 ³⁴⁶
2955 937 3231 1008 fatigatus,
3265 935 3463 990 ibidem

1893 1041 2255 1103 pernoctaret.
2288 1031 2562 1086 Prcfatum
2604 1043 2732 1086 vero
2778 1027 3056 1099 Hngonem
3097 1041 3278 1081 sermo
3304 1021 3466 1091 hujus

1895 1125 1970 1179 rei
2004 1138 2107 1178 non
2151 1122 2348 1188 latuit;
2376 1121 2466 1191 qui
2494 1120 2728 1190 acceptis
2757 1134 2942 1175 secum
2975 1116 3327 1187 complicibus
3355 1113 3468 1169 suis

1894 1213 1962 1268 ad
1989 1214 2208 1268 domum
2235 1211 2378 1265 illam
2403 1211 2668 1280 pervenit,
2697 1210 2750 1264 in
2778 1225 2880 1278 qua
2905 1209 3014 1278 jam
3050 1207 3194 1261 lecto
3221 1211 3469 1272 receptus

1875 1304 2176 1374 episcopus
2245 1302 2443 1356 lassata
2495 1300 2736 1355 membra
2801 1298 3209 1354 commendabat
3273 1292 3468 1364 quieti.

1895 1395 2106 1450 Fractis
2129 1395 2196 1428 ³⁸⁸
2224 1395 2418 1449 domus
2457 1392 2615 1462 hujus
2643 1392 2818 1457 ostiis,
2868 1399 2918 1446 et
2969 1387 3287 1460 quibusdam
3333 1385 3470 1441 resi-

1895 1491 2161 1548 stentibus
2190 1487 2764 1558 interfectis,pervenit
2789 1485 2855 1539 ad
2876 1499 3164 1544 cameram,
3183 1481 3235 1536 in
3265 1495 3370 1552 qua
3399 1477 3472 1512 ’δ’

1896 1582 2136 1655 pontifex
2182 1582 2462 1638 cubitabat
2497 1595 2618 1636 cum
2645 1576 2896 1632 Wiholdo
2947 1574 3234 1646 prmposito
3280 1587 3378 1628 suo
3417 1581 3474 1636 et

1897 1675 2192 1746 capellanis
2237 1674 2368 1730 suis.
2405 1672 2658 1728 Sentiens
2679 1668 2966 1724 Wiboldus
3000 1667 3149 1722 dolos
3177 1674 3233 1721 et
3261 1665 3471 1730 violen-

1899 1770 2028 1823 tiam
2054 1766 2380 1836 hujusmodi,
2417 1765 2556 1820 ostio
2585 1775 2813 1818 camerae
2836 1759 2990 1830 quasi
3034 1773 3132 1828 pro
3166 1755 3320 1811 obice
3353 1769 3474 1810 sese

1900 1863 2181 1932 Opposuit;
2226 1862 2319 1917 sed
2358 1876 2499 1914 unus
2544 1858 2786 1928 pluribus
2817 1855 3072 1912 resistere
3115 1869 3219 1908 non
3267 1852 3473 1916 valens,

1902 1954 2071 2009 fracto
2101 1953 2240 2008 ostio
2271 1953 2340 2006 ab
2377 1952 2494 2021 ipso
2543 1949 2766 2018 Hugoue
2817 1947 3172 2014 interemptus
3201 1944 3474 1999 occubuit.

1901 2045 2146 2114 Denique
2171 2044 2504 2113 episcopum,
2536 2041 2672 2095 sicut
2702 2039 2752 2091 in
2781 2037 2921 2092 lecto
2951 2035 3184 2105 jacebat,
3219 2050 3340 2090 cum
3385 2048 3477 2086 ca-

1904 2136 2059 2192 misia
2088 2143 2294 2189 tantum
2329 2133 2415 2188 ille
2445 2133 2668 2186 insanus
2692 2128 2960 2184 homicida
2997 2143 3104 2182 non
3130 2126 3308 2181 timuit
3337 2123 3482 2179 arci.

1891 2242 2053 2300 pere,
2085 2233 2139 2281 et
2169 2225 2234 2280 ad
2279 2223 2516 2279 Oiseium
2556 2221 2910 2289 municipium
2961 2234 3117 2272 suum
3155 2217 3228 2271 ita
3273 2215 3478 2270 nudum

1904 2330 2200 2390 asportare,
2234 2316 2584 2383 clausumque
2618 2313 2669 2366 in
2699 2310 2942 2367 custodia
2981 2309 3241 2365 retinere.

1975 2413 2068 2468 25.
2123 2411 2275 2480 (Cap.
2317 2407 2430 2480 76.)
2477 2406 2589 2461 Hac
2631 2406 2795 2476 igitur
2845 2402 2986 2457 fama
3013 2400 3270 2457 Arnulfns
3299 2413 3481 2458 comes

1907 2502 2276 2566 Flandrensis,
2305 2509 2356 2557 et
2382 2506 2557 2553 mater
2585 2495 2699 2564 ejus
2739 2493 3010 2549 Richeldis
3048 2490 3291 2555 excitati,
3335 2502 3483 2544 sum-

1908 2598 2014 2668 ptis
2027 2595 2285 2650 militibus
2311 2593 2422 2648 suis
2441 2589 2698 2646 continuo
2720 2588 2878 2642 ambo
2903 2584 2969 2639 ad
2992 2583 3231 2639 Oiseium
3263 2593 3479 2641 venere,

1909 2698 1964 2744 et
1990 2686 2324 2756 requirentes
2354 2683 2663 2754 episcopum
2694 2678 2746 2732 in
2779 2674 3042 2746 sapientia
3064 2681 3120 2728 et
3146 2668 3482 2728 fortitudine.

1911 2782 2025 2834 sine
2072 2791 2222 2831 mora
2255 2775 2530 2829 inventum
2575 2771 2906 2826 reduxerunt
2957 2781 3082 2822 eum
3135 2763 3487 2819 Cameracum

1912 2883 2032 2924 cum
2067 2866 2250 2937 grandi
2281 2863 2448 2934 gloria
2472 2871 2526 2918 et
2556 2863 2784 2925 honore,
2816 2859 3079 2913 donantes
3119 2856 3340 2924 insuper
3375 2867 3492 2905 mu-

1915 2962 2142 3016 neribus
2159 2957 2458 3014 aecclesiam
2480 2963 2684 3010 sanctae
2717 2953 2896 3006 Mariae
2925 2951 3140 3019 aliaque
3162 2942 3490 3002 monasteria

1915 3052 2150 3108 oivitatis
2178 3050 2503 3106 Cameracze.
2539 3047 2636 3102 llis
2659 3047 2840 3116 itaque
2869 3043 3029 3113 digne
3054 3049 3109 3096 et
3151 3035 3496 3093 laudabiliter

2247 3142 2656 3199 Flandrensium
2687 3152 2869 3194 comes
2910 3150 3033 3190 cum
3088 3139 3263 3187 matre
3311 3143 3407 3183 sua
3440 3127 3494 3180 in

1921 3241 2096 3312 patria
2139 3253 2236 3294 sua
2291 3238 2446 3292 laetus
2496 3235 2676 3289 rediit.
2719 3232 3015 3301 Episcopus
3045 3227 3208 3296 igitur
3255 3221 3496 3294 perfecto

1919 3311 2044 3386 odio
2083 3329 2150 3360 ³δδ
2198 3328 2251 3381 in
2301 3327 2580 3395 Hngonem
2642 3322 2919 3385 incitatus,
2977 3330 3099 3371 eum
3139 3311 3346 3380 insequi
3392 3323 3498 3362 non

1923 3421 2177 3485 cessavit,
2227 3419 2578 3488 quoadusque
2629 3415 2907 3468 destructo
2962 3405 3128 3462 Oiseii
3184 3400 3497 3470 municipio,

1924 3531 2045 3570 eum
2079 3517 2265 3583 procul
2314 3509 2536 3577 pelleret
2568 3522 2597 3559 a
2626 3499 3102 3558 Cameracensium
3135 3495 3350 3548 ﬁnibus.
3395 3489 3503 3544 Ex-

1926 3608 2110 3680 pulsus
2146 3605 2328 3658 taliter
2365 3617 2394 3654 a
2433 3595 2810 3655 Cameracensi
2838 3591 3035 3664 patria,
3085 3587 3150 3642 de
3197 3583 3339 3640 omni
3391 3581 3503 3637 cla-

1927 3714 2079 3756 more
2104 3697 2253 3752 siluit
2283 3695 2544 3748 adversus
2568 3689 2880 3758 episcopum
2919 3683 2970 3737 in
2995 3678 3142 3736 omni
3185 3675 3351 3746 ipsius
3389 3672 3504 3741 epi-

1929 3791 2078 3862 sc0pi
2121 3789 2265 3851 vita;
2301 3794 2444 3840 terra
2473 3781 2542 3817 διδ
2571 3794 2786 3850 quoque
2824 3771 3091 3844 requievit
3120 3784 3151 3823 a
3180 3767 3318 3822 facie
3351 3761 3505 3818 mali-

1931 3881 2151 3956 gnitatis
2170 3880 2307 3950 ejus.

2003 3972 2092 4026 24.
2146 3946 2310 4040 (Cap.
2343 3968 2465 4036 7'7.)
2498 3965 2703 4020 Interea
2760 3959 3046 4030 episcopus
3096 3946 3508 4021 superveniente

1935 4065 2085 4120 senio
2113 4061 2279 4130 carpit
2307 4072 2532 4127 corpore
2567 4056 2914 4123 languescere
2943 4047 3034 4112 ³³⁵,
3075 4043 3168 4099 sed
3204 4043 3270 4096 de
3307 4047 3506 4093 aeterna

1935 4156 2048 4210 vita
2095 4128 2353 4207 sollicitus
2381 4188 2396 4213 ,
2455 4147 2509 4200 in
2555 4145 2735 4198 animo
2787 4137 3195 4198 convalescere;
3239 4128 3512 4185 heredita-

1939 4255 2156 4314 temque
2186 4242 2255 4277 "5
2284 4238 2609 4310 preclaram.
2635 4248 2796 4302 quam
2827 4232 2893 4284 ah
2922 4222 3359 4283 antecessoribus
3387 4233 3512 4288 pos-

2539 4324 2698 4398 hujus
2756 4321 3006 4393 gloriam,
3059 4311 3352 4368 transferre
3399 4317 3514 4363 stn-

1943 4430 2058 4486 duit
2077 4427 2142 4480 ad
2169 4421 2581 4480 nanciscendam
2608 4426 2824 4472 aeternae
2850 4413 2974 4464 vitae
3005 4407 3253 4461 letitiam.
3281 4402 3513 4456 Tantum

458 4494 610 4613 [iugo
635 4494 819 4597 airtem
849 4541 914 4596 ad
947 4538 1322 4609 municipium,
1359 4534 1501 4606 quod
1545 4535 1685 4604 apud
1741 4532 1834 4588 Oi-
1866 4507 1917 4565 Ῑ)
1945 4523 2087 4578 enim
2113 4520 2178 4575 de
2199 4512 2608 4575 hereditatibus,
2632 4519 2686 4563 et
2709 4506 2790 4561 sui
2822 4502 2962 4613 juris
2993 4498 3254 4613 reditibus
3300 4494 3367 4547 ad
3408 4505 3517 4596 me-

259 4639 428 4692 seium
461 4634 563 4689 sibi
595 4639 910 4703 paraverat,
945 4628 1249 4698 abjudicata
1276 4637 1420 4682 terra
1447 4641 1541 4680 sua
1576 4624 1753 4688 rediit,
1786 4631 1841 4676 et

261 4729 460 4783 malum
507 4725 772 4780 adversus
825 4723 1137 4793 episcopum
1198 4720 1379 4774 facere
1428 4733 1534 4772 non
1586 4715 1838 4772 cessavit.

263 4821 558 4891 Epismpus
581 4829 762 4873 tamen
788 4817 1059 4887 patienter
1081 4813 1262 4870 ferens
1300 4810 1415 4864 bsic
1451 4810 1654 4875 omnia,
1691 4807 1842 4878 abje-

266 4923 351 4972 cto
392 4911 588 4966 timore
629 4907 975 4980 parrochiam
1027 4920 1181 4964 suam
1232 4901 1516 4968 circuibat,
1571 4898 1845 4958 aacclesias

1946 4614 2162 4672 clesiam
2192 4616 2390 4664 sancta:
2436 4604 2531 4660 Dei
2561 4599 2840 4673 genitricis
2885 4595 3066 4649 Mariae
3111 4585 3521 4647 Cameracensis

1946 4703 2202 4763 aacclesize
2229 4715 2324 4770 per
2351 4707 2628 4754 cartarum
2652 4695 3008 4748 instrumenta
3031 4681 3278 4746 contulit,
3309 4686 3367 4734 ut
3400 4673 3524 4730 inde

1948 4799 2298 4858 refectionem
2329 4793 2436 4849 cibi
2458 4801 2514 4848 et
2543 4799 2698 4862 potus
2720 4785 2956 4839 habeant
2985 4777 3231 4837 canonici
3271 4788 3367 4844 per
3393 4784 3512 4862 om-

1953 4908 2054 4949 nes
2076 4887 2382 4946 dominicas
2407 4861 2572 4940 totius
2599 4878 2759 4941 anni;
2789 4877 2865 4929 ita
2889 4883 3092 4937 tamen,
3117 4879 3176 4924 ut
3202 4869 3254 4922 in
3279 4861 3529 4919 omnibus

1551 5031 1786 5092 varum
1827 5007 2238 5106 LECTIONES.

342 5188 407 5218 ιη
436 5184 621 5218 ..αισιο
648 5184 680 5218 ’1
805 5180 873 5212 ³³⁷
913 5177 1112 5218 malum
1139 5177 1170 5218 7

1297 5171 1366 5203 ³³⁸
1395 5171 1657 5218 adversus
1695 5171 1750 5218 '7.
1831 5168 1898 5199 “9
1927 5167 2069 5218 dces!
2101 5167 2155 5218 7.

2245 5157 2312 5191 διο
2360 5159 2583 5218 pomus
2634 5155 2688 5208 7.
2735 5148 2791 5200 in
2840 5138 3201 5218 chrismatis“
3237 5130 3428 5218 ἔξω)ίὶ
3471 5122 3535 5218 νζ·
