4026 5370
207 338 289 394 I95
1036 329 1514 389 CONTINUATIO.
1561 362 1623 371 —
1661 329 1886 386 GESTA
1921 327 2222 386 GERARDI
2260 327 2303 383 ll
2343 327 2553 385 EPISC.

3323 328 3424 387 {91

204 449 449 521 tur(l66);
475 463 656 504 rerum
687 447 1016 503 abundantia
1042 448 1203 503 citius
1225 447 1576 516 reformatur,
1604 447 1748 518 quod
1776 463 1823 522 Α
1854 446 2120 501 conﬁteri.
2147 445 2290 515 Ergo
2316 445 2593 502 Wibertus
2629 445 2716 501 ille
2744 461 2841 516 per
2861 445 3126 515 judicium
3155 446 3222 502 ad
3267 447 3426 518 stipi-

205 543 365 610 it0pia
394 540 728 594 retrohabita
756 547 864 593 tota
893 539 1252 593 obliviscitur.

265 629 310 684 ἓ.
340 630 390 684 ln
421 629 755 699 plenitudine
782 644 910 700 ergo
935 629 1085 700 pacis
1108 639 1162 683 et
1198 627 1376 700 gaudii
1408 627 1553 683 clero
1577 639 1629 684 et
1655 645 1751 698 po-

208 721 314 792 pulo
338 719 477 774 intus
504 730 563 774 et
587 719 717 774 foris
738 720 935 789 posito,
986 720 1228 774 decrevit
1254 719 1538 790 episc0pus
1583 719 1752 789 impe.

209 822 420 866 nitorem
469 811 663 876 adire,
717 811 782 866 de
833 825 940 879 quo
991 811 1104 880 ipse
1166 811 1426 865 honorem
1474 819 1756 880 receperat

208 911 382 954 sancta:
405 899 818 955 Cameracensis
838 901 1101 954 ecclesiae.
1130 900 1234 954 Sed
1266 915 1370 953 non
1400 899 1558 968 longe
1579 899 1757 955 adlme

208 993 408 1046 multum
443 1001 770 1053 recesserat,
801 1006 920 1045 cmn
969 991 1116 1045 cives
1140 990 1421 1045 Cameraci
1459 988 1599 1043 male
1628 1005 1758 1044 con-

207 1083 312 1138 sulti
337 1083 796 1152 conspirationem
835 1084 1003 1138 multo
1053 1095 1295 1154 tempore
1336 1092 1673 1139 susurratam
1702 1091 1759 1138 et

205 1177 281 1228 diu
308 1175 666 1230 desideratam
691 1174 1011 1244 iuraverunt
1033 1177 1419 1230 communium.
1449 1175 1602 1230 Adeo
1628 1183 1760 1232 sunt

209 1264 330 1319 inter
369 1278 429 1320 se
469 1274 822 1320 sacramento
850 1265 1167 1335 conjuncti,
1215 1266 1358 1336 quod
1409 1265 1511 1320 nisi
1558 1265 1758 1320 factam

209 1355 512 1410 concederet
542 1354 1006 1423 conjurationem,
1051 1357 1374 1426 denegarent
1407 1356 1643 1411 universi
1675 1357 1760 1411 in-

207 1448 405 1502 troitum
431 1447 715 1502 Cameraci
746 1463 1031 1503 reversuro
1066 1450 1329 1518 pontiﬁci.
1378 1448 1530 1516 Quod
1573 1457 1628 1502 et
1679 1449 1760 1503 fa-

207 1546 335 1589 ctum
363 1545 466 1590 est.
497 1537 802 1606 Episcopus
823 1538 966 1592 enim
999 1540 1176 1593 adhuc
1215 1553 1312 1607 per
1342 1539 1537 1595 l.obias
1564 1538 1762 1593 transi-

209 1639 361 1692 turus,
389 1645 419 1684 ε
450 1629 568 1685 suis
605 1629 852 1685 ﬁdelibus
874 1631 1112 1697 audivit,
1153 1631 1297 1701 quod
1327 1630 1535 1688 fecerat
1560 1631 1758 1702 iniqui-

205 1729 317 1782 tatis
363 1727 628 1797 populus;
711 1727 1004 1796 statimque
1072 1736 1352 1782 revertens
1419 1736 1582 1796 atque
1634 1741 1762 1782 suos

1854 546 1962 591 tem
1987 537 2200 608 ligatur,
2239 537 2446 592 duabus
2476 537 2640 608 virgis
2673 537 2966 592 crudeliter
3005 537 3327 609 ﬂagellatur,
3371 548 3430 596 et

1854 638 2034 684 tamen
2076 629 2242 685 nichil
2282 629 2512 699 amplius
2549 629 2858 684 conﬁtetur.
2905 628 3082 696 Quare
3132 631 3432 687 servientes

1854 722 2092 791 episcopi
2136 722 2312 791 ipsum
2347 723 2548 775 nudum
2581 721 2760 789 ligatis
2783 721 3034 777 manibus
3066 730 3191 792 post
3219 732 3429 794 te'gttm

1856 829 1952 883 per
1989 814 2220 868 mediam
2249 814 2524 868 civitatem
2555 813 2693 868 sicut
2721 813 3085 884 proditorem,
3133 823 3288 869 extra
3313 831 3430 870 ntu-

1859 920 1949 959 ros
1982 904 2276 969 duxerunt,
2307 905 2542 974 lingram
2566 904 2905 961 abscidentes
2932 905 3119 960 oculos
3139 915 3429 971 eruerunt;

1858 996 2147 1050 novissime
2173 995 2514 1050 interfectum
2538 996 2618 1051 sui
2649 1005 2902 1066 parentes
2926 997 3221 1066 pudibundi
3254 1007 3305 1054 et
3335 998 3431 1053 do-

1859 1085 2033 1142 lentes
2058 1100 2216 1141 secus
2232 1085 2375 1139 viain
2399 1086 2668 1156 publicam
2693 1087 3039 1156 sepelierunt.
3063 1087 3118 1142 ln
3143 1088 3436 1144 homicidio

1861 1171 2044 1244 itaque
2063 1215 2078 1239 ,
2108 1176 2252 1245 quod
2295 1175 2354 1230 ﬁt
2383 1192 2480 1246 pro
2507 1177 2705 1231 virtute
2733 1177 2958 1242 tenenda
2981 1177 3234 1246 justicizc,
3271 1187 3434 1233 testae-

1863 1275 1950 1322 tur
1969 1268 2304 1337 Augustinus
2328 1269 2641 1338 episcopum
2682 1284 2785 1321 non
2826 1283 3110 1336 peccasse;
3140 1268 3215 1322 ait
3245 1269 3390 1324 enim
3413 1285 3432 1323 ε

1864 1359 2114 1415 Occidere
2178 1360 2438 1414 hominem
2502 1376 2601 1414 non
2655 1376 2854 1429 semper
2932 1369 3005 1414 est
3062 1360 3432 1426 criminosum,

1859 1453 1949 1506 scd
2002 1451 2205 1506 malitia
2252 1462 2300 1506 et
2359 1468 2461 1506 non
2527 1451 2724 1522 legibus
2783 1454 3014 1505 occidere
3067 1462 3140 1506 cu
3188 1453 3435 1510 crimina..-

1861 1562 1974 1600 sum
1983 1585 1998 1598 .

1931 1637 1986 1694 4.
2028 1635 2226 1692 Sedata
2272 1634 2435 1705 igitur
2490 1633 2729 1704 predicta
2783 1634 2982 1690 civium
3029 1635 3436 1704 coniuratione,

1863 1729 2218 1796 brevi,adbue
2259 1728 2522 1798 preterito
2559 1738 2831 1796 tempore,
2857 1743 2888 1782 a
2918 1729 3184 1798 prelibato
3211 1729 3438 1801 Hugone

208 1819 429 1872 homines
458 1818 725 1873 adversus
753 1827 832 1873 tot
857 1819 1003 1874 cives
1029 1818 1218 1873 videns
1255 1833 1482 1874 numero
1506 1833 1627 1874 esse
1665 1819 1765 1873 im-
1792 1825 1840 1887 Β
1867 1821 2160 1875 castellano
2185 1830 2439 1874 renovata
2468 1829 2551 1874 est
2581 1819 2783 1874 malitia
2812 1821 2878 1874 de
2901 1821 3249 1887 castellania,
3271 1837 3438 1891 quam

201 1924 348 1980 pares
370 1920 426 1964 et
452 1910 658 1964 virtute
683 1908 970 1964 inferiores
995 1949 1010 1975 ,
1052 1910 1264 1979 accepit
1305 1923 1490 1966 secum
1526 1910 1762 1964 amicum

206 2016 362 2065 stium,
389 2001 599 2056 scilicet
621 2000 946 2056 Balduinum
989 2001 1324 2056 Montensem
1375 2002 1663 2068 comitem,
1696 2003 1763 2059 ad

205 2094 469 2149 arcendam
495 2094 703 2148 civium
735 2093 1044 2164 superbiam
1073 2102 1128 2147 et
1165 2093 1232 2150 ad
1261 2093 1547 2150 delendam
1573 2111 1762 2151 eorum

208 2185 457 2255 profanam
489 2185 886 2240 communiam.
917 2185 1014 2240 Cui
1046 2200 1153 2240 non
1178 2185 1299 2241 sine
1325 2186 1515 2242 militia
1548 2187 1766 2244 comitis

207 2275 535 2331 Cameracum
589 2277 801 2331 intrare
845 2276 1080 2342 volenti,
1130 2277 1365 2348 populus
1419 2279 1765 2348 conspiratas

203 2369 511 2422 contradixit
544 2368 782 2435 ingredi.
815 2367 1180 2423 Veruntamen
1211 2369 1498 2439 episcopus
1523 2370 1765 2425 stultitia:

207 2461 353 2529 plebis
377 2477 486 2516 sua:
503 2461 718 2515 malens
742 2459 988 2515 misereri
1011 2475 1172 2529 qnam
1205 2460 1417 2525 ulcisci,
1443 2460 1638 2530 eptulit
1661 2461 1765 2516 illis

203 2552 341 2607 ﬁdem
371 2553 574 2618 facere,
609 2553 756 2623 quod
789 2553 840 2607 in
871 2552 1020 2607 curia
1048 2567 1143 2606 sua
1185 2561 1438 2607 tractaret
1472 2553 1765 2622 aliquando

207 2646 262 2699 de
301 2645 430 2700 facta
473 2656 675 2701 contra
725 2661 850 2701 eum
915 2645 1330 2714 conspiratione.
1388 2645 1522 2700 Data
1584 2645 1766 2716 itaque

203 2736 390 2806 ﬁdutia,
409 2738 561 2795 cives
591 2738 813 2793 domum
835 2737 928 2793 leti
956 2737 1157 2793 reversi
1186 2747 1344 2803 sunt,
1393 2739 1548 2808 quasi
1580 2739 1764 2794 sedata

201 2830 422 2884 etoblita
449 2845 647 2886 eorum
684 2828 900 2898 injuria.
943 2829 1049 2885 Sed
1099 2830 1214 2885 suis
1259 2832 1492 2886 fortasse
1528 2835 1766 2900 peccatis

203 2923 543 2993 exigentibus,
575 2922 754 2979 inscio
783 2920 1028 2994 presule,
1079 2921 1296 2977 sublato
1323 2922 1399 2976 rei
1429 2931 1686 2986 auctore,
1735 2938 1765 2976 a

204 3016 437 3071 militibus
458 3016 756 3087 pecuniam
783 3014 982 3070 civium
1009 3014 1364 3084 superborum
1394 3027 1587 3085 rapere
1620 3014 1764 3070 desi-

204 3109 494 3163 derantibus
520 3109 578 3162 in
621 3106 736 3162 suis
762 3106 1009 3160 domibus
1037 3105 1217 3160 subito
1245 3105 1592 3169 invaduntur,
1624 3112 1678 3158 et
1709 3113 1768 3158 ut

1867 1912 2008 1968 infra
2032 1913 2386 1967 Cameracutn
2413 1913 2714 1967 retinuerat
2737 1913 3022 1982 episcopus
3051 1913 3103 1966 in
3133 1928 3297 1968 manu
3317 1928 3438 1967 sua.

1869 2003 2015 2058 Bona
2029 2016 2240 2073 nanque
2251 2002 2486 2073 episcopi
2502 2002 2694 2073 apudA
2705 2004 2911 2058 trebatu
2922 2020 2972 2058 nt
2997 2012 3105 2059 tam
3118 2007 3260 2060 circa
3277 2021 3440 2076 quam

1871 2094 2035 2160 infra,
2061 2105 2114 2150 et
2137 2094 2278 2165 apud
2305 2094 2586 2150 Hariolum
2616 2103 2671 2150 et
2697 2096 3003 2166 ubicunque
3031 2096 3223 2166 potuit,
3257 2097 3441 2152 omnia

1875 2187 2189 2257 dissipavit;
2223 2187 2362 2241 bona
2383 2186 2547 2241 etiam
2574 2186 2940 2242 tecclesiarum
2965 2187 3442 2243 Cameracensium

1865 2277 2066 2347 ubique
2083 2277 2406 2347 depOpulata
2425 2276 2721 2331 combussit
2737 2286 2791 2331 et
2819 2278 3172 2347 consumpsit.
3206 2277 3442 2332 Extcnsa

1868 2365 2034 2438 igitur
2055 2383 2150 2437 per
2175 2382 2345 2421 annos
2364 2366 2624 2436 plurimos
2636 2367 2913 2422 castellani
2935 2371 3240 2438 persecutio
3256 2378 3312 2423 et
3329 2378 3443 2425 ter-

1870 2471 2051 2510 rarum
2079 2457 2336 2511 continua
2364 2456 2596 2512 vastatio
2627 2456 2999 2512 indesinenter
3041 2458 3319 2528 compellit
3353 2475 3445 2514 rw-

1868 2547 2038 2604 Sticos
2081 2548 2232 2602 villas
2281 2548 2582 2613 dimittere,
2632 2550 2902 2618 rebusque
2939 2549 3136 2605 ablatis
3181 2564 3350 2620 vagos
3390 2560 3444 2607 et

1867 2637 2053 2692 exules
2083 2654 2177 2707 per
2203 2637 2374 2692 aliena
2400 2639 2730 2693 mendicare.
2761 2638 2927 2710 Cujus
2955 2640 3154 2695 malum
3181 2643 3436 2698 intolera-

1869 2728 1978 2784 bile
2013 2730 2229 2800 sapiens
2250 2731 2534 2800 episcopus
2565 2748 2670 2786 non
2699 2733 2884 2787 valens
2915 2732 3176 2797 tolerare,
3205 2736 3446 2792 secundo

1868 2817 2108 2875 Boberto
2147 2819 2524 2874 Flantlriartuu
2555 2822 2737 2876 comiti
2766 2837 2984 2880 marcas
3010 2826 3218 2894 argenti
3250 2825 3426 2881 ducet:

1870 2919 1953 2965 tas
1985 2911 2211 2975 tribuit,
2267 2920 2493 2982 propter
2518 2914 2793 2968 miseriam
2823 2913 3042 2985 inpum
3091 2924 3148 2970 et
3186 2916 3448 2986 gemitum

1869 3017 2190 3073 pauperum.
2228 3011 2286 3056 ut
2319 3003 2471 3056 illum
2503 3003 2786 3075 Hugonem
2819 3019 2849 3058 a
2880 3005 3196 3060 castellania
3225 3007 3452 3062 omnino

1869 3094 2288 3157 cxhereditaret,
2333 3101 2384 3148 et
2434 3107 2465 3147 a
2513 3095 2711 3148 llnibus
2732 3095 3241 3162 Cameracensium,
3285 3097 3450 3152 immo

203 3200 422 3269 quisquis
439 3199 643 3255 obvius
659 3197 762 3252 fuit
787 3196 1007 3251 inimico
1033 3196 1307 3261 inimicus,
1331 3204 1425 3248 aut
1452 3194 1767 3249 vulneratur
1795 3184 1839 3246 C
1872 3186 2279 3253 Flandriarum,
2305 3186 2492 3257 procul
2531 3188 2844 3256 expelleret.
2895 3188 3032 3254 Quid
3068 3189 3246 3243 dicam
3275 3188 3451 3259 ultra?

205 3306 281 3350 aut
302 3297 654 3351 interﬁcitur.
684 3293 776 3350 Sic
808 3307 938 3348 casu
967 3294 1250 3363 repentino
1275 3292 1424 3345 cives
1453 3290 1690 3357 attoniti,
1715 3291 1768 3345 in

155 3401 158 3404 ‘
203 3387 479 3442 ecclesiam
505 3386 687 3441 sancti
717 3382 1006 3453 Gaugerici
1036 3381 1352 3452 confugiunt
1378 3379 1639 3440 universi.
1670 3379 1765 3433 sed

206 3477 262 3529 ad
285 3477 524 3530 ultimum
557 3474 806 3540 devicti,
841 3475 983 3527 ultro
1025 3472 1076 3526 in
1117 3471 1368 3540 captione
1409 3469 1772 3524 deliberantnr

204 3568 436 3638 episcOpi.
468 3566 798 3636 Expoliatu‘r
839 3565 1020 3633 itaque
1067 3563 1297 3623 civitas,
1339 3562 1485 3615 cives
1514 3560 1774 3613 amittunt

205 3662 470 3727 pecunias,
522 3660 792 3713 ultionem
851 3655 1056 3726 patitur
1113 3654 1403 3723 iniquitas,
1459 3650 1773 3705 destituitur

208 3761 300 3804 tota
327 3751 670 3821 cOujuratio,
722 3749 866 3804 facta
907 3747 1102 3802 iterum
1135 3745 1365 3800 ﬁdelttas
1399 3742 1614 3812 juratur
1660 3740 1776 3811 epi-

206 3855 366 3911 scapo.

261 3933 309 3986 3.
348 3933 474 3989 Post
524 3933 678 3987 hanc
729 3929 1150 3985 exterminatam
1194 3924 1599 3986 communiam,
1646 3936 1774 3977 mox

206 4025 490 4079 machinata
537 4030 627 4079 est
676 4023 912 4090 quedam
958 4019 1216 4088 iniquitas
1262 4017 1520 4070 adversus
1551 4013 1771 4082 pontiﬁ-

205 4129 325 4179 cem,
352 4131 471 4186 qua:
494 4129 598 4184 per
628 4112 726 4167 Dei
757 4110 1153 4181 providentiam
1182 4123 1286 4161 non
1319 4105 1508 4160 habuit
1535 4102 1771 4156 radit-em

205 4223 289 4262 nec
315 4209 460 4263 venit
512 4211 585 4261 ad
631 4204 1042 4276 perfectionem.
1095 4200 1324 4268 Quidam
1375 4197 1511 4252 civis
1548 4209 1774 4250 venera-

206 4297 327 4362 bilis,
358 4300 580 4354 nomine
611 4295 898 4351 Wibertus
922 4305 978 4347 et
1007 4301 1278 4347 mercator
1309 4305 1406 4358 per
1436 4287 1634 4340 multas
1664 4295 1774 4340 ter-

207 4403 279 4444 ras
299 4391 569 4460 cognitus,
591 4388 650 4442 in
677 4385 890 4457 profata
915 4383 1222 4440 communia
1249 4379 1515 4450 quendam
1548 4377 1772 4431 fratrem

206 4497 338 4539 suum
365 4482 726 4545 Fulbertum,
755 4477 1031 4534 concivem
1054 4485 1106 4529 et
1134 4479 1614 4530 commercatorem
1639 4483 1772 4538 pruo

205 4573 590 4639 dentissimum,
642 4570 788 4626 inter
811 4567 1019 4623 occisos
1061 4563 1404 4620 interfectum
1442 4559 1771 4631 perdiderat.
1803 4545 1854 4604 D
1881 4581 2008 4636 pom
2054 4572 2109 4620 ει
2153 4564 2470 4618 substantia;
2511 4563 2578 4620 ab
2628 4563 3030 4634 impugnationc
3078 4562 3261 4618 hostili
3311 4562 3451 4619 intra
3517 4587 3598 4644 in,

207 4663 338 4722 Unde
365 4666 504 4721 iram
525 4662 856 4720 continuam
887 4667 944 4714 et
971 4656 1199 4712 mortale
1244 4654 1429 4709 odium
1470 4666 1634 4722 super
1660 4646 1774 4718 epi-

207 4769 405 4825 scopum
437 4757 664 4813 occulte
700 4750 930 4807 ferebat.
972 4749 1314 4819 Quapropter
1340 4744 1642 4814 pactionem
1677 4741 1774 4794 ha-

207 4837 724 4903 buitcum'inimicis
764 4842 1039 4913 episcopi,
1089 4841 1230 4910 quod
1260 4838 1338 4893 eis
1378 4835 1612 4890 traderet
1640 4830 1774 4887 rit-i-

209 4943 348 4992 tatem
369 4937 682 4994 Cameraci.
730 4933 839 4989 Sed
885 4931 1152 5002 quomodo
1202 4927 1399 4983 accidit
1437 4927 1505 4980 de
1535 4924 1772 4994 cogitata

209 5029 506 5093 proditione,
535 5043 652 5081 non
679 5023 854 5096 solum
881 5021 1247 5093 presentibus,
1280 5016 1372 5072 sed
1399 5016 1561 5086 etiam
1590 5022 1776 5088 poste-

209 5117 272 5172 ris
295 5119 403 5175 volo
437 5119 781 5191 signiﬁcare.
828 5114 970 5168 Idem
999 5115 1144 5169 enim
1166 5111 1445 5166 Wibertns
1475 5110 1619 5165 ill-am
1649 5103 1777 5163 ﬁeri

209 5208 496 5277 dispositam
522 5206 824 5264 confessus
859 5212 944 5258 est
992 5205 1248 5274 episcopo
1273 5199 1652 5270 proditionem,
1708 5195 1778 5249 ab

210 5299 468 5344 εθηιιίηηρ
495 5315 608 5344 nnn
643 5294 1045 5344 madainatam.
1096 5295 1191 5344 sed
1240 5306 1336 5344 per
1368 5305 1491 5344 eum
1537 5291 1651 5344 fieri
1706 5287 1776 5339 ab

1874 3277 2073 3334 factum
2118 3289 2202 3333 est
2232 3279 2340 3344 ita;
2394 3277 2635 3347 fugatum
2668 3277 2948 3349 llugonem
2982 3280 3191 3349 recepit
3232 3280 3451 3349 Anglia.

1871 3369 1946 3423 lbi
1991 3368 2242 3432 exilium,
2288 3369 2361 3424 ibi
2403 3378 2807 3439 paupertatem,
2861 3369 2932 3423 ibi
2986 3371 3153 3424 multa
3197 3371 3452 3426 sustinuit

1853 3461 2166 3515 contraria.
2194 3459 2478 3530 Nunquam
2520 3461 2622 3514 sibi
2666 3460 2735 3514 ad
2766 3460 2996 3530 patriam
3023 3462 3330 3517 revertendi
3361 3477 3442 3517 occ

1874 3553 2047 3607 currit
2074 3552 2308 3617 animus,
2340 3551 2578 3620 quandiu
2605 3551 2688 3605 vir
2718 3551 2980 3622 providus
3002 3552 3232 3606 domnus
3260 3552 3436 3607 Gerar

1875 3647 1974 3701 dus
2002 3646 2135 3700 vixit
2167 3645 2476 3714 episcopus.

1945 3738 1997 3792 5.
2041 3738 2175 3792 Dum
2208 3752 2336 3792 vero
2367 3737 2572 3792 videret
2613 3735 2897 3807 episcopus
2939 3737 2992 3790 in
3047 3735 3229 3790 futuro
3267 3737 3454 3807 provi~

1875 3832 2245 3895 dentissimus,
2293 3830 2435 3900 qunti
2479 3839 2636 3885 terra:
2690 3845 2801 3884 sua:
2847 3830 2914 3885 de
2966 3829 3189 3885 inimico
3231 3829 3457 3900 llngone

1875 3938 2062 3993 pacem
2095 3933 2444 3978 concesserat
2467 3921 2627 3988 Deus,
2656 3920 2710 3976 in
2747 3931 2988 3991 tempore
3017 3921 3166 3990 pacis
3193 3921 3456 3975 laboravit

1880 4017 2018 4079 fieri,
2047 4026 2104 4069 ut
2137 4015 2182 4070 si
2211 4014 2503 4084 aliquando
2530 4014 2615 4069 vel
2654 4013 2742 4069 ille
2769 4013 2920 4085 llugo
2951 4014 3033 4067 vel
3060 4015 3146 4069 alii
3180 4024 3366 4069 contra
3397 4029 3460 4071 se
3547 4063 3556 4067 _

1876 4119 2196 4180 exui-gerent
2222 4106 2445 4172 inimici,
2469 4106 2657 4161 saltem
2684 4107 2734 4160 in
2755 4109 2889 4162 urbe
2910 4118 3015 4160 tam
3045 4108 3158 4175 ipse
3185 4123 3344 4178 quam
3371 4108 3457 4163 sui

1877 4208 2065 4254 contra
2100 4198 2285 4254 hostes
2309 4199 2609 4253 existerent
2636 4198 2806 4253 fortes
2835 4207 2887 4252 et
2915 4199 3115 4253 securi.
3144 4199 3285 4255 Ecce
3311 4201 3455 4256 bona

1875 4290 2134 4360 provisio,
2167 4304 2295 4345 ecce
2344 4297 2570 4358 paterna
2615 4288 2948 4352 sollicitudo,
2985 4303 3111 4344 ecce
3136 4277 3272 4358 opus
3315 4289 3458 4359 opti-

1878 4397 2025 4436 mum
2053 4382 2262 4437 civibus
2287 4390 2342 4436 et
2379 4381 2596 4437 rusticis
2630 4380 2786 4436 valde
2822 4381 3207 4443 necessarium,
3242 4381 3456 4438 scilicet

1874 4487 2171 4544 prcparare
2215 4481 2270 4528 et
2311 4471 2541 4526 ﬁdeliter
2580 4471 2813 4540 operari,
2850 4480 2909 4525 ut
2950 4471 3140 4528 domus
3184 4486 3295 4527 sure
3331 4489 3454 4528 cor-

1881 4657 2074 4711 urbem
2108 4655 2317 4725 possint
2347 4654 2586 4709 defendi.
2623 4653 2776 4708 Unde
2816 4653 3016 4707 eisdem
3061 4653 3270 4708 civibus
3302 4655 3458 4709 auxi-

1882 4745 2156 4809 liantibus,
2194 4753 2364 4800 totam
2409 4745 2461 4799 in
2508 4743 2741 4800 circuitu
2777 4743 3074 4808 civitatem,
3105 4742 3247 4796 vallo
3278 4743 3461 4814 ligneo

1881 4838 2032 4909 prius
2086 4837 2480 4907 compositam,
2526 4838 2638 4907 ipse
2682 4835 2969 4905 cpiscopus
3023 4836 3252 4889 munivit
3302 4851 3456 4890 muro

1880 4929 2093 5001 lapideo
2140 4929 2357 4995 fortius,
2401 4929 2621 4984 fossatis
2657 4928 2906 4982 relevatis
2940 4921 2994 4982 et
3026 4927 3274 4996 plurimis
3313 4927 3451 4982 inter

1885 5038 2100 5078 murum
2126 5023 2456 5079 coediﬁcatis
2479 5022 2744 5078 turribus.
2776 5019 3066 5076 Castellum
3113 5019 3279 5074 etiam
3318 5021 3407 5076 inf'

1883 5113 2178 5178 civitatem,
2207 5114 2258 5167 in
2288 5129 2396 5183 quo
2419 5125 2582 5170 erant
2613 5121 2666 5170 et
2702 5112 2943 5168 ecclesia
2971 5111 3141 5167 beata:
3177 5104 3417 5183 genitr‘s

1884 5204 1979 5260 Dei
2018 5215 2074 5261 et
2101 5179 2384 5261 cenobiutn
2418 5207 2593 5263 sancti
2619 5203 2902 5268 ~Autberti,
2931 5216 3086 5256 muro
3113 5179 3415 5257 excelsl‘lr‘

1885 5312 1962 5344 περ
1978 5297 2074 5344 vit.
2108 5297 2311 5344 fassam
2337 5297 2577 5344 relevata
2603 5297 2712 5344 alto
2738 5304 2791 5344 et
2818 5294 3061 5344 terribili.
3384 5305 3385 5308 ‘
