4026 5370
586 231 692 291 193

1535 233 1760 292 GESTA
1795 229 2213 293 PONTIFICUM
2254 237 2860 298 CAMERACENSIUM.

3735 249 3844 305 I96

583 329 744 404 ambo
772 345 1010 420 ingenui,
1057 347 1216 402 bonis
1251 347 1430 402 ornati
1480 348 1742 414 moribus,
1772 349 1932 404 ambo
1961 348 2152 420 repleti
2181 357 2227 418 Α
2259 359 2368 406 tum
2414 367 2633 410 suorum
2689 356 2985 412 salvatione
3037 356 3312 426 deputavit
3367 356 3548 414 alodia
3618 371 3718 414 sua
3771 366 3844 416 de

583 443 795 500 lervore
836 442 1002 496 divini
1032 442 1271 511 spiritus.
1299 441 1570 498 Ardentes
1597 457 1730 514 ergo
1755 459 1850 514 per
1887 442 2150 512 Spiritum

581 546 851 602 sanctum,
896 550 1063 606 seque
1107 535 1433 592 conﬁtentes
1457 537 1660 592 habere
1705 553 1866 592 unam
1905 537 2155 594 volunta—

581 636 690 683 tem
745 634 799 682 et
845 641 1011 690 unua)
1076 627 1340 692 animum,
1388 627 1722 682 confidenter
1766 629 2156 684 mandaverunt

580 721 754 791 ipsum
783 719 1098 791 episcopum
1133 721 1318 777 venire
1364 720 1471 776 illis
1523 722 1664 792 apud
1707 721 1966 778 Duacum.
1997 723 2155 779 Vole-

579 815 709 870 bant
735 813 880 868 enim
912 813 1030 882 ejus
1061 812 1291 868 consilio
1319 813 1494 868 locum
1521 814 1741 885 eligere,
1769 815 1857 870 ubi
1897 817 2006 870 Deo
2034 831 2157 886 pos-

579 913 702 960 sent
728 903 953 959 servire.
985 903 1044 958 In
1082 921 1180 958 suo
1213 905 1398 974 itaque
1431 905 1607 960 alodio
1653 907 1744 976 qui
1771 907 2158 978 Aquiscinctus

579 995 796 1060 dicitur,
828 996 881 1050 in
916 994 1036 1050 loco
1071 995 1289 1065 quidem
1331 996 1578 1052 horroris
1605 1007 1658 1052 ct
1687 1009 1854 1053 vasta:
1893 999 2148 1054 solitudi-

579 1086 687 1148 nis,
733 1085 1002 1152 quandam
1049 1086 1440 1142 edincaverunt
1481 1089 1782 1144 tecclesiam
1831 1105 2055 1146 assensu
2097 1101 2155 1147 et

578 1178 1014 1232 consideratione
1047 1177 1288 1246 ejusdem
1317 1180 1611 1249 pontiﬁcis,
1645 1181 1810 1236 immo
1831 1181 2053 1248 auxilio,
2088 1182 2155 1237 de

576 1269 694 1324 suis
725 1270 888 1324 rebus
931 1270 1186 1340 propriis.
1226 1269 1308 1325 Ab
1339 1271 1494 1327 initio
1521 1273 1664 1327 enim
1703 1289 1874 1342 usque
1906 1274 1958 1328 in
1992 1273 2153 1330 linem

577 1360 678 1416 fuit
719 1362 824 1416 illis
853 1363 1117 1418 militibus
1149 1349 1214 1416 ini
1246 1365 1458 1419 cunctis
1487 1364 1927 1422 editicationibus
1967 1365 2156 1422 tecele»

576 1454 671 1510 sia:
708 1455 1056 1511 coedilicator
1083 1457 1385 1529 episcopus.
1417 1459 1654 1514 Tandem
1683 1469 1876 1531 parata
1904 1461 2152 1526 ecclesia,

573 1558 630 1602 et
655 1549 741 1602 his
769 1564 892 1618 qua:
928 1549 994 1604 ad
1039 1550 1241 1604 cultum
1270 1545 1714 1606 ecclesiasticum
1757 1553 2034 1620 pertinent
2063 1554 2158 1608 de-

576 1647 766 1694 center
804 1641 1145 1708 compositis,
1195 1647 1250 1695 et
1289 1641 1490 1696 ibidem
1537 1641 1810 1711 deputatis
1857 1642 2053 1697 abbate
2100 1653 2154 1697 et

577 1727 882 1792 ruonacliis,
915 1731 1255 1784 consecravit
1276 1745 1396 1785 eam
1427 1731 1610 1801 presul
1633 1731 1956 1786 venerabilis
1986 1733 2036 1786 in
2067 1734 2151 1786 die

575 1817 781 1872 scilicet
827 1819 1001 1873 sancti
1036 1819 1272 1890 Dyonisii
1335 1820 1593 1891 martyris
1639 1819 1750 1892 (an.
1795 1821 1988 1891 4079),
2053 1823 2152 1878 sub

575 1909 796 1964 nomine
837 1918 894 1965 et
931 1911 1138 1965 honore
1182 1911 1359 1966 sancti
1411 1910 1714 1967 Salvatoris
1765 1911 1859 1967 Dei
1905 1913 2153 1982 omnipo-

579 2001 764 2056 tentis.
802 1999 956 2056 Tunc
991 2002 1218 2072 predicti
1263 2001 1768 2078 milites'Walterus
1803 2013 1858 2060 et
1895 2003 2152 2060 Siclierus

567 2091 925 2148 tradiderunt
961 2092 1027 2147 ad
1071 2107 1200 2149 usus
1231 2095 1619 2149 monachorum
1653 2095 1784 2150 inibi
1837 2097 1946 2150 Deo
1979 2097 2152 2151 fatuu-

576 2180 807 2237 lantium
845 2183 1020 2238 alodia
1069 2200 1186 2251 sua,
1226 2195 1400 2240 terras
1425 2199 1574 2251 suas,
1611 2201 1798 2242 servos
1821 2195 1876 2241 et
1925 2189 2152 2242 ancillas

577 2271 918 2340 et-quicquid
961 2273 1311 2342 possidebant
1355 2275 1407 2330 in
1445 2284 1610 2330 terra.
1661 2276 1906 2332 Tradidit
1938 2293 2151 2347 quoque

557 2361 776 2416 ibidem
801 2363 1054 2419 Ansellus
1085 2365 1152 2418 de
1193 2365 1576 2422 Ribodimonte
1602 2368 1758 2424 villas
1796 2370 1951 2434 duas,
1985 2371 2149 2424 Vcrc—

571 2453 728 2506 thum
763 2460 818 2507 et
845 2452 1285 2521 Obercieurlem;
1314 2455 1457 2527 quod
1477 2457 1694 2527 quidem
1723 2460 1852 2515 fecit
1881 2470 2152 2516 annuente

569 2544 844 2614 episcopo,
891 2553 1078 2616 utpote
1129 2563 1264 2617 quas
1313 2547 1368 2602 in
1417 2547 1575 2604 [eode
1631 2550 1850 2605 tenebat
1911 2551 1976 2605 de
2037 2551 2148 2604 illo.

571 2635 845 2691 Fecerunt
891 2637 963 2690 ibi
1005 2637 1096 2692 alii
1155 2639 1306 2693 multi
1351 2640 1517 2694 multa
1575 2642 1825 2706 donaria,
1860 2657 1980 2712 quae
2011 2643 2152 2697 idem

573 2725 866 2794 episcopus
887 2729 1226 2796 perpetuavit
1255 2727 1518 2786 fratribus
1557 2745 1656 2800 per
1689 2731 1995 2802 privilegia.
2029 2733 2148 2802 Ipsa

571 2829 702 2870 vero
757 2816 1132 2886 Aquicinensis
1175 2819 1418 2876 recclesia
1471 2821 1848 2877 Cameraeeusi
1896 2822 2153 2879 accolet-ite

572 2915 814 2961 eternam
845 2910 1090 2977 promisit
1111 2909 1472 2966 obedientiam
1497 2921 1551 2967 et
1579 2911 1985 2981 subjectionem.
2023 2913 2154 2971 Pro-

573 2995 722 3050 misit
757 2997 958 3066 pariter
994 2998 1298 3069 episc0pus,
1341 3017 1402 3056 se
1433 3002 1503 3055 ibi
1537 3019 1808 3072 nunquam
1849 3003 2152 3073 positurum

572 3087 857 3156 abbatem,
919 3090 1025 3145 nisi
1087 3106 1184 3161 per
1241 3095 1532 3150 eorundem
1595 3097 1980 3151 monachorum
2045 3063 2225 3152 elc-C

573 3181 830 3238 ctionem.

644 3272 696 3325 7.
731 3271 861 3328 Post
899 3274 1003 3330 hoc
1040 3291 1176 3347 opus
1221 3275 1434 3331 beatum
1474 3287 1528 3333 et
1568 3277 1900 3344 memoriale,
1947 3279 2156 3335 studuit

569 3361 859 3434 episc0pus
885 3363 1112 3421 diversis
1138 3369 1422 3424 conatibus
1467 3369 1519 3422 in
1550 3369 1785 3439 presenti
1824 3369 1935 3424 vita
1967 3385 2156 3442 prepa-

573 3467 736 3519 rare,
789 3457 931 3529 quod
992 3459 1262 3526 pertinere
1308 3459 1575 3514 intellexit
1613 3461 1681 3517 ad
1743 3460 2045 3530 profectum
2099 3471 2154 3517 et

571 3543 798 3626 salutem
833 3547 1026 3603 animae
1069 3565 1198 3605 suae.
1228 3549 1568 3621 Quapropter
1594 3566 1692 3621 pro
1735 3565 1835 3607 sua
1870 3561 1926 3607 et
1955 3566 2149 3622 paren-

2253 441 2542 498 Lietscinis
2589 453 2644 498 et
2670 446 2738 500 de
2781 444 3080 501 Wilrebem
3118 447 3172 500 in
3221 446 3471 504 Ecclesia
3509 449 3684 505 beata
3723 449 3842 508 lla-

2253 535 2367 590 riae.
2418 537 2574 592 Dedit
2633 540 2797 594 etiam
2849 539 3070 608 altaria,
3127 555 3360 612 quorum
3413 553 3582 602 certat
3627 545 3846 603 baban-

2255 633 2344 680 tur
2371 627 2544 698 (467),
2569 638 2624 682 et
2655 645 2878 686 necesse
2915 646 3022 686 non
3057 641 3143 688 est
3167 641 3226 688 ut
3254 634 3342 690 hic
3369 635 3732 691 nominentur.

2322 717 2373 771 8.
2415 717 2690 788 Hospitale
2741 735 3055 792 pauperum,
3097 723 3240 793 quod
3291 733 3376 780 est
3431 739 3590 782 secus
3634 727 3846 782 atrium

2253 817 2452 864 Sancta:
2475 808 2682 874 Crucis,
2713 821 2986 877 prostrato
3018 813 3204 879 veteri,
3235 813 3378 869 sicut
3415 831 3558 872 nunc
3585 825 3842 888 apparet,

2253 898 2554 966 renovavit,-
2585 907 2657 968 ‘et
2712 901 3030 970 capellulam
3087 917 3208 973 quae
3269 905 3486 960 inheret
3543 907 3840 976 hospita.i;

2253 1003 2414 1058 quam
2461 991 2513 1044 in
2549 991 2952 1062 sollempnitate
2999 997 3242 1050 omnium
3281 996 3665 1053 defunctorum
3713 1015 3845 1054 cum

2253 1080 2548 1135 venerabili
2588 1096 2825 1151 expensa
2873 1083 2980 1140 cibi
3005 1092 3062 1138 et
3087 1093 3246 1155 potus
3295 1090 3663 1155 consecravit,
3697 1097 3754 1144 et
3785 1097 3848 1143 ut

2254 1172 2328 1228 ibi
2389 1183 2636 1229 cantaret
2701 1176 3063 1245 parroCbialis
3125 1179 3392 1250 presbiter
3451 1181 3724 1236 dominica
3789 1188 3850 1236 et

2257 1277 2450 1333 quarta
2475 1275 2529 1319 et
2551 1276 2702 1320 sexta
2729 1267 2885 1332 feria,
2913 1267 3046 1324 duos
3077 1269 3284 1324 modios
3317 1270 3482 1325 tritici
3511 1272 3576 1326 de
3601 1272 3848 1327 eleemo-

2257 1356 2374 1410 sina
2403 1355 2684 1426 hospitalis
2713 1371 2809 1425 per
2845 1357 3087 1428 singulos
3128 1374 3301 1415 annos
3340 1359 3458 1415 dari
3495 1361 3598 1416 sibi
3629 1362 3848 1418 consti-

2260 1448 2404 1514 tuit;
2439 1449 2512 1501 ita
2553 1457 2610 1502 ut
2652 1448 2927 1518 presbiter
2964 1449 3105 1504 idem
3162 1459 3218 1506 et
3257 1450 3502 1506 inﬁrmos
3551 1453 3800 1506 visitaret
3829 1493 3845 1517 ,

2255 1537 2392 1590 etin
2437 1536 2656 1590 Christo
2705 1536 2980 1593 consultos
3025 1547 3080 1594 ct
3123 1540 3554 1596 communicatos
3589 1549 3846 1596 mortuos

2257 1627 2532 1696 sepeliret.

2182 1713 2227 1774 B
2323 1721 2376 1776 9.
2422 1720 2612 1776 Adhuc
2659 1737 2824 1776 unum
2871 1733 3048 1792 opus,
3101 1731 3164 1778 ut
3205 1725 3423 1795 sapiens
3457 1725 3798 1782 architectus
3827 1767 3843 1791 ,

2255 1811 2384 1866 fecit
2446 1812 2588 1868 idem
2657 1813 2985 1884 episcopus,
3051 1816 3191 1884 quod
3242 1815 3570 1872 laudandum
3623 1826 3712 1873 est
3775 1815 3846 1872 ab

2251 1903 2508 1959 omnibus
2555 1905 2965 1974 presentialiter
3009 1907 3416 1977 aspicientibus.
3461 1907 3846 1964 Venerabilem

2251 1994 2552 2050 aecclesiam
2579 1997 2751 2050 beatae
2779 1995 2964 2052 Maria:
2992 1997 3120 2052 olim
3151 1999 3488 2054 combustam
3519 2001 3840 2055 etdirutam

2253 2099 2284 2138 a
2311 2085 2488 2154 capite
2521 2085 2788 2156 superiori
2821 2101 2992 2157 usque
3013 2089 3082 2142 ad
3107 2089 3332 2144 chorum
3365 2090 3540 2146 sancti
3571 2090 3844 2147 Johannis

2252 2176 2475 2245 pulchre
2501 2186 2554 2230 et
2591 2179 2827 2234 honeste
2859 2179 3194 2236 reformavit.
3219 2181 3336 2251 ipsa
3361 2183 3506 2237 enim
3535 2183 3842 2254 laquearia,

2251 2265 2537 2336 plastrum,
2571 2268 2876 2338 brevesque
2913 2268 3182 2326 fenestras
3223 2271 3497 2342 longiores
3529 2274 3844 2337 renovavit,

2253 2359 2434 2429 capita
2470 2359 2886 2430 columpnarum
2919 2361 2972 2414 in
3005 2369 3240 2431 utroque
3275 2363 3446 2418 latere
3473 2361 3706 2432 turpiter
3733 2362 3844 2416 ﬁxa

2251 2458 2310 2504 et
2331 2458 2585 2518 corrupta
2609 2449 2866 2505 decenter
2887 2451 3190 2506 coronavit.
3224 2451 3648 2522 Comparaverat
3673 2453 3842 2508 etiam

2253 2539 2461 2595 colores
2509 2541 2744 2610 optimos
2789 2541 2856 2595 ad
2899 2542 3164 2612 agendam
3210 2543 3482 2612 picturam
3523 2557 3624 2612 per
3671 2552 3844 2597 totam

2252 2632 2589 2698 aacclesiam;
2624 2632 2718 2688 sed
2757 2631 2891 2688 heu!
2937 2633 3082 2688 inter
3120 2633 3390 2704 agendum
3439 2633 3640 2688 accidit
3695 2633 3848 2702 quod

2253 2732 2433 2780 morte
2461 2734 2758 2796 preventus
2781 2723 3002 2794 reliquit
3029 2725 3318 2795 inceptam.
3351 2724 3458 2781 Sed
3485 2725 3614 2795 quia
3647 2724 3849 2778 volun-

2255 2829 2337 2876 tas
2357 2821 2496 2876 bona
2523 2821 2664 2890 apud
2687 2821 2856 2876 Deum
2883 2835 3019 2890 opus
3045 2829 3131 2876 est
3157 2821 3482 2892 perlectum,
3501 2833 3693 2876 secure
3715 2832 3850 2872 cum

2253 2911 2531 2982 psalmista
2554 2921 2728 2981 potest
2754 2913 2936 2967 dicere
2965 2929 2980 2965 :
3011 2911 3258 2978 Domine,
3281 2912 3446 2966 dilexi
3476 2913 3715 2964 decorem
3741 2909 3848 2962 do-

2254 3019 2371 3056 mus
2398 3013 2502 3056 tute
2528 3011 2574 3056 et
2603 3001 2773 3058 locum
2809 3003 3148 3058 habitationis
3175 3002 3358 3072 gloria:
3395 3013 3520 3056 tuae.
3551 3001 3622 3055 Et
3665 2999 3850 3056 credi-

2257 3111 2400 3160 mus,
2431 3083 2558 3164 quia
2589 3093 2706 3162 ejus
2735 3095 2879 3150 Deus
2909 3096 3278 3161 miserebitur,
3317 3111 3440 3150 cum
3477 3096 3624 3148 dicat
3652 3093 3843 3146 divina

2256 3187 2419 3243 lectio
2450 3207 2461 3241 :
2494 3186 2594 3241 Ubi
2623 3199 2672 3242 te
2693 3189 2917 3252 invenio,
2951 3190 3024 3242 ibi
3053 3201 3102 3243 te
3119 3188 3394 3258 judica‘bo.
3425 3186 3587 3241 Rexit
3615 3185 3844 3256 episeo-

2255 3287 2440 3348 patum
2490 3293 2588 3348 per
2627 3294 2798 3334 annos
2843 3279 3080 3334 sedecim
3131 3289 3294 3348 atque
3339 3279 3645 3333 dimidium.
3691 3276 3848 3331 Obiit

2253 3371 2432 3442 pridie
2466 3369 2738 3424 Kalendas
2781 3370 3012 3441 Augusti
3055 3369 3169 3442 [αη.
3203 3369 3364 3439 1092)
3387 3369 3560 3438 (468),
3595 3367 3846 3436 sepultus

2255 3462 2311 3516 in
2365 3462 2544 3516 medio
2589 3459 2849 3516 aecclesia:
2902 3461 3095 3515 matris
3139 3459 3375 3515 Domini.
3433 3459 3622 3514 Divina
3671 3456 3842 3525 igitur

2255 3553 2604 3608 miseratione
2643 3550 2827 3605 anima
2865 3549 2984 3620 ejus
3016 3550 3326 3620 requiescat
3353 3549 3406 3603 in
3455 3561 3606 3619 pace.
3637 3547 3837 3600 Amen.

1017 3743 1474 3882 GESTA
1557 3743 2252 3860 MANASSIS
2313 3745 2518 3858 --ΕΤ
2606 3744 3372 3863 WALG'HEBI

1288 3961 1651 4021 EXCERPTA
1687 3965 1824 4020 PER
1850 3963 2238 4056 MONACHUM
2267 3963 2510 4022 SANCTI
2551 3961 2924 4022 GAUGEBICI
2955 3964 3048 4018 ³⁵⁸.

547 4147 554 4154 ’
643 4139 695 4194 Ι.
732 4136 860 4193 Post
897 4137 1045 4210 (£69)
1075 4145 1301 4200 mortem
1333 4135 1562 4195 Gerardi
1602 4133 1847 4210 episcopi
1890 4141 2055 4194 multa
2087 4152 2141 4196 et
2169 4131 2219 4191 D
2246 4149 2489 4210 persona:
2508 4138 2852 4210 eligerentur,
2877 4149 2998 4209 quae
3025 4137 3365 4210 postmodum
3390 4139 3580 4193 eodem
3613 4137 3828 4192 honore

543 4227 754 4300 'gravia
783 4229 920 4283 mala
949 4227 1088 4283 intra
1114 4238 1169 4283 et
1193 4237 1348 4284 extra
1376 4230 1564 4284 urbem
1591 4229 1947 4284 Cameracum
1985 4231 2143 4302 ltuth

575 4335 818 4392 tempore
848 4321 1184 4388 acciderunt,
1215 4337 1447 4392 quorum
1495 4321 1701 4378 scilicet
1739 4323 2001 4377 malorum
2031 4335 2146 4377 om-

573 4413 720 4467 niunt
751 4425 914 4467 causa
943 4419 999 4466 et
1033 4412 1183 4483 origo
1211 4410 1313 4466 fuit
1341 4411 1585 4477 ambitio,
1619 4414 1890 4483 superbia,
1909 4429 2010 4468 nec
2038 4429 2142 4468 non

573 4503 860 4560 insolentia
903 4504 1094 4558 matris
1122 4503 1382 4560 atcclesite
1428 4503 1838 4560 canonicorum.
1870 4503 1970 4571 Qui
2017 4504 2142 4558 dum

572 4611 631 4650 se
658 4595 976 4650 alterutrum
1016 4597 1256 4666 proferre
1293 4596 1650 4662 contendunt,
1685 4598 1812 4653 dum
1837 4597 1940 4652 sibi
1975 4597 2141 4652 alium

577 4685 682 4739 nisi
721 4675 964 4740 adsuunt
995 4685 1204 4741 libitum
1237 4701 1331 4741 seu
1372 4687 1716 4742 commodum
1757 4685 1998 4758 prazl'erri
2033 4702 2138 4742 non

537 4753 870 4868 \patiuntur,
909 4777 1172 4832 discordia
1214 4792 1402 4832 eorum
1448 4786 1632 4832 actum
1663 4753 1774 4842 est,
1803 4785 2140 4848 utquattuor

661 5023 682 5066 κ.

2251 4229 2627 4300 privarentur;
2687 4245 2792 4285 non
2848 4229 3023 4286 solum
3082 4238 3287 4293 autem,
3344 4227 3436 4282 scd
3492 4227 3658 4282 etiam
3713 4227 3836 4297 ipsa

2250 4330 2428 4376 mater
2473 4319 2886 4376 Cameracensis
2930 4319 3178 4374 aicclesia
3235 4317 3361 4372 filim
3409 4331 3544 4381 suae,
3594 4317 3700 4372 hoc
3749 4323 3840 4370 est

2249 4413 2622 4469 Atrebatensis
2665 4411 2957 4478 atcclesiai‘,
3011 4409 3350 4480 subjectione
3408 4417 3462 4464 et
3513 4406 3836 4463 obedientia

2249 4503 2651 4560 orbaretur'".
2697 4503 2826 4568 Quae
2869 4501 3121 4558 videlicet
3165 4501 3346 4555 omnia
3401 4497 3682 4568 multaque
3727 4497 3836 4551 alia

2252 4596 2392 4650 mala
2439 4595 2485 4651 si
2523 4594 2645 4666 quis
2673 4593 2883 4664 plenius
2925 4606 3086 4646 nosse
3113 4589 3365 4653 voluerit,
3399 4589 3568 4645 Gesta
3609 4585 3837 4656 pontii-

2247 4701 2370 4740 cum
2418 4685 2682 4754 requirat.
2725 4682 2834 4738 Nos
2875 4691 3056 4737 autem
3105 4679 3484 4736 successiones
3509 4677 3834 4747 pontiﬁcum

2247 4778 2314 4830 ab
2345 4774 2435 4830 illo
2463 4785 2706 4846 tempore
2727 4787 2898 4842 usque
2933 4773 3000 4827 ad
3037 4783 3266 4840 presens
3289 4777 3503 4838 tempus
3528 4781 3632 4837 per
3659 4779 3836 4824 annos

1873 4971 2100 5030 γΑιιιιΕ
2141 4975 2428 5032 LECTION
2437 4976 2540 5031 ES.

657 5111 952 5203 ﬁ-{itutum
975 5143 1335 5203 scripserimus.
1361 5131 1426 5187 In
1452 5135 1506 5188 7.
1529 5135 1606 5189 7'.
1635 5134 1746 5190 haec
1783 5134 1960 5188 omnia
1983 5133 2395 5203 prwcedentibus
2440 5132 2611 5189 Certis
2648 5131 2873 5186 ϐοτανάί
2911 5131 3154 5186 continuo
3200 5129 3402 5185 calamo
3451 5127 3830 5196 subjiciuntur,

611 5186 876 5260 αδδενδκὶηε
900 5186 1244 5268 πιαιιὸ,’ᾳιωεὶ
1279 5186 1436 5257 unum
1461 5186 1762 5274 less—etopus.
1791 5186 1800 5187 ί
1839 5186 2012 5258 miét
2043 5186 2340 5261 orbat—aest
2375 5186 2778 5274 superscriptum
2806 5205 2859 5256 in
2882 5203 2932 5256 7.

2065 5337 2197 5370 Nn'l"
2215 5333 2266 5370 Π
