4026 5370
234 282 330 339 197

995 282 1480 341 CONTINUATIO.
1515 313 1585 324 —
1620 280 1845 338 GESTA
1887 279 2226 336 MANASSIS
2263 281 2352 337 ET
2392 281 2780 339 WALCHERII

3385 290 3487 349 I98

234 397 404 452 ferme
447 405 673 450 centum
697 436 712 459 ,
766 397 868 450 hoc
913 404 998 450 est
1036 398 1105 450 ab
1155 413 1297 450 anno
1327 396 1588 451 incarnati
1645 395 1808 452 Verbi
1841 397 1887 456 Λ
1984 391 2038 445 4.
2067 391 2262 448 Beatus
2289 394 2434 467 (475)
2462 397 2726 466 siquidem
2758 384 3254 472 Gaugericusfqui,
3285 413 3343 459 ut
3369 421 3496 476 pre-

238 486 372 542 1090
421 502 602 556 usque
645 487 712 541 ad
758 503 957 541 annum
1012 488 1150 543 H80
1194 489 1505 543 summatim
1543 489 1826 560 designare

235 581 594 636 intendimus.

303 685 359 739 2.
402 685 578 756 Igitur
623 687 868 742 Gerardo
908 687 1146 741 secundo
1191 684 1591 756 defunctov(an.
1633 685 1818 756 1092).

231 777 321 844 qui
359 791 391 830 a
427 777 595 832 beato
620 777 859 832 Vedasto
889 777 1017 831 52M
1050 777 1427 832 Cameracensi
1465 787 1628 847 atque
1669 780 1826 833 Atre-

231 866 444 920 batensi
504 867 772 921 azcclesiae
830 866 1068 937 prefuit,
1107 866 1520 924 Cameracensis
1563 867 1823 924 aecclesia:

233 957 468 1022 clericis,
512 959 581 1011 ad
607 973 749 1027 quos
800 957 1054 1011 nimirum
1092 957 1398 1026 specialiter
1439 958 1669 1026 eligendi
1712 959 1827 1027 epi-

236 1064 460 1118 scopum
507 1065 644 1104 cura
685 1050 1008 1120 pertinebat,
1049 1050 1260 1104 diversa
1294 1050 1436 1104 inter
1460 1065 1518 1105 se
1547 1052 1824 1106 sentienti-

241 1142 362 1204 bus,
396 1141 550 1195 cives
593 1141 861 1195 adversus
891 1141 1013 1194 illos
1039 1141 1222 1195 animo
1259 1141 1515 1195 concitati
1547 1143 1818 1208 dixerunt,

233 1232 376 1299 quod
426 1246 590 1286 nemo
614 1234 722 1288 erit
769 1233 1073 1302 cpiscopus,
1117 1233 1216 1286 nisi
1248 1248 1408 1302 quem
1442 1233 1736 1303 imperator
1768 1243 1822 1288 et

231 1324 430 1378 melior
463 1341 595 1391 pars
624 1326 757 1380 cleri
787 1335 841 1379 et
874 1326 1052 1396 populi
1093 1326 1336 1394 elegerit.
1369 1326 1574 1392 Quibus
1599 1328 1816 1394 auditis,

231 1416 548 1484 prepositus
591 1416 856 1471 :ecclesia:
899 1417 1206 1485 preparavit
1247 1431 1305 1470 se
1349 1418 1416 1471 ad
1465 1417 1819 1472 deferendum

230 1503 545 1573 imperatori
578 1506 947 1575 pontificalem
975 1505 1251 1560 baculum.
1281 1505 1378 1561 Cui
1419 1517 1602 1562 custos
1633 1507 1818 1563 teet-le-

229 1597 324 1650 sia:
345 1611 649 1652 occurrens
676 1613 743 1652 ex
777 1598 1003 1653 adverso
1035 1600 1086 1652 in
1116 1599 1311 1654 faciem
1341 1601 1389 1653 ei
1432 1601 1657 1663 restitit,
1679 1601 1817 1667 juris

230 1689 312 1740 sui
344 1689 394 1742 id
419 1704 545 1744 esse
587 1689 870 1744 adserens.
905 1689 1002 1745 [iis
1043 1705 1175 1759 ergo
1218 1707 1318 1760 pro
1351 1692 1452 1745 hoc
1488 1693 1552 1744 ad
1587 1693 1814 1747 invicem

1929 483 2165 540 diximus
2205 502 2236 540 a
2279 486 2438 542 beato
2478 489 2712 545 Vedasto
2738 501 2962 561 quartus
2989 494 3203 565 utrique
3240 498 3352 554 sedi
3381 515 3503 569 pre-

1928 574 2052 644 fuit,
2079 579 2266 633 urbem
2299 579 2746 638 Cameracensem
2792 586 3024 656 amplius
3070 601 3230 657 quam
3275 590 3504 648 Atreba-

1927 676 2132 722 tensem
2185 669 2404 735 dilexit,
2451 671 2836 742 frequentavit,
2884 685 2938 731 et
2993 678 3242 735 habitare
3298 682 3356 736 in
3413 683 3503 739 illa

1925 758 2106 827 potius
2155 759 2257 814 sibi
2287 760 2515 829 placuit,
2544 764 2669 832 quia
2700 764 2941 834 profecto
2975 778 3027 824 et
3059 768 3235 826 clerus
3271 771 3504 828 honora-

1928 848 2034 902 tior
2066 858 2121 904 et
2149 853 2377 921 populus
2429 854 2482 909 in
2531 870 2594 909 ea
2643 859 2983 913 numerosior
3020 860 3336 918 habebatur.
3365 865 3504 921 Hinc

1924 948 2027 1006 est,
2059 944 2202 1010 quod
2238 943 2394 998 sedes
2423 943 2833 1004 Cameracensis
2866 950 3104 1021 quinque
3130 952 3292 1008 habet
3320 957 3502 1010 archi-

1924 1029 2211 1096 diaconos,
2261 1034 2633 1091 Atrebatensis
2676 1053 2805 1094 vero
2859 1042 3072 1096 nonnisi
3119 1044 3273 1100 duos.
3304 1044 3412 1101 Sed
3447 1055 3503 1100 ct

1922 1120 2043 1190 ipsa
2076 1124 2268 1179 civitas
2293 1140 2401 1194 prae
2437 1125 2556 1181 aliis
2586 1129 2807 1184 urbibus
2835 1131 3059 1200 pulchra
3085 1144 3167 1188 est
3196 1145 3249 1188 et
3276 1137 3496 1203 decora,

1922 1211 2062 1266 sicut
2099 1214 2154 1268 hi
2195 1215 2286 1282 qui
2334 1214 2707 1272 Jerosolimam
2761 1229 3006 1288 petentes
3055 1224 3297 1280 diversas
3337 1227 3501 1285 urbes

1921 1319 2340 1374 conspexerunt,
2372 1317 2718 1364 atlestantur.
2762 1312 2899 1366 Sunt
2924 1315 3140 1382 quidem
3169 1316 3351 1386 plures
3380 1318 3502 1374 alia

1922 1393 2258 1466 longitudine
2305 1406 2357 1452 et
2403 1399 2685 1454 latitudine
2733 1411 2896 1470 atque
2946 1405 3149 1461 divitiis
3181 1409 3500 1476 nobiliores,

1920 1487 2013 1541 sed
2041 1487 2144 1540 situ
2177 1498 2231 1542 et
2261 1489 2540 1544 dumorum
2573 1494 2960 1561 compositione
2992 1511 3096 1550 non
3128 1498 3221 1557 ita,
3251 1501 3498 1568 quamvis

1919 1576 2132 1654 crebris
2157 1578 2418 1634 incendiis
2448 1580 2726 1650 deturpata
2753 1584 3136 1664 sit..Asserunt
3160 1589 3344 1654 etiam,
3371 1593 3497 1662 quia

1923 1672 2043 1726 urbi
2078 1671 2448 1730 Jherosolinue
2483 1677 2628 1730 nulla
2679 1678 2906 1733 similior
2949 1681 3164 1736 existat.
3194 1681 3328 1737 Nam
3356 1687 3497 1740 sicut

228 1775 576 1847 “nantibus
600 1819 616 1844 ,
658 1781 822 1834 unius
874 1781 1002 1834 anni
1065 1755 1305 1851 sb'acijlm
1361 1791 1414 1837 et
1467 1798 1532 1837 eo
1587 1783 1817 1852 ampnus
1850 1755 1892 1814 Β
1921 1762 2052 1818 urbs
2081 1764 2532 1842 Jherosolimaab
2562 1769 2772 1825 oriente
2817 1770 2980 1825 habet
3011 1782 3248 1827 montem
3282 1773 3496 1842 Oliveti,

228 1866 465 1930 transiit,
503 1867 796 1936 ignorante
828 1869 1181 1940 imperatore,
1211 1870 1526 1925 defunctum
1565 1887 1688 1928 esse
1713 1873 1816 1929 Ge-

225 1955 446 2007 rardum
489 1955 830 2026 episcopum.
867 1958 1039 2024 Quam
1069 1960 1140 2013 ob
1178 1975 1291 2014 rem
1329 1961 1476 2015 cives
1504 1962 1651 2033 (ΠΟ)
1688 1978 1815 2033 egre

229 2041 500 2109 ferentes,
549 2048 694 2114 quod
748 2049 952 2102 tamdiu
1009 2049 1203 2104 civitas
1263 2059 1317 2104 et
1364 2053 1537 2120 patria
1587 2055 1814 2109 rectoris

231 2145 455 2188 careret
485 2137 817 2205 patrocinio,
870 2138 1138 2206 quendam
1168 2138 1562 2211 Francigenam
1594 2146 1813 2199 nomine

227 2221 518 2280 Hanassen
547 2226 854 2295 elegerunt.
895 2229 1068 2298 Super
1103 2233 1212 2300 quo
1239 2231 1423 2286 clerici
1462 2234 1620 2288 valde
1663 2234 1806 2289 indi-

238 2314 385 2382 gnati
411 2329 792 2372 convenerunt
825 2319 877 2373 in
925 2336 1115 2386 unum,
1144 2331 1198 2376 et
1228 2325 1558 2393 prepositum
1595 2328 1811 2382 nomine

222 2400 578 2458 lascelinum
605 2406 909 2476 elegerunt.
941 2409 1162 2465 Civibus
1183 2421 1365 2466 autem
1393 2413 1519 2469 huic
1559 2413 1808 2471 electioni

223 2497 757 2564 contradicentibus,
787 2499 970 2556 clerici
998 2517 1160 2558 sensu
1187 2515 1242 2558 et
1279 2505 1478 2561 virtute
1519 2508 1700 2562 cordis
1729 2507 1809 2562 in-

223 2583 391 2650 ﬁrmi,
433 2586 694 2644 facillime
743 2595 1224 2666 cesserunt..(471).
1273 2597 1477 2652 Deinde
1517 2599 1664 2654 cives
1703 2600 1808 2656 duo

221 2677 555 2732 candelabra
594 2691 859 2750 argentea
895 2683 964 2738 30
1003 2699 1216 2741 marcas
1245 2691 1531 2756 pensantia
1577 2699 1632 2744 et
1673 2685 1806 2745 cati-

222 2779 348 2818 cem
406 2783 634 2824 aureum
681 2773 710 2826 7
769 2789 1074 2828 ntarcarum
1128 2776 1197 2830 ab
1240 2778 1484 2834 tecclesia
1534 2779 1802 2847 tollentes,

217 2855 396 2911 eiecto
428 2875 533 2914 suo
574 2860 822 2918 Manasse
867 2865 1155 2932 dederunt;
1204 2882 1323 2936 qtue
1371 2869 1460 2924 ille
1511 2871 1802 2941 accipiens,

217 2953 464 3018 perrexit
485 2955 554 3008 ad
586 2969 852 3010 cesarem.
874 2958 918 3010 A
948 2975 1054 3028 quo
1080 2976 1187 3015 non
1214 2962 1430 3017 inventa
1460 2966 1654 3034 gratia,
1679 2980 1803 3020 cum

214 3041 363 3110 quali
393 3056 544 3098 veste
573 3046 756 3102 fuerat
785 3048 1083 3117 profectus,
1115 3068 1236 3106 cum
1282 3054 1370 3108 tali
1413 3057 1576 3109 etiam
1609 3065 1692 3111 est
1720 3072 1798 3111 re-

216 3151 434 3192 versus.
468 3138 598 3195 Jure
625 3157 860 3212 namque
899 3147 965 3199 ab
992 3158 1222 3216 angusto
1256 3157 1340 3203 est
1372 3150 1637 3220 repulsus,
1669 3165 1800 3220 quo-

213 3228 361 3283 niam
398 3247 429 3285 a
467 3234 665 3302 populo
693 3239 958 3294 canonice
998 3255 1338 3312 nequaquam
1367 3245 1543 3298 fuerat
1575 3246 1796 3301 electus.

212 3317 515 3391 Propterea
566 3327 786 3394 gravior
830 3329 1099 3385 discordia
1143 3333 1344 3386 civium
1391 3336 1652 3389 adversus
1690 3337 1800 3391 cle-

212 3425 339 3465 rum
372 3413 518 3469 facta
555 3425 658 3480 est,
703 3419 1107 3489 arbitrantium,
1139 3425 1281 3492 quod
1309 3424 1557 3495 factione
1586 3427 1797 3482 illorum

213 3500 420 3557 factum
473 3517 638 3571 esset,
681 3518 740 3564 ιιι
792 3510 1000 3568 electus
1043 3529 1172 3570 suus
1217 3515 1490 3573 Manasses
1539 3535 1568 3572 a
1613 3535 1797 3574 cesare

215 3596 531 3664 repudiatus
564 3601 756 3657 fuisset
785 3603 956 3674 (472).

283 3705 338 3759 5.
387 3708 755 3767 Veruntamen
786 3715 910 3770 dum
943 3717 1020 3772 sic
1043 3733 1224 3774 secum
1259 3721 1523 3790 rixantur,
1557 3723 1682 3778 dum
1720 3726 1794 3780 ita

215 3809 404 3851 contra
444 3815 505 3854 se
550 3803 879 3874 disceptant,
927 3808 1260 3879 inopinatum
1309 3813 1506 3868 malum
1557 3825 1613 3870 et
1657 3833 1794 3874 onus

211 3890 373 3944 nimis
397 3907 570 3962 grave
601 3898 847 3966 utrisque
893 3901 1127 3957 advenit.
1172 3904 1559 3962 Atrebatenses
1591 3910 1791 3965 etenim

211 3985 504 4039 occasione
546 3986 707 4056 hujus
760 3997 869 4043 tam
918 3992 1140 4048 diutinae
1182 3996 1534 4052 dissensionis
1574 3999 1788 4068 elevati,

211 4074 439 4129 consilio
486 4076 630 4131 inter
674 4094 732 4134 se
777 4082 981 4148 habito,
1031 4087 1342 4155 episc0pum
1390 4087 1668 4160 elegerunt
1696 4106 1792 4145 no-

210 4163 351 4217 mine
374 4163 726 4223 Lambertum
757 4173 870 4241 (an.
903 4173 1084 4246 1095).
1118 4177 1234 4244 Quo
1265 4176 1409 4233 facto
1434 4180 1791 4235 Cameracen-

211 4264 296 4306 ses
321 4253 590 4324 indignati
625 4269 773 4324 sunt,
805 4264 1114 4319 conturbati
1159 4276 1305 4332 sunt,
1334 4271 1591 4323 commoti
1623 4280 1784 4336 sunt;

211 4345 380 4411 pudor
401 4357 458 4400 et
482 4348 634 4403 dolor
657 4355 1015 4423 apprehendit
1038 4373 1154 4425 eos,
1173 4361 1300 4429 quia
1330 4362 1436 4416 lilia
1461 4365 1513 4417 in
1538 4374 1785 4431 matrem,

1918 1854 1994 1908 sic
2023 1856 2184 1910 etiam
2216 1858 2344 1912 urhs
2369 1857 2774 1915 Cameracensis
2803 1861 2870 1915 ab
2904 1863 3114 1918 oriente
3154 1863 3314 1919 habet
3347 1881 3497 1920 mon-

1919 1954 2026 1998 tem
2077 1947 2166 2016 qui
2207 1957 2431 2002 vocatur
2476 1965 2633 2004 mons
2680 1952 2848 2006 sancti
2895 1951 3198 2024 Gaugerici.
3250 1955 3317 2009 Et
3355 1957 3495 2012 sicut

1915 2036 2186 2092 dominica
2214 2039 2266 2112 in
2304 2040 2470 2095 ramis
2496 2041 2795 2112 palmarum
2826 2059 2920 2097 rex
2947 2053 3000 2098 et
3030 2045 3339 2123 patriarcha
3368 2063 3490 2104 cum

1913 2126 2058 2183 clero
2093 2137 2148 2182 et
2193 2131 2389 2200 populo
2433 2133 2731 2202 procedunt
2777 2135 3126 2191 ascendentes
3176 2137 3229 2192 in
3257 2149 3494 2193 montem

1915 2216 2128 2286 Oliveti,
2180 2221 2362 2293 ibique
2413 2223 2618 2292 palmas
2661 2225 2953 2294 accipiunt,
3003 2228 3199 2296 quibus
3255 2231 3496 2300 acceptis

1910 2309 2134 2370 veniunt
2161 2310 2213 2364 in
2251 2311 2440 2366 vallem
2477 2311 2758 2384 Josaphat,
2798 2315 2886 2369 ubi
2927 2316 3122 2384 legitur
3149 2321 3491 2391 evangelium

1911 2409 1965 2455 et
1991 2416 2171 2457 sermo
2203 2401 2262 2456 ﬁt
2309 2403 2374 2458 ad
2420 2406 2676 2475 populum
2709 2424 2721 2460 :
2753 2407 2827 2462 ita
2874 2408 3116 2478 profecto
3163 2421 3218 2465 et
3265 2411 3320 2466 in
3355 2413 3494 2468 urbe

1911 2490 2291 2548 Cameracensi
2321 2495 2506 2550 eadem
2543 2496 2660 2566 ipsa
2700 2499 2784 2553 die
2820 2509 3009 2554 cuncta
3059 2502 3295 2560 civitatis
3329 2503 3486 2559 turba

1909 2581 1963 2636 in
1993 2599 2156 2638 unum
2190 2584 2440 2653 collecta,
2482 2603 2604 2642 cum
2655 2589 2865 2644 clericis
2895 2593 3098 2660 pariter
3125 2599 3178 2647 et
3207 2593 3488 2650 monachis

1907 2674 2280 2743 procedentes,
2303 2677 2670 2746 supradictum
2695 2688 2928 2734 montem
2957 2681 3273 2747 ascendunt,
3305 2682 3486 2753 ibique

1906 2764 2085 2834 palme
2112 2767 2501 2840 benedicuntur
2523 2779 2575 2824 et
2597 2771 3010 2826 distribuuntur.
3039 2773 3244 2830 Dehinc
3265 2775 3486 2830 descen-

1905 2853 2094 2924 dentes
2129 2866 2357 2926 pergunt
2386 2858 2452 2911 ad
2477 2868 2722 2914 sanctum
2756 2860 3132 2931 Sepulchrum,
3165 2873 3219 2919 et
3265 2864 3318 2918 in
3347 2867 3486 2922 atrio

1905 2944 2144 3013 ejusdem
2174 2947 2417 3002 ecclesia:
2448 2950 2600 3018 quasi
2636 2951 2688 3003 in
2724 2951 2858 3005 valle
2888 2950 3149 3023 Josaphat
3195 2954 3484 3010 stationem

1909 3032 2141 3102 faciunt;
2179 3037 2249 3092 ibi
2277 3040 2440 3094 etiam
2472 3041 2668 3112 legitur
2713 3045 3076 3114 evangelium,
3119 3056 3174 3100 et
3217 3062 3394 3102 sermo
3427 3048 3484 3101 fit

1857 3146 1873 3161 ι
1907 3126 1974 3179 ad
2005 3129 2283 3197 populum.
2321 3130 2374 3184 In
2406 3131 2574 3188 latere
2603 3145 2782 3188 autem
2823 3137 3048 3205 pretlicti
3081 3139 3299 3205 montis,
3329 3142 3482 3209 quasi

1904 3217 1957 3271 in
1991 3219 2246 3275 Bethania
2271 3263 2284 3289 ,
2316 3224 2558 3280 mcclesia
2591 3229 2760 3280 sancti
2810 3226 2998 3283 anari
3040 3231 3286 3297 habetur,
3328 3231 3481 3299 juxta

1901 3323 2063 3374 quam
2097 3310 2339 3366 habitant
2370 3313 2585 3383 leprosi.
2620 3317 2786 3372 Porro
2819 3318 2870 3372 in
2918 3321 3030 3388 ipsa
3064 3320 3194 3375 urbe
3234 3322 3478 3378 teeclesia

1900 3403 1983 3448 cst
2027 3408 2226 3452 sancta:
2279 3401 2369 3455 Dei
2418 3404 2723 3474 genitricis.
2758 3406 2995 3461 aecclesia
3030 3418 3230 3463 sancta:
3258 3411 3478 3480 Crucis,

1897 3475 2139 3542 terclrsia
2195 3491 2366 3545 sancti
2418 3493 2728 3562 Sepulchri,
2779 3506 2833 3550 et
2882 3497 2998 3550 alim
3048 3509 3271 3568 septem.
3327 3499 3477 3558 Ultra

1898 3590 2091 3646 pontes
2121 3596 2248 3635 vero
2271 3593 2424 3636 extra
2463 3595 2673 3655 portam
2704 3587 2946 3642 :ecclesia
2974 3598 3055 3642 est
3084 3590 3254 3643 sancti
3284 3589 3474 3645 Salva-

1889 3670 2048 3742 toris.
2076 3671 2213 3737 Quid
2241 3672 2312 3703 ³⁸³
2338 3684 2515 3729 autem
2546 3677 2610 3730 de
2642 3676 2886 3732 libertate
2915 3678 3073 3748 hujus
3093 3679 3242 3734 urbis
3261 3680 3476 3736 dicam?

1885 3750 2370 3833 -non'.episcopus,
2409 3782 2516 3821 non
2567 3768 2859 3838 imperator
2913 3771 3241 3825 taxationem
3293 3773 3345 3826 in
3409 3788 3474 3829 ea

1896 3849 2060 3916 fecit,
2116 3868 2219 3906 non
2247 3843 2528 3910 tributum
2575 3859 2640 3912 ab
2683 3875 2746 3914 ea
2798 3860 3058 3930 exigitur,
3103 3877 3209 3917 non
3245 3862 3475 3932 denique

1896 3940 2195 3995 exerritum
2227 3958 2292 3996 ex
2321 3960 2381 3999 ea
2413 3947 2624 4013 educit,
2657 3951 2761 4004 nisi
2795 3953 3167 4008 tantummodo
3195 3953 3264 4008 ob
3291 3953 3475 4009 defen-

1893 4029 2100 4086 sionem
2135 4035 2302 4099 urbis,
2340 4037 2530 4093 ethoc
2576 4039 2671 4106 ita,
2720 4050 2777 4095 ut
2823 4043 3008 4097 eadem
3053 4043 3138 4098 die
3169 4045 3235 4098 ad
3282 4046 3478 4102 domos

1892 4133 2020 4173 suos
2047 4120 2260 4192 valeant
2306 4127 2524 4180 reverti.
2575 4127 2753 4198 Nuper
2794 4131 3010 4200 quidem
3055 4143 3296 4203 tempore
3322 4134 3471 4190 Petri

1894 4209 1988 4264 lilii
2017 4208 2335 4269 Theoderici
2381 4217 2595 4275 comitis
2644 4220 2942 4289 Flandriae,
2974 4224 3064 4292 qui
3110 4235 3232 4293 post
3272 4224 3468 4281 Nicho-

1891 4298 2033 4356 laum
2070 4303 2242 4359 fuerat
2271 4307 2479 4364 electus
2524 4311 2576 4366 in
2616 4313 2981 4383 episcopatum
3011 4315 3167 4371 istius
3199 4317 3367 4382 urhis,
3396 4347 3467 4358 ~—

1820 4442 1863 4499 D
1893 4409 1997 4447 non
2027 4397 2242 4465 quidem
2271 4403 2554 4467 canonice,
2593 4420 2715 4459 nam
2762 4406 2902 4460 infra
2931 4415 3168 4474 aetatem,
3200 4408 3339 4463 infra
3377 4426 3466 4464 or-

1891 4487 2045 4541 dines
2098 4500 2218 4545 erat
2249 4523 2320 4531 —
2365 4494 2522 4562 hujus
2580 4496 2797 4567 inquam
2855 4508 3093 4570 tempore
3145 4501 3465 4558 Fredericus

1889 4577 2184 4648 imperator
2211 4582 2262 4636 in
2291 4580 2634 4654 expeditione
2665 4590 2922 4644 adversus
2951 4591 3158 4646 Italiam
3190 4592 3464 4663 profectu-

1887 4684 1999 4735 rus,
2031 4674 2305 4729 mandavit
2350 4678 2448 4732 sibi
2480 4681 2765 4749 pecuniam
2797 4683 2972 4747 mitti;
3002 4684 3094 4738 sed
3143 4685 3242 4740 hoc
3286 4701 3462 4754 neque

1884 4756 2020 4828 ipse,
2056 4779 2230 4833 neque
2258 4766 2394 4823 alius
2444 4781 2568 4825 ante
2599 4770 2680 4824 vel
2709 4780 2831 4841 post
2875 4773 3022 4829 illum
3061 4773 3251 4832 fecisse
3281 4776 3462 4848 perhi-

1880 4847 2057 4907 betur.

1493 4926 1728 5000 vARI/E
1767 4949 2168 5022 LECTluNES.

284 5008 355 5041 ³³³
383 5012 515 5080 Quid
535 5049 603 5058 —
629 5021 960 5091 perhibetur
985 5023 1038 5080 in
1065 5030 1278 5086 scedula
1300 5042 1484 5089 assuta
1507 5008 1914 5173 εεΙιίὺειΙῶΤίὲ

212 4435 473 4507 discipula
504 4456 669 4512 super
711 4455 942 4501 matrem
993 4465 1393 4520 presumpscrat
1427 4456 1634 4524 erigere
1673 4471 1787 4510 cer-

210 4526 381 4580 vicem
407 4546 422 4594 ;
461 4546 652 4603 nempe
677 4551 707 4588 a
743 4537 932 4592 multis
961 4551 1106 4595 retro
1133 4545 1485 4613 temporibus,
1514 4553 1568 4599 et
1593 4546 1788 4601 fortas-

211 4617 286 4670 sis
315 4634 343 4671 a
373 4621 567 4678 diebus
603 4625 747 4682 beati
797 4629 1107 4700 Gaugerici,
1151 4636 1243 4703 qui
1292 4648 1516 4704 quartus
1562 4655 1590 4691 a
1628 4640 1786 4693 beato
1869 4649 1875 4654 “

214 4706 442 4767 Yedasto
466 4717 679 4786 utrique
704 4722 823 4774 sedi
852 4723 1069 4791 prefuit,
1101 4725 1205 4780 tale
1233 4728 1360 4798 qttid
1383 4730 1451 4783 ab
1475 4731 1553 4785 eis
1585 4746 1784 4801 nequa-

211 4815 368 4870 quam
394 4806 569 4863 fuerat
592 4823 989 4884 oresumptum.

1111 5187 1134 5216 Δ
1151 5187 1316 5216 Itium“.
1392 5189 1458 5216 Π..
1473 5211 1515 5216 μ.-
1534 5211 1551 5216 -
1563 5213 1585 5216 _

284 5167 426 5216 mm
470 5173 592 5216 llum
643 5180 852 5216 ,σι-ηιξ-
907 5180 1043 5216 οιιιιιρ
