4026 5370
660 288 663 297 l

554 310 620 367 £9

623 310 654 367 9

625 422 655 454 κ

549 513 825 585 pedictunt
874 521 1112 567 montem
1158 527 1184 565 a
1219 511 1448 582 quodam
1490 510 1745 581 burgario
1774 506 2128 577 comparavit,

550 615 607 663 et
634 606 745 661 illic
769 604 1069 661 acclcsiam
1111 604 1212 657 sub
1252 604 1460 657 honore
1502 609 1556 657 et
1593 600 1808 657 nomine
1840 599 1983 655 beati
2014 597 2128 654 Me—

551 696 707 750 dardi
754 694 1096 759 construxit,
1153 693 1514 763 adunatisque
1569 691 1850 747 monachis
1908 689 2127 745 fratrem

552 802 707 841 suum
757 787 973 841 nomine
1022 784 1331 840 Landouem
1386 784 1492 839 illis
1543 782 1791 853 prefecit.
1831 783 1888 837 ln
1939 782 2129 836 eadem

551 894 766 948 quoque
792 878 1017 933 basilica
1049 879 1237 932 beatus
1284 876 1616 947 Gaugericus
1663 874 1905 944 sepultus
1941 880 2045 937 est,
2077 878 2131 927 et

554 972 898 1041 sepulchrum
950 969 1067 1040 ejus
1109 970 1378 1040 hodieque
1418 968 1751 1024 venerationi
1796 967 2043 1021 habetur.
2071 964 2129 1021 Si

554 1071 735 1117 autem
765 1063 959 1133 aliquis
986 1069 1200 1132 querat,
1229 1062 1497 1132 quomodo
1523 1060 1589 1115 ab
1614 1060 1802 1114 ordine
1830 1057 2130 1113 monastico

557 1153 625 1207 ad
656 1154 961 1208 clericalem
989 1153 1214 1215 venerit,
1250 1151 1434 1223 paucis
1455 1151 1755 1221 expediam.
1789 1148 1930 1202 Deus
1958 1146 2133 1202 omnia»

555 1253 770 1314 potens.
796 1244 1022 1314 diligens
1048 1244 1313 1314 justitiam
1361 1249 1416 1298 et
1447 1242 1571 1296 odio
1616 1240 1821 1295 habens
1869 1239 2129 1309 iniquita-

556 1345 687 1400 tem,
722 1331 938 1406 ﬂagitiis
963 1346 1018 1390 et
1049 1334 1379 1391 facinoribus
1427 1333 1843 1388 christianorum
1870 1329 2129 1397 offensus,

555 1426 626 1480 ad
654 1427 1047 1496 correptioncm
1073 1426 1285 1481 illorum
1313 1424 1542 1495 arripuit
1580 1425 1790 1493 virgam
1820 1422 2015 1477 furoris
2045 1422 2131 1478 sui

554 1526 610 1573 et
654 1518 931 1579 baculum.
961 1528 1177 1588 gentem
1225 1518 1475 1573 videlicet
1515 1530 1873 1588 paganorum,
1902 1515 2006 1571 hoc
2048 1520 2131 1572 est

553 1608 855 1675 Hunorum,
886 1608 1317 1665 Normannorum
1360 1619 1416 1664 et
1457 1609 1683 1664 aliorum
1726 1608 2001 1664 similium.
2028 1607 2131 1677 Qui

555 1701 782 1756 diversis
806 1702 1138 1773 temporibus
1182 1719 1213 1756 a
1260 1701 1372 1757 suis
1417 1701 1614 1757 finibus
1640 1710 1924 1767 exeuntes,
1957 1710 2130 1758 terras

552 1784 738 1847 Gallia:
762 1764 1241 1864 atqueGermaniae
1264 1793 1603 1859 invaserunt,
1632 1792 1797 1848 urbes
1828 1804 1883 1848 et
1911 1794 2130 1848 castella
2160 1764 2205 1823 Β

556 1880 962 1949 subvertentes,
1003 1883 1151 1940 viros
1199 1899 1322 1940 cum
1358 1883 1674 1938 mulieribus
1716 1884 2129 1945 interemerunt.

556 1971 824 2028 Ecclesias
861 1988 1075 2045 quoque
1099 1990 1164 2031 ac
1205 1976 1537 2031 monasteria
1581 1975 1822 2029 virorum
1850 1976 2051 2043 pariter
2079 1981 2135 2030 et

558 2063 842 2120 mulierum
889 2066 1269 2134 incendentes,
1298 2081 1391 2123 eos
1434 2076 1781 2123 necaverunt.
1812 2067 2051 2137 Denique
2080 2068 2130 2122 iu

558 2154 785 2209 cenobio
810 2155 965 2210 nobis
998 2157 1208 2221 vicino,
1242 2158 1345 2212 hoc
1373 2166 1456 2212 est
1486 2156 1832 2223 Altimontis,
1863 2164 2134 2213 trecentos

558 2246 717 2299 simul
745 2250 1036 2304 monachos
1062 2251 1486 2315 trucidaverunt,
1509 2250 1599 2320 qui
1628 2249 1680 2305 iu
1712 2265 1822 2306 ttno
1850 2248 2134 2321 poliandro

559 2337 666 2393 illic
715 2341 906 2410 sepulti
942 2342 1306 2412 requiescunt.
1350 2341 1529 2398 Simili
1570 2342 1729 2396 modo
1768 2342 1934 2398 etiam
1969 2355 2133 2396 ceno-

555 2429 702 2484 bium
746 2435 919 2488 sancti
973 2433 1233 2500 Medardi,
1259 2436 1427 2506 quod,
1469 2444 1529 2489 ut
1557 2434 1913 2505 prediximus,
1944 2434 2135 2491 beatus

556 2519 886 2591 Gaugericns
936 2525 988 2579 in
1038 2526 1350 2596 supradicto
1395 2536 1578 2581 monte
1605 2535 2013 2590 construxerat,
2041 2527 2135 2582 dc-

557 2622 822 2669 structum
856 2614 1020 2671 fuisse
1048 2633 1077 2670 a
1120 2616 1415 2684 majoribus
1463 2617 1791 2686 accepimus.
1824 2616 2023 2672 Verum
2065 2631 2133 2672 ne

558 2701 680 2770 quis
712 2710 839 2759 tunc
866 2706 1112 2761 crederet
1148 2706 1233 2760 vel
1264 2707 1441 2761 adhuc
1471 2708 1689 2775 credat,
1717 2708 1857 2777 quod
1895 2723 1988 2761 sua
2021 2707 2132 2761 vir-

560 2802 673 2848 tute
697 2804 751 2849 et
780 2811 883 2851 non
915 2800 1095 2867 potius
1124 2799 1216 2854 Dei
1248 2799 1525 2854 voluntate
1573 2808 1736 2869 atque
1779 2799 2133 2869 permissioue

560 2891 767 2942 tantam
809 2888 1023 2944 urbium
1054 2900 1110 2946 et
1155 2892 1520 2948 accclesiarum
1550 2893 1972 2949 destructionem
2018 2901 2134 2947 tan-

561 2986 781 3049 tamque
810 2989 1043 3052 stragem
1090 2981 1529 3049 christianorum,
1576 2999 1680 3038 non
1728 2984 1902 3037 solum
1937 2997 2131 3053 pecca-

560 3077 761 3136 torum,
805 3072 898 3127 sed
946 3074 1107 3129 etiam
1151 3075 1420 3144 justorum
1475 3076 1943 3146 perpetraverint,
1976 3083 2031 3131 et
2075 3084 2134 3167 ut
2159 3105 2203 3167 ο

562 3165 939 3233 peccatoribus
964 3166 1179 3236 quidem
1208 3169 1274 3222 ad
1306 3169 1698 3239 purgationem,
1725 3164 1887 3235 justis
1912 3178 2040 3221 vero
2066 3166 2133 3221 ad

562 3269 821 3309 coronam
871 3257 991 3313 talis
1035 3267 1292 3330 tantaque
1342 3258 1561 3316 afﬂictio
1605 3259 1914 3331 proveniret
1948 3275 1960 3311 :
1992 3258 2132 3313 lluni

562 3345 787 3401 sabbato
817 3358 1006 3405 sancto
1032 3352 1219 3405 urbem
1268 3350 1449 3406 Mettis
1485 3352 1990 3413 circumdederunt,
2040 3348 2135 3406 sed

564 3436 840 3492 murorum
861 3440 1116 3497 ﬁrmitate
1140 3440 1438 3497 dilIidcutes
1459 3444 1711 3498 recedere
1732 3440 2132 3512 disposuerunt.

562 3525 806 3599 Cumque
836 3531 1213 3597 discederent,
1253 3534 1433 3588 statim
1477 3543 1610 3588 nutu
1658 3533 1840 3589 divino
1866 3533 2006 3588 muri
2047 3547 2138 3588 co-

565 3635 681 3673 ram
731 3622 811 3676 eis
862 3632 1203 3679 corruerunt.
1254 3625 1355 3696 Ipsi
1404 3632 1584 3680 autem
1630 3624 1895 3681 intrantes
1946 3625 2135 3679 urbem

565 3712 995 3779 succenderunt,
1043 3715 1377 3771 habitatores
1424 3714 1541 3785 ejus
1589 3713 1997 3769 interemerunt.
2042 3710 2139 3767 Vc-

568 3811 848 3859 ruutameu
880 3805 1182 3862 azcclesiam
1214 3808 1353 3863 beati
1387 3807 1841 3879 protbomartyris
1876 3798 2138 3876 Stephani

565 3893 854 3951 incendere
884 3897 1185 3955 nullatenus
1212 3899 1518 3954 Valuernnt.
1546 3897 1842 3953 Voluerunt
1887 3896 2101 3964 quidem
2119 3935 2134 3959 ,

565 3986 660 4040 sed
687 3986 813 4056 quia
856 3987 1103 4044 Christus
1135 3989 1324 4055 noluit,
1358 4006 1463 4044 nou
1498 3996 1808 4058 potuerunt.
1839 3988 1959 4042 Alio
2006 4003 2140 4057 quo~

565 4090 671 4144 que
702 4085 940 4147 tempore
972 4076 1263 4133 Normanni
1288 4078 1536 4134 similiter
1575 4077 1799 4133 sabbato
1823 4086 2013 4132 sancto
2043 4094 2137 4132 ur-

563 4167 689 4223 bem
754 4166 1073 4224 Namnetem
1134 4169 1481 4236 invadentes,
1547 4170 1858 4241 episcopum
1924 4182 2137 4224 sacrum

562 4260 829 4330 baptisma
879 4261 1242 4317 celebrantem
1292 4277 1401 4316 una
1456 4277 1577 4318 cum
1635 4262 1782 4317 clero
1834 4260 2038 4332 pariter
2087 4269 2142 4315 et

560 4352 760 4423 populo
795 4360 1159 4423 peremerunt.
1198 4416 1201 4417 ν

1515 296 1738 362 essm
1770 286 2188 361 PONTIFICUM
2225 292 2833 357 causascausruu.

623 422 678 478 5.
717 420 1020 477 Notandum
1053 420 1282 487 interea,
1305 420 1429 490 quia
1462 421 1653 475 beatus
1687 416 2021 487 Gaugericus
2043 429 2129 470 se-
2152 420 2208 481 Α
2230 428 2426 469 novem
2454 415 2726 470 mcclesias
2766 416 2820 469 ln
2880 414 3083 472 honore
3134 426 3333 476 sanch
3382 421 3477 478 Dei
3524 426 3810 497 genitricis

3698 305 3809 363 ωε)

2232 514 2323 560 aut
2354 506 2609 561 fundasse
2638 517 2732 562 aut
2772 522 3055 578 reparasse
3099 521 3380 580 narratur;
3427 532 3654 587 quarum
3692 536 3806 576 una

2231 604 2315 651 est
2340 595 2742 665 Viceliacensis,
2769 600 2820 654 in
2848 615 2951 670 qua
2974 616 3166 672 corpus
3191 606 3362 661 beatae
3390 607 3569 664 Maria:
3593 610 3811 685 Magda-

2232 682 2354 740 iene
2381 685 2449 739 ab
2481 688 2613 743 urbe
2635 688 2876 759 Aquensi
2913 692 3146 748 delatum
3171 705 3227 751 et
3256 697 3368 753 illic
3397 701 3666 771 sepultum
3690 682 3811 759 rna-

2232 793 2335 851 gna
2398 781 2819 838 christianorum
2860 784 3145 843 devotione
3202 788 3600 862 frequentatur.
3654 797 3813 853 Alter

2232 884 2383 936 vero,
2432 871 2535 926 hoc
2575 881 2659 926 est
2708 889 2805 928 rex
2848 874 3099 942 Karolus,
3137 881 3391 936 tredecim
3424 885 3697 942 meclesias
3751 888 3807 942 in

2230 963 2435 1019 honore
2473 963 2613 1019 beati
2659 964 2804 1021 Petri
2836 969 3060 1038 apostoli
3094 969 3345 1026 similiter
3380 984 3472 1028 aut
3500 978 3812 1033 construxit

2232 1063 2326 1108 aut
2356 1057 2711 1123 restauravit;
2751 1073 2979 1129 quarum
3009 1061 3219 1118 scilicet
3260 1081 3365 1120 una
3390 1077 3472 1123 est
3496 1070 3810 1139 supradicta

2230 1146 2475 1215 basilica,
2505 1164 2690 1220 quam,
2712 1159 2769 1205 ut
2792 1150 2905 1220 jam
2936 1154 3193 1220 diximus,
3222 1169 3441 1214 sanctus
3467 1160 3811 1232 Gaugericus

2232 1238 2285 1294 in
2314 1239 2519 1295 honore
2546 1242 2721 1297 sancti
2766 1242 3001 1298 Mcdardi
3033 1255 3428 1312 construxerat,
3459 1252 3552 1305 sed
3582 1267 3610 1305 a
3646 1268 3813 1321 paga-

2230 1330 2317 1385 nis
2347 1339 2556 1387 vastata
2603 1331 2799 1388 fuerat.
2830 1332 2977 1389 Hanc
3019 1350 3149 1406 ergo
3181 1353 3275 1393 rex
3323 1339 3551 1395 Karolus
3596 1345 3812 1397 restau-

2231 1433 2382 1483 rans,
2416 1420 2623 1475 nomini
2651 1429 2707 1476 et
2752 1422 2942 1477 honori
2975 1424 3113 1479 beati
3144 1418 3293 1481 Petri
3342 1429 3567 1498 apostoli
3615 1431 3812 1486 inlitus

2231 1509 2394 1577 lavit;
2434 1520 2649 1567 centum
2681 1528 2895 1583 quoque
2940 1518 3231 1574 canonicos
3275 1520 3469 1576 ibidem
3507 1524 3723 1593 posuit,
3755 1533 3813 1581 et

2230 1599 2311 1655 eis
2341 1609 2555 1655 centum
2591 1604 2891 1670 prebendas
2936 1606 3219 1674 delegavit.
3252 1611 3455 1667 Idcirco
3487 1615 3812 1672 anniversa-

2233 1689 2372 1744 rium
2403 1691 2645 1761 ejusdem
2677 1692 2818 1763 regis
2865 1709 2963 1763 per
3006 1712 3175 1752 annos
3228 1701 3467 1772 singulos
3516 1704 3568 1758 in
3614 1706 3811 1760 eadem

2232 1779 2477 1835 tecelcsia
2505 1780 2562 1834 2.
2594 1779 2730 1836 Non.
2763 1780 2884 1837 Oct.
2927 1784 3296 1857 sollempuiter
3326 1791 3522 1859 agitur.
3557 1792 3673 1848 Hoc
3712 1795 3816 1866 igio

2233 1879 2322 1927 tur
2346 1876 2504 1928 modo
2535 1874 2705 1928 isdem
2735 1873 2885 1930 locus
2911 1877 2979 1931 ab
3026 1879 3214 1935 ordine
3258 1885 3555 1939 monastico
3587 1886 3655 1940 ad
3702 1886 3814 1941 cle-

2232 1955 2454 2019 ricalem
2497 1962 2752 2028 devenit,
2786 1972 2841 2020 et
2882 1980 2914 2020 a
2966 1967 3186 2024 nomine
3231 1972 3402 2025 sancti
3451 1971 3688 2028 Medardi
3742 1973 3813 2029 ad

2231 2070 2430 2111 nomen
2459 2055 2602 2111 beati
2631 2055 2779 2112 Petri
2810 2060 3078 2114 transivit.
3107 2060 3259 2128 Quod
3287 2074 3467 2120 autem
3500 2082 3642 2122 nunc
3668 2068 3811 2122 beati

2231 2143 2518 2215 Gaugeriei
2568 2147 2787 2203 nomine
2833 2149 3127 2216 vocitatur,
3159 2152 3278 2209 ideo
3323 2153 3386 2208 ﬁt
3431 2156 3652 2227 utique,
3682 2159 3811 2227 quia

2234 2235 2402 2292 isdem
2452 2236 2641 2291 beatus
2690 2237 2970 2295 confessor
2999 2241 3052 2296 in
3084 2243 3270 2298 eadem
3309 2245 3534 2301 basilica
3566 2248 3814 2317 sepultus

2233 2326 2438 2395 fuerat;
2464 2329 2655 2385 deinde
2703 2331 2979 2387 miraculis
3015 2333 3442 2392 clarescentibus
3469 2353 3667 2408 corpus
3692 2336 3813 2407 ejus

2232 2419 2301 2475 de
2326 2420 2615 2491 sepulchro
2643 2422 2910 2479 elevatqu
2933 2434 2990 2480 et
3016 2427 3068 2480 in
3102 2425 3305 2484 feretro
3330 2440 3586 2501 argenteo
3616 2447 3814 2486 recon‘

2232 2512 2425 2578 dilum,
2479 2522 2627 2569 retro
2680 2515 2850 2570 altare
2883 2516 3026 2571 beati
3064 2519 3208 2574 Petri
3251 2521 3302 2573 in
3348 2520 3608 2576 eminenti
3656 2523 3812 2587 loco,

2231 2603 2392 2659 sicuti
2420 2603 2471 2657 in
2504 2604 2898 2672 presentiarum
2927 2608 3190 2672 cernitur,
3221 2609 3612 2666 honorabiliter
3640 2612 3816 2665 colloa

2233 2706 2414 2750 catum
2442 2704 2543 2750 est.
2569 2697 2754 2752 Altare
2787 2713 3001 2767 quoque
3036 2700 3089 2753 in
3129 2700 3246 2771 ejus
3276 2701 3484 2756 honore
3518 2711 3642 2757 ante
3672 2702 3817 2758 fere-

2232 2796 2375 2840 trttm
2408 2786 2576 2857 ipsius
2602 2798 2977 2843 consecratum
3005 2801 3118 2856 est;
3163 2794 3257 2846 sed
3303 2801 3357 2845 et
3386 2790 3527 2847 aliud
3554 2793 3727 2848 altare
3760 2795 3815 2847 in

2233 2878 2405 2948 cripta
2450 2877 2606 2947 juxta
2647 2878 2991 2948 sepulchrum
3036 2881 3178 2936 illius
3226 2882 3530 2937 dedicatum
3570 2894 3674 2939 est.
3710 2885 3817 2938 Ve-

2234 2978 2520 3023 runtamen
2576 2968 2751 3024 honor
2792 2978 2953 3040 atque
2991 2973 3223 3043 dignitas
3268 2975 3579 3045 principalis
3624 2975 3818 3032 altaris

2234 3073 2442 3114 necnon
2473 3060 2635 3114 etiam
2666 3062 2827 3116 totius
2854 3062 3113 3118 aecclesize
3158 3066 3315 3120 beato
3361 3064 3521 3122 Petro
3561 3071 3816 3138 apostoto

2237 3151 2494 3205 remansit
2541 3158 2596 3204 et
2643 3162 2923 3221 permanet
2971 3170 3141 3224 usque
3172 3156 3236 3223 in
3289 3157 3607 3213 hodiernum
3643 3159 3815 3213 diem.

2235 3242 2371 3299 Hinc
2416 3252 2500 3299 est
2544 3244 2686 3313 quod
2730 3244 2783 3299 in
2832 3246 3206 3315 rogationibus
3255 3250 3505 3304 monachi
3553 3250 3820 3305 :Bccles::e

2235 3334 2491 3389 dominici
2521 3334 2791 3405 sepulchri
2819 3336 2886 3391 ad
2908 3336 3131 3391 eandem
3157 3337 3432 3392 basilicam
3460 3340 3821 3408 procedentes

2236 3424 2559 3496 injngressu
2582 3424 2821 3493 ejusdem
2847 3425 3103 3481 tecclcsia:
3126 3427 3473 3496 antiphonam
3495 3429 3818 3499 imponunt:

2239 3513 2318 3569 Tu
2342 3532 2394 3570 es
2422 3527 2604 3587 pastor
2626 3518 2829 3581 ovium;
2858 3526 2914 3572 ct
2939 3517 3010 3571 ita
3049 3520 3318 3572 cantando
3348 3520 3398 3572 in
3431 3520 3656 3574 chorum
3687 3537 3821 3577 con»

2237 3605 2535 3672 venientes,
2564 3605 2893 3677 subjnngunt
2918 3606 3127 3675 vigilias
3155 3618 3206 3662 et
3228 3608 3509 3664 collectam
3532 3609 3600 3665 de
3627 3612 3821 3667 eodem

2238 3694 2497 3764 apostolo.

2308 3784 2364 3839 7.
2422 3784 2517 3839 His
2569 3785 2642 3840 ita
2695 3787 2983 3843 occasione
3030 3790 3388 3858 separationis
3441 3791 3823 3848 Atrebatensis

2238 3877 2497 3934 mcclesite
2528 3894 2557 3933 a
2594 3887 2767 3934 matre
2812 3895 2907 3935 sua
2951 3880 3328 3936 Cameracensi
3374 3885 3619 3939 :ecclesia
3652 3886 3823 3939 inter-

2239 3970 2466 4038 positis,
2512 3970 2580 4024 ad
2628 3971 2961 4041 propositum
3012 3984 3369 4029 revertamur.
3411 3976 3606 4032 Dolens
3656 3978 3823 4046 igitur

2240 4059 2652 4115 Cameracensis
2676 4062 2946 4123 :ccclesia.
2976 4061 3387 4120 Atrebatenscm
3425 4084 3453 4120 a
3484 4082 3543 4121 se
3575 4082 3700 4123 esse
3736 4084 3823 4124 se-

2242 4162 2504 4222 paratam,
2537 4153 2793 4208 domnum
2819 4152 3167 4210 Walcherum
3198 4157 3639 4213 archidiaconum
3664 4174 3825 4213 suum

2245 4244 2296 4297 in
2328 4244 2638 4314 episcopum
2667 4244 2846 4314 elegit,
2871 4259 3097 4315 sperans
3120 4247 3307 4316 procul
3328 4248 3511 4314 dubio,
3538 4250 3826 4316 prudentia

2245 4344 2409 4405 atque
2463 4336 2717 4390 instantia
2772 4337 2913 4391 illius
2944 4339 3243 4408 predictam
3292 4340 3615 4396 divisionem
3665 4357 3825 4412 posse

637 4446 689 4498 6.
720 4443 1015 4515 Castigatis
1050 4444 1216 4514 igitur
1244 4443 1387 4508 filiis,
1416 4453 1469 4499 et
1499 4444 1576 4499 eis
1601 4458 1698 4515 per
1727 4458 1862 4513 quos
1895 4441 2137 4511 castigati

2249 4425 2603 4495 rediutegrari
2637 4425 2806 4498 (474).
2830 4426 3048 4480 Electus
3080 4440 3259 4482 autem
3279 4428 3433 4499 juxta
3464 4444 3674 4485 morem
3705 4446 3813 4501 per

560 4537 781 4592 fuerant
812 4539 1013 4607 duplici
1044 4539 1369 4594 contritione
1410 4538 1685 4603 contritis,
1729 4535 2006 4592 suscitavit
2042 4534 2145 4587 Do-

565 4629 749 4685 minus
779 4630 924 4686 viros
961 4630 1064 4686 sibi
1100 4630 1349 4694 devotos,
1384 4627 1663 4699 temporali
1698 4626 1934 4696 potentia
1979 4623 2147 4677 subli-

565 4733 701 4782 mes,
740 4718 940 4774 divitiis
979 4728 1035 4773 et
1077 4719 1423 4774 facultatibus
1470 4716 1782 4785 locupletes,
1809 4713 1899 4784 qui
1932 4728 1994 4767 ea
2025 4726 2144 4781 qua:

563 4809 775 4865 inimici
802 4811 919 4881 ejus
949 4827 1045 4865 sua
1076 4810 1289 4866 feritate
1319 4818 1373 4865 et
1404 4809 1634 4871 malitia,
1660 4806 1784 4860 licet
1812 4805 1903 4859 Dei
1932 4803 2143 4874 justitia

561 4908 616 4952 et
666 4900 1043 4970 permissioue,
1074 4902 1482 4966 destruxcrant,
1513 4897 1612 4968 ipsi
1644 4911 1737 4952 sua
1770 4894 2054 4950 devotione
2088 4903 2169 4948 et'

565 4988 879 5045 divitiarum
913 4992 1240 5047 abundantia
1283 4991 1384 5048 sibi
1416 5005 1446 5045 a
1475 4990 1584 5044 Deo
1630 4987 1859 5055 benigne
1886 4999 2141 5039 concessa

1773 5077 1984 5116 i'nnrnm
2039 5076 2142 5112 Πο-

570 5090 883 5116 Prinne-arani
939 5082 978 5116 ῐὲ
1010 5084 1202 5116 III-"uua
1239 5084 1344 5116 Ann
1379 5082 1738 5116 παιανιΙῖοεῖΜῖ

2250 4517 2391 4572 rexit
2421 4518 2487 4572 ad
2521 4532 2793 4585 cesarem;
2839 4520 2928 4588 qui
2975 4520 3229 4589 quoniam
3253 4527 3305 4588 gn
3336 4521 3480 4578 clere
3522 4532 3578 4577 et
3630 4523 3831 4594 populo

2248 4610 2510 4665 canonice
2543 4610 2718 4664 fuerat
2741 4611 2964 4676 electus,
2998 4612 3064 4666 ab
3091 4621 3318 4683 augusto
3347 4628 3562 4683 quoque
3589 4623 3675 4669 est
3705 4631 3831 4686 gra-

2252 4709 2431 4754 tanter
2461 4708 2625 4769 atque
2661 4700 2962 4755 honorifice
2992 4712 3260 4772 receptus.
3306 4702 3536 4757 Donavit
3582 4705 3752 4758 etiam
3780 4706 3829 4759 ei

2248 4788 2620 4859 cpisc0patum
2671 4790 2878 4858 pariter
2903 4797 2960 4843 et
2987 4792 3323 4860 _comitatum
3372 4792 3525 4847 urbis
3569 4792 3832 4847 Camera-

2248 4880 2445 4933 censis.
2480 4878 2677 4934 Verum
2710 4878 3000 4934 Walcbero
3028 4881 3093 4934 ad
3132 4882 3513 4951 imperatorem
3544 4896 3833 4954 pergente,

2251 4970 2635 5024 Atrebatenses
2685 4984 2899 5040 quoque
2951 4986 3072 5025 cum
3126 4986 3223 5025 suo
3287 4971 3463 5027 electo
3521 4972 3831 5028 Romanum

2249 5061 2559 5116 noutilicem
2616 5062 2883 5116 adierunt.
2935 5071 2990 5115 et
3027 5064 3490 5116 consecrationem
3541 5063 3715 5116 iusius
3765 5067 3834 5116 ab
