4026 5370
201 317 296 372 201

922 319 1396 376 (ΣΟΝΤΙΝΠΛἸἸΟ.
1431 351 1500 360 -ο
1539 320 1760 376 (ἱΕδΤΛ
1805 321 2140 378 MANASSIS
2181 325 2264 380 ΕΤ
2309 326 2693 385 WALCIIHIH.

3350 343 3454 398 E02

201 459 254 506 ει
287 466 316 505 a
351 453 492 518 suis.
533 455 624 510 me
654 455 862 512 “mea
885 453 1188 518 Camena,
1221 454 1318 508 iste
1343 463 1521 508 amem
1545 454 1784 506 mrem“
1817 441 1860 496 Α
1893 441 2018 490 tunc
2051 435 2344 504 habuisset,
2379 441 2558 510 utique
2601 443 2974 499 Cameracensi
3009 462 3262 518 episcopo
3289 455 3454 508 ratio.

199 554 320 592 cum
373 539 592 596 honore
645 551 926 612 susceptus
971 551 1054 596 cst
1101 541 1288 611 (675).
1335 537 1544 608 Quibus
1589 542 1784 612 gestis,

203 625 530 684 Walcberus
579 646 608 684 a
649 630 898 685 Remensi
947 630 1352 700 archiepiscopo
1396 630 1626 700 gratiam
1675 645 1786 688 sua

201 719 636 774 consecrationis
683 719 958 774 humiliter
1001 719 1301 788 requisivit.
1335 719 1784 790 ArcbiepiscOpus

201 813 379 859 autem
414 807 628 876 absque
653 807 864 862 licentia
889 809 1085 862 summi
1115 808 1382 878 pontificis
1409 809 1498 880 qui
1525 808 1784 864 Lambec-

203 905 310 950 tum
337 897 452 968 jam
485 907 926 964 consecraverat,
951 899 1054 954 hoc
1085 899 1262 956 facere
1299 917 1404 956 non
1437 903 1780 972 presumpsit.

203 985 350 1042 Tunc
393 986 726 1043 Walcherus
771 989 1046 1044 Urbanum
1093 1005 1284 1060 papam
1335 991 1508 1060 petiit,
1555 1001 1608 1046 et
1642 991 1784 1060 apud

199 1091 318 1130 cum
349 1078 582 1146 gratiam
615 1077 824 1132 invenit
849 1079 1013 1150 (476).
1051 1080 1290 1148 Denique
1328 1081 1523 1134 litteris
1559 1081 1701 1135 illius
1728 1090 1783 1136 et

201 1165 410 1218 duobus
441 1165 695 1232 tesﬁbus,
729 1167 831 1224 hoc
877 1178 959 1222 est
999 1169 1042 1222 Τ
1049 1185 1340 1226 uronorum
1376 1171 1782 1242 archiepiscopo

199 1265 252 1305 et
279 1253 476 1309 abbate
498 1256 678 1310 sancti
723 1255 918 1322 Basoli,
949 1259 1234 1328 perceptis,
1265 1259 1552 1314 Remorum
1604 1263 1774 1316 archi-

199 1345 452 1415 episc0po
495 1361 554 1402 se
605 1350 972 1418 presentavit;
1010 1351 1206 1422 quibus
1263 1351 1352 1406 ille
1386 1351 1656 1422 acceptis,
1711 1351 1780 1406 ad

199 1435 658 1491 consecrationem
722 1437 1128 1494 Cameracensis
1177 1439 1414 1514 episcopi
1477 1457 1535 1497 se
1584 1457 1778 1514 prepa-

197 1521 356 1576 ravit.
383 1523 444 1578 In
471 1524 586 1594 ipso
612 1533 796 1580 autem
841 1529 1266 1586 consecrationis
1311 1531 1536 1588 articulo
1567 1532 1775 1600 scpedi—

197 1621 314 1664 ctus
361 1611 642 1669 Manasses
694 1618 1036 1686 supervenit,
1071 1630 1126 1675 et
1153 1622 1378 1676 eandem
1408 1623 1776 1678 consecratio-

195 1717 316 1756 nem
349 1703 468 1758 ﬁeri
497 1707 851 1766 contradixit.
885 1711 983 1778 Qui
1010 1727 1039 1766 a
1077 1712 1489 1782 metropolitano
1515 1719 1570 1767 et
1597 1711 1778 1782 coepi-

197 1796 382 1868 scopis
411 1795 526 1870 ejus
554 1803 924 1868 examinatus,
951 1805 1451 1860 excommunicatus
1479 1813 1562 1860 est
1607 1814 1662 1864 et
1709 1805 1776 1860 ab

198 1891 426 1945 ecclesia
453 1893 729 1962 expulsus.
767 1895 1186 1952 Consceratione
1213 1895 1375 1966 igitur
1413 1895 1778 1964 sollempuiter

197 1991 438 2050 peracta,
475 1983 796 2041 Walchcrus
821 2002 942 2040 eum
987 2003 1118 2056 pace
1142 1995 1198 2042 et
1231 1987 1423 2058 gaudio
1451 1989 1517 2042 ad
1561 1989 1776 2058 prepria

199 2073 508 2136 revertitur,
543 2083 597 2129 et
625 2091 655 2128 a
689 2076 803 2131 suis
825 2091 946 2130 cum
979 2077 1180 2132 honore
1209 2087 1264 2132 et
1301 2077 1469 2131 letitia
1501 2079 1774 2148 recipitur,

197 2165 542 2219 cantantibus
569 2165 785 2221 clericis
831 2167 1202 2236 antiphonam,
1245 2165 1482 2220 Christus
1508 2184 1776 2236 ream-grus

199 2269 264 2305 ex
287 2258 528 2321 mortuis,
544 2257 660 2325 jam
685 2273 789 2311 non
821 2259 1043 2311 moritur
1070 2257 1238 2328 (477).

269 2341 318 2396 8.
347 2343 696 2402 Postmodum
735 2349 884 2420 (478)
917 2357 1098 2404 autem
1125 2348 1448 2406 Walcherus
1497 2350 1778 2421 episcopus

201 2433 475 2491 Urbanum
499 2443 690 2508 papam
721 2440 878 2504 adiit,
909 2450 962 2495 ct
985 2441 1378 2512 querimoniam
1402 2441 1466 2496 de
1488 2441 1778 2496 amissione

197 2528 580 2585 Atrebatensis
603 2530 864 2586 :rcclesia:
895 2529 1040 2586 fecit.
1093 2531 1190 2587 Cui
1251 2531 1497 2586 Urbanus
1527 2528 1776 2586 alTectum

195 2617 590 2685 compassionis
611 2633 716 2674 non
739 2633 891 2684 vere,
917 2621 1188 2686 sed,sicut
1211 2628 1393 2691 postea
1418 2619 1632 2684 claruit,
1660 2621 1780 2676 ﬁcte

199 2705 594 2770 demonstrans,
633 2709 879 2779 utrisque
907 2711 1194 2782 episcopis,
1217 2709 1509 2765 Walchero
1531 2711 1780 2766 videlicet

197 2803 254 2849 et
287 2795 602 2865 Lamberto,
630 2800 773 2854 diem
801 2809 858 2856 et
884 2801 1060 2857 locum
1085 2801 1402 2872 designavit,
1447 2801 1538 2856 ubi
1585 2802 1650 2855 de
1677 2801 1778 2856 hoc

199 2898 438 2945 tractare
465 2891 710 2947 deberet.
747 2893 956 2960 Quibus
1005 2895 1468 2960 convenientibus,
1501 2893 1779 2951 liomanus

197 2979 434 3049 pontifex
465 2997 495 3036 a
527 2983 906 3040 Cameracensi
955 2985 1210 3056 episcopo
1253 2994 1522 3042 trecentas
1569 3001 1780 3042 marcas

199 3067 300 3123 sibi
325 3070 446 3124 dari
479 3071 654 3140 petiit.
709 3073 973 3144 EpiscOpo
1002 3083 1182 3130 autem
1219 3075 1321 3130 hoc
1357 3084 1668 3141 recusante,
1697 3075 1779 3130 in-

199 3155 460 3225 dignatus
511 3174 648 3229 papa
697 3161 1009 3216 submonuit
1059 3160 1346 3218 nefandum
1409 3161 1782 3218 Manassen—

203 3263 321 3302 nam
349 3265 584 3318 presens
613 3251 798 3308 aderat
823 3283 894 3296 —-
917 3263 1161 3325 repetere
1196 3255 1561 3326 episc0patum
1593 3255 1786 3312 Came-

201 3357 504 3398 racensem.
539 3343 690 3412 Quod
711 3346 838 3400 dum
867 3345 1102 3412 fecisset,
1137 3345 1459 3403 Walcherus
1497 3347 1564 3401 ad
1598 3349 1780 3402 omnia

201 3433 480 3503 sapienter
501 3443 666 3503 atque
695 3436 1092 3491 rationabiliter
1124 3437 1431 3507 respondit,
1463 3435 1645 3491 dicens
1667 3435 1780 3491 Ma-

203 3537 393 3578 nassen
419 3539 452 3578 a
481 3523 642 3580 laicis
669 3535 858 3582 contra
909 3541 1145 3583 canones
1190 3528 1456 3583 introsum
1483 3536 1537 3581 et
1569 3527 1688 3582 ideo
1716 3525 1783 3580 ab

207 3611 530 3681 imperatore
545 3613 1068 3685 justerepudiatum,
1095 3631 1124 3671 a
1147 3617 1555 3687 metropolitano
1571 3631 1784 3687 quoque

205 3711 254 3756 et
277 3705 620 3775 coepiscOpis
637 3707 755 3778 ejus
775 3711 1140 3764 examinatum
1157 3711 1746 3766 etexcommunicatum
1766 3725 1780 3774 ;

203 3805 260 3846 se
293 3803 480 3849 autem
513 3811 542 3848 a
575 3796 726 3852 clero
772 3807 827 3852 et
877 3800 1075 3868 popqu
1122 3799 1385 3854 canonice
1429 3798 1682 3864 electum,
1713 3801 1782 3854 ab

209 3895 432 3956 augusto
461 3893 518 3938 et
561 3901 700 3956 papa
753 3891 1130 3958 approbatum,
1183 3905 1212 3942 a
1269 3889 1682 3958 metropolitano
1727 3897 1784 3943 et

207 3977 538 4046 coepiscopis
582 3976 700 4044 ejus
730 3973 972 4048 legitime
993 3989 1389 4042 consecratum,
1431 3979 1618 4034 eodem
1643 3993 1780 4049 papa

211 4063 304 4120 hoc
337 4079 440 4134 per
467 4065 680 4121 litteras
721 4065 968 4136 iubente,
1005 4067 1342 4123 Turonorum
1377 4068 1783 4138 archiepiscopo

209 4163 260 4208 et
317 4155 514 4211 abbate
571 4157 748 4212 sancti
797 4156 976 4212 Basoli
1018 4159 1265 4214 testibus.
1337 4157 1546 4224 Quibus
1598 4149 1780 4223 dictls',

209 4259 446 4300 sumus
493 4247 735 4315 pontifex
773 4249 1005 4318 denegat
1050 4250 1254 4305 omnia.
1311 4248 1662 4318 Stupentibus
1691 4249 1780 4318 qui

213 4335 450 4402 aderant,
483 4345 538 4392 et
579 4337 892 4394 dicentibus
943 4340 1238 4394 secundum
1292 4352 1526 4394 canones
1557 4338 1642 4408 agi
1689 4338 1782 4392 de-

1885 526 2140 580 nabiliter
2185 529 2364 586 dicere
2416 534 2714 600 potuisset:
2769 554 2788 587 ι
2824 535 3036 604 Frater,
3077 539 3242 596 babes
3289 559 3454 602 unum

1885 615 2269 684 episcopatum,
2299 628 2354 674 et
2401 620 2530 676 itlud
2563 635 2709 680 certe
2767 640 3019 694 magnum
3063 629 3312 690 sullicere
3357 636 3452 692 tibi

1886 705 2072 772 debet;
2123 715 2180 762 et
2206 711 2452 778 quamvis
2497 713 2564 768 ab
2607 715 2637 768 i.
2665 715 2760 770 it’o
2812 733 3006 788 usque.
3033 736 3176 776 nunc
3223 734 3454 796 utraque

1885 795 2040 850 sedes
2074 797 2162 852 uni
2191 799 2444 870 episcopo
2475 805 2735 872 parur-rit,
2787 815 2966 864 tamen
2990 811 3114 880 quia
3165 795 3450 886 modojam

1885 884 1990 940 duo
2013 896 2138 940 sunt
2158 889 2392 960 episcopi
2417 896 2736 962 consecrati,
2760 897 2832 950 ita
2857 913 3174 968 permanere
3195 884 3454 975 perpetuo

1885 985 2058 1030 ratum
2112 993 2230 1034 esse
2275 981 2524 1048 decerno,
2559 987 2810 1054 quoniam
2866 990 3265 1060 episcopatuum
3297 997 3453 1052 sedes

1883 1077 2116 1132 mutare,
2137 1071 2483 1142 conjungere,
2500 1089 2591 1128 seu
2617 1077 2942 1148 disjungerc,
2961 1083 3126 1138 sol'us
3150 1089 3452 1156 apostolicae

1883 1157 2025 1212 sedis
2077 1169 2158 1212 est
2193 1167 2552 1234 prcrogativa.
2605 1186 2622 1218 ι
2657 1168 2711 1220 Si
2767 1170 2870 1225 hoc
2915 1188 3160 1232 summus
3209 1179 3449 1246 pontifex

1882 1245 2126 1312 dixisset,
2153 1266 2310 1304 nemo
2356 1267 2478 1306 eum
2510 1255 2579 1308 ob
2605 1257 2704 1312 hoc
2731 1257 2876 1324 juste
2907 1245 3285 1336 calumpniari,
3320 1271 3450 1339 quin

1881 1336 2058 1403 potius
2077 1335 2298 1392 laudare
2325 1341 2619 1408 debuisset,
2639 1345 2682 1398 si
2715 1349 2958 1405 videlicet
2981 1335 3206 1424 singulis
3231 1335 3452 1413 sedibus

1880 1425 2119 1498 singulos
2149 1429 2388 1485 dedisset
2439 1433 2742 1502 pontiﬁces.
2790 1439 2858 1493 At
2911 1455 3039 1496 vero
3071 1444 3192 1514 quia
3231 1457 3452 1518 propter

1880 1525 2126 1586 negatam
2177 1521 2455 1588 pecuniam
2487 1525 2794 1593 episcopum
2841 1532 3098 1586 canonice
3135 1534 3364 1590 electum
3397 1547 3452 1592 et

1879 1603 2020 1660 illius
2045 1617 2297 1677 precepto
2325 1622 2700 1668 consecratum
2747 1626 2852 1669 tam
2877 1619 3100 1690 abrupte
3122 1633 3174 1678 et
3203 1633 3310 1678 tam
3351 1627 3450 1680 im-

1877 1697 2142 1764 pudenter
2161 1697 2370 1766 dejecit,
2401 1711 2456 1756 et
2483 1703 2532 1757 ei
2563 1705 2835 1761 hominem
2859 1713 3069 1764 cunctis
3091 1716 3450 1772 execrabilem

1879 1789 2239 1856 superposuit,
2266 1791 2514 1847 omnibus
2545 1803 2690 1862 patet
2722 1795 2823 1850 hoc
2866 1813 2986 1852 eum
3013 1799 3452 1860 irrationabiliter

1879 1871 2094 1928 fecisse.
2147 1876 2304 1932 Certe
2355 1881 2400 1934 si
2421 1879 2741 1937 Walcherus
2793 1888 3074 1954 pecuniam
3127 1891 3449 1958 postulatam

1879 1961 2134 2032 dedisset,
2165 1966 2276 2037 ipse
2302 1970 2516 2039 quidem
2567 1974 2949 2030 detrimentum
2997 1979 3190 2034 anima:
3235 1997 3344 2036 sum
3397 1997 3452 2039 et

1879 2049 2038 2108 fama:
2093 2061 2146 2108 et
2186 2056 2350 2110 etiam
2401 2061 2646 2128 pecunia:
2703 2077 2894 2132 passus
2923 2062 3134 2132 fuisset,
3178 2077 3232 2122 et
3269 2081 3448 2125 tamen

1877 2141 2175 2197 mcclesiam
2223 2147 2474 2201 amissam
2507 2149 2808 2207 nullatenus
2843 2171 3234 2226 recuperasset,
3261 2165 3352 2218 sed
3383 2168 3449 2220 de.

1879 2228 1966 2284 die
1994 2229 2046 2282 in
2071 2230 2210 2284 diem
2243 2232 2469 2290 diversis
2491 2238 2732 2294 consiliis
2757 2247 2811 2294 et
2839 2243 3057 2298 tedlosis
3095 2247 3448 2309 dilationibus

1877 2317 2118 2372 animum
2153 2318 2296 2376 illius
2343 2312 2616 2380 Romanus
2641 2327 2884 2395 pontifex
2934 2331 3232 2390 aﬂlmsset.
3293 2339 3446 2405 Quod

1878 2406 2132 2466 nimirum
2162 2424 2290 2480 sepe
2314 2412 2576 2468 accidisse
2593 2419 2868 2484 novimus,
2895 2430 2951 2474 et
2979 2425 3176 2478 cotidie
3203 2429 3447 2484 accidere

1879 2513 1982 2554 non
2011 2499 2336 2556 dubitamus.
2355 2501 2716 2560 Veruutamen
2745 2507 2872 2577 quid
2897 2510 3156 2567 miramur
3178 2518 3446 2572 tominem

1879 2605 2103 2648 summa:
2131 2594 2275 2648 sedis
2300 2603 2356 2648 et
2389 2595 2510 2650 ideo
2549 2600 2838 2666 potestatis
2865 2607 3187 2672 excessisse,
3211 2623 3332 2663 cum
3365 2611 3448 2664 vi-

1877 2681 2102 2740 deamus
2131 2685 2268 2739 alios
2295 2685 2450 2755 longe
2477 2686 2752 2746 inferioris
2809 2696 3116 2762 potestatis,
3145 2711 3250 2751 non
3276 2701 3446 2754 solum

1880 2773 1936 2828 in
1971 2773 2214 2830 ecclesiis
2239 2777 2332 2830 sed
2364 2779 2526 2830 etiam
2573 2779 2624 2832 in
2660 2785 3021 2849 monasteriis,
3059 2786 3450 2858 in_auferendis

1880 2879 1974 2922 seu
2003 2865 2294 2937 largiendis
2345 2871 2638 2924 honoribus
2683 2873 2764 2924 vel
2804 2873 2994 2930 oﬂiciis
3047 2893 3150 2932 non
3196 2881 3450 2936 meritum

1881 2965 1976 3010 aut
1993 2956 2274 3012 scientiam
2319 2958 2684 3026 subjectoaum
2717 2965 3015 3032 attendere,
3061 2970 3152 3024 sed
3177 2983 3332 3024 suum
3358 2983 3454 3026 aut

1880 3049 2062 3104 odium
2093 3057 2186 3104 aut
2215 3064 2458 3106 amorem
2508 3053 2778 3121 privatum
2831 3056 3160 3127 adimplere?
3219 3061 3365 3117 Unde
3398 3075 3456 3118 et

1881 3141 2072 3197 beatus
2098 3141 2404 3198 Jeronimus
2427 3144 2496 3200 de
2535 3145 2730 3202 talibus
2769 3156 3028 3213 tractans,
3079 3150 3216 3217 Ιιέὶε,
3253 3154 3450 3223 inquit,

1881 3235 2114 3290 tribuunt
2163 3235 2434 3291 clericatus
2468 3241 2712 3308 gradum,
2751 3257 2976 3312 quorum
3024 3254 3144 3298 sunt
3195 3247 3452 3317 obsequiis

1881 3328 2122 3392 deliniti;
2163 3339 2218 3384 et
2268 3329 2460 3384 beatus
2509 3345 2644 3401 papa
2700 3333 3013 3405 Gregorius,
3049 3337 3200 3406 Sepe,
3255 3339 3450 3408 inquit,

1881 3417 2152 3487 contingit,
2183 3427 2240 3471 ut
2264 3433 2384 3487 erga
2414 3419 2688 3488 quemlibet
2713 3425 3006 3491 proximum
3035 3427 3153 3479 odio
3177 3428 3256 3481 vel
3277 3431 3450 3498 graia

1881 3518 2150 3562 moveatur
2193 3518 2408 3574 pastor;
2459 3519 2514 3564 et
2567 3511 2846 3582 subjunxit
2905 3533 2917 3568 :
2975 3515 3228 3573 Judicare
3275 3531 3448 3574 autem

1881 3599 2034 3667 digne
2059 3600 2122 3653 de
2144 3600 2368 3654 subditis
2395 3603 2673 3672 nequeunt,
2696 3607 2784 3672 qui
2809 3607 2864 3660 in
2903 3609 3080 3662 causis
3124 3611 3448 3666 subditorum

1882 3707 1980 3745 sua
2007 3689 2082 3746 re!
2113 3691 2236 3745 odia
2267 3691 2346 3745 rel
2369 3695 2593 3762 gratiam
2617 3707 2924 3764 sequuntur.

1955 3783 2048 3836 10:
2081 3783 2250 3853 Igitur
2307 3783 2628 3840 Walcberus
2699 3787 3104 3848 Canteracensis
3146 3795 3448 3864 episcopus,

1881 3877 1972 3946 qui
2003 3891 2101 3946 pro
2155 3877 2519 3945 recuperanda
2577 3878 2920 3937 Atrebatensi
2967 3886 3209 3940 azcrlesia
3264 3889 3448 3941 sedum

1883 3965 2234 4034 apostolicam
2259 3967 2480 4036 supplex
2507 3968 2735 4034 adierat,
2762 3987 2868 4026 non
2893 3971 3064 4028 solum
3091 3991 3208 4028 eam
3231 3977 3451 4031 minime

1882 4055 2114 4124 recepit,
2175 4057 2270 4110 sed
2323 4058 2486 4112 etiam
2546 4059 2912 4129 episcopatum
2963 4063 3447 4129 Cameraccusem,

1882 4159 2042 4215 quem
2074 4145 2334 4200 canonice
2357 4157 2639 4214 acceperat
2681 4158 2736 4202 et
2759 4150 3011 4216 habebat,
3051 4153 3252 4216 amisit,
3305 4155 3446 4207 nulla

1881 4233 2104 4290 omnino
2123 4233 2226 4290 alia
2249 4235 2400 4305 culpa
2429 4236 2840 4304 interveniente,
2863 4239 2964 4293 nisi
2992 4239 3115 4310 quia
3141 4243 3442 4310 pecuniam,

1883 4323 1972 4380 cui
1999 4323 2250 4380 nimirum
2298 4327 2476 4380 omnia
2503 4327 2780 4392 obediunt,
2809 4345 3021 4386 summo
3051 4331 3290 4400 pontifici
3317 4333 3450 4386 dare

213 4419 364 4489 ἥκω,
413 4425 666 4481 dominus
713 4443 852 4497 papa
908 4429 1240 4498 respondens
1266 4467 1280 4492 ,
1312 4427 1552 4490 Cum”,
1587 4427 1776 4498 ίηηηίι,
1811 4447 1854 4504 D
1886 4412 2072 4504 uoluit.
2109 4412 2282 4479 Quam
2329 4415 2398 4472 ob
2425 4431 2536 4472 rem
2575 4417 2744 4474 tristis
2795 4427 2850 4473 et
2889 4433 3105 4474 merens
3129 4435 3228 4489 pro
3254 4419 3447 4488 injuria

215 4529 463 4580 canones;
497 4535 626 4572 metu
650 4518 789 4588 leges
814 4529 970 4574 erunt
991 4519 1390 4578 auctor-iubila
1419 4519 1509 4572 ³³⁵.

275 4604 326 4658 9.
359 4605 456 4660 Hic
491 4606 642 4678 (479)
693 4615 920 4678 apparet
967 4609 1092 4678 quia
1142 4609 1322 4664 omnia
1373 4623 1506 4678 papa
1561 4615 1696 4670 erat,
1729 4615 1782 4660 et

221 4710 238 4742 ι
267 4695 344 4749 sie
393 4697 574 4754 volens
611 4708 667 4754 et
695 4699 778 4754 sic
809 4698 1008 4769 iubens
1039 4718 1058 4754 ι
1104 4701 1320 4769 quando
1355 4700 1454 4754 sibi
1501 4699 1778 4768 placebat,

223 4797 242 4829 σ
265 4790 374 4838 erat
397 4786 444 4842 ei
473 4801 570 4856 pro
619 4788 840 4844 ratione
889 4789 1154 4852 voluntas.
1187 4809 1208 4842 ι
1243 4789 1301 4844 Si
1339 4789 1482 4844 enim
1535 4792 1780 4842 timorem

221 4871 372 4939 illitis.
423 4878 510 4946 qui
559 4877 740 4934 aufert
773 4879 1025 4950 spiritum
1075 4879 1402 4951 principum,
1465 4893 1560 4947 pre
1610 4878 1780 4933 oculis

1884 4503 2078 4573 injuste
2117 4507 2218 4562 sibi
2253 4506 2400 4562 illata
2423 4523 2454 4562 a
2490 4509 2718 4566 concilio
2763 4509 3040 4574 recedens,
3093 4509 3444 4576 Cameracum

1883 4615 2130 4658 reversus
2156 4609 2260 4656 est.
2317 4602 2540 4670 Cunque
2593 4603 2798 4658 civitati
2846 4605 3284 4673 appr-Opinquans
3323 4607 3448 4674 pro-

1883 4691 2054 4746 (essio
2107 4691 2154 4744 ci
2180 4701 2484 4760 pararetur,
2513 4703 2572 4748 ut
2607 4693 2774 4748 moris
2792 4701 2896 4758 est,
2937 4699 3198 4764 quoc'ens
3233 4696 3444 4764 episco-

1883 4797 1980 4851 pus
2007 4785 2072 4840 ab
2109 4785 2402 4852 apostolica
2439 4787 2556 4840 sive
2607 4783 2874 4852 imperiali
2913 4790 3066 4841 curia
3117 4789 3444 4841 revertitur:

1881 4875 2020 4932 bene
2043 4876 2322 4932 consultus
2353 4877 2530 4932 renuit
2549 4887 2678 4932 tunc
2704 4889 2824 4930 cum
2859 4881 3202 4946 proccssione
3228 4880 3452 4946 suscipi-

1495 4989 1577 5041 γλ
1591 4985 1724 5040 lil/E
1767 4986 2164 5045 LECTIONES.

301 5093 356 5125 "“
383 5095 474 5152 Hic
497 5099 671 5154 Briuli
693 5111 930 5167 tempore
953 5101 1216 5154 desinebat
1247 5099 1338 5158 7‘:
1361 5109 1628 5169 sequentia
1657 5097 1749 5150 uni
1777 5096 1830 5148 7.
1859 5097 2128 5154 debentur.

1703 5207 1934 5264 NOTAE.

291 5297 628 5370 {575)1terum
667 5309 870 5364 noster
917 5302 1068 5370 plura
1115 5302 1332 5365 omisit,
1374 5303 1666 5370 supplenda
1709 5315 1772 5356 ex

1957 5304 2100 5370 (477)
2131 5304 2350 5362 Οηιῖεεε-
2393 5311 2646 5370 paucula.
2699 5309 2998 5370 supplenla
3043 5325 3111 5366 ex
3139 5321 3278 5361 vers.
3315 5307 3444 5364 Gall.
