4026 5370
556 368 661 423 205

556 477 827 533 Maudavit
861 487 1039 534 tamen
1073 489 1127 533 ut
1164 482 1410 549 sequenti
1435 481 1524 536 die
1551 495 1796 552 personae
1819 480 1886 534 ad
1925 494 1984 536 se
2012 495 2148 536 con-

557 569 827 633 venirent,
861 572 1118 638 quatinus
1149 568 1265 638 ejus
1303 570 1565 626 relatione
1613 581 1974 640 agnoscerent
2015 569 2146 638 quid

553 657 610 712 in
637 659 870 714 concilio
897 661 962 714 de
1003 661 1246 731 predicto
1277 661 1493 733 negotio
1542 669 1722 716 actum
1754 659 1966 716 luisset.
1991 660 2145 727 Quod

1516 367 1738 423 GESTA
1781 363 2196 424 l’UNTlFICUM
2241 362 2854 422 CAMERACENSIUM.

3723 361 3794 415 9.0
3805 362 3836 412 ι

2254 479 2381 533 dum
2408 479 2754 548 presentibus
2779 494 2877 549 per
2897 476 3108 550 singula
3153 477 3444 538 retulisset,
3475 483 3695 543 stupore
3721 488 3843 526 ma—

2244 569 2392 624 xime
2416 569 2606 639 repleti
2635 581 2761 626 sunt
2781 585 2991 626 omnes.
3040 569 3336 624 Audientes
3381 566 3545 636 igitur
3566 566 3710 636 quod
3737 579 3842 635 pro

2246 660 2474 729 pecunia
2502 661 2596 716 ³⁸⁵.
2641 701 2654 715 .
2759 697 2776 716 .
2817 699 2836 718 .
2878 701 2894 717 .
2937 701 2953 716 .

1477 836 1939 952 GESTA
2022 836 2694 950 PONTlFIC
2717 841 2840 953 Ul

1341 1067 1732 1124 ABREVIATA
1760 1069 1891 1123 PER
1917 1063 2315 1124 CANONICUM
2355 1065 2919 1123 CAMERACENSEM
2954 1067 3054 1122 ³⁵⁸.

624 1250 827 1326 [((ἔεειιι
856 1249 1078 1307 Gerardi
1104 1247 1245 1317 1-9.)
1277 1249 1321 1302 l.
1356 1248 1483 1303 Post
1514 1249 1730 1302 beatum
1766 1249 1926 1303 istum
1956 1247 2064 1302 Deo
2088 1256 2142 1302 et
2172 1231 2214 1288 Α
2245 1247 2313 1302 de
2351 1247 2508 1302 feodo
2531 1263 2628 1303 suo
2656 1257 2709 1305 et
2739 1247 3017 1306 beneflciis
3071 1252 3184 1306 suis
3230 1248 3411 1307 locum
3450 1254 3724 1310 concessit
3754 1247 3840 1310 lo-

553 1346 866 1402 ltominibus
911 1340 1394 1398 commendabilem
1446 1340 1723 1394 Gerardus
1799 1354 1968 1409 nepos
2015 1337 2135 1407 ejus

549 1435 795 1492 moribus
820 1443 876 1491 et
902 1447 1121 1505 genere,
1164 1430 1439 1487 communi
1502 1429 1976 1486 Cameracensium
2032 1431 2137 1485 ele-

551 1529 735 1584 ctione
781 1536 836 1583 et
872 1540 1098 1581 assensu
1148 1523 1383 1579 Heinrici
1422 1523 1462 1578 ll
1488 1523 1854 1594 imperatoris,
1882 1523 2136 1578 mandato

549 1622 829 1692 apostolici
861 1630 986 1674 tttnc
1037 1619 1179 1689 apud
1238 1618 1690 1688 Augustudunum
1745 1619 2138 1672 commorantis

548 1712 719 1783 (480),
773 1711 842 1766 ab
885 1710 1111 1781 llugone
1137 1708 1317 1763 Dieusi
1357 1708 1611 1778 episeopo
1657 1718 1740 1763 est
1791 1717 2139 1764 consecratus

547 1802 602 1856 in
629 1799 980 1871 episc0pum;
1012 1810 1066 1854 et
1105 1800 1171 1852 ad
1208 1800 1394 1854 sedem
1449 1814 1602 1854 suam
1645 1814 1919 1865 reversus,
1971 1801 2138 1855 inter-

545 1889 796 1945 veniente
846 1888 1087 1944 Roberto
1143 1888 1520 1943 Flandriarum
1571 1889 1807 1954 comite.
1857 1889 2134 1960 Hugoncm

545 1984 899 2039 castellanum
925 1997 1080 2038 suum
1108 1998 1138 2035 a
1161 1983 1361 2036 domno
1387 1979 1670 2036 Lictberto
1697 1981 1847 2052 prius
1876 1981 2134 2052 ejectum,

545 2077 599 2129 in
630 2074 900 2129 hominem
930 2069 1132 2143 recepit
1182 2082 1237 2127 et
1275 2071 1550 2136 amicum;
1585 2073 1812 2127 retentis
1862 2081 2046 2126 tamen
2081 2069 2135 2123 in

543 2165 795 2220 manibus
821 2163 934 2219 suis
966 2162 1264 2218 redditibus
1296 2162 1602 2228 castellani,
1652 2163 1744 2232 qui
1776 2161 1917 2216 infra
1952 2173 2137 2218 muros

544 2259 782 2314 civitatis
807 2258 1248 2315 continebantur.
1288 2259 1442 2315 Unde
1471 2260 1620 2314 cives
1653 2260 1704 2314 in
1731 2275 1898 2316 unum
1922 2260 2133 2332 conspi-

542 2360 747 2416 rantes,
785 2352 1040 2422 episcopo
1084 2351 1328 2417 abSente,
1361 2351 1452 2405 diu
1482 2351 1845 2406 desideratam
1883 2351 2136 2422 conjura-

543 2443 1160 2498 veruntcommuniam.
1220 2443 1520 2512 Episcopus
1571 2453 1754 2500 autem
1813 2460 1937 2500 cum
1982 2447 2133 2516 gravi

541 2535 908 2599 multitudine,
931 2551 1066 2605 pace
1087 2535 1357 2599 simulata,
1385 2545 1686 2599 revertens,
1709 2544 1763 2592 et
1790 2535 1856 2590 ad
1869 2536 2131 2607 judicium

545 2628 712 2683 curizc
759 2643 871 2684 sua:
921 2627 1292 2696 conjuratores
1339 2628 1595 2692 invitans,
1638 2629 1912 2685 civitatem
1939 2640 2021 2686 est
2054 2631 2134 2686 iu-

543 2733 782 2787 gressus,
810 2728 864 2771 et
889 2733 1016 2774 ecce
1041 2719 1242 2774 milites
1274 2718 1443 2787 ipsius
1493 2719 1777 2788 pecuniam
1805 2719 2004 2776 civium
2037 2722 2135 2778 de~

541 2807 853 2863 siderantes
911 2824 1072 2877 super
1118 2809 1367 2864 incautos
1414 2809 1630 2864 irruuut
1675 2819 1730 2866 et
1757 2811 2027 2874 occidunt,
2080 2821 2134 2868 et

544 2899 755 2968 direpta
787 2897 1078 2953 multorum
1103 2900 1425 2963 substantia,
1452 2901 1696 2956 viventes
1730 2901 1782 2956 in
1815 2900 2132 2958 fidelitatem

543 2988 806 3058 episcopi,
846 2987 1092 3057 abjurata
1150 2991 1482 3057 communia,
1551 2993 1903 3048 reducuntur.
1937 2991 2134 3065 Conju-

542 3081 755 3136 ratione
826 3091 1004 3137 tamen
1073 3083 1270 3138 iterum
1338 3081 1483 3140 facta
1548 3092 1736 3138 contra
1794 3085 2130 3158 episc0pum,

541 3172 822 3228 Wibertus
867 3174 1110 3245 quidam,
1154 3176 1246 3246 qui
1297 3174 1524 3232 fratrem
1572 3191 1727 3232 suum
1771 3177 1824 3232 in
1875 3180 2131 3247 prmdicta

541 3263 809 3320 seditione
832 3264 1164 3335 perdiderat,
1215 3282 1337 3321 eam
1394 3267 1650 3338 episcopo
1678 3268 2005 3338 propalavit;
2038 3273 2132 3326 sed

541 3353 668 3422 quia
709 3351 988 3420 juratores
1043 3355 1272 3423 prodere
1324 3354 1516 3421 noluit,
1540 3355 1708 3426 virgis
1750 3356 2054 3430 flagellatus
2081 3369 2135 3415 et

539 3441 722 3514 ligatis
775 3457 806 3496 a
862 3450 1012 3512 tergo
1069 3446 1342 3508 manibus,
1399 3445 1640 3500 abscissa
1708 3445 1908 3516 lingua,
1959 3447 2134 3503 oculis

537 3535 732 3602 oculis,
787 3549 1075 3605 percussus
1138 3537 1338 3606 gladio,
1369 3536 1531 3592 invia
1586 3538 1796 3608 publica
1824 3547 1909 3595 est
1959 3549 2134 3596 tumu-

541 3627 705 3684 latus.

610 3719 668 3771 9.
695 3718 917 3790 llugone
947 3723 1447 3778 autemcastellano
1491 3725 1730 3795 episcopi
1757 3725 1973 3781 interim
2020 3727 2134 3796 epi-

539 3823 762 3879 sc0pum
787 3821 841 3865 et
867 3827 992 3868 suos
1019 3814 1314 3868 enormiter
1337 3815 1648 3881 infestante,
1672 3816 1941 3873 Robertus
1965 3815 2132 3873 Flan-

2243 1339 2528 1409 cuplctari.
2567 1339 2950 1411 Hallliginense
2998 1357 3211 1413 quoque
3266 1345 3683 1410 monasterium,
3738 1346 3838 1402 Dei

2243 1430 2618 1496 secretarium,
2659 1432 2886 1501 predicti
2916 1435 3188 1504 pontiﬁcis
3223 1436 3548 1492 auctoritate
3581 1453 3680 1507 per
3731 1438 3833 1492 ho-

2243 1519 2416 1575 mines
2446 1521 2611 1578 laicos
2643 1531 2698 1578 et
2736 1523 2931 1580 idiotas
2981 1528 3048 1581 ad
3102 1541 3224 1581 eum
3253 1527 3542 1584 deductum
3573 1538 3661 1583 est
3703 1530 3836 1584 reli-

2241 1611 2414 1681 gionis
2448 1614 2744 1680 cumulum,
2794 1618 2934 1686 quod
2961 1633 3134 1688 usque
3181 1619 3232 1674 in
3275 1620 3598 1676 hodiernum
3638 1636 3835 1690 prere-

2241 1702 2475 1773 gativam
2499 1705 2744 1761 obtineat
2789 1709 3075 1765 monastici
3127 1711 3357 1778 ordinis,
3401 1720 3455 1766 et
3488 1711 3833 1783 privilegium

2240 1793 2570 1863 quotidiana:
2605 1795 2656 1850 in
2690 1811 2955 1867 pauperes
2982 1796 3332 1870 erogationis.

2308 1885 2364 1938 4.
2387 1883 2591 1940 Prester
2637 1887 2751 1942 haec
2783 1889 2986 1957 omnia,
3030 1890 3319 1960 providens
3367 1889 3468 1946 sibi
3499 1892 3552 1944 in
3584 1889 3832 1946 futurum

2238 1977 2546 2048 episcopus,
2575 1977 2774 2034 allodia
2817 1995 2913 2035 sua
2966 1981 3032 2035 de
3063 1979 3306 2037 Lestines
3333 1991 3388 2036 et
3413 1983 3479 2037 de
3503 1982 3825 2038 Woirehetn

2238 2067 2504 2122 etallaria
2536 2069 2791 2139 plurima,
2823 2071 2963 2126 sicut
2986 2073 3038 2126 in
3063 2073 3361 2144 privilegiis
3385 2072 3501 2142 ejus
3524 2075 3825 2137 invenitur,

2238 2159 2293 2214 in
2324 2161 2510 2216 usibus
2541 2163 2928 2220 canonicorum
2978 2180 3198 2221 suorum
3231 2168 3454 2222 contulit
3491 2167 3827 2235 liberaliter;

2238 2263 2290 2310 et
2320 2254 2587 2324 hospitale
2615 2272 2910 2328 pauperum
2935 2256 3089 2328 juxta
3142 2258 3427 2315 ecclesiam
3483 2269 3656 2316 auctae
3685 2261 3828 2316 Cru-

2237 2347 2318 2402 c's
2342 2347 2408 2402 de
2437 2361 2573 2402 novo
2606 2349 2902 2419 reparavit;
2955 2349 3242 2406 ecclesiam
3271 2366 3487 2422 queque
3513 2352 3687 2409 beata:
3725 2354 3823 2410 Dei

2237 2439 2515 2510 genitricis
2547 2441 2675 2495 olim
2720 2441 3057 2498 combustam
3106 2452 3162 2498 et
3198 2444 3434 2500 dirutam
3466 2461 3494 2500 a
3523 2446 3704 2517 capite
3730 2462 3828 2501 su-

2235 2531 2436 2598 periori
2495 2547 2662 2601 usque
2694 2534 2760 2587 ad
2797 2534 3026 2588 chorum
3085 2535 3258 2591 sancti
3321 2536 3586 2592 Johannis
3641 2539 3828 2594 multis

2238 2619 2496 2691 impensis
2525 2633 2580 2678 et
2625 2624 2878 2694 expensis
2933 2625 3252 2681 reformavit
3304 2627 3356 2681 in
3409 2626 3620 2683 melius.
3655 2629 3723 2684 Et
3752 2630 3827 2684 ita

2238 2724 2432 2780 regens
2475 2711 2848 2783 episcopatum
2903 2728 3000 2784 per
3029 2716 3301 2770 sexdecim
3362 2731 3535 2770 annos
3594 2726 3648 2772 et
3671 2717 3832 2773 dimi-

2237 2805 2404 2870 dium,
2430 2807 2498 2863 ad
2522 2819 2706 2876 patres
2730 2823 2858 2864 suos
2889 2809 3192 2879 appositus,
3231 2809 3474 2880 sepultus
3500 2819 3585 2864 est
3631 2810 3686 2864 in
3712 2826 3830 2866 mc-

2236 2894 2326 2950 dio
2352 2895 2599 2951 ecclesia:
2635 2908 2836 2952 sancta:
2866 2898 2958 2952 Dei
2987 2898 3318 2971 genitricis]

2303 2986 2360 3044 5.
2412 2986 2518 3056 (Cf.
2578 2987 2710 3044 Ere.
2760 2987 2929 3058 Gaug.
2974 2989 3028 3054 2,
3063 2989 3145 3059 5.)
3189 2988 3431 3045 Gerardo
3480 2991 3737 3062 episcopo
3759 2991 3828 3044 ad

2236 3079 2459 3137 meliora
2489 3081 2771 3145 translato,
2826 3082 3009 3154 gravis
3045 3083 3312 3141 dissensio
3364 3092 3491 3140 nata
3545 3093 3630 3142 est
3681 3086 3830 3139 inter

2235 3171 2441 3228 clerum
2480 3180 2533 3228 et
2560 3171 2835 3242 populum.
2867 3171 3094 3230 Clericis
3119 3175 3262 3230 enim
3296 3190 3392 3243 per
3425 3174 3653 3233 multum
3683 3185 3826 3230 tem-

2235 3277 2336 3331 pus
2364 3278 2428 3317 ex
2463 3261 2718 3317 intestina
2773 3262 3045 3319 discordia
3095 3265 3297 3336 eligere
3329 3265 3825 3332 dissimulantibus,

2237 3353 2384 3409 cives
2417 3369 2539 3408 omn
2564 3353 2764 3411 casatis
2786 3355 3073 3425 quemdam
3099 3355 3400 3411 Manassen)
3431 3357 3826 3426 Franeigenam

2235 3445 2514 3516 elegerunt
2560 3447 2610 3500 in
2661 3447 3005 3518 episcopum;
3061 3457 3115 3504 et
3159 3449 3341 3506 clerici
3395 3451 3670 3504 communi
3700 3461 3828 3505 voto

2237 3538 2588 3596 instituerunt
2639 3539 2920 3595 dominum
2972 3539 3287 3598 Maselinum
3350 3543 3691 3599 sacerdotem
3771 3555 3830 3598 ct

2234 3631 2616 3700 praepositum;
2653 3631 2744 3701 qui
2797 3639 2976 3687 tamen
3015 3633 3082 3687 ad
3119 3632 3499 3688 declinandum
3527 3633 3711 3704 populi
3748 3632 3830 3686 fu-

2237 3735 2415 3775 rorem
2461 3720 2636 3791 gratis
2677 3722 2864 3789 cessit,
2917 3731 2972 3777 et
3023 3723 3175 3778 multi
3213 3739 3280 3778 ex
3315 3723 3530 3778 clericis
3571 3723 3827 3779 Manasse

2237 3813 2609 3868 adhaeserunt.
2651 3813 2832 3882 Quare
2877 3816 3082 3887 paratis
3106 3817 3357 3872 omnibus
3398 3816 3576 3872 itineri
3600 3833 3702 3870 suo
3734 3831 3828 3870 ne-

542 3901 754 3956 drensis
783 3903 1097 3959 muneribus
1141 3914 1194 3960 et
1233 3905 1497 3963 beneficio
1527 3908 1722 3978 gavalli
1755 3908 1904 3978 (481)
1938 3925 2125 3980 provo-
2159 3921 2203 3984 ς
2235 3905 2512 3971 cessat-iis,
2572 3908 2861 3977 asportatis
2909 3922 3092 3963 secum
3145 3908 3212 3963 de
3265 3908 3534 3964 thesauris
3574 3908 3828 3964 ecclesia:

546 3998 728 4058 catus,
758 3992 931 4062 ipsum
955 3992 1080 4061 jure
1129 3994 1457 4056 castellanim
1518 3997 1734 4068 penitus
1773 3999 2026 4068 privavit,
2077 4010 2133 4058 et

541 4080 734 4150 Anglia
775 4081 1060 4154 profugum
1107 4093 1163 4138 et
1212 4095 1543 4153 quaerentem
1585 4086 1793 4158 refugia
1847 4097 1961 4145 tuto
2010 4107 2130 4148 sus-

541 4171 689 4242 cepit
715 4170 962 4227 latibulo.
999 4173 1067 4229 Ut
1091 4191 1219 4230 vero
1249 4175 1440 4232 civitas
1474 4177 1700 4232 interius
1726 4194 1915 4234 secura
1943 4181 2128 4252 quies-

536 4272 711 4324 ceret.
735 4280 891 4320 muro
939 4265 1152 4336 lapideo
1180 4276 1234 4322 ct
1263 4267 1399 4323 vallo
1426 4283 1454 4323 a
1491 4278 1648 4324 terrae
1684 4269 1986 4328 visceribus
2023 4273 2132 4328 ele-

540 4365 688 4422 vato,
716 4360 970 4414 decenter
1005 4359 1289 4430 episcopus
1319 4374 1437 4415 eam
1490 4362 1741 4429 munivit,
1774 4372 1828 4418 et
1847 4366 2129 4422 castellum

541 4449 684 4502 intra
712 4450 1010 4513 civitatem,
1063 4451 1318 4507 relevatis
1346 4451 1566 4508 fossatis
1591 4461 1646 4508 et
1685 4454 1926 4512 turribus
1956 4457 2133 4513 multi-

541 4541 757 4608 pliciter
788 4543 1055 4615 implexis,
1083 4544 1318 4600 firmavit
1341 4545 1574 4602 artificio
1589 4548 1828 4616 quodam
1858 4564 2131 4607 commcn-

542 4633 727 4686 tlttbili.

613 4725 666 4778 5.
694 4723 807 4780 Sub
869 4727 1059 4784 diebus
1109 4728 1213 4784 illis
1263 4728 1542 4785 fundatum
1596 4740 1680 4786 est
1718 4732 2132 4802 Aquiscintense

545 4817 852 4871 cmuobium
883 4817 975 4874 Dei
1008 4821 1321 4890 specialiter
1374 4822 1522 4876 inter
1554 4821 1801 4878 homines
1856 4824 2131 4880 habitacu-

539 4906 678 4973 lum,
702 4923 798 4978 per
816 4908 951 4964 duos
981 4911 1200 4976 milites,
1223 4911 1524 4968 Walterum
1549 4913 1756 4969 scilicet
1778 4924 1836 4970 et
1856 4915 2130 4988 Sigcrum.

542 4999 779 5068 Quorum
814 5003 1142 5072 propositum
1159 5004 1444 5076 diligenter
1472 5020 1797 5064 nromovens
1823 5009 2126 5080 episcopus,

1827 5159 2056 5214 VARIAS
2097 5155 2496 5233 LECTlONES.

2238 4011 2401 4052 aureo
2440 3995 2609 4052 calice
2657 4005 2712 4051 et
2747 3996 2957 4052 duobus
3004 3997 3348 4054 candelabris
3395 3999 3695 4068 argenteis,
3758 3999 3827 4052 ad

2236 4088 2618 4160 imperatorem
2639 4096 2720 4144 est
2743 4090 3017 4159 profectus
3045 4089 3222 4161 (482);
3267 4092 3360 4146 sed
3392 4107 3497 4146 non
3525 4091 3823 4160 impetrata

2237 4181 2406 4250 ipsius
2437 4179 2835 4247 benevolentia,
2861 4183 2978 4238 sine
3014 4183 3280 4238 beneficio
3310 4183 3574 4254 regalium
3601 4186 3672 4238 ad
3695 4199 3826 4239 suos

2237 4270 2432 4326 redivit
2457 4269 2754 4338 inglorius:
2806 4286 2872 4326 ex
2917 4271 3020 4327 hoc
3070 4272 3309 4342 graviter
3348 4272 3562 4327 clericis
3609 4273 3822 4346 longea

2234 4361 2456 4416 civitate
2486 4361 2744 4432 depulsis,
2775 4362 2877 4417 nisi
2924 4363 3288 4418 sacrosanctis
3334 4362 3492 4417 tactis
3511 4362 3822 4432 jurassent,

2235 4455 2376 4522 quod
2405 4467 2502 4508 nec
2527 4468 2626 4522 per
2651 4453 2934 4522 epistolam
2981 4469 3080 4509 nec
3121 4469 3218 4525 per
3244 4455 3474 4510 nuncios
3529 4455 3822 4511 Manassen

2234 4547 2374 4617 apud
2402 4547 2783 4615 imperatorem
2804 4546 3180 4617 impedissent.

2304 4638 2359 4693 6.
2407 4637 2520 4692 Sub
2551 4637 2655 4692 hoc
2678 4653 2858 4692 rerum
2905 4629 3134 4692 tumultu
3181 4637 3616 4701 Attrebatenses,
3680 4641 3824 4708 quod

2234 4729 2326 4783 diu
2372 4738 2496 4783 ante
2522 4737 2886 4798 conceperant
2919 4743 3084 4798 Opere
3121 4730 3479 4799 complentes,
3535 4731 3822 4798 proprium

2233 4820 2336 4875 sibi
2365 4821 2432 4876 de
2454 4819 2706 4875 mandato
2755 4822 2952 4874 summi
2981 4822 3254 4891 pontificis
3308 4820 3679 4891 praefecerunt
3707 4823 3824 4890 epi-

2235 4927 2457 4982 sc0pum
2487 4951 2502 4978 ,
2557 4919 2611 4966 et
2644 4926 2676 4965 a
2741 4910 3078 4979 subiectione
3115 4912 3527 4968 Cameracensis
3576 4911 3825 4966 ecclesia:

2234 5021 2388 5060 suam
2409 5003 2698 5068 cervicem,
2739 5004 3026 5059 occasione
3055 5005 3448 5061 discordiarum
3479 5021 3600 5075 qua:
3623 5004 3824 5060 Came-
