4026 5370
249 355 353 410 205

1225 362 1712 419 (IONTINUATIO.
1751 392 1820 402 -—
1857 360 2079 417 GESTA
2121 362 2575 418 ABBREVIATA.

3425 374 3545 456 suo,

251 483 512 526 raeeuses
533 474 776 543 graviter
803 475 1127 547 aliligebant,
1155 477 1316 531 nullis
1338 493 1397 531 se
1420 477 1836 547 opponentibus,
1871 487 1911 537 Α
1947 474 2200 540 militans,
2247 478 2503 532 deserens
2557 478 2742 542 exivit,
2779 489 2830 531 et
2861 482 3015 549 quasi
3045 482 3111 536 de
3136 499 3272 537 novo
3300 486 3447 539 cives
3474 498 3530 540 et

247 575 640 619 excusserunt.
671 566 854 622 Casati
897 569 1059 623 etiam
1107 570 1174 623 ad
1225 570 1434 624 libitutu
1457 584 1614 625 suum
1659 572 1841 625 omnia

249 648 578 718 diripientes
596 695 611 718 ,
644 658 975 712 munitiones
1004 658 1186 728 plures
1208 661 1632 733 circumquaque
1653 677 1844 717 erexe-

249 747 394 803 runt,
434 752 768 810 praestantes
798 745 1095 801 hominium
1127 750 1312 803 c'omiti
1354 750 1752 814 Flaadriarum,
1785 759 1844 804 ttt

248 832 499 888 securius
524 849 650 903 qua:
685 835 997 892 invaserant
1024 840 1354 894 obtinerent.
1397 840 1619 896 Talibus
1659 856 1841 896 rerum

248 925 646 982 mutationibus
685 930 841 998 quasi
874 931 939 984 de
965 933 1114 1002 gravi
1163 948 1352 988 somno
1379 933 1698 1002 evigilantes
1732 946 1840 988 tam

251 1013 393 1068 cives
425 1017 604 1070 nostri
638 1032 802 1086 quam
830 1019 1038 1088 clerici,
1099 1032 1306 1076 mutato
1330 1024 1381 1076 in
1423 1024 1616 1078 melius
1647 1039 1842 1094 propo-

251 1105 375 1167 sito,
399 1103 705 1161 Remorum
735 1111 1129 1182 archiepiscopi
1161 1113 1387 1168 consilio
1411 1123 1465 1168 et
1485 1129 1710 1168 assensu
1740 1114 1842 1168 im-

252 1199 543 1263 peratoris,
573 1198 924 1255 Walcherum
954 1202 1198 1258 ecclesiae
1225 1219 1337 1258 sua:
1370 1205 1840 1270 archidiaconum,

252 1285 322 1339 ob
359 1287 740 1345 defensionem
787 1291 1110 1360 injuriarum
1170 1309 1412 1360 suarum,
1463 1294 1516 1350 itt
1567 1306 1840 1366 pastorem

249 1377 532 1448 eiegerunt
549 1390 607 1435 et
635 1384 977 1454 episcopum.

320 1472 373 1524 7.
413 1471 762 1542 (γεγαῶτα.
789 1477 868 1547 4.)
898 1477 1015 1548 lpse
1044 1493 1170 1534 vero
1196 1479 1432 1536 conﬁsus
1471 1481 1524 1535 in
1553 1481 1663 1536 Deo
1691 1481 1838 1538 salu-

251 1562 352 1615 tari
385 1579 510 1630 suo,
542 1565 792 1622 collectis
839 1569 1030 1625 amicis
1052 1570 1165 1625 suis
1194 1580 1246 1626 et
1274 1570 1566 1638 solidat-iis,
1599 1583 1841 1628 castrum

250 1653 316 1708 de
346 1653 464 1726 Goy
516 1657 570 1711 in
598 1659 859 1741 Arroasia
889 1671 943 1716 et
973 1663 1039 1717 de
1068 1661 1328 1735 Rumilly,
1356 1663 1600 1719 Manasse
1629 1680 1839 1735 peremo

248 1754 364 1814 pto,
393 1747 710 1818 speluncam
765 1770 980 1823 quoque
1029 1755 1298 1810 latronum
1353 1756 1542 1812 Saucit
1593 1758 1839 1814 diruit'et

249 1846 412 1893 terrae
444 1842 768 1911 coaequavit.
801 1843 1012 1900 Primos
1044 1862 1156 1901 sua:
1201 1848 1504 1903 vocationis
1556 1849 1671 1904 dies
1723 1851 1840 1906 istis

253 1927 447 1984 intime
545 1934 833 2003 probitatis
905 1937 1176 1993 dedicavit
1252 1940 1587 2010 argumentis
1667 1939 1836 2011 (Exc.

249 2017 419 2090 caug.
449 2023 529 2092 7).
564 2024 913 2082 Postmodum
945 2043 1070 2084 vero
1113 2045 1234 2086 cum
1288 2031 1484 2088 litteris
1529 2033 1841 2104 apostolicis

252 2107 520 2166 liainaldo
574 2130 673 2168 suo
717 2119 1134 2188 metropolitano
1165 2131 1528 2191 prmsentatus
1572 2133 1678 2187 cst,
1709 2127 1837 2180 ιιιοί

251 2215 448 2258 munus
504 2211 937 2267 consecrationis
990 2213 1365 2284 impenderet;
1418 2215 1513 2270 sed
1569 2215 1840 2276 Manasses

254 2294 368 2362 ejus
415 2299 771 2357 adversarius
819 2307 1207 2374 superveniens
1253 2319 1308 2362 et
1353 2299 1607 2364 domuum
1641 2329 1837 2383 papam

251 2390 552 2456 appellans,
605 2408 672 2447 ne
734 2408 1148 2464 promoveretur
1202 2400 1498 2456 interdixit.
1558 2402 1839 2461 Walcerus

253 2495 381 2535 vero
424 2482 782 2540 nihilominus
823 2487 1174 2544 censecratus
1227 2490 1279 2544 in
1315 2491 1650 2564 episcopum,
1696 2497 1840 2565 quod

259 2570 323 2622 ad
397 2574 750 2630 securitatem
813 2580 1004 2647 patriae
1068 2581 1363 2650 reliquerat
1428 2584 1836 2654 imperfectum,

255 2659 546 2727 subjiciens
572 2666 937 2734 adversarios,
980 2684 1106 2725 suos
1140 2672 1460 2740 defendens,
1495 2674 1660 2730 multa
1690 2691 1840 2732 com-

252 2751 419 2816 plevit
497 2757 738 2826 sagacite
800 2759 1036 2832 (10.,8).
1102 2762 1310 2819 Interea
1370 2767 1716 2837 proficiscens
1770 2772 1838 2827 ad

253 2843 503 2908 generale
572 2848 886 2916 concilium,
939 2853 1083 2922 quod
1142 2855 1372 2910 domnus
1406 2857 1656 2915 Urbanus
1700 2878 1836 2932 papa

253 2933 392 3000 apud
415 2932 814 2994 Claremontem
861 2942 1188 3012 celebrabat,
1227 2957 1412 3006 contra
1464 2955 1838 3025 praesumptio-

255 3037 377 3076 nem
431 3026 871 3087 Atrebatensium
927 3034 1355 3105 declamaturus,
1411 3042 1712 3101 Manassem
1745 3047 1837 3102 ad-

1949 562 2132 619 clerici
2159 566 2357 620 domno
2398 566 2650 622 Walcero
2699 583 2798 638 per
2827 569 3171 641 imperatoris
3213 576 3528 631 mandatum

1949 665 2078 710 sunt
2109 657 2484 713 conl’oederati.

2014 745 2067 802 9.
2112 747 2216 820 (Cl'.
2246 749 2316 803 ilo.
2361 752 2444 816 l6,
2479 753 2566 817 18,
2594 753 2703 825 19.)
2748 753 3082 812 Procedente
3113 775 3242 814 vero
3277 769 3526 832 tempore

1947 837 2182 895 Robcrto
2234 841 2642 899 Flandrensium
2693 848 2894 902 comite
2928 864 2996 903 ex
3035 852 3292 908 mandato
3345 854 3527 908 archi-

1943 931 2182 1002 episc0pi
2239 934 2292 988 in
2319 946 2665 1004 peccatorum
2712 953 2930 994 suorum
2962 942 3356 1009 remissionem,
3400 945 3527 1014 quia

1943 1023 2150 1080 diutius
2188 1037 2308 1082 erat
2341 1030 2864 1098 excommunicatus,
2887 1044 3074 1088 contra
3107 1035 3528 1092 Camerarcnses

1943 1130 2095 1170 arma
2149 1126 2423 1184 movente,
2469 1135 2561 1174 rex
2623 1121 2886 1179 llenricus
2944 1124 2994 1178 in
3027 1125 3281 1181 ultionem
3315 1128 3525 1182 illarum

1944 1207 2265 1278 injuriarum
2296 1221 2482 1281 partes
2527 1214 2657 1269 istas
2687 1231 2990 1288 aggressus,
3022 1228 3074 1272 et
3111 1219 3422 1274 ceciderunt
3460 1223 3527 1274 ah

1942 1297 2144 1367 impetu
2173 1302 2446 1357 exercitus
2491 1305 2572 1358 sui
2613 1307 2834 1362 casteila
2877 1309 2998 1375 ista,
3035 1310 3387 1377 Marconium,
3423 1313 3527 1368 Pa-

1943 1388 2096 1453 luels,
2157 1390 2459 1459 lncenium,
2513 1393 2754 1462 BSt-lusa,
2785 1396 3128 1466 Bulcenium;
3162 1402 3258 1456 sed
3287 1410 3530 1472 tempore

1942 1479 2228 1550 hyemandi
2257 1483 2585 1552 imperatore
2631 1486 2684 1541 in
2715 1496 2912 1542 terram
2940 1488 3244 1545 Germaniae
3277 1503 3518 1562 recepto,

1941 1569 2215 1628 ltohertus
2285 1572 2775 1632 Cameracensibus
2831 1578 3095 1645 imminet,
3149 1591 3204 1635 et
3256 1583 3525 1652 jacturant

1940 1675 2161 1716 suorum
2205 1664 2420 1734 penitus
2454 1666 2506 1720 in
2536 1667 2680 1738 ipsos
2710 1667 2947 1725 refundit
2980 1689 2992 1722 :
3036 1688 3097 1725 ea
3129 1683 3310 1728 tamen
3340 1676 3498 1730 condi
3519 1706 3531 1714 ο

1943 1752 2090 1808 tione
2121 1770 2222 1825 pax
2271 1756 2487 1812 demum
2543 1759 2872 1827 intercessit,
2907 1763 3050 1832 quod
3083 1765 3185 1818 nisi
3236 1767 3530 1836 imperator

1873 1824 1914 1882 Β
1944 1824 2188 1913 tempore
2214 1847 2473 1916 graminis
2507 1851 2904 1919 superveniret,
2955 1854 3126 1925 ipsum
3151 1855 3444 1911 Robertnm
3473 1871 3522 1912 et

1942 1949 2286 1994 successores
2314 1939 2429 2009 ejus
2453 1940 2508 1996 in
2533 1942 2780 2000 dominos
2814 1952 2868 2000 et
2892 1955 3150 2016 patronos
3178 1949 3229 2003 in
3259 1959 3523 2005 aeternum

1943 2029 2301 2099 susciperent.

2015 2122 2099 2175 10.
2136 2123 2240 2194 (Cf.
2290 2125 2361 2180 ib.
2415 2125 2506 2192 20,
2557 2128 2647 2193 2|,
2680 2130 2772 2195 22,
2817 2131 2932 2200 52.)
2966 2133 3054 2188 Sic
3095 2135 3256 2206 igitur
3301 2136 3401 2191 sub
3432 2154 3526 2190 nos

1941 2209 2087 2266 mine
2117 2215 2266 2282 pacis
2315 2215 2457 2270 bello
2511 2233 2799 2288 sttSpcnso,
2829 2225 3084 2277 mandant
3111 2227 3529 2283 tiameraceuscs

1943 2304 2374 2377 archiepiscopo,
2408 2319 2676 2379 quatenus
2705 2313 2770 2367 ad
2801 2314 2945 2384 ipsos
2970 2317 3176 2372 veniret
3200 2318 3523 2374 beneficium

1939 2392 2236 2451 collaturus
2254 2398 2649 2467 absolutionis;
2675 2405 2886 2471 quodet
2911 2405 3112 2460 factum
3141 2416 3242 2472 est,
3269 2408 3522 2464 Walcero

1940 2483 2156 2541 interim
2183 2489 2322 2558 apud
2351 2490 2594 2546 Estruem
2618 2495 2924 2562 praesidium
2950 2514 3102 2552 suum
3126 2511 3519 2567 commorante,

1939 2576 2081 2644 quod
2131 2595 2227 2650 per
2285 2582 2519 2652 majores
2570 2593 2730 2641 teme
2782 2588 2851 2642 ab
2905 2589 3306 2657 altodcjectum
3342 2595 3522 2648 adhuc

1939 2665 2218 2722 ruinarum
2273 2686 2493 2726 suarum
2525 2684 2707 2730 servat
2733 2677 2928 2732 indicia
2957 2679 3066 2748 (an.
3096 2682 3274 2750 “03).
3310 2682 3518 2739 Walte-

1940 2773 2032 2813 rus
2079 2772 2259 2816 autem
2318 2778 2540 2819 suorum
2590 2768 2894 2836 patrocinio
2927 2769 3119 2826 fortior
3145 2772 3405 2841 “effectus,
3450 2777 3517 2830 ad

1939 2851 2213 2908 civitatem
2235 2854 2436 2921 denuo,
2467 2869 2658 2926 pacato
2675 2860 2776 2914 sibi
2793 2859 3086 2917 Godefrido
3124 2866 3234 2920 lilio
3255 2868 3517 2935 Anselmi,

1937 2956 2099 3012 quem
2147 2944 2573 3005 Cameracenses
2621 2949 2722 3005 sibi
2763 2962 2951 3006 contra
2981 2956 3291 3025 episc0pum
3327 2961 3517 3028 prrefe-

1939 3045 2143 3096 cerant.
2200 3039 2377 3094 adhuc
2421 3044 2999 3100 excommunicationis
3045 3059 3267 3116 portans
3329 3061 3510 3109 notam

252 3129 441 3172 versus
464 3120 634 3190 ipsum
649 3123 884 3192 plurima
904 3113 1292 3198 proponentem
1320 3133 1570 3191 incautus
1588 3136 1832 3205 oﬂ'endit,

1939 3129 2262 3194 penetravit,
2303 3132 2566 3188 translato
2625 3135 2837 3191 interim
2894 3139 3090 3194 domno
3137 3141 3382 3199 Manassc
3448 3148 3517 3201 ad

253 3215 431 3263 etnon
483 3225 767 3284 expectato
799 3218 1004 3287 judicio
1057 3237 1086 3275 a
1142 3225 1368 3282 consilio
1402 3231 1679 3295 recedens,
1711 3245 1833 3286 sen-

255 3303 476 3357 tentiam
529 3311 1107 3368 excommunicationis
1151 3315 1402 3383 incurrit,
1463 3330 1516 3377 et
1569 3322 1831 3379 Manassa:

249 3392 572 3448 conﬁrmata
594 3406 674 3452 est
701 3397 902 3455 electio
923 3403 1248 3459 anetoritate
1278 3409 1493 3464 concilii
1516 3426 1614 3481 per
1642 3421 1832 3468 contu-

253 3483 481 3539 maciam
543 3489 862 3558 adversarii,
921 3491 1044 3548 licet
1089 3497 1266 3554 minus
1317 3499 1832 3560 habcrctcanonicm

251 3573 625 3631 institutionis.

321 3666 373 3719 8.
400 3666 580 3736 (Vera.
605 3669 743 3726 Call.
777 3674 855 3746 7.)
899 3676 974 3730 Ex
1003 3677 1105 3734 hoc
1127 3692 1256 3751 ergo
1279 3682 1684 3752 conjurantibus
1707 3702 1829 3743 cum

253 3753 502 3813 Walcero
532 3760 746 3818 clericis
784 3773 842 3818 et
886 3766 1097 3824 civibus
1121 3771 1266 3840 quod
1289 3787 1412 3827 eum
1443 3774 1585 3828 nulla
1620 3777 1830 3832 ratione

251 3845 581 3915 desererent,
603 3855 925 3921 promissam
954 3857 1002 3911 ei
1025 3874 1239 3930 semper
1257 3863 1560 3934 exhibendo
1583 3880 1827 3936 operam,

251 3940 524 3998 Manasses
555 3943 907 4022 lientensium
942 3951 1405 4022 archiepiscopus,
1433 3955 1588 4011 clecti
1619 3956 1828 4013 Manas~

249 4046 320 4086 διε
342 4020 662 4101 avunculus,
692 4037 984 4092 interdicto
1007 4049 1171 4094 totam
1194 4050 1391 4097 terram
1425 4044 1673 4113 subjecit,
1709 4063 1830 4117 qua:

251 4121 485 4179 Walceri
519 4128 950 4196 cognoscebatur
994 4130 1214 4185 obedire
1261 4133 1526 4188 mandatis
1553 4134 1684 4205 (16.,
1716 4136 1826 4207 11).

253 4213 402 4268 Unde
428 4215 580 4270 multi
607 4219 695 4286 qui
720 4234 914 4273 sanum
944 4220 1222 4290 sapiebant
1249 4236 1314 4276 ex
1346 4222 1559 4278 clericis
1580 4233 1634 4280 et
1653 4225 1823 4291 laicis,

251 4306 315 4357 ab
364 4306 484 4375 ejus
554 4309 814 4366 ﬁdelitate
873 4311 987 4367 sive
1038 4311 1408 4368 familiaritate
1462 4327 1822 4382 recesserunt,

251 4396 606 4466 impetrantcs
646 4401 714 4455 ab
757 4401 1163 4473 archiepiscopo
1189 4414 1244 4458 ut
1281 4407 1702 4461 consecrationis
1727 4410 1825 4463 ho-

1939 3219 2408 3279 Sucssionensium
2449 3229 2841 3299 episcopatum,
2911 3235 3000 3302 qui
3061 3245 3187 3290 tunc
3261 3243 3517 3310 temporis

1937 3319 2152 3378 pastore
2183 3315 2424 3370 carebat.
2475 3317 2641 3388 Igitur
2690 3337 2788 3390 pro
2817 3323 3016 3379 domno
3045 3327 3289 3382 Walcero
3313 3333 3516 3402 suppli-

1936 3401 2109 3454 caturi
2155 3399 2434 3460 Canticraci
2486 3407 2720 3476 majores
2768 3418 2823 3464 et
2869 3414 3113 3469 canonici
3164 3399 3391 3471 domum
3414 3399 3515 3475 ite-

1935 3502 2175 3546 mensem
2207 3492 2489 3556 adierunt;
2524 3497 2618 3552 sed
2671 3498 2785 3566 ipse
2825 3500 3026 3556 domini
3081 3519 3232 3576 papa:
3263 3523 3398 3574 quas
3446 3512 3510 3563 de

1936 3594 2074 3636 novo
2109 3594 2395 3652 acceperat
2441 3585 2636 3642 litteris
2683 3590 2735 3644 in
2767 3592 2944 3648 medio
2972 3595 3285 3663 publicatis,
3311 3614 3512 3667 praece~

1933 3673 2012 3743 pit
2035 3673 2088 3729 in
2119 3675 2321 3731 virtute
2353 3679 2673 3738 obedientiaa
2702 3693 2759 3739 ιιι
2799 3688 2983 3741 statim
3009 3690 3318 3762 episcopum
3341 3697 3507 3769 elige-

1935 3775 2079 3834 rent,
2136 3767 2266 3838 quia
2318 3769 2604 3830 Walcerus
2655 3777 2999 3849 episcopatus
3028 3783 3346 3854 dignitatem
3392 3767 3510 3850 sine

1935 3858 2262 3916 retractione
2289 3861 2652 3921 demeruerat.

2006 3950 2090 4004 11.
2123 3949 2302 4022 (Ven.
2346 3953 2488 4011 Call.
2517 3958 2634 4030 52.)
2667 3959 2878 4020 Electus
2907 3967 3087 4039 itaque
3120 3982 3204 4027 est
3230 3976 3298 4029 ab
3333 3981 3508 4034 omni-

1934 4040 2032 4096 bus
2055 4043 2284 4098 domnus
2311 4045 2425 4100 Odo
2449 4047 2631 4104 Sancti
2681 4052 2900 4110 Martini
2928 4057 3291 4121 'l‘ornacensis
3319 4069 3506 4133 abbas,

1932 4140 1987 4186 et
2018 4143 2138 4200 post
2169 4135 2402 4191 triduum
2461 4139 2739 4198 electionis
2794 4162 2904 4202 sum
2933 4151 3000 4204 ab
3033 4155 3220 4209 eodem
3250 4139 3514 4231 archiepi-

1931 4238 2096 4294 scopo
2124 4226 2177 4280 in
2202 4228 2512 4299 episcopum
2533 4248 2912 4304 consecratus;
2947 4251 3001 4295 et
3031 4259 3277 4301 reversus
3302 4250 3508 4305 Torna-

1931 4330 2055 4370 cum
2093 4318 2389 4376 celebravit
2413 4325 2635 4380 ordines
2657 4338 2710 4381 et
2738 4332 3023 4400 synodum,
3052 4337 3185 4390 n‘hil
3211 4339 3410 4395 habens
3439 4343 3506 4396 de

1930 4407 2222 4478 regalibus,
2254 4410 2378 4466 licet
2423 4413 2698 4472 Cameraci
2736 4431 3002 4490 receptus,
3032 4429 3124 4478 sed
3151 4429 3322 4482 solum
3365 4433 3508 4487 mili-

249 4504 435 4544 norem
477 4490 742 4548 Manassae
788 4497 968 4565 ηεροιί
1015 4512 1112 4552 suo
1152 4497 1399 4555 conferre
1431 4516 1534 4555 non
1584 4502 1827 4560 diﬂerrct
1859 4515 1905 4571 ι)
1934 4507 2054 4552 lalts
2106 4497 2359 4557 ﬁdelium.
2393 4520 2611 4560 suorum
2669 4511 2951 4580 stipendiis
3025 4532 3144 4586 qua:
3185 4520 3284 4588 ipsi
3336 4528 3506 4608 gratis

253 4576 333 4608 ΙΙΙ.
412 4581 500 4608 λοι
554 4582 665 4608 ΛΠ...
713 4585 856 4608 ΓΔΑ.-
901 4587 1016 4608 nhs.
1064 4589 1174 4608 J-,_,
1268 4607 1277 4608 κ
1309 4590 1376 4608 In
1416 4592 1428 4608 ι
1748 4597 1760 4608 .
1969 4592 2009 4608 ω
2098 4594 2112 4608 ι
2210 4605 2219 4608 -
2313 4596 2384 4608 ι..
2476 4599 2539 4608 Α..
2592 4600 2657 4608 Α..
2707 4602 2786 4608 __.
2850 4604 2918 4608 -__
2959 4606 2965 4608 A

251 4576 376 4647 (ιιι,
412 4581 524 4652 i2).
554 4582 669 4650 Quo
711 4585 1022 4651 facto,licet
1056 4589 1286 4646 domnus
1309 4590 1590 4650 Walcerus
1613 4597 1828 4666 gravius

249 4671 347 4726 sibi
380 4675 676 4742 periculum
711 4679 918 4735 instare
946 4694 1318 4751 cOgnosceret,
1345 4689 1623 4744 castellum
1651 4701 1828 4748 tamen

249 4761 509 4835 Ogeyum,
529 4766 866 4839 Busiginium
886 4779 939 4826 et
960 4772 1254 4841 Busseniis,
1283 4777 1576 4834 assultibus
1601 4781 1830 4838 infinitis

251 4867 302 4907 et
348 4857 608 4913 bellorum
642 4862 848 4915 virtute
872 4863 996 4918 vicit
1030 4875 1083 4920 et
1113 4867 1298 4931 diruit,
1343 4869 1394 4921 in
1422 4885 1556 4938 pace
1582 4873 1828 4943 gratissi-

251 4959 330 4996 ma
379 4945 597 5002 civitate
650 4965 750 5004 sua
793 4952 980 5006 etsuis
1011 4953 1060 5006 in
1091 4955 1360 5024 integrum
1393 4960 1656 5014 restitutis
1694 4961 1779 5032 (Ib
1811 5003 1824 5027 ,

253 5033 335 5099 li,
369 5037 477 5104 15).
513 5037 747 5094 Clericis
775 5049 950 5095 tamen
975 5059 1132 5112 quam
1162 5047 1395 5101 maxime
1418 5060 1634 5119 propter
1663 5053 1828 5109 inter-

787 5133 852 5164 ολδ-ι
895 5135 1007 5164 Αἷμα.
1038 5138 1201 5164 Ino---
1230 5140 1574 5164 J-ﬂ------EI_.--
1641 5162 1645 5163 ν
1684 5150 1696 5164 ι
1730 5150 1742 5161 ο

251 5127 369 5164 11δοΙῖ
400 5140 609 5164 οΩοιΙΛΙιΙ
622 5135 732 5164 ἶησιι

1929 4592 2440 4667 offerebantur(lb.,
2473 4599 2567 4666 23,
2590 4600 2678 4667 27,
2707 4602 2818 4673 51).
2850 4604 3129 4664 Walcerus
3157 4592 3505 4674 autemromni

1931 4698 2024 4752 spe
2054 4685 2362 4753 destitutus,
2391 4691 2456 4743 ad
2488 4690 2745 4747 Obertum
2791 4696 3164 4757 Leodiensium
3195 4707 3504 4779 episcopum

1932 4787 1989 4826 se
2022 4776 2272 4842 contulit,
2306 4789 2360 4832 et
2393 4790 2513 4846 post
2539 4785 2910 4851 apostolorum
2940 4789 3130 4847 limina
3157 4776 3402 4866 visitans,
3434 4804 3500 4856 ab

1932 4866 2229 4932 apostolico
2306 4869 2357 4922 in
2407 4885 2526 4924 eum
2587 4883 2785 4928 statum
2835 4892 2995 4946 quem
3056 4884 3320 4942 habuerat
3380 4900 3507 4946 ante

1930 4955 2298 5026 episcOpatum
2329 4973 2392 5012 ex
2420 4961 2629 5032 integro
2658 4974 2744 5018 est
2765 4970 3048 5028 restitutus
3073 4977 3183 5044 (an.
3218 4979 3396 5049 1101),
3449 4994 3504 5036 et

1931 5046 1998 5100 ad
2047 5058 2349 5103 extremum
2403 5052 2654 5107 omnibus
2700 5072 2800 5124 pro
2846 5059 3062 5118 Christo
3109 5046 3400 5135 derelictis,
3447 5072 3499 5125 in

1931 5147 2253 5164 ...Α-.--ιρ-Ζ-
2315 5147 2484 5164 --ρ-.⁶
2536 5147 2598 5164 Ἆνο
