4026 5370
515 345 621 399 207

1484 336 1706 392 GESTA
1747 333 2166 390 PONTIFICUM
2203 335 2287 388 (ΖΛ
2299 335 2340 388 Μ
2353 335 2682 391 ΕΒΑΟΕΝΞΙ
2695 335 2810 391 ωε.

3673 339 3786 395 208

516 472 701 514 eomes
747 457 1062 527 imperatori
1118 451 1498 510 reconciliatus
1553 451 1826 504 civitatem
1857 458 2100 504 nostram
2131 457 2174 511 Α
2207 447 2312 518 (an.
2343 448 2503 512 1151,
2533 449 2748 526 HartJ,
2797 449 2964 504 multa
3005 450 3074 506 de
3105 458 3246 508 statu
3279 451 3520 508 ecclesiae
3549 453 3788 508 collatu-

518 552 619 620 ipsi
675 551 844 606 libere
899 547 1230 608 reddiderat,
1297 544 1435 614 apud
1484 543 1752 596 lnciacum
1800 539 2099 594 mansionis

517 658 629 699 sua:
673 642 878 696 invenit
919 637 1319 698 diverticulum,
1349 636 1540 697 donec,
1565 631 1842 686 mediante
1889 644 2102 684 suuqu

515 734 793 804 pontiﬁce,
847 733 1141 801 imperator
1177 727 1438 783 Henricus
1470 740 1566 794 per
1594 723 1800 792 virgam
1843 730 1896 776 et
1934 736 2101 775 annu-

519 828 654 888 lum,
677 825 820 879 sicut
849 823 948 892 ipsi
978 835 1114 892 papa
1144 821 1506 881 concesserat,
1527 813 1768 868 Odoncm
1797 811 1862 865 de
1889 811 2102 880 cpisco-

517 929 648 989 patu
705 915 1002 972 liberaliter
1053 909 1352 967 investivit.
1393 907 1498 962 Sed
1539 912 1792 960 revocato
1818 901 2099 974 privilegio

517 1011 648 1066 talis
692 1008 1100 1070 concessionis,
1147 1003 1292 1074 quod
1341 1009 1533 1057 contra
1573 1013 1813 1054 canones
1869 997 2098 1052 domnus

505 1117 658 1172 ,papa
705 1097 1124 1170 imperatoribus
1177 1093 1490 1156 indulserat,
1518 1091 1633 1147 Odo
1669 1090 1954 1160 cpiscOpns
1977 1103 2100 1158 pro-

523 1204 642 1264 pter
669 1194 893 1248 formam
943 1201 998 1246 et
1044 1189 1264 1245 modum
1301 1201 1413 1242 sua:
1443 1183 1774 1240 investiturte
1803 1180 2096 1251 depositus,

515 1289 901 1356 Aquicinctnm
961 1283 1280 1355 perveniens
1323 1279 1448 1346 sub,
1477 1277 1797 1332 obedientise
1845 1273 2100 1328 mandato

521 1379 774 1434 dormivit
803 1380 856 1431 in
895 1377 1132 1432 Christo.

593 1473 677 1526 12.
724 1471 902 1542 (l'ers.
933 1470 1075 1525 Gali.
1104 1469 1220 1537 35.)
1255 1469 1496 1522 Domnus
1526 1461 1899 1524 Burchardus,
1927 1460 2099 1530 impe-

521 1565 720 1620 ratoris
767 1555 1052 1618 familiaris
1101 1569 1156 1615 et
1197 1553 1388 1614 intime
1439 1564 1620 1620 notus,
1676 1551 1948 1608 communi
1993 1550 2098 1605 ele-

521 1657 702 1711 ctione
743 1663 799 1708 et
861 1655 1002 1709 dono
1053 1649 1399 1721 imperatoris
1449 1645 1714 1703 successit
1765 1642 1939 1699 Odoui
1985 1641 2096 1710 (an.

518 1751 544 1802 1
561 1750 580 1802 l
599 1749 708 1818 18);
757 1746 852 1802 sed
877 1753 1098 1816 propter
1119 1741 1449 1798 discordiam
1476 1740 1619 1794 inter
1641 1751 1831 1807 papam
1848 1743 1902 1789 et
1928 1735 2098 1802 impe-

2204 555 2316 604 rus,
2363 541 2576 610 inqua
2633 541 2990 597 collocatione
3029 543 3252 598 obtentu
3304 545 3445 614 regis
3491 543 3792 602 Lictardus

2201 631 2672 686 Cameracensium
2703 632 2989 702 episcOpus
3017 633 3266 688 efﬁcitur.
3299 632 3426 688 Post
3465 650 3614 690 suam
3637 649 3786 692 cen-

2203 720 2562 776 secrationem
2593 723 2744 790 quasi
2773 723 2906 776 nihil
2933 723 3162 792 amplius
3188 739 3419 794 Sperans
3451 725 3533 780 vel
3560 726 3786 791 timens,

2201 810 2300 866 sibi
2326 811 2482 882 plene
2501 812 2733 879 deditus,
2762 813 2940 868 minus
2961 815 3195 872 intentus
3225 815 3558 882 liberalitati,
3603 819 3790 874 omni—

2201 897 2302 953 bus
2357 901 2531 956 factus
2575 911 2658 958 est
2687 904 2922 959 odiosus.
2959 904 3112 960 Unde
3137 905 3410 962 Gerardus
3457 909 3792 976 cognomine

2201 988 2575 1046 Mauﬁllastres
2603 993 2862 1049 adversus
2889 995 3198 1065 episcopum
3230 996 3521 1065 insurgens
3545 997 3788 1053 Novum~

2201 1093 2438 1140 castrum
2467 1085 2610 1156 cepit
2634 1094 2688 1140 et
2737 1085 2993 1153 incendit,
3025 1100 3228 1144 etcum
3255 1090 3598 1146 multitudine
3625 1093 3790 1148 inlta~

2199 1177 2488 1234 bitantium
2515 1187 2568 1234 ct
2611 1189 2923 1236 sanctorum
2961 1181 3205 1254 reliquiis
3249 1184 3490 1255 quinque
3536 1187 3788 1242 ccclesim

2202 1265 2340 1336 ignis
2385 1268 2640 1324 violentia
2679 1270 3054 1340 deperierant;
3105 1273 3344 1343 episcopi
3397 1283 3576 1330 autem
3640 1277 3784 1332 bona

2201 1359 2637 1428 circumjacentia
2694 1361 2812 1416 sine
2867 1364 3294 1420 contradictione
3348 1367 3621 1422 (ierardus
3667 1369 3786 1423 suis

2199 1449 2495 1516 distribuit,
2555 1451 2760 1520 reliqua
2793 1467 2920 1506 vero
2976 1453 3044 1508 ad
3095 1463 3282 1509 initum
3330 1471 3485 1510 suum
3515 1457 3782 1527 possedit.

2199 1540 2359 1604 Solus
2388 1541 2574 1598 Simon
2607 1543 2674 1598 de
2696 1543 2846 1614 Oisy,
2881 1544 3024 1600 ﬁlius
3069 1546 3369 1612 castellani,
3397 1548 3583 1606 dolens
3617 1565 3790 1620 super

2198 1630 2528 1688 desolatioue
2551 1634 2911 1704 episcopatus,
2941 1635 3200 1692 adversus
3220 1637 3519 1696 Gcrarduni
3545 1657 3786 1697 wcrram

2198 1725 2427 1782 viriliter
2477 1729 2662 1790 movit,
2719 1738 2773 1784 et
2827 1729 3043 1788 tandem
3097 1732 3312 1787 reduxit
3363 1733 3419 1788 in
3479 1735 3786 1792 amicitiam

520 1848 756 1894 ratorcm
817 1851 978 1909 super
1001 1835 1315 1892 investitura
1345 1847 1441 1903 per
1478 1831 1685 1901 virgam
1720 1837 1776 1883 et
1815 1826 2096 1891 annulum,

2201 1816 2434 1888 episcopi
2463 1817 2892 1886 Cameracensis,
2943 1821 3034 1878 tali
3071 1823 3444 1880 satisfactione
3475 1829 3783 1896 prmmissa,

515 1945 618 2000 per
639 1930 915 1987 biennium
942 1927 1405 1984 consecrationem
1448 1923 1696 1979 obtinere
1748 1935 1854 1975 non
1901 1919 2095 1990 potuit,

518 2020 704 2076 multis
757 2021 806 2076 ei
854 2035 1008 2076 suam
1057 2017 1414 2088 dejectionem
1472 2011 1948 2070 comminantibus.
1992 2007 2098 2063 Sed

521 2113 737 2168 tandem
795 2111 1189 2168 interveniente
1240 2109 1434 2163 merito
1461 2103 1610 2170 vitae,
1640 2105 1748 2174 quo
1785 2101 2094 2173 Specialiter

519 2205 662 2258 inter
708 2199 1192 2271 comprovinciales
1231 2197 1494 2264 enitebat,
1522 2205 1578 2252 et
1606 2193 1908 2266 impetratis
1938 2205 2099 2261 super

519 2295 622 2350 hoc
647 2293 846 2349 domini
903 2307 1054 2362 papa-2
1104 2289 1322 2354 litteris,
1363 2288 1506 2358 quod
1551 2287 1638 2341 diu
1672 2285 2094 2345 desideraverat,

515 2385 696 2439 oleum
737 2383 1162 2440 consecrationis
1212 2389 1296 2436 est
1327 2387 1673 2442 consecutus,
1735 2384 1790 2430 et
1833 2373 2096 2444 quidquid

516 2477 836 2532 distractum
893 2476 1069 2531 fuerat
1096 2475 1164 2529 de
1205 2488 1391 2528 mensa
1433 2468 1746 2540 episcopali,
1785 2467 2094 2522 tlieloueum

515 2569 740 2632 scilicet,
793 2577 1064 2624 monetam
1125 2577 1179 2620 et
1238 2565 1598 2628 molendinos,
1649 2561 1817 2616 multa
1869 2559 2094 2630 pecunia

2199 1909 2344 1979 quod
2371 1909 2523 1966 miles
2551 1910 2708 1967 daret
2745 1913 2983 1983 quinque
3041 1915 3242 1972 solidos
3295 1927 3348 1972 et
3375 1920 3600 1988 quilibet
3630 1922 3788 1991 pedi-

2201 2009 2311 2055 tum
2369 2002 2558 2073 viginti
2611 2003 2864 2060 denarios
2913 2006 2981 2060 ad
3034 1991 3486 2064 restaurationem
3529 2011 3784 2065 ecclesia;

2197 2092 2496 2146 beatissimi
2524 2095 2753 2149 Andron:
2779 2111 2794 2161 ;
2827 2105 2886 2152 et
2911 2097 2991 2152 sic
3012 2113 3201 2156 omnes
3230 2100 3498 2170 prmdictac
3525 2101 3790 2171 iniquita-

2201 2185 2269 2240 tis
2329 2187 2620 2256 participes
2673 2199 2800 2244 sunt
2854 2190 3116 2259 absoluti,
3182 2195 3276 2250 sed
3337 2209 3437 2264 pro
3465 2207 3788 2267 contemptu

2197 2277 2433 2347 episc0pi
2451 2279 2599 2334 'niltil
2631 2279 2819 2335 horum
2851 2283 3030 2336 datum
3054 2295 3137 2338 est
3163 2285 3493 2340 executioni.

2269 2369 2356 2422 15.
2419 2369 2600 2442 (Verr.
2661 2371 2804 2426 Call.
2859 2374 2973 2445 45.)
3014 2375 3324 2446 Prepositus
3371 2379 3535 2432 etiam
3588 2381 3791 2434 domus

2197 2459 2540 2532 episcopalis,
2585 2476 2746 2531 quem
2793 2475 3102 2534 propterea,
3151 2475 3211 2522 ut
3262 2468 3315 2522 in
3349 2481 3444 2524 ore
3479 2471 3784 2526 multorum

2197 2560 2335 2616 erat,
2363 2551 2664 2614 destituere
2703 2557 3003 2611 conabatur
3031 2557 3342 2628 episcopus,
3371 2569 3430 2614 ut
3483 2560 3621 2616 infra
3655 2578 3789 2632 pro-

513 2661 839 2717 redemit-de
863 2673 1026 2713 manu
1053 2659 1406 2720 creditorum,
1430 2654 1604 2710 modis
1635 2653 1888 2708 omnibus
1913 2651 2098 2705 elalio-
2191 2641 2373 2709 [trium
2403 2642 2734 2699 domicilium
2779 2645 3028 2703 licentius
3061 2650 3174 2704 suis
3209 2650 3790 2723 abuterctttrvohipm-

515 2767 647 2806 rans
700 2759 758 2804 ut
807 2751 1051 2820 dispersa
1089 2748 1386 2818 colligeret,
1423 2747 1602 2802 diruta
1645 2743 1962 2806 aediﬁcaret,
2010 2741 2094 2794 in-

513 2853 677 2896 venta
735 2857 839 2896 nou
889 2839 1064 2894 minus
1113 2839 1343 2893 ﬁdeliter
1370 2843 1674 2892 reservaret
1717 2833 1897 2904 (Vera.
1953 2829 2094 2885 Call.

512 2940 605 3002 ~34,
634 2938 747 3008 38).
779 2937 986 2992 Novum
1020 2936 1179 2991 etiam
1227 2935 1504 2990 castellum
1557 2933 1698 3003 quod
1727 2935 1792 2986 de
1831 2931 1970 2985 dono
1999 2931 2097 2984 im-

513 3031 804 3100 peratoris,
831 3029 970 3083 sicut
995 3028 1244 3097 superius
1273 3027 1478 3081 dictum
1509 3033 1614 3090 est,
1642 3023 1886 3080 ecclesia:
1907 3023 2098 3079 Came-

513 3120 727 3175 racensi
757 3119 1046 3188 appendet,
1075 3117 1140 3171 de
1172 3133 1332 3171 manu
1357 3115 1602 3170 Balduini
1631 3123 1685 3168 et
1717 3113 1894 3168 Caroli
1923 3112 2093 3168 comi-
2122 3143 2166 3204 ρ

517 3220 632 3263 tum
689 3207 958 3262 Flaudria:
1003 3206 1234 3261 liberum
1287 3204 1424 3260 mira
1475 3203 1839 3259 sollicitudine
1871 3201 2094 3269 recepit,

515 3301 645 3355 licet
688 3299 956 3354 Robertus
995 3297 1216 3350 ultimus
1241 3305 1295 3351 et
1337 3294 1630 3349 Balduinus
1661 3293 1802 3347 ﬁlius
1827 3293 1941 3362 ejus
1969 3291 2095 3346 illud

515 3394 769 3447 demanu
827 3391 1170 3458 imperatoris
1201 3388 1302 3444 sibi
1334 3377 1730 3443 beneﬁciatum'
1753 3394 1808 3439 et
1853 3384 1906 3439 in
1939 3383 2096 3439 feodo

511 3481 833 3536 tenuissent.
910 3479 1195 3548 Pereunpto
1244 3477 1406 3532 etiam
1452 3474 1644 3532 Carolo
1705 3473 1906 3530 comite
1955 3473 2096 3542 apud

514 3571 721 3642 Brugas
771 3571 1040 3627 horrenda
1099 3569 1426 3638 proditione,
1459 3567 1612 3637 l-lugo
1641 3565 1976 3622 castellanus
2004 3579 2095 3618 ca-

513 3661 1308 3724 stellaniamCameracensem,
1336 3673 1494 3730 quam
1525 3657 1592 3711 de
1615 3658 1872 3726 praedicto
1897 3656 2094 3714 comite

515 3753 755 3817 tenebat,
787 3751 855 3805 ab
882 3751 1155 3821 episcopo,
1181 3757 1322 3803 sicut
1344 3747 1591 3811 decebat,
1617 3747 1856 3801 liominio
1879 3745 2026 3802 facto
2039 3752 2096 3800 et

519 3841 777 3896 ﬁdelitate
823 3841 1082 3909 praestita,
1115 3838 1374 3907 suscepit,
1407 3835 1666 3890 demolito
1695 3835 1844 3904 prius
1873 3834 2094 3890 castello

516 3933 660 4000 quod
713 3933 767 3986 in
832 3932 1159 3985 Crevecaaur
1209 3930 1263 3983 in
1333 3925 1732 3998 receptaculum
1781 3926 2094 3998 praedonum

517 4023 696 4078 fuerat
731 4023 798 4077 ab
832 4021 1021 4076 eodem
1062 4020 1286 4090 llugone
1317 4025 1710 4073 constructum.

589 4117 673 4171 15.
716 4115 892 4187 (Verr.
943 4113 1088 4168 Call.
1131 4113 1246 4172 57.)
1277 4111 1436 4166 Istius
1479 4110 1713 4180 episcopi
1766 4109 1988 4165 monitis
2041 4119 2095 4164 et

514 4207 742 4264 consilio
762 4204 1164 4262 Werimboldus
1195 4203 1334 4258 civis
1353 4201 1582 4272 quidam
1621 4201 1728 4255 iter
1749 4198 2096 4270 perfectionis

509 4299 800 4369 arripiens,
845 4311 898 4350 tn
931 4297 1032 4350 hac
1078 4295 1300 4349 civitate
1324 4289 1702 4346 Cameracensi
1734 4289 1900 4344 multa
1926 4303 2093 4358 pecu-

515 4391 604 4446 nia
633 4389 917 4461 pedagium
954 4386 1203 4448 redemit,
1236 4393 1290 4437 et
1339 4384 1554 4438 demum
1587 4382 1638 4436 in
1680 4381 1928 4451 hospitali
1956 4397 2092 4450 pau-

2199 2733 2367 2798 tilnts,
2423 2747 2548 2788 cum
2601 2735 2923 2805 quibusdam
2973 2739 3186 2796 clericis
3246 2751 3300 2795 et
3342 2741 3548 2797 civibus
3583 2744 3787 2798 domno

2176 2822 2452 2880 Remensi
2511 2827 2799 2883 manifeste
2847 2831 3135 2901 suggessit,
3173 2833 3318 2903 quod
3351 2834 3636 2904 cpiscopus
3687 2836 3787 2892 de-

2193 2911 2406 2974 clinans
2424 2915 2684 2986 palatium
2735 2927 2956 2988 propter
2977 2935 3252 2980 enormem
3281 2937 3436 2978 suam
3469 2924 3780 2988 libidinem,

2199 3003 2266 3058 ad
2306 3004 2494 3061 domos
2513 3007 2884 3066 divertebatur
2905 3012 3261 3080 privatorum,
3289 3017 3430 3084 quod
3459 3015 3790 3085 prasbcndas

2199 3097 2473 3166 venderet,
2499 3107 2556 3154 et
2593 3099 2851 3157 ecclesias
2891 3103 3104 3160 nonnisi
3153 3105 3404 3161 condicto
3433 3107 3608 3176 pretio
3637 3124 3782 3164 coa-

2193 3199 2460 3249 secraret.
2513 3192 2755 3250 Domnus
2821 3209 2949 3265 ergo
2995 3195 3280 3252 Bernensis
3333 3199 3435 3254 sub
3485 3201 3786 3268 prmseutia

2199 3287 2406 3334 tantum
2454 3283 2692 3352 quinque
2739 3285 3117 3355 episcoporum
3179 3295 3406 3354 paterae
3449 3291 3786 3344 conveniens

2201 3367 2537 3440 Lietardum,
2589 3387 2654 3428 ex
2701 3389 2798 3432 ore
2849 3375 3018 3445 ipsius
3053 3392 3174 3446 qtne
3203 3379 3644 3448 proponebantur
3671 3395 3788 3433 non

2197 3477 2316 3520 esse
2345 3463 2478 3518 falsa
2531 3465 2812 3531 intellexit,
2869 3461 3133 3524 mandans
3159 3477 3213 3523 et
3240 3469 3605 3524 consulens-ut
3633 3469 3784 3524 infra

2195 3555 2496 3624 proximam
2547 3555 2926 3626 Epiphaniam,
2979 3573 3048 3614 ne
3097 3559 3309 3629 publice
3337 3559 3781 3626 convinceretur,

2197 3648 2352 3716 quasi
2399 3655 2730 3716 spontancus
2785 3649 3065 3706 recederet
3125 3659 3183 3705 et
3238 3650 3438 3706 ibidem
3486 3651 3628 3704 ultra
3665 3667 3781 3706 non

2197 3749 2532 3809 compareret
2564 3757 2577 3795 ;
2607 3741 2747 3812 quod
2784 3757 2841 3798 se
2887 3743 3152 3800 facturum
3177 3744 3278 3800 sub
3315 3745 3603 3814 praesentia
3651 3759 3788 3799 eco-

2197 3829 2536 3899 piscoporum
2559 3846 2779 3904 suorum
2799 3831 3082 3889 Lietardus
3101 3833 3388 3904 episcopus
3407 3835 3778 3888 conﬁrmavit.

2195 3919 2305 3976 Sed
2355 3903 2633 3992 digressus
2669 3923 2735 3977 ad
2789 3923 3170 3993 imperatorem
3210 3903 3520 3995 postulabat
3563 3936 3622 3980 ut
3677 3941 3783 3996 per

2193 4010 2312 4081 ejus
2343 4014 2724 4084 interventum
2801 4015 3230 4072 misericordiam
3303 4017 3445 4086 apud
3513 4017 3782 4072 domuum

2195 4117 2390 4172 papam
2413 4113 2468 4158 ct
2489 4105 2955 4176 archiepiscopum
2983 4106 3271 4174 inveniret,
3307 4109 3488 4178 ibique
3519 4109 3781 4177 impetra-

2197 4197 2274 4248 vit
2297 4195 2658 4267 privilegium,
2690 4199 2833 4267 quod
2885 4201 3208 4270 praepositus
3259 4201 3550 4270 praedictus
3575 4209 3632 4256 et
3659 4215 3781 4256 ser-

2195 4287 2404 4344 vientes
2443 4289 2680 4360 episc0pi
2717 4305 2824 4346 non
2851 4290 3072 4358 fcodati,
3105 4292 3274 4347 invito
3301 4292 3578 4364 episcopo,
3614 4295 3782 4348 mini-
3843 4335 3850 4341 .

2195 4377 2378 4436 steriis
2419 4377 2534 4447 ejus
2587 4395 2646 4436 se
2692 4381 2940 4451 ingerere
2981 4398 3086 4438 non
3119 4393 3470 4453 praesumant.
3509 4384 3782 4439 Dissimu-

513 4497 703 4551 perum
749 4479 903 4546 juxta
953 4475 1167 4532 Sanctae
1194 4476 1386 4532 Crucis
1437 4473 1718 4529 ecclesiam
1765 4473 2089 4543 pauperibus
2124 4475 2170 4536 υ
2197 4468 2341 4523 lante
2397 4479 2576 4526 autem
2607 4472 2861 4542 episeopo
2886 4485 3007 4542 post
3036 4473 3278 4544 elapsum
3307 4475 3599 4530 terminum
3631 4478 3781 4546 quod

511 4587 717 4643 pauper
753 4585 850 4640 pro
896 4569 1120 4626 Christo
1143 4567 1369 4623 effectus
1411 4565 1690 4620 humiliter
1713 4580 1900 4620 curam
1941 4565 2094 4619 exhi-

513 4664 650 4718 buit.
711 4661 754 4718 Ο
794 4676 921 4717 vere
965 4659 1448 4718 commendabilem
1503 4657 1846 4728 episcopum!
1905 4657 1998 4725 qui
2038 4657 2090 4710 in

512 4753 649 4810 locis
691 4752 844 4806 valde
894 4767 926 4806 a
974 4767 1070 4807 sua
1131 4751 1258 4806 sede
1303 4747 1530 4804 remotis
1575 4747 1808 4816 genitus,
1858 4753 1914 4800 ct
1950 4746 2091 4814 apud

514 4842 934 4898 Cameracenses
1013 4841 1240 4904 advena,
1283 4839 1406 4909 plus
1463 4837 1576 4892 suis
1627 4851 1722 4905 per
1769 4835 2090 4891 industriam

513 4932 744 4988 contulit
782 4947 944 5002 quam
997 4931 1201 4986 nobiles
1240 4930 1411 4985 nostri
1463 4928 1546 4983 vel
1577 4941 1770 4997 pompa
1801 4927 1980 4982 smculi
2005 4925 2089 4982 vel

513 5025 866 5094 amplitudine
915 5023 1152 5078 carnalis
1184 5020 1576 5093 generationis.
1603 5018 1789 5087 Itaque
1819 5026 1941 5088 post
1969 5017 2090 5071 inﬁ-

513 5118 623 5156 nito
651 5115 914 5156 lmnnﬁnia
975 5116 1090 5156 cui:
1138 5123 1190 5156 nt
1215 5113 1457 5156 ρρρὶραίπι
1486 5127 1597 5156 sum
1625 5111 1836 5156 nullam-
1873 5113 2014 5156 git-nl
2035 5112 2084 5156 in

2183 4559 2542 4628 promiserat,
2595 4573 3024 4632 supervenerunt
3052 4564 3248 4636 litterae
3300 4565 3696 4637 archiepiscopi
3725 4577 3784 4622 et

2193 4653 2388 4706 summi
2411 4653 2682 4722 pontiﬁcis
2729 4656 3048 4721 auctoritas,
3092 4667 3153 4710 ut
3205 4656 3527 4712 festinanter
3565 4657 3635 4714 ab
3659 4660 3783 4728 epi-

2193 4751 2412 4811 scopatu
2443 4743 2739 4810 recederet,
2783 4745 3117 4816 plangendus
3166 4761 3264 4816 per
3307 4747 3486 4802 omnia
3510 4749 3658 4817 quod
3693 4751 3784 4804 vir

2192 4832 2457 4888 litteratus
2480 4843 2534 4889 et
2563 4844 2848 4891 venustate
2877 4838 3120 4906 corporis
3147 4837 3593 4894 commendabilis
3629 4855 3776 4908 prae-
3813 4841 3816 4844 ’

2192 4925 2332 4980 dicta
2357 4926 2613 4982 notabilis
2653 4927 2873 4982 infamia
2903 4942 3025 4982 cum
3053 4929 3232 4983 vultus
3259 4929 3342 4984 sui
3369 4928 3690 4984 confusione
3719 4943 3779 4986 et

2191 5015 2424 5071 nominis
2453 5018 2746 5087 opprobrio
2787 5033 2818 5072 a
2840 5019 2966 5074 sede
2995 5018 3286 5088 episcopali
3321 5019 3553 5087 turpiter
3575 5019 3778 5088 deiice-

2191 5116 2342 5156 retur
2363 5109 2474 5156 (an-
2511 5109 2696 5156 1157ὶ.
