4026 5370
194 385 298 443 209

1176 389 1660 449 CONTINUATIO.
1684 420 1753 430 —
1791 386 2013 445 GESTA
2059 390 2514 448 ABBREVIATA.

3372 399 3478 452 Sil)

193 519 319 574 pum
346 503 729 575 providerent.
762 504 977 559 Electus
1003 513 1087 558 est
1137 503 1319 572 itaque
1357 519 1451 574 per
1483 503 1575 558 Dei
1613 501 1796 572 provi-
1821 518 1868 574 Α
1897 500 2273 557 Flandriarutn
2299 504 2445 575 (485)
2472 505 2524 558 in
2549 501 2682 574 pace
2713 506 3037 571 terminatis,
3067 515 3189 578 post
3220 506 3482 563 famosam

192 598 444 651 dentiam
487 598 727 651 domnus
776 595 1026 650 Nicolaus
1068 594 1310 664 ejusdem
1358 595 1602 650 ecclesia:
1657 608 1793 664 pra:-

193 691 430 759 positus,
460 705 492 742 a
528 689 719 758 primis
747 687 941 741 ibidem
971 688 1128 742 annis
1155 687 1445 751 enutritus,
1468 687 1680 742 cunctis
1703 701 1794 740 ac.

193 782 571 838 clamantibus
597 789 653 834 et
684 780 1028 849 imperatoris
1083 778 1268 834 favore
1321 793 1486 848 super
1523 777 1626 832 hoc
1676 775 1791 847 ple-

195 874 425 928 nissime
449 872 627 942 gratis
659 871 966 940 impetrato.
1015 869 1300 923 Multitudo
1329 882 1562 938 namque
1592 867 1796 938 princi-

198 979 325 1034 pum
354 963 454 1032 qui
516 970 647 1016 tunc
684 961 736 1014 in
791 961 938 1016 curia
996 959 1274 1014 constituti
1327 958 1562 1021 fuerant,
1622 959 1796 1027 ipsum

200 1057 435 1111 electum
463 1064 522 1109 et
544 1053 782 1108 amicum
829 1061 886 1107 et
927 1051 1390 1120 consanguineum
1450 1064 1608 1104 suum
1647 1063 1799 1102 reco-

199 1147 524 1224 gnoscebat.
552 1147 848 1216 Susceptus
877 1146 1042 1216 igitur
1062 1159 1184 1200 cum
1215 1143 1411 1215 gaudio
1438 1139 1798 1196 inmstiznabili

203 1261 234 1298 a
258 1245 410 1298 clero
432 1251 490 1296 et
511 1240 733 1312 populo,
757 1249 992 1310 quantus
1017 1237 1232 1291 futurus
1254 1244 1400 1290 esset
1425 1234 1477 1288 in
1516 1233 1689 1302 prima
1715 1231 1795 1286 sui

203 1337 491 1391 vocatione
509 1333 860 1388 monstravit.
892 1315 1193 1386 Gerardum
1221 1343 1453 1398 namque
1475 1326 1802 1380 Maulilastre

203 1425 826 1496 quiNovum-castrum
859 1420 1096 1492 episcopi
1154 1427 1211 1474 et
1263 1417 1404 1472 bona
1458 1415 1803 1485 episcOpatus

205 1518 477 1573 violenter
495 1523 768 1584 occupata
790 1513 1029 1576 tenebat,
1058 1526 1180 1565 cum
1205 1525 1238 1562 a.
1262 1507 1530 1576 colloquio
1565 1505 1806 1559 Simonis

206 1609 274 1664 de
302 1607 430 1678 Oisy
472 1607 652 1660 minus
688 1618 878 1658 cautus
925 1607 1304 1662 reverteretur,
1347 1598 1636 1668 episcopus
1679 1610 1809 1648 eum.

207 1698 346 1769 apud
399 1695 717 1750 Theunium
767 1693 946 1746 viliam
1003 1706 1178 1753 suam,
1219 1688 1364 1743 nulla
1401 1702 1500 1758 pro
1552 1686 1805 1741 libertate

209 1787 465 1844 ecclesia:
498 1785 702 1840 timens
741 1783 921 1840 subire
949 1779 1209 1850 pericula,
1239 1779 1401 1848 cepit,
1442 1787 1496 1832 et
1527 1789 1695 1846 usque
1726 1776 1806 1830 in-

1896 590 2040 644 illam
2074 601 2313 663 stragem
2346 595 2487 664 apud
2515 594 2840 652 Crievecuer
2862 596 3086 662 factam,
3119 608 3173 652 et
3199 600 3485 655 haereditas

1895 697 1990 738 sua
2018 683 2129 738 fllio
2154 685 2404 750 Gerardi,
2442 685 2584 742 facta
2613 688 2871 745 fidelitate
2895 702 2950 744 et
2979 691 3244 756 hominio,
3278 701 3361 746 est
3399 708 3485 746 rc-

1896 778 2105 842 stituta,
2132 786 2189 832 et
2215 788 2530 848 competens
2566 780 2870 836 satisfactio
2926 781 3071 836 facta
3125 795 3207 836 est
3234 782 3488 852 cpisc0po

1897 884 1996 938 pro
2021 871 2337 926 excessibus
2361 873 2841 942 supranominatis.
2874 873 3100 929 Evoluto
3144 876 3485 944 postmodum

1899 976 2004 1015 non
2036 961 2208 1017 multo
2239 973 2538 1032 temporum
2564 964 2858 1030 curriculo,
2899 979 3079 1019 comes
3106 963 3372 1019 Flandrite
3403 964 3490 1018 Si-

1900 1064 2114 1104 monem
2141 1051 2208 1106 de
2235 1050 2362 1122 Oisy
2391 1053 2650 1107 adversus
2686 1069 2808 1108 eum
2857 1055 3207 1110 rebellantem
3259 1055 3488 1109 multum

1899 1142 2066 1213 erepit
2092 1143 2284 1198 werris
2317 1141 2552 1212 afﬂigere
2579 1152 2633 1199 et
2662 1145 2991 1200 munitiones
3030 1146 3147 1215 ejus
3186 1160 3485 1215 occupare;

1901 1233 1996 1286 sed
2037 1233 2267 1288 domnus
2306 1234 2614 1304 episc0pus,
2668 1234 2752 1288 vir
2811 1235 3051 1290 moribus
3100 1236 3486 1305 praedicabilis,

1903 1321 2078 1392 ipsum
2102 1323 2244 1377 sicut
2269 1324 2542 1378 hominem
2573 1339 2750 1386 suum,
2779 1325 2920 1380 sicut
2969 1335 3215 1395 nepotem
3244 1342 3400 1382 suum
3434 1336 3492 1382 et

1905 1413 2142 1467 amicum
2181 1429 2360 1477 suum,
2393 1415 2558 1484 cmpit
2580 1415 2808 1470 consilio
2833 1423 2887 1470 et
2919 1415 3120 1472 auxilio
3165 1433 3328 1488 super
3374 1433 3490 1472 om-

1906 1518 2002 1558 nes
2031 1502 2341 1571 defendere,
2374 1520 2480 1558 non
2507 1505 2703 1560 timens
2727 1505 2836 1560 iras
2860 1504 3123 1575 majorum
3164 1508 3234 1562 ob
3268 1524 3490 1563 suorum

1908 1598 2301 1666 protectionem
2333 1597 2385 1650 in
2412 1612 2472 1652 se
2493 1612 2815 1668 provocare.
2861 1597 3100 1655 Tandem
3127 1601 3240 1672 ipso
3286 1604 3491 1658 media-

1909 1695 2026 1740 tore
2058 1686 2109 1740 in
2139 1687 2281 1742 hanc
2306 1688 2453 1759 pacis
2475 1687 2704 1745 formam
2733 1702 3126 1758 convenerunt,
3149 1695 3288 1766 quod
3311 1710 3498 1749 comes

1909 1777 2258 1834 Flandrensis
2303 1778 2371 1835 de
2427 1797 2590 1836 manu
2652 1784 2890 1854 episcopi
2937 1786 3174 1856 suscepit
3237 1786 3290 1840 in
3340 1785 3494 1842 feodo

213 1892 297 1934 tra
328 1878 606 1934 civitatem
637 1885 862 1945 captum
903 1871 1127 1928 adduxit
1169 1886 1292 1925 eum
1338 1868 1685 1925 multitudine
1715 1883 1804 1921 ar-
1842 1871 1885 1930 Β
1911 1871 2178 1944 Osyacum
2204 1882 2260 1927 et
2280 1873 2650 1930 castellaniam
2676 1877 3151 1942 Cameracensem,
3205 1894 3369 1948 quam
3397 1879 3497 1932 im-

213 1982 486 2026 niatorum
520 1969 762 2038 copiosa.
793 1965 871 2020 11ιί
916 1963 1148 2034 receptis
1192 1961 1470 2018 obsidibus
1527 1971 1580 2016 et
1621 1960 1804 2018 multis

206 2059 538 2130 juramentis
572 2059 641 2115 de
671 2057 931 2114 fidelitate
958 2053 1058 2114 sibi
1087 2054 1353 2111 servanda
1403 2053 1455 2108 in
1507 2061 1802 2124 posterum,

217 2161 438 2224 recepto
486 2153 652 2209 etiam
711 2149 1078 2208 Novo-castro
1127 2162 1252 2205 cum
1297 2147 1412 2202 suis
1448 2145 1804 2216 appendiciis,

215 2244 522 2300 Gerardum
555 2243 784 2310 dimisit,
818 2241 1093 2298 collocatis
1117 2241 1339 2310 insuper
1362 2236 1672 2294 hominibus
1695 2236 1810 2290 suis

224 2338 282 2390 in
305 2344 486 2390 castro
506 2335 574 2389 de
595 2342 788 2389 sancto
810 2333 1075 2398 Aubcrto,
1100 2332 1171 2386 ob
1197 2331 1456 2402 majorem
1507 2338 1666 2384 terra:
1699 2344 1809 2382 suae

221 2437 277 2480 et
305 2441 525 2480 suorum
552 2426 924 2481 securitatem.

294 2519 380 2571 17.
432 2517 529 2572 His
577 2530 708 2586 ergo
758 2512 1014 2584 primitiis
1060 2509 1507 2567 commendabilis
1551 2507 1812 2563 honorem

224 2607 466 2678 suscepit
493 2605 946 2669 consecrationis,
991 2602 1165 2658 solum
1217 2603 1355 2658 dans
1397 2616 1620 2672 operam
1663 2599 1810 2654 circa

223 2698 470 2754 e;clcsia:
494 2712 605 2751 sua:
635 2694 1043 2759 exultationem,
1073 2693 1160 2748 cui
1211 2708 1272 2750 se
1320 2702 1490 2749 totum
1522 2700 1630 2748 tota
1666 2690 1813 2747 solli-

221 2788 465 2845 citutline
488 2785 853 2856 impendebat.
868 2784 1088 2839 Cunctis
1110 2785 1292 2853 itaque
1312 2784 1411 2839 sub
1427 2781 1814 2852 tranquillitate

225 2880 374 2952 pacis
397 2879 782 2952 gaudentibus,
806 2877 1090 2949 praedones
1118 2875 1338 2945 quidam
1365 2875 1429 2931 de
1461 2873 1664 2930 familia
1705 2873 1812 2930 Ge-

227 2975 374 3029 rardi
430 2972 796 3036 Maufilastre,
837 2979 1035 3025 terram
1067 2969 1227 3023 istam
1276 2968 1685 3037 depopulantes,
1735 2967 1818 3021 di~

225 3081 388 3138 gnam
420 3064 706 3129 maleficiis
729 3063 846 3118 suis
866 3075 1082 3131 poenam
1112 3075 1144 3115 a
1166 3058 1648 3114 Cameracensibus
1673 3072 1818 3112 rece-

227 3166 448 3229 perunt.
473 3156 652 3223 Quare
673 3153 974 3215 Gerardus,
997 3159 1152 3222 rupta
1172 3164 1308 3220 pace
1327 3163 1490 3218 quam
1505 3148 1597 3202 diu
1620 3146 1818 3203 invitus

1908 1965 2142 2022 mediate
2165 1965 2317 2036 prius
2343 1966 2530 2023 Simon
2555 1967 2621 2023 de
2642 1969 2896 2039 episcopo
2945 1977 3212 2035 tenuerat,
3241 1979 3295 2025 et
3323 1969 3500 2026 Simo-

1909 2070 2031 2110 nem
2057 2055 2126 2112 de
2147 2057 2422 2126 prmdietis
2448 2073 2632 2112 comes
2670 2058 2990 2129 saepedictus
3013 2059 3253 2116 feodavit
3274 2062 3499 2131 provida

1909 2145 2416 2216 circumspectione,
2451 2147 2591 2217 quod
2625 2148 2678 2201 in
2732 2149 2892 2204 modo
2931 2149 3081 2218 pacis
3123 2151 3190 2205 de
3213 2149 3337 2219 jure
3383 2152 3498 2221 epi-

1911 2237 2056 2306 sc0pi
2080 2237 2213 2292 nihil
2236 2237 2483 2306 deperiit,
2508 2238 2603 2292 sed
2619 2239 2800 2307 potius
2825 2240 3122 2295 hominium
3152 2239 3500 2297 Flandrensis

1913 2327 2169 2379 accrevit.

1985 2417 2074 2472 19.
2116 2417 2320 2473 Exorto
2352 2418 2568 2472 interim
2592 2419 2805 2474 famoso
2835 2421 3128 2474 schismate
3173 2421 3227 2475 in
3255 2421 3502 2475 Romanu

1912 2505 2156 2562 Ecclesia
2180 2508 2321 2562 inter
2337 2507 2704 2564 Alexandrum
2728 2519 2781 2564 et
2803 2508 3154 2564 Octavianum
3179 2511 3289 2580 (an.
3317 2511 3500 2579 1160),

1915 2600 2210 2670 imperator
2257 2600 2581 2656 Fredericus
2633 2615 2756 2655 cum
2816 2602 3066 2657 universo
3125 2601 3354 2673 imperio
3404 2619 3503 2658 suo

1916 2701 2102 2762 partes
2149 2699 2369 2750 secutus
2418 2703 2503 2748 est
2567 2691 2880 2760 Octaviani;
2935 2693 3166 2749 Francia
3214 2702 3323 2749 tota
3379 2710 3503 2749 cum

1919 2783 2126 2853 reliquo
2144 2792 2415 2840 terrarum
2446 2785 2579 2842 orbe
2608 2785 2901 2842 Alexandri
2928 2785 3248 2843 electionem
3269 2802 3504 2858 sequen-

1921 2885 1991 2942 te,
2025 2877 2201 2946 gravis
2226 2888 2415 2933 exorta
2443 2888 2525 2934 est
2554 2880 2605 2935 in
2637 2879 2867 2937 ecclesia
2895 2880 2991 2936 Dei
3039 2881 3327 2948 dissensio,
3388 2884 3508 2937 uni-

1924 2978 2087 3023 tatem
2115 2969 2318 3026 Christi
2349 2971 2717 3028 dividentibus
2746 2973 2850 3029 illis
2874 2973 2966 3043 qui
2997 2989 3094 3028 sua
3119 2984 3424 3045 sequuntur
3453 2985 3509 3030 et

1922 3075 2027 3114 non
2059 3077 2180 3131 qua:
2226 3060 2352 3117 Jesu
2381 3062 2606 3120 Christi.
2639 3064 2696 3118 In
2726 3064 2830 3121 hac
2866 3074 3045 3120 autem
3099 3065 3380 3122 divisionis
3409 3081 3507 3120 van

1924 3151 2118 3206 rietate
2169 3167 2292 3206 cum
2347 3153 2508 3223 digna
2576 3156 2835 3210 memoria
2893 3155 3210 3212 recolendus
3256 3157 3534 3213 Nicolaus

227 3213 604 3310 simulave-rat,
665 3259 900 3298 werram
947 3213 1203 3312 episeopo
1250 3239 1444 3294 indixit
1485 3247 1541 3294 et
1586 3237 1818 3302 civibus,
1847 3213 1892 3275 (ἶ
1923 3239 2208 3308 episcopus
2246 3241 2320 3296 ita
2351 3213 2432 3297 sev
2451 3243 2617 3311 gessit
2647 3246 2904 3310 medium,
2955 3247 3095 3315 quod
3132 3263 3231 3302 nec
3272 3251 3340 3303 ab
3383 3250 3512 3304 ohe-

231 3340 424 3396 validis
475 3348 674 3392 terram
716 3349 871 3390 suam
904 3334 1128 3386 firmans
1174 3329 1593 3406 munitionibus;
1625 3336 1681 3384 et
1709 3328 1821 3397 epi-

232 3446 430 3500 scopus
484 3428 963 3484 Novum-castrum
1018 3422 1159 3479 vallo
1207 3431 1264 3476 et
1311 3432 1460 3478 turre
1512 3420 1824 3483 firmissima

235 3526 445 3581 munire
476 3519 934 3591 nonsupersedit.
967 3515 1204 3573 Collecta
1231 3515 1412 3584 itaque
1437 3513 1585 3584 gravi
1614 3526 1823 3584 pugna-

236 3627 411 3676 torum
443 3616 622 3684 copia,
660 3609 938 3668 Gerardus
966 3617 1204 3664 castrum
1243 3607 1456 3663 obsedit
1482 3605 1822 3674 praedictum,

238 3711 328 3764 sed
354 3705 646 3763 manifesto
678 3704 770 3758 Dei
813 3701 1044 3771 judicio,
1081 3700 1208 3754 dum
1239 3714 1350 3768 prce
1374 3699 1587 3754 caeteris
1617 3697 1826 3754 ferven-

241 3802 341 3854 tior
374 3799 626 3861 instaret,
670 3793 820 3849 nullo
849 3807 1070 3848 suorum
1097 3789 1380 3846 vulnerato
1420 3787 1503 3843 vel
1534 3787 1706 3858 lapso,
1731 3801 1824 3842 so-

239 3889 320 3944 lus
348 3887 571 3952 corruit,
601 3894 660 3939 et
686 3884 829 3938 intra
858 3895 1041 3934 muros
1073 3878 1226 3934 uncis
1259 3877 1450 3932 ferreis
1497 3885 1824 3946 protractus,

242 3979 530 4048 multisque
549 3974 839 4038 confossus
877 3971 1190 4028 vulneribus
1212 3980 1266 4025 et
1289 3968 1553 4038 lapidibus
1577 3968 1828 4032 obrutus,

242 4074 385 4143 prius
436 4070 727 4134 terribilis,
794 4081 940 4129 nunc
1003 4063 1257 4119 occubuit
1312 4059 1682 4126 miserandus;
1722 4075 1830 4128 pro

243 4164 389 4234 cujus
416 4180 551 4219 nece
573 4159 876 4222 miserabili
902 4156 1136 4227 majores
1160 4165 1317 4211 terra:
1340 4153 1556 4224 gravius
1577 4153 1831 4222 episcopo

243 4256 656 4317 comminantes,
722 4249 909 4320 multis
962 4256 1016 4302 et
1068 4247 1236 4301 variis
1291 4241 1611 4298 tumultibus
1653 4241 1829 4311 ipsum

247 4347 456 4402 tandem
493 4344 558 4398 ad
581 4343 688 4398 hoc
721 4338 1075 4403 induxerunt,
1104 4344 1161 4389 ut
1191 4333 1312 4389 illos
1336 4346 1528 4388 omnes
1573 4330 1664 4401 qui
1715 4346 1831 4386 ma-

247 4453 343 4493 nus
367 4436 729 4493 ostenderant
775 4431 834 4486 iu
875 4427 1174 4484 Gerardum
1213 4442 1243 4480 a
1279 4423 1478 4479 finibus
1521 4431 1678 4478 terra:
1719 4437 1833 4478 suae

245 4527 426 4598 procul
453 4526 782 4581 eliminaret.

315 4621 399 4676 l8.
433 4618 564 4684 Sed,
594 4631 726 4688 pace
758 4612 894 4669 foris
923 4611 1239 4675 reformata,
1283 4604 1576 4664 seditiones
1604 4598 1832 4665 interius

245 4712 511 4768 oriuntur.
539 4711 697 4766 Cives
725 4705 932 4764 etenim
955 4703 1376 4761 Cameracenses
1400 4698 1659 4756 comitem
1683 4694 1830 4751 Han-

248 4806 417 4860 nonia:
445 4805 586 4859 intra
617 4815 809 4856 muros
839 4813 968 4853 suos
1009 4804 1196 4858 contra
1243 4794 1559 4865 episcopum
1607 4802 1829 4858 recepe-

250 4905 396 4966 runt,
449 4912 570 4951 cum
620 4910 686 4950 eo
737 4890 922 4947 foedus
967 4889 1262 4952 facientes;
1316 4885 1442 4955 quia
1493 4890 1732 4938 castrum
1766 4877 1832 4931 de

249 4995 438 5042 sancto
462 4987 698 5041 Auberto
731 4980 946 5038 Simoni
980 4979 1161 5050 nepoti
1213 4990 1314 5032 suo
1363 4973 1430 5030 de
1464 4973 1592 5043 Oisy
1642 4975 1833 5030 contra

252 5078 536 5133 consilium
570 5092 759 5134 eorum
788 5081 846 5128 et
893 5071 1222 5126 voluntatem
1253 5068 1307 5122 in
1345 5064 1502 5121 feodo
1536 5061 1832 5119 tenendum

253 5180 608 5227 concesserat.
638 5169 800 5224 Unde
821 5165 986 5221 etiam
1013 5165 1234 5220 domum
1273 5158 1514 5214 Simonis
1547 5155 1688 5220 infra
1745 5166 1834 5205 ur-

250 5267 380 5320 bem
407 5265 458 5318 in
484 5271 851 5333 contemptum
885 5257 1120 5328 episcopi
1165 5256 1468 5319 diruentes,
1500 5249 1831 5316 sententiam

1585 5353 1630 5370 ΑΙ
1685 5353 1829 5370 ..ᾱνηο

1358 5361 1532 5370 ΑΑ-ΑΑΑ

1859 4565 1910 4626 D

1879 3340 1884 3345 '
1924 3330 2125 3384 dieatia
2156 3329 2530 3400 Remensium,
2551 3335 2748 3404 quibus
2772 3335 2824 3389 in
2849 3338 3214 3406 spiritualibus
3241 3341 3510 3396 obnoxius

1921 3429 2062 3484 erat,
2088 3421 2396 3478 Alexandro
2423 3423 2700 3493 subjectus
2737 3427 2990 3492 resiliret,
3021 3443 3120 3483 nec
3166 3430 3510 3499 imperatoris

1923 3509 2222 3566 offenderet
2249 3521 2454 3582 partes,
2484 3513 2681 3583 quibus
2710 3514 2777 3570 de
2809 3515 3081 3585 regalibus
3110 3518 3222 3572 suis
3251 3518 3423 3574 fidelis
3454 3529 3512 3573 et

1925 3604 2152 3661 devotus
2176 3619 2298 3660 esse
2314 3608 2616 3664 tenebatur.
2643 3608 2833 3679 Itaque
2862 3610 2963 3690 sub
2991 3610 3093 3664 hac
3118 3625 3300 3666 rerum
3334 3611 3514 3667 incer-
3605 3598 3620 3610 ’

1927 3697 2157 3752 titudine
2184 3697 2456 3769 Operibus,
2485 3701 2930 3770 magnanimitate
2958 3701 3254 3772 praeclarus
3297 3703 3509 3773 episco-

1927 3805 2050 3860 pus,
2077 3789 2129 3844 in
2152 3791 2331 3845 cordis
2349 3792 2677 3847 contritione
2701 3801 2758 3848 et
2782 3792 3126 3848 confessione
3151 3787 3514 3849 oris'domino

1929 3882 2042 3937 Deo
2073 3899 2171 3938 suo
2198 3883 2630 3941 satisfactionem
2683 3888 2828 3956 (quia
2867 3902 2976 3957 qua
3008 3887 3332 3959 ingemuerit
3380 3891 3516 3944 hora

1930 3984 2186 4043 peccator
2210 3975 2516 4047 exauditur)
2555 3978 2696 4046 apud
2722 3977 2981 4032 Sanctum
3010 3964 3331 4045 Quintinum
3353 3979 3514 4049 aegri-

1934 4063 2121 4119 tudine
2146 4073 2423 4136 gravatus,
2449 4075 2504 4120 et
2551 4067 2604 4120 in
2637 4077 2821 4123 monte
2871 4069 3045 4124 sancti
3106 4069 3321 4125 Martini
3368 4071 3514 4126 circa

1933 4154 2098 4209 finem
2136 4170 2247 4210 suae
2273 4156 2526 4212 dicecesis
2571 4169 2856 4229 exemptus
2904 4168 2988 4214 est
3034 4174 3068 4213 a
3122 4160 3351 4215 terrenis
3402 4161 3512 4231 (an.

1935 4244 2116 4315 1167).
2153 4245 2371 4302 ltelatus
2410 4255 2496 4303 est
2530 4248 2694 4316 igitur
2737 4249 2804 4303 ad
2847 4248 3030 4304 sedem
3089 4264 3241 4303 suam
3293 4265 3515 4304 suorum

1936 4334 2204 4396 manibus,
2237 4344 2292 4390 et
2325 4335 2616 4405 gloriosam
2652 4338 2704 4392 in
2731 4338 2960 4393 ecclesia
2993 4338 3088 4392 Dei
3139 4339 3416 4408 genitricis
3461 4340 3517 4393 in

1935 4435 2088 4495 parte
2113 4427 2460 4492 occidentali,
2487 4443 2759 4498 nunquam
2782 4429 3121 4497 postmodum
3171 4429 3386 4488 visurus
3425 4446 3518 4486 oc-

1936 4530 2142 4580 casum,
2165 4526 2492 4571 consecutus
2512 4526 2594 4575 est
2616 4517 2968 4587 sepulturam.
2995 4517 3108 4572 Sub
3122 4519 3302 4588 specie
3317 4520 3516 4574 etenim

1937 4605 2316 4662 saecularitatis
2337 4608 2421 4662 vir
2446 4608 2548 4663 iste
2573 4610 2832 4674 militans,
2864 4609 3005 4664 inter
3031 4610 3318 4666 saeculares
3340 4614 3518 4668 omni-

1937 4694 2038 4751 bus
2090 4711 2150 4752 se
2197 4712 2295 4766 pro
2345 4706 2586 4767 tempore
2637 4699 3004 4766 conformans,
3057 4700 3182 4756 licet
3230 4700 3522 4773 aliquando

1941 4797 2167 4844 terrente
2185 4793 2522 4860 contagionis
2544 4791 2781 4846 maculas
2801 4794 3157 4861 contraxerit,
3182 4783 3523 4848 multitudine

1941 4890 2121 4936 tamen
2147 4881 2552 4938 benefactorum
2583 4897 2702 4953 quae
2721 4883 2950 4940 diversis
2975 4886 3027 4940 in
3063 4885 3194 4940 locis
3227 4883 3525 4940 liberaliter

1940 4973 2192 5040 contulit,
2225 4974 2545 5033 delictorum
2594 4988 2814 5029 suorum
2873 4978 3142 5032 sarcinam
3191 4975 3244 5029 in
3280 4974 3528 5030 subditos

1943 5077 2072 5118 suos
2128 5064 2438 5120 misericors
2492 5079 2593 5133 per
2648 5063 2741 5119 Dei
2792 5066 3218 5122 misericordiam
3264 5063 3531 5131 abjecisse

1943 5155 2217 5216 credatur,
2233 5157 2360 5226 quia
2389 5154 2594 5211 nullum
2621 5155 2823 5211 bonum
2851 5173 2882 5213 a
2907 5160 3170 5223 bonorum
3202 5155 3532 5210 retributore

1941 5255 2124 5300 manet
2148 5248 2626 5303 irremuneratum.

2016 5338 2085 5370 on
2139 5339 2375 5370 nam...”
2393 5339 2581 5370 θοι-...η
2631 5340 2860 5370 DI.:I:...-.:
2894 5337 3211 5370 nnl.:line:n\;
3244 5333 3531 5370 Ii‘lnndrih-
