4026 5370
497 327 622 384 εει.

1457 333 1676 388 GESTA
1719 331 2138 389 PONTIFICUM
2176 331 2785 391 CAMERACENSIUM.
3673 340 3784 396 21"}.

498 446 604 512 sui,
629 443 782 517 cujus
808 454 983 503 terror
1002 461 1100 518 per
1125 457 1299 504 terras
1325 448 1579 504 finitimas
1607 457 1662 503 et
1685 447 1826 501 fama
1851 447 2084 502 nominis
2113 453 2158 511 Α
2187 448 2461 518 regalibus
2487 449 2698 506 nunciis
2723 449 2890 504 multo
2933 450 3153 506 uberius
3209 451 3524 522 praemissis,
3578 453 3648 510 ad
3699 469 3788 512 se-

501 555 596 607 per
625 541 782 608 longe
827 539 1031 609 positas
1084 538 1191 594 late
1243 553 1304 594 se
1347 537 1655 602 diffuderat,
1699 537 1904 592 electus
1926 545 2009 593 est
2037 537 2088 592 in
2192 537 2314 593 dem
2349 555 2499 594 suam
2525 556 2647 596 cum
2689 540 2852 594 multa
2889 540 3058 612 gloria
3086 543 3494 612 suscipiendum
3528 546 3780 600 destina-

499 629 834 698 episcopum,
859 627 1040 682 multis
1063 627 1380 684 electionem
1421 625 1864 697 approbantibus,
1899 640 2089 695 quam-
2191 629 2290 687 vit.
2319 629 2659 686 Coustitntus
2683 647 2814 701 ergo
2849 632 2900 685 in
2937 632 3065 688 sede
3086 635 3388 690 vocationis
3437 651 3611 702 ηοναι,
3663 637 3786 706 plu-

500 718 770 789 plurimis,
803 719 928 776 licet
957 719 1158 778 factum
1201 717 1534 792 diSpliceret,
1566 730 1840 786 opponere
1880 729 1938 770 se
1983 729 2087 768 non

2224 722 2328 774 ima
2361 730 2556 792 prtelcr
2581 722 2740 776 fidem
2769 733 2824 777 et
2855 739 3003 794 spem
3043 725 3375 780 audientium
3407 728 3788 798 promittebat,

503 813 846 871 audentibus.
879 811 1224 882 Imperatoris
1255 809 1418 868 etiam
1465 809 1620 864 lacte
1669 806 1950 862 electionis
2003 821 2090 860 ac-
2190 821 2244 865 et
2271 825 2490 866 auream
2531 827 2588 867 se
2609 814 2955 868 redditurum
2984 817 3268 874 ecclesiam
3309 833 3461 873 suam
3487 819 3790 888 pollicem-

501 905 668 958 cessit
719 917 994 966 assensus,
1066 900 1192 971 quia
1265 897 1681 972 quamplurimis
1739 895 2092 956 inlel’lilﬂlciis
2195 912 2305 970 tur,
2329 917 2396 958 ex
2417 904 2746 961 abundantia
2797 923 2978 962 rerum
3024 907 3354 963 aflluentium
3409 910 3510 964 sibi
3571 924 3786 980 praesu-

504 996 719 1054 eomitis
786 995 1008 1060 fractus,
1063 993 1192 1048 licet
1239 992 1292 1050 in
1342 991 1534 1062 primis
1588 989 1887 1060 pubertatis
1933 987 2092 1044 annis
2193 1008 2370 1056 mens,
2403 994 2660 1063 ignorans
2691 1005 2867 1052 tamen
2896 997 3026 1066 quid
3081 1009 3304 1068 pararet
3351 1001 3454 1056 sibi
3501 1002 3620 1056 dies
3665 1011 3792 1072 post

504 1087 826 1146 consisteret
877 1085 1082 1140 electus
1129 1083 1417 1153 acquievit,
1478 1091 1654 1136 ratmn
1693 1081 1898 1136 habens
1949 1077 2092 1148 quod
2195 1084 2398 1140 futura.
2427 1084 2482 1139 In
2524 1086 2610 1142 his
2663 1087 2827 1156 igitur
2880 1088 2978 1143 sibi
3030 1105 3288 1160 prospere
3339 1093 3790 1160 succedentibus,

503 1178 652 1232 curia
680 1175 924 1230 Romana
953 1175 1272 1244 dispensans
1299 1171 1366 1226 de
1391 1179 1550 1226 aetate
1570 1177 1624 1224 et
1653 1169 1958 1234 ordinibus,
1981 1181 2088 1220 non
2194 1174 2457 1244 majorum
2488 1178 2776 1232 adversum
2800 1194 2859 1234 se
2881 1180 3064 1234 odium
3089 1184 3398 1251 pmmmv“
3421 1195 3477 1238 ει
3497 1184 3790 1250 invidiam,

505 1269 860 1338 improbabat.
895 1267 1031 1322 Dum
1055 1279 1188 1320 νοινο
1215 1277 1395 1319 moras
1433 1262 1732 1318 innecteret
1785 1258 1990 1314 electus
2034 1257 2089 1312 ἰιι
2193 1272 2246 1325 in
2275 1276 2482 1323 tantum
2539 1270 2682 1341 quod
2706 1271 2847 1342 apud
2881 1271 3182 1327 Condmum
3242 1275 3494 1330 dimcesis
3549 1291 3664 1332 sua;
3709 1277 3796 1331 vi-

503 1361 750 1418 adeundo
779 1361 1185 1432 ἰιιιρθηιιοτθηι,
1239 1358 1658 1416 Cameracenses
1705 1353 1805 1412 Sibi
1849 1352 2092 1409 VOIeNCS
2191 1373 2338 1426 cum,
2364 1359 2490 1414 dum
2514 1359 2858 1417 multitudine
2896 1363 3112 1417 modum
3143 1365 3442 1420 excedente
3499 1367 3792 1432 transiret,

501 1452 788 1520 providere
821 1451 872 1505 in
908 1449 1167 1513 futurum,
1226 1463 1292 1504 ne
1313 1463 1466 1503 nova:
1511 1447 1933 1515 circumquaque
1965 1459 2090 1497 sur—
2193 1467 2224 1506 a
2249 1453 2436 1522 paucis
2461 1451 2560 1523 ipsi
2593 1452 2978 1510 insidiantibus
3001 1469 3292 1524 percussus
3349 1457 3628 1520 occubuit,
3688 1459 3796 1512 mi-

502 1553 692 1614 gerent
719 1544 1068 1610 munitiones,
1095 1539 1670 1610 Thunium—Episcopi,
1697 1536 1840 1608 quod
1863 1537 2092 1592 domnus
2191 1544 2500 1600 scrabiliter
2542 1560 2571 1599 a
2620 1546 2732 1602 suis
2780 1547 3095 1616 derelictus,
3143 1548 3436 1606 crudeliter
3491 1565 3522 1606 a
3564 1549 3798 1604 nefariis

503 1639 758 1695 Nicotaus
779 1636 1066 1707 episcOpus
1097 1640 1496 1698 construxerat,
1533 1631 1750 1702 penitus
1775 1629 2086 1694 diruerunt;

2221 1637 2508 1694 uterf'ectus
2543 1637 2654 1710 (an.
2695 1637 2880 1710 1171),
2905 1639 3084 1696 subita
3116 1643 3418 1698 mutatione
3450 1657 3652 1696 manus
3697 1638 3792 1694 Al-

504 1732 598 1787 sed
624 1731 796 1786 electo
823 1729 1052 1784 viriliter
1077 1743 1174 1784 eos
1195 1733 1556 1798 expugnante,
1587 1723 1764 1780 coacti
1820 1731 1944 1779 sunt
2001 1723 2090 1778 de-
2125 1779 2127 1782 ,
2197 1728 2390 1784 tissimi
2423 1729 2490 1785 de
2515 1728 2742 1785 summis
2769 1729 2974 1786 relatus
3001 1732 3068 1786 ad
3112 1733 3220 1786 ima
3252 1751 3264 1786 :
3297 1733 3409 1802 ipsa
3462 1748 3652 1788 rerum
3697 1745 3798 1786 ex-

504 1838 651 1880 mum
676 1820 842 1876 nmlta
871 1819 1111 1890 pecunia:
1130 1813 1924 1888 erogatimtercstituere,quod
1951 1812 2091 1868 sicut
2125 1829 2164 1886 Β
2195 1821 2457 1892 perientia
2485 1821 2690 1878 docens
2732 1837 2832 1878 nos
2867 1823 3164 1880 εαίεοοίιει-
3215 1826 3417 1880 ηυιιωη
3477 1827 3640 1882 rebus
3695 1825 3800 1880 hu.

505 1931 637 1984 gens
659 1913 915 1968 indomita
933 1908 1633 1968 destruxerantcontumaci
1653 1903 2092 1977 praesumptione.
2201 1915 2398 1980 manis,
2423 1923 2922 1985 quantumcumque
2953 1915 3512 1985 apptauda..l,a,}essc
3537 1927 3799 1973 οοηειιηι-

508 2007 613 2060 Sed
647 2005 838 2060 diebus
865 2003 1020 2060 electi
1051 2002 1208 2057 istius
1234 2001 1428 2058 civitas
1468 2008 1649 2054 nostra
1685 2013 1806 2052 cum
1853 1995 2098 2052 finitimis
2201 2008 2354 2064 ιίειη,
2390 2007 2609 2064 οριοοο
2643 2008 2811 2079 igitur
2831 2009 3127 2066 occisionis
3171 2026 3284 2066 sua,
3321 2011 3507 2066 “iam
3563 2011 3798 2078 remus,

506 2099 622 2154 suis
672 2099 1094 2166 circumquaque
1147 2095 1374 2165 quievit,
1435 2093 1598 2148 nullis
1644 2091 1967 2146 audentibus
2014 2089 2095 2144 vel

2221 2099 2292 2154 ibi
2327 2099 2494 2154 multa
2527 2099 2913 2154 mtmificentiae
2939 2115 3051 2156 sua:
3079 2111 3432 2156 monumenta
3458 2101 3644 2157 relicta
3667 2111 3802 2156 sunt

507 2193 814 2251 valentibus
841 2191 1254 2248 Flaudrensium
1305 2189 1564 2260 impetum
1617 2187 1906 2250 sustinere,
1959 2199 2098 2254 quo-
2201 2188 2374 2242 oculis
2409 2189 2758 2254 intuentium,
2791 2188 3024 2260 gloriose
3065 2189 3312 2261 sepultus
3355 2191 3551 2246 faciem
3605 2190 3800 2244 condi-

512 2301 630 2339 rum
657 2284 896 2356 potentia
935 2291 989 2336 et
1033 2282 1240 2336 viribus
1271 2296 1400 2336 suos
1445 2287 1499 2334 et
1527 2293 1622 2333 sua
1654 2277 1768 2333 solo
1819 2272 2099 2332 electionis
2201 2278 2438 2335 torissui
2471 2279 2525 2334 in
2549 2288 2796 2336 extremo
2819 2279 3164 2336 suscitandas
3189 2279 3531 2351 praestolatur
3579 2280 3796 2334 intuen-

507 2375 725 2430 uominc
765 2373 1003 2428 militans
1031 2373 1262 2428 domnus
1289 2370 1484 2426 Petrus
1507 2366 1844 2439 protegebat.
1876 2364 1932 2419 In
1981 2377 2098 2420 om-
2201 2371 2346 2427 mm,

509 2468 670 2524 nibus
697 2475 875 2522 autem
907 2465 1022 2521 suis
1050 2464 1282 2528 aclibus.
1335 2462 1478 2518 εἰοιιι
1523 2459 1737 2529 iuvenis
1783 2467 1838 2514 cl
1884 2455 2098 2520 nobilis.
2272 2463 2630 2521 22.Domnus
2655 2465 2889 2522 Alardus
2910 2466 3323 2522 Cameracensis
3371 2466 3802 2521 archidiaconus

511 2559 700 2616 uudtis
726 2566 844 2613 erat
873 2554 1360 2619 commendandus,
1385 2553 1486 2608 nisi
1512 2551 1654 2622 quod
1683 2551 1748 2606 de
1771 2547 2098 2620 patrimonio

2221 2566 2256 2614 ξι
2309 2559 2719 2626 thesanrarius,
2766 2561 2849 2615 vir
2889 2559 3132 2616 omnium
3172 2575 3355 2614 rerum
3407 2557 3681 2614 afﬂuentia
3723 2558 3804 2612 ita

509 2649 712 2706 Christi
751 2665 861 2704 sum
890 2646 1232 2702 satisfaciens
1263 2645 1553 2709 nobilitati,
1595 2658 1872 2713 nunquam
1911 2643 1978 2696 ad
2006 2656 2096 2696 sa-
2202 2649 2386 2706 divino
2408 2665 2635 2706 munere
2666 2651 3134 2720 superabundans,
3166 2659 3226 2705 ut
3275 2649 3650 2721 promptum-ia
3679 2648 3804 2716 ejus

515 2757 636 2798 “1'05
691 2741 910 2797 οῖ’ἀίηίδδ
949 2751 1004 2795 ει
1054 2739 1478 2796 consecrationis
1521 2737 1782 2792 Ῑιοηοτεηὶ
1819 2733 2098 2804 aspir-IV“:
2203 2745 2359 2812 plena
2389 2753 2700 2800 eructarent
2728 2759 2794 2800 ex
2824 2745 2928 2800 hoc
2957 2745 3012 2800 in
3041 2745 3192 2810 illud,
3221 2753 3277 2800 et
3297 2745 3515 2800 beatum
3552 2743 3806 2798 dicerent

511 2833 748 2902 episc0pi
787 2840 1010 2902 portans
1041 2847 1146 2884 non
1175 2845 1329 2893 onus,
1364 2828 1457 2885 sed
1487 2829 1769 2892 honorem,
1802 2825 2102 2880 abhorrens
2203 2851 2394 2893 omnes
2421 2837 2699 2893 dominum
2731 2845 2790 2892 ει
2811 2837 3032 2894 domum
3077 2837 3234 2908 cuius
3263 2838 3378 2891 “me
3415 2844 3620 2898 essent,
3671 2833 3804 2904 qui-

501 2925 770 2989 cilicium,
843 2925 936 2980 sed
1001 2939 1125 2980 cum
1189 2923 1336 2978 omni
1393 2922 1702 2994 integrilale
1762 2919 2104 2990 episcopallls
2205 2927 2308 2982 bus
2365 2926 2829 2992 reclamantibus,
2881 2927 2934 2981 in
2979 2935 3250 2997 pastorem
3289 2936 3346 2982 et
3393 2925 3704 2996 episcOpmn
3749 2932 3810 2978 et

515 3033 764 3088 qumrens
780 3018 1221 3086 emolumentum.
1258 3015 1436 3084 Quare
1467 3022 1585 3086 post
1615 3014 1797 3085 plures
1822 3010 2104 3067 electionis
2207 3015 2417 3072 meritis
2451 3017 2562 3070 suis
2591 3026 2648 3070 et
2677 3017 2939 3084 majorum
2965 3033 3188 3072 suorum
3215 3017 3436 3072 obtentu
3471 3014 3574 3070 fuit
3595 3014 3810 3069 electus

516 3125 629 3164 sum
652 3125 822 3165 annos
848 3124 1205 3179 prorumpens
1231 3109 1424 3182 ad.hoc
1449 3107 1592 3178 quod
1612 3105 1700 3160 diu
1724 3103 2100 3168 aﬁ'eetaverat,
2208 3105 2318 3176 (an.
2347 3105 2526 3175 1174).
2551 3105 2605 3159 lu
2643 3105 2848 3160 Italiam
2882 3107 3259 3176 proficiscens,
3287 3117 3346 3160 ut
3398 3120 3594 3160 munus
3643 3119 3812 3175 rega-v

518 3199 728 3269 abjecta
775 3201 1038 3270 dignitate
1068 3215 1177 3254 sua:
1226 3198 1506 3254 electionis
1558 3206 1615 3252 et
1653 3194 1921 3251 clericalis
1979 3209 2110 3266 pro-
2133 3217 2178 3278 ο
2211 3196 2341 3251 lium
2370 3197 2436 3252 de
2477 3213 2640 3252 manu
2664 3198 3008 3267 imperatoris
3040 3197 3618 3268 susciperet~qnod,
3677 3196 3814 3252 licet

519 3291 775 3347 fessionis
825 3291 1094 3356 libertate,
1147 3290 1391 3346 habitum
1457 3287 1630 3344 induit
1679 3287 1992 3350 militarem,
2039 3285 2106 3340 ad

518 3383 796 3439 lasciviam
827 3383 1008 3438 smculi
1050 3391 1103 3437 et
1136 3396 1360 3452 pompas
1387 3381 1572 3436 mundi
1607 3379 1876 3449 relapsus,
1907 3377 2111 3433 ducens

519 3489 744 3530 uxorem
799 3474 1130 3530 comitissam
1185 3472 1573 3528 Nivernensem
1621 3481 1682 3526 ut
1732 3471 1874 3526 filios
1927 3468 2112 3524 carnis

517 3575 854 3634 procrearet,
894 3565 1172 3637 repudiata
1204 3581 1402 3634 sponsa
1448 3563 1650 3620 Christi
1695 3577 1815 3632 quae
1861 3561 1978 3615 sine
2028 3559 2110 3614 s'ii

520 3660 869 3728 corruptione
899 3656 1037 3712 filios
1066 3657 1209 3725 parit
1235 3655 1541 3725 spirituales
1581 3653 1694 3722 (an.
1753 3649 2108 3719 υἷι-1175).

527 3750 642 3806 Non
666 3748 891 3802 multum
925 3756 1102 3800 tamen
1143 3744 1438 3798 delectatus
1461 3743 1626 3798 estin
1675 3741 1928 3802 terrenis,
1983 3739 2110 3809 quia

524 3859 632 3898 non
657 3849 740 3896 est
775 3839 932 3894 flatus
963 3838 1199 3893 hominis
1232 3837 1284 3890 in
1331 3851 1492 3890 manu
1526 3834 1715 3905 ipsius,
1769 3833 1861 3888 sed
1899 3833 1950 3886 in
1998 3829 2121 3900 ejus.

527 3939 804 4002 potestate
835 3929 924 3998 qui
955 3927 1211 3983 terribilis
1231 3935 1314 3981 est
1339 3925 1478 3995 apud
1509 3939 1662 3994 rcges
1691 3931 1869 3986 terrae,
1888 3922 1941 3976 in
1969 3929 2114 3976 terra

527 4022 716 4078 uxoris
753 4019 996 4076 sublatus
1025 4017 1092 4074 de
1123 4017 1322 4081 medio,
1367 4017 1419 4070 in
1453 4015 1618 4070 multa
1645 4013 1963 4068 delictorum
1992 4027 2116 4066 suo-

529 4133 647 4172 rum
679 4115 1023 4186 pmnitentia,
1078 4111 1219 4184 apud
1251 4109 1604 4165 ll'dsodunum
1657 4105 1804 4176 (484)
1849 4103 2114 4176 sepultus,

529 4216 732 4262 nostra:
779 4205 1159 4262 mutabilitatis
1207 4199 1514 4273 exemplum
1578 4200 1869 4254 immatura
1941 4203 2116 4252 morte

528 4306 838 4370 praeventus
869 4296 1178 4352 viventibus
1209 4293 1514 4365 dereliquit.

600 4392 691 4450 21.
723 4390 996 4446 Rubertus
1041 4387 1288 4443 Aricusis
1331 4391 1655 4456 prmposttus
1698 4393 1754 4440 et
1793 4384 1845 4438 in
1889 4381 2116 4436 Atreba—

531 4483 670 4538 tcnsi
694 4481 923 4538 ecclesia
958 4479 1212 4536 obtinens
1235 4478 1650 4549 praerogativam
1678 4475 1983 4538 electionis,
2033 4473 2117 4526 vir

2211 3287 2278 3343 de
2301 3285 2598 3356 majoribus
2623 3290 2842 3359 quidam
2889 3291 3266 3354 reclamarent,
3317 3289 3612 3345 efﬁcaciter
3657 3288 3814 3343 o‘uti-

2211 3379 2449 3446 nuit—,
2471 3387 2524 3436 et
2555 3380 2622 3434 ad
2651 3395 2746 3435 sua
2771 3394 3022 3436 reversus
3047 3381 3130 3436 vir
3159 3382 3278 3437 sine
3301 3381 3444 3446 dolo,
3501 3381 3594 3435 sed
3623 3391 3678 3434 et
3711 3381 3816 3432 mi-

2213 3471 2454 3528 tissimus
2483 3471 2536 3526 in
2564 3472 2760 3543 pepnlo
2792 3489 2889 3528 suo
2915 3474 3199 3530 evidenter
3227 3473 3498 3544 apparuit,
3548 3479 3812 3541 expertus

2211 3563 2266 3618 in
2298 3579 2672 3621 successorum
2728 3565 3038 3622 doctrinam
3085 3575 3142 3622 et
3187 3565 3524 3629 exemplum,
3566 3565 3712 3634 quod
3755 3563 3812 3616 in

2212 3657 2452 3727 potentia
2485 3657 2846 3713 multitudinis
2876 3667 2931 3714 et
2961 3658 3014 3712 in
3045 3657 3378 3728 pratiationis
3409 3657 3676 3724 dignitate
3705 3671 3814 3725 pas

2211 3748 2446 3804 hominis
2470 3757 2526 3803 et
2555 3749 2886 3804 abundantia
2919 3765 3100 3802 rerum
3123 3764 3228 3804 non
3257 3749 3464 3813 existit,
3497 3748 3593 3801 sed
3643 3747 3816 3800 benc-

2212 3838 2466 3908 placitum
2495 3849 2578 3894 est
2601 3840 2832 3894 Domino
2862 3853 3026 3908 super
3055 3839 3308 3893 timentes
3337 3854 3460 3892 eum
3512 3844 3568 3890 et
3621 3837 3674 3890 in
3732 3836 3817 3890 eis

2213 3929 2386 3998 quiin
2417 3929 2788 3984 mediocritate
2808 3945 2904 3984 sua
2954 3935 3178 3998 sperant
3235 3942 3335 3998 per
3379 3926 3816 3982 misericordiam

2215 4017 2352 4087 ejus.
2383 4018 2474 4075 Sic
2499 4028 2678 4075 tamen
2702 4035 2758 4074 se
2785 4019 3036 4074 exhibuit
3065 4017 3326 4074 indiebus
3347 4016 3650 4072 senectutis
3677 4030 3817 4080 suae,

2217 4109 2270 4164 in
2295 4109 2494 4178 quibus
2519 4117 2574 4164 et
2599 4113 2826 4164 vocatus
2853 4109 2920 4163 ad
2943 4108 3143 4163 altiora
3171 4107 3294 4174 fuit,
3341 4115 3402 4162 ut
3435 4121 3494 4162 se
3544 4105 3821 4177 prmberet

2218 4199 2548 4270 diligendum
2580 4201 2854 4266 omnibus,
2879 4209 2934 4254 et
2962 4199 3028 4254 ad
3057 4199 3436 4270 exequendum
3459 4197 3602 4267 quod
3627 4212 3822 4252 susce-

2219 4300 2372 4361 perat
2423 4291 2770 4361 episcopatus
2813 4289 3047 4346 oflicium
3097 4299 3298 4360 praeter
3353 4289 3498 4343 vires
3567 4288 3823 4357 corporis

2218 4381 2531 4437 multotiens
2562 4383 2848 4437 exhiberet
2875 4379 3198 4436 officiosum.
3256 4379 3685 4434 Consummatns
3721 4393 3824 4430 au-

2219 4483 2328 4529 tem
2362 4473 2414 4528 in
2439 4473 2585 4528 brevi
2619 4473 2732 4544 (an.
2767 4472 2950 4542 1177).
2977 4486 3043 4526 ne
3071 4470 3276 4527 malitia
3308 4485 3406 4526 cor
3454 4469 3574 4539 ejus
3623 4469 3827 4528 inimus

535 4571 768 4628 mirabili
791 4570 1022 4627 fortuna:
1043 4571 1290 4642 prodigio
1333 4569 1401 4624 de
1447 4569 1661 4624 modico
1701 4577 1758 4621 et
1811 4565 2000 4621 humili
2061 4563 2114 4618 in
2142 4551 2195 4612 Ι)
2223 4575 2383 4632 taret,
2422 4566 2561 4638 apud
2589 4565 2860 4620 Valcellas
2887 4581 2946 4621 se
2968 4564 3188 4634 sepeliri
3216 4563 3481 4628 decrevit,
3507 4571 3567 4617 ut
3601 4561 3830 4632 religio-

534 4662 825 4731 pnrclaros
880 4661 1204 4732 dignitatum
1253 4659 1453 4731 gradus
1507 4659 1829 4714 sublimatus
1864 4697 1880 4722 ,
1927 4663 2116 4724 utpote

538 4754 867 4810 Turonensis
899 4753 1290 4816 thesaurarius,’
1319 4751 1490 4808 sancti
1539 4747 1856 4814 Audomari,
1915 4743 2119 4802 sancti-

539 4860 646 4914 que
675 4843 853 4900 Amati
889 4843 1186 4900 Duacensis
1223 4852 1278 4897 et
1305 4841 1444 4897 boati
1493 4837 1776 4894 Donatiani
1830 4835 2121 4907 Brugensis

541 4932 1324 5004 praepositus,Flandreusium
1351 4930 1538 4987 comiti
1591 4930 1842 4998 Philippo
1886 4925 2125 4996 singula-

541 5031 676 5086 riter
721 5029 1029 5092 familiaris,
1079 5027 1266 5083 multis
1313 5026 1634 5088 clericorum
1685 5019 2123 5084 reclamantibus,

543 5124 598 5178 in
621 5121 1092 5176 Cameracensium
1115 5129 1388 5190 pastorem
1418 5127 1501 5174 est
1521 5118 1736 5173 electus
1773 5115 1842 5169 ab
1901 5114 2006 5169 illis
2033 5113 2124 5182 qui

545 5214 776 5268 fortuna:
809 5211 1134 5266 beneficium
1159 5211 1212 5263 iu
1236 5225 1300 5264 eo
1323 5209 1606 5269 mirantes,
1637 5206 1929 5278 sperabant
1983 5203 2127 5274 quod

545 5305 832 5360 ecclesiam
861 5319 1016 5358 suam
1045 5301 1395 5370 singulariter
1421 5305 1705 5365 exattarct,
1742 5299 1834 5370 qui
1890 5295 2128 5365 singula-

2217 4677 2402 4718 sorum
2433 4660 2706 4716 obtineret
2729 4660 2980 4730 precibus
3003 4659 3147 4730 quod
3176 4657 3277 4713 sibi
3313 4657 3379 4712 de
3414 4654 3650 4727 propriis
3699 4669 3824 4710 me-

2221 4755 2342 4810 ritis
2368 4753 2656 4824 provenire
2685 4768 2792 4807 non
2815 4751 3198 4822 praesumebat.

2293 4845 2384 4899 25.
2425 4843 2556 4898 Post
2591 4843 2881 4897 transitum
2915 4843 3098 4898 domni
3139 4839 3320 4896 Alardi
3353 4841 3586 4895 domnus
3639 4837 3830 4909 Roge-

2225 4951 2319 4991 rus
2345 4934 2414 4989 de
2446 4933 2692 5000 Waurin,
2721 4932 3092 4988 archidiaconi
3121 4941 3176 4986 et
3211 4931 3542 4986 tbesaurarii
3563 4930 3832 4984 obtinens

2229 5027 2554 5097 dignitatem
2609 5025 2664 5079 in
2707 5023 2936 5080 ecclesia
2993 5023 3412 5086 Cameracensi,
3459 5019 3834 5082 communiter

2229 5121 2437 5178 electus
2475 5129 2552 5176 est
2579 5119 2692 5190 (an.
2721 5118 2903 5189 1178),
2935 5129 2990 5173 et
3019 5117 3138 5172 sine
3185 5113 3500 5171 difﬁcultate
3539 5110 3834 5165 investitu-

2233 5227 2348 5267 ram
2381 5212 2587 5281 recepit
2619 5211 2688 5291 de
2718 5225 2882 5265 manu
2927 5207 3291 5278 imperatoris,
3351 5205 3481 5274 quia
3542 5199 3829 5272 quondam

2231 5303 2460 5370 gratiam
2488 5303 2604 5370 ejus
2647 5309 3052 5370 promeruerat,
3090 5313 3215 5353 cum
3245 5297 3419 5366 ipsum
3445 5302 3500 5348 et
3547 5291 3832 5346 dominum
