  <div class='ocr_page' id='page_1' title='image "/cluster/home/n/w/nwhite01/storage/ocr_20150623/149/hvd.32044015473770/112.png"; bbox 0 0 4026 5370; ppageno 0'>
   <div class='ocr_carea' id='block_1_1' title="bbox 222 279 325 333">
    <p class='ocr_par' dir='ltr' id='par_1_1' title="bbox 222 279 325 333">
     <span class='ocr_line' id='line_1_1' title="bbox 222 279 325 333; baseline 0.019 -2"><span class='ocrx_word' id='word_1_1' title='bbox 222 279 325 333; x_wconf 71' lang='lat'><strong>9.13</strong></span> 
     </span>
    </p>
   </div>
   <div class='ocr_carea' id='block_1_2' title="bbox 988 273 2627 339">
    <p class='ocr_par' dir='ltr' id='par_1_2' title="bbox 988 273 2627 339">
     <span class='ocr_line' id='line_1_2' title="bbox 988 273 2627 339; baseline 0 -1"><span class='ocrx_word' id='word_1_2' title='bbox 988 278 1475 339; x_wconf 73' lang='lat' dir='ltr'><strong>CONTINUATIO.</strong></span> <span class='ocrx_word' id='word_1_3' title='bbox 1504 308 1574 320; x_wconf 91' lang='lat'><strong>——</strong></span> <span class='ocrx_word' id='word_1_4' title='bbox 1609 273 1984 333; x_wconf 76' lang='lat' dir='ltr'><strong>CESTOllUM</strong></span> <span class='ocrx_word' id='word_1_5' title='bbox 2027 276 2277 336; x_wconf 69' lang='lat' dir='ltr'><strong>VEIlSIO</strong></span> <span class='ocrx_word' id='word_1_6' title='bbox 2311 279 2627 338; x_wconf 70' lang='lat' dir='ltr'><strong>GALLICA.</strong></span> 
     </span>
    </p>
   </div>
   <div class='ocr_carea' id='block_1_3' title="bbox 3405 276 3506 331">
    <p class='ocr_par' dir='ltr' id='par_1_3' title="bbox 3405 276 3506 331">
     <span class='ocr_line' id='line_1_3' title="bbox 3405 276 3506 331; baseline 0 0"><span class='ocrx_word' id='word_1_7' title='bbox 3405 276 3506 331; x_wconf 67' lang='lat'><strong>‘2“</strong></span> 
     </span>
    </p>
   </div>
   <div class='ocr_carea' id='block_1_4' title="bbox 227 382 3505 466">
    <p class='ocr_par' dir='ltr' id='par_1_4' title="bbox 227 382 3505 466">
     <span class='ocr_line' id='line_1_4' title="bbox 227 382 3505 466; baseline 0 -18"><span class='ocrx_word' id='word_1_8' title='bbox 227 395 287 448; x_wconf 71' lang='grc'><strong>1),</strong></span> <span class='ocrx_word' id='word_1_9' title='bbox 325 394 616 452; x_wconf 83' lang='lat' dir='ltr'><strong>Willelmo</strong></span> <span class='ocrx_word' id='word_1_10' title='bbox 638 382 935 452; x_wconf 67' lang='lat' dir='ltr'><strong>Remorum</strong></span> <span class='ocrx_word' id='word_1_11' title='bbox 961 395 1372 466; x_wconf 82' lang='lat' dir='ltr'><strong>archiepiscOpo</strong></span> <span class='ocrx_word' id='word_1_12' title='bbox 1398 385 1470 450; x_wconf 55' lang='lat' dir='ltr'><strong>etw</strong></span> <span class='ocrx_word' id='word_1_13' title='bbox 1488 387 1684 448; x_wconf 81' lang='lat' dir='ltr'><strong>ibidem</strong></span> <span class='ocrx_word' id='word_1_14' title='bbox 1708 406 1826 448; x_wconf 83' lang='lat' dir='ltr'><strong>car—</strong></span> <span class='ocrx_word' id='word_1_15' title='bbox 1852 401 1900 453; x_wconf 77' lang='grc' dir='ltr'><strong>Α</strong></span> <span class='ocrx_word' id='word_1_16' title='bbox 1931 406 2123 463; x_wconf 78' lang='lat' dir='ltr'><strong>magno</strong></span> <span class='ocrx_word' id='word_1_17' title='bbox 2145 405 2503 465; x_wconf 88' lang='lat' dir='ltr'><strong>permutatam</strong></span> <span class='ocrx_word' id='word_1_18' title='bbox 2534 396 2852 460; x_wconf 83' lang='lat' dir='ltr'><strong>infortunio,</strong></span> <span class='ocrx_word' id='word_1_19' title='bbox 2874 401 2998 449; x_wconf 85' lang='lat' dir='ltr'><strong>dum</strong></span> <span class='ocrx_word' id='word_1_20' title='bbox 3056 391 3394 464; x_wconf 78' lang='lat' dir='ltr'><strong>privilegium</strong></span> <span class='ocrx_word' id='word_1_21' title='bbox 3447 397 3505 448; x_wconf 86' lang='lat' dir='ltr'><strong>Ii-</strong></span> 
     </span>
    </p>
   </div>
   <div class='ocr_carea' id='block_1_5' title="bbox 227 483 1826 554">
    <p class='ocr_par' dir='ltr' id='par_1_5' title="bbox 227 483 1826 554">
     <span class='ocr_line' id='line_1_5' title="bbox 227 483 1826 554; baseline -0.002 -15"><span class='ocrx_word' id='word_1_22' title='bbox 227 485 317 542; x_wconf 83' lang='lat' dir='ltr'><strong>din</strong></span> <span class='ocrx_word' id='word_1_23' title='bbox 331 489 400 541; x_wconf 83' lang='lat' dir='ltr'><strong>ali</strong></span> <span class='ocrx_word' id='word_1_24' title='bbox 421 498 618 544; x_wconf 90' lang='lat' dir='ltr'><strong>creato</strong></span> <span class='ocrx_word' id='word_1_25' title='bbox 650 489 704 543; x_wconf 92' lang='lat' dir='ltr'><strong>in</strong></span> <span class='ocrx_word' id='word_1_26' title='bbox 736 488 969 544; x_wconf 89' lang='lat' dir='ltr'><strong>concilio</strong></span> <span class='ocrx_word' id='word_1_27' title='bbox 1006 486 1355 542; x_wconf 85' lang='lat' dir='ltr'><strong>Lateranensi</strong></span> <span class='ocrx_word' id='word_1_28' title='bbox 1382 500 1413 540; x_wconf 81' lang='lat' dir='ltr'><strong>a</strong></span> <span class='ocrx_word' id='word_1_29' title='bbox 1443 483 1662 541; x_wconf 86' lang='lat' dir='ltr'><strong>domino</strong></span> <span class='ocrx_word' id='word_1_30' title='bbox 1691 497 1826 554; x_wconf 88' lang='lat' dir='ltr'><strong>papa</strong></span> 
     </span>
    </p>
   </div>
   <div class='ocr_carea' id='block_1_6' title="bbox 229 576 1830 652">
    <p class='ocr_par' dir='ltr' id='par_1_6' title="bbox 229 576 1830 652">
     <span class='ocr_line' id='line_1_6' title="bbox 229 576 1830 652; baseline -0.002 -18"><span class='ocrx_word' id='word_1_31' title='bbox 229 580 565 647; x_wconf 79' lang='lat' dir='ltr'><strong>Alexandro,</strong></span> <span class='ocrx_word' id='word_1_32' title='bbox 594 582 755 652; x_wconf 89' lang='lat' dir='ltr'><strong>prius</strong></span> <span class='ocrx_word' id='word_1_33' title='bbox 785 582 1035 636; x_wconf 88' lang='lat' dir='ltr'><strong>mitratus</strong></span> <span class='ocrx_word' id='word_1_34' title='bbox 1061 593 1225 650; x_wconf 85' lang='lat' dir='ltr'><strong>quam</strong></span> <span class='ocrx_word' id='word_1_35' title='bbox 1266 576 1694 633; x_wconf 77' lang='lat' dir='ltr'><strong>consecrationis</strong></span> <span class='ocrx_word' id='word_1_36' title='bbox 1735 576 1830 631; x_wconf 89' lang='lat' dir='ltr'><strong>ob-</strong></span> 
     </span>
    </p>
   </div>
   <div class='ocr_carea' id='block_1_7' title="bbox 233 668 1828 744">
    <p class='ocr_par' dir='ltr' id='par_1_7' title="bbox 233 668 1828 744">
     <span class='ocr_line' id='line_1_7' title="bbox 233 668 1828 744; baseline -0.003 -18"><span class='ocrx_word' id='word_1_37' title='bbox 233 673 432 727; x_wconf 85' lang='lat' dir='ltr'><strong>tineret</strong></span> <span class='ocrx_word' id='word_1_38' title='bbox 453 672 808 744; x_wconf 86' lang='lat' dir='ltr'><strong>dignitatem.</strong></span> <span class='ocrx_word' id='word_1_39' title='bbox 839 672 964 729; x_wconf 86' lang='lat' dir='ltr'><strong>Suis</strong></span> <span class='ocrx_word' id='word_1_40' title='bbox 991 686 1121 727; x_wconf 89' lang='lat' dir='ltr'><strong>vero</strong></span> <span class='ocrx_word' id='word_1_41' title='bbox 1142 670 1487 742; x_wconf 76' lang='lat' dir='ltr'><strong>postmodum</strong></span> <span class='ocrx_word' id='word_1_42' title='bbox 1511 685 1634 724; x_wconf 91' lang='lat' dir='ltr'><strong>cum</strong></span> <span class='ocrx_word' id='word_1_43' title='bbox 1680 668 1828 723; x_wconf 90' lang='lat' dir='ltr'><strong>omni</strong></span> 
     </span>
    </p>
   </div>
   <div class='ocr_carea' id='block_1_8' title="bbox 229 760 1831 834">
    <p class='ocr_par' dir='ltr' id='par_1_8' title="bbox 229 760 1831 834">
     <span class='ocr_line' id='line_1_8' title="bbox 229 760 1831 834; baseline -0.004 -14"><span class='ocrx_word' id='word_1_44' title='bbox 229 765 570 834; x_wconf 89' lang='lat' dir='ltr'><strong>jocnnditate</strong></span> <span class='ocrx_word' id='word_1_45' title='bbox 610 768 922 832; x_wconf 88' lang='lat' dir='ltr'><strong>restitutus,</strong></span> <span class='ocrx_word' id='word_1_46' title='bbox 949 780 1070 820; x_wconf 90' lang='lat' dir='ltr'><strong>cum</strong></span> <span class='ocrx_word' id='word_1_47' title='bbox 1097 777 1306 819; x_wconf 89' lang='lat' dir='ltr'><strong>summa</strong></span> <span class='ocrx_word' id='word_1_48' title='bbox 1337 776 1470 833; x_wconf 89' lang='lat' dir='ltr'><strong>pace</strong></span> <span class='ocrx_word' id='word_1_49' title='bbox 1495 761 1636 816; x_wconf 78' lang='lat' dir='ltr'><strong>rexit</strong></span> <span class='ocrx_word' id='word_1_50' title='bbox 1659 760 1831 814; x_wconf 88' lang='lat' dir='ltr'><strong>eccle-</strong></span> 
     </span>
    </p>
   </div>
   <div class='ocr_carea' id='block_1_9' title="bbox 236 850 1832 927">
    <p class='ocr_par' dir='ltr' id='par_1_9' title="bbox 236 850 1832 927">
     <span class='ocr_line' id='line_1_9' title="bbox 236 850 1832 927; baseline -0.005 -15"><span class='ocrx_word' id='word_1_51' title='bbox 236 857 392 922; x_wconf 83' lang='lat' dir='ltr'><strong>siam,</strong></span> <span class='ocrx_word' id='word_1_52' title='bbox 423 857 529 912; x_wconf 83' lang='lat' dir='ltr'><strong>hoc</strong></span> <span class='ocrx_word' id='word_1_53' title='bbox 555 857 738 912; x_wconf 85' lang='lat' dir='ltr'><strong>solum</strong></span> <span class='ocrx_word' id='word_1_54' title='bbox 768 866 992 927; x_wconf 77' lang='lat' dir='ltr'><strong>excepto</strong></span> <span class='ocrx_word' id='word_1_55' title='bbox 1017 856 1161 927; x_wconf 88' lang='lat' dir='ltr'><strong>quod</strong></span> <span class='ocrx_word' id='word_1_56' title='bbox 1189 869 1373 910; x_wconf 89' lang='lat' dir='ltr'><strong>comes</strong></span> <span class='ocrx_word' id='word_1_57' title='bbox 1403 851 1692 916; x_wconf 65' lang='lat' dir='ltr'><strong>Flandriaa,</strong></span> <span class='ocrx_word' id='word_1_58' title='bbox 1717 850 1832 920; x_wconf 90' lang='lat' dir='ltr'><strong>epi-</strong></span> 
     </span>
    </p>
   </div>
   <div class='ocr_carea' id='block_1_10' title="bbox 236 939 1829 1015">
    <p class='ocr_par' dir='ltr' id='par_1_10' title="bbox 236 939 1829 1015">
     <span class='ocr_line' id='line_1_10' title="bbox 236 939 1829 1015; baseline -0.004 -14"><span class='ocrx_word' id='word_1_59' title='bbox 236 961 395 1015; x_wconf 88' lang='lat' dir='ltr'><strong>scopo</strong></span> <span class='ocrx_word' id='word_1_60' title='bbox 430 961 645 1001; x_wconf 90' lang='lat' dir='ltr'><strong>moram</strong></span> <span class='ocrx_word' id='word_1_61' title='bbox 682 946 867 1001; x_wconf 75' lang='lat' dir='ltr'><strong>Roma:</strong></span> <span class='ocrx_word' id='word_1_62' title='bbox 919 945 1174 1012; x_wconf 73' lang='lat' dir='ltr'><strong>faciente,</strong></span> <span class='ocrx_word' id='word_1_63' title='bbox 1206 943 1615 1015; x_wconf 70' lang='lat' dir='ltr'><strong>praeposituram</strong></span> <span class='ocrx_word' id='word_1_64' title='bbox 1666 939 1829 996; x_wconf 82' lang='lat' dir='ltr'><strong>Novi-</strong></span> 
     </span>
    </p>
   </div>
   <div class='ocr_carea' id='block_1_11' title="bbox 237 1029 1828 1106">
    <p class='ocr_par' dir='ltr' id='par_1_11' title="bbox 237 1029 1828 1106">
     <span class='ocr_line' id='line_1_11' title="bbox 237 1029 1828 1106; baseline -0.006 -14"><span class='ocrx_word' id='word_1_65' title='bbox 237 1036 423 1101; x_wconf 82' lang='lat' dir='ltr'><strong>castri,</strong></span> <span class='ocrx_word' id='word_1_66' title='bbox 470 1037 590 1106; x_wconf 87' lang='lat' dir='ltr'><strong>ipso</strong></span> <span class='ocrx_word' id='word_1_67' title='bbox 632 1038 932 1100; x_wconf 73' lang='lat' dir='ltr'><strong>nesciente,</strong></span> <span class='ocrx_word' id='word_1_68' title='bbox 968 1035 1134 1090; x_wconf 89' lang='lat' dir='ltr'><strong>multa</strong></span> <span class='ocrx_word' id='word_1_69' title='bbox 1189 1034 1418 1105; x_wconf 91' lang='lat' dir='ltr'><strong>pecunia</strong></span> <span class='ocrx_word' id='word_1_70' title='bbox 1475 1029 1828 1102; x_wconf 88' lang='lat' dir='ltr'><strong>comparavit,</strong></span> 
     </span>
    </p>
   </div>
   <div class='ocr_carea' id='block_1_12' title="bbox 237 1119 1828 1196">
    <p class='ocr_par' dir='ltr' id='par_1_12' title="bbox 237 1119 1828 1196">
     <span class='ocr_line' id='line_1_12' title="bbox 237 1119 1828 1196; baseline -0.006 -15"><span class='ocrx_word' id='word_1_71' title='bbox 237 1136 604 1194; x_wconf 69' lang='lat' dir='ltr'><strong>occupaturus</strong></span> <span class='ocrx_word' id='word_1_72' title='bbox 637 1136 809 1180; x_wconf 78' lang='lat' dir='ltr'><strong>totum</strong></span> <span class='ocrx_word' id='word_1_73' title='bbox 827 1125 917 1196; x_wconf 88' lang='lat' dir='ltr'><strong>jus</strong></span> <span class='ocrx_word' id='word_1_74' title='bbox 937 1125 1171 1195; x_wconf 85' lang='lat' dir='ltr'><strong>episcopi</strong></span> <span class='ocrx_word' id='word_1_75' title='bbox 1196 1125 1404 1178; x_wconf 75' lang='lat' dir='ltr'><strong>ratione</strong></span> <span class='ocrx_word' id='word_1_76' title='bbox 1418 1139 1528 1177; x_wconf 75' lang='lat' dir='ltr'><strong>sua:</strong></span> <span class='ocrx_word' id='word_1_77' title='bbox 1546 1119 1828 1193; x_wconf 87' lang='lat' dir='ltr'><strong>portionis,</strong></span> 
     </span>
    </p>
   </div>
   <div class='ocr_carea' id='block_1_13' title="bbox 238 1215 1832 1288">
    <p class='ocr_par' dir='ltr' id='par_1_13' title="bbox 238 1215 1832 1288">
     <span class='ocr_line' id='line_1_13' title="bbox 238 1215 1832 1288; baseline -0.005 -16"><span class='ocrx_word' id='word_1_78' title='bbox 238 1217 338 1276; x_wconf 81' lang='lat' dir='ltr'><strong>nisi</strong></span> <span class='ocrx_word' id='word_1_79' title='bbox 363 1217 592 1288; x_wconf 88' lang='lat' dir='ltr'><strong>provida</strong></span> <span class='ocrx_word' id='word_1_80' title='bbox 625 1218 988 1273; x_wconf 70' lang='lat' dir='ltr'><strong>soll3c’tudine</strong></span> <span class='ocrx_word' id='word_1_81' title='bbox 1012 1216 1308 1271; x_wconf 82' lang='lat' dir='ltr'><strong>remedium</strong></span> <span class='ocrx_word' id='word_1_82' title='bbox 1341 1215 1627 1284; x_wconf 85' lang='lat' dir='ltr'><strong>episcopus</strong></span> <span class='ocrx_word' id='word_1_83' title='bbox 1667 1219 1832 1266; x_wconf 60' lang='lat' dir='ltr'><strong>tanta:</strong></span> 
     </span>
    </p>
   </div>
   <div class='ocr_carea' id='block_1_14' title="bbox 240 1307 1314 1378">
    <p class='ocr_par' dir='ltr' id='par_1_14' title="bbox 240 1307 1314 1378">
     <span class='ocr_line' id='line_1_14' title="bbox 240 1307 1314 1378; baseline -0.002 -16"><span class='ocrx_word' id='word_1_84' title='bbox 240 1309 644 1378; x_wconf 67' lang='lat' dir='ltr'><strong>praesumptioni</strong></span> <span class='ocrx_word' id='word_1_85' title='bbox 699 1308 920 1362; x_wconf 88' lang='lat' dir='ltr'><strong>sedulus</strong></span> <span class='ocrx_word' id='word_1_86' title='bbox 959 1307 1314 1362; x_wconf 73' lang='lat' dir='ltr'><strong>adhibuiSset.</strong></span> 
     </span>
    </p>
   </div>
   <div class='ocr_carea' id='block_1_15' title="bbox 239 1393 1834 1470">
    <p class='ocr_par' dir='ltr' id='par_1_15' title="bbox 239 1393 1834 1470">
     <span class='ocr_line' id='line_1_15' title="bbox 239 1393 1834 1470; baseline -0.005 -17"><span class='ocrx_word' id='word_1_87' title='bbox 239 1400 434 1453; x_wconf 88' lang='lat' dir='ltr'><strong>timens</strong></span> <span class='ocrx_word' id='word_1_88' title='bbox 463 1398 704 1470; x_wconf 88' lang='lat' dir='ltr'><strong>pericula</strong></span> <span class='ocrx_word' id='word_1_89' title='bbox 730 1398 814 1452; x_wconf 89' lang='lat' dir='ltr'><strong>vel</strong></span> <span class='ocrx_word' id='word_1_90' title='bbox 842 1397 1030 1452; x_wconf 86' lang='lat' dir='ltr'><strong>mortis</strong></span> <span class='ocrx_word' id='word_1_91' title='bbox 1057 1397 1139 1452; x_wconf 86' lang='lat' dir='ltr'><strong>vel</strong></span> <span class='ocrx_word' id='word_1_92' title='bbox 1166 1396 1334 1461; x_wconf 82' lang='lat' dir='ltr'><strong>exilii,</strong></span> <span class='ocrx_word' id='word_1_93' title='bbox 1367 1393 1660 1464; x_wconf 88' lang='lat' dir='ltr'><strong>majoribus</strong></span> <span class='ocrx_word' id='word_1_94' title='bbox 1674 1393 1834 1448; x_wconf 86' lang='lat' dir='ltr'><strong>Flan-</strong></span> 
     </span>
    </p>
   </div>
   <div class='ocr_carea' id='block_1_16' title="bbox 239 1486 1834 1562">
    <p class='ocr_par' dir='ltr' id='par_1_16' title="bbox 239 1486 1834 1562">
     <span class='ocr_line' id='line_1_16' title="bbox 239 1486 1834 1562; baseline -0.002 -17"><span class='ocrx_word' id='word_1_95' title='bbox 239 1491 368 1546; x_wconf 74' lang='lat' dir='ltr'><strong>drite</strong></span> <span class='ocrx_word' id='word_1_96' title='bbox 397 1500 453 1547; x_wconf 91' lang='lat' dir='ltr'><strong>et</strong></span> <span class='ocrx_word' id='word_1_97' title='bbox 479 1491 598 1562; x_wconf 89' lang='lat' dir='ltr'><strong>ipso</strong></span> <span class='ocrx_word' id='word_1_98' title='bbox 626 1491 833 1546; x_wconf 82' lang='lat' dir='ltr'><strong>comite</strong></span> <span class='ocrx_word' id='word_1_99' title='bbox 855 1500 1047 1546; x_wconf 90' lang='lat' dir='ltr'><strong>contra</strong></span> <span class='ocrx_word' id='word_1_100' title='bbox 1076 1506 1198 1545; x_wconf 90' lang='lat' dir='ltr'><strong>eum</strong></span> <span class='ocrx_word' id='word_1_101' title='bbox 1251 1487 1676 1559; x_wconf 76' lang='lat' dir='ltr'><strong>insurgentibus,</strong></span> <span class='ocrx_word' id='word_1_102' title='bbox 1730 1486 1834 1542; x_wconf 88' lang='lat' dir='ltr'><strong>hoc</strong></span> 
     </span>
    </p>
   </div>
   <div class='ocr_carea' id='block_1_17' title="bbox 238 1576 1835 1652">
    <p class='ocr_par' dir='ltr' id='par_1_17' title="bbox 238 1576 1835 1652">
     <span class='ocr_line' id='line_1_17' title="bbox 238 1576 1835 1652; baseline -0.004 -16"><span class='ocrx_word' id='word_1_103' title='bbox 238 1581 426 1637; x_wconf 86' lang='lat' dir='ltr'><strong>multis</strong></span> <span class='ocrx_word' id='word_1_104' title='bbox 449 1580 704 1652; x_wconf 74' lang='lat' dir='ltr'><strong>expensis</strong></span> <span class='ocrx_word' id='word_1_105' title='bbox 734 1590 791 1637; x_wconf 89' lang='lat' dir='ltr'><strong>et</strong></span> <span class='ocrx_word' id='word_1_106' title='bbox 817 1581 1091 1635; x_wconf 83' lang='lat' dir='ltr'><strong>laboribus</strong></span> <span class='ocrx_word' id='word_1_107' title='bbox 1131 1580 1431 1634; x_wconf 81' lang='lat' dir='ltr'><strong>exhaustus</strong></span> <span class='ocrx_word' id='word_1_108' title='bbox 1462 1578 1679 1632; x_wconf 84' lang='lat' dir='ltr'><strong>tandem</strong></span> <span class='ocrx_word' id='word_1_109' title='bbox 1720 1576 1835 1633; x_wconf 89' lang='lat' dir='ltr'><strong>evi-</strong></span> 
     </span>
    </p>
   </div>
   <div class='ocr_carea' id='block_1_18' title="bbox 239 1671 1834 1744">
    <p class='ocr_par' dir='ltr' id='par_1_18' title="bbox 239 1671 1834 1744">
     <span class='ocr_line' id='line_1_18' title="bbox 239 1671 1834 1744; baseline -0.001 -16"><span class='ocrx_word' id='word_1_110' title='bbox 239 1673 332 1741; x_wconf 87' lang='lat' dir='ltr'><strong>cit,</strong></span> <span class='ocrx_word' id='word_1_111' title='bbox 367 1674 516 1744; x_wconf 88' lang='lat' dir='ltr'><strong>quod</strong></span> <span class='ocrx_word' id='word_1_112' title='bbox 547 1673 904 1743; x_wconf 78' lang='lat' dir='ltr'><strong>pra-positura</strong></span> <span class='ocrx_word' id='word_1_113' title='bbox 948 1683 1070 1743; x_wconf 87' lang='lat' dir='ltr'><strong>post</strong></span> <span class='ocrx_word' id='word_1_114' title='bbox 1117 1683 1348 1729; x_wconf 85' lang='lat' dir='ltr'><strong>mortem</strong></span> <span class='ocrx_word' id='word_1_115' title='bbox 1397 1673 1612 1730; x_wconf 89' lang='lat' dir='ltr'><strong>comitis</strong></span> <span class='ocrx_word' id='word_1_116' title='bbox 1663 1671 1834 1727; x_wconf 89' lang='lat' dir='ltr'><strong>libera</strong></span> 
     </span>
    </p>
   </div>
   <div class='ocr_carea' id='block_1_19' title="bbox 1388 1304 1833 1371">
    <p class='ocr_par' dir='ltr' id='par_1_19' title="bbox 1388 1304 1833 1371">
     <span class='ocr_line' id='line_1_19' title="bbox 1388 1304 1833 1371; baseline -0.002 -13"><span class='ocrx_word' id='word_1_117' title='bbox 1388 1304 1544 1358; x_wconf 83' lang='lat' dir='ltr'><strong>Nulla</strong></span> <span class='ocrx_word' id='word_1_118' title='bbox 1595 1315 1833 1371; x_wconf 79' lang='lat' dir='ltr'><strong>namque</strong></span> 
     </span>
    </p>
   </div>
   <div class='ocr_carea' id='block_1_20' title="bbox 239 1745 1919 1850">
    <p class='ocr_par' dir='ltr' id='par_1_20' title="bbox 239 1745 1919 1850">
     <span class='ocr_line' id='line_1_20' title="bbox 239 1745 1919 1850; baseline 0.002 -30"><span class='ocrx_word' id='word_1_119' title='bbox 239 1768 303 1820; x_wconf 85' lang='lat' dir='ltr'><strong>ad</strong></span> <span class='ocrx_word' id='word_1_120' title='bbox 324 1767 418 1836; x_wconf 89' lang='lat' dir='ltr'><strong>jus</strong></span> <span class='ocrx_word' id='word_1_121' title='bbox 444 1767 681 1837; x_wconf 81' lang='lat' dir='ltr'><strong>episcopi</strong></span> <span class='ocrx_word' id='word_1_122' title='bbox 714 1765 1114 1830; x_wconf 82' lang='lat' dir='ltr'><strong>devolveretur,</strong></span> <span class='ocrx_word' id='word_1_123' title='bbox 1141 1773 1399 1822; x_wconf 87' lang='lat' dir='ltr'><strong>etcomes</strong></span> <span class='ocrx_word' id='word_1_124' title='bbox 1419 1781 1540 1822; x_wconf 89' lang='lat' dir='ltr'><strong>eam</strong></span> <span class='ocrx_word' id='word_1_125' title='bbox 1586 1765 1712 1821; x_wconf 93' lang='lat' dir='ltr'><strong>dum</strong></span> <span class='ocrx_word' id='word_1_126' title='bbox 1762 1763 1830 1818; x_wconf 84' lang='lat' dir='ltr'><strong>vi-</strong></span> <span class='ocrx_word' id='word_1_127' title='bbox 1866 1745 1919 1850; x_wconf 37' lang='grc' dir='ltr'><strong>Β.</strong></span> 
     </span>
    </p>
   </div>
   <div class='ocr_carea' id='block_1_21' title="bbox 239 1859 1834 1930">
    <p class='ocr_par' dir='ltr' id='par_1_21' title="bbox 239 1859 1834 1930">
     <span class='ocr_line' id='line_1_21' title="bbox 239 1859 1834 1930; baseline 0.001 -18"><span class='ocrx_word' id='word_1_128' title='bbox 239 1871 411 1924; x_wconf 82' lang='lat' dir='ltr'><strong>veret,</strong></span> <span class='ocrx_word' id='word_1_129' title='bbox 431 1859 554 1930; x_wconf 90' lang='lat' dir='ltr'><strong>jure</strong></span> <span class='ocrx_word' id='word_1_130' title='bbox 575 1875 675 1916; x_wconf 90' lang='lat' dir='ltr'><strong>suo</strong></span> <span class='ocrx_word' id='word_1_131' title='bbox 705 1866 915 1914; x_wconf 89' lang='lat' dir='ltr'><strong>tantum</strong></span> <span class='ocrx_word' id='word_1_132' title='bbox 935 1867 1243 1926; x_wconf 89' lang='lat' dir='ltr'><strong>contentus,</strong></span> <span class='ocrx_word' id='word_1_133' title='bbox 1267 1859 1557 1929; x_wconf 80' lang='lat' dir='ltr'><strong>assignatis</strong></span> <span class='ocrx_word' id='word_1_134' title='bbox 1579 1859 1632 1915; x_wconf 91' lang='lat' dir='ltr'><strong>in</strong></span> <span class='ocrx_word' id='word_1_135' title='bbox 1659 1867 1834 1915; x_wconf 88' lang='lat' dir='ltr'><strong>morte</strong></span> 
     </span>
    </p>
   </div>
   <div class='ocr_carea' id='block_1_22' title="bbox 246 1948 1835 2021">
    <p class='ocr_par' dir='ltr' id='par_1_22' title="bbox 246 1948 1835 2021">
     <span class='ocr_line' id='line_1_22' title="bbox 246 1948 1835 2021; baseline 0.001 -20"><span class='ocrx_word' id='word_1_136' title='bbox 246 1963 342 2001; x_wconf 83' lang='lat' dir='ltr'><strong>sua</strong></span> <span class='ocrx_word' id='word_1_137' title='bbox 366 1951 455 2004; x_wconf 88' lang='lat' dir='ltr'><strong>cui</strong></span> <span class='ocrx_word' id='word_1_138' title='bbox 488 1948 728 2017; x_wconf 85' lang='lat' dir='ltr'><strong>placeret</strong></span> <span class='ocrx_word' id='word_1_139' title='bbox 753 1950 1111 2020; x_wconf 80' lang='lat' dir='ltr'><strong>septingentis</strong></span> <span class='ocrx_word' id='word_1_140' title='bbox 1138 1949 1309 2016; x_wconf 88' lang='lat' dir='ltr'><strong>libris,</strong></span> <span class='ocrx_word' id='word_1_141' title='bbox 1359 1949 1543 2021; x_wconf 83' lang='lat' dir='ltr'><strong>quiete</strong></span> <span class='ocrx_word' id='word_1_142' title='bbox 1594 1951 1835 2021; x_wconf 86' lang='lat' dir='ltr'><strong>posside-</strong></span> 
     </span>
    </p>
   </div>
   <div class='ocr_carea' id='block_1_23' title="bbox 241 2038 1835 2110">
    <p class='ocr_par' dir='ltr' id='par_1_23' title="bbox 241 2038 1835 2110">
     <span class='ocr_line' id='line_1_23' title="bbox 241 2038 1835 2110; baseline 0.001 -19"><span class='ocrx_word' id='word_1_143' title='bbox 241 2047 348 2100; x_wconf 75' lang='lat' dir='ltr'><strong>nt;</strong></span> <span class='ocrx_word' id='word_1_144' title='bbox 379 2047 437 2092; x_wconf 92' lang='lat' dir='ltr'><strong>et</strong></span> <span class='ocrx_word' id='word_1_145' title='bbox 462 2038 770 2107; x_wconf 89' lang='lat' dir='ltr'><strong>hujusmodi</strong></span> <span class='ocrx_word' id='word_1_146' title='bbox 799 2041 1095 2095; x_wconf 89' lang='lat' dir='ltr'><strong>transactio</strong></span> <span class='ocrx_word' id='word_1_147' title='bbox 1122 2041 1438 2095; x_wconf 90' lang='lat' dir='ltr'><strong>conﬁrmata</strong></span> <span class='ocrx_word' id='word_1_148' title='bbox 1469 2049 1551 2096; x_wconf 89' lang='lat' dir='ltr'><strong>est</strong></span> <span class='ocrx_word' id='word_1_149' title='bbox 1604 2041 1835 2110; x_wconf 82' lang='lat' dir='ltr'><strong>impera-</strong></span> 
     </span>
    </p>
   </div>
   <div class='ocr_carea' id='block_1_24' title="bbox 243 2129 1837 2201">
    <p class='ocr_par' dir='ltr' id='par_1_24' title="bbox 243 2129 1837 2201">
     <span class='ocr_line' id='line_1_24' title="bbox 243 2129 1837 2201; baseline 0.001 -19"><span class='ocrx_word' id='word_1_150' title='bbox 243 2130 374 2184; x_wconf 88' lang='lat' dir='ltr'><strong>toris</strong></span> <span class='ocrx_word' id='word_1_151' title='bbox 401 2139 457 2184; x_wconf 88' lang='lat' dir='ltr'><strong>ct</strong></span> <span class='ocrx_word' id='word_1_152' title='bbox 481 2131 622 2200; x_wconf 82' lang='lat' dir='ltr'><strong>regis</strong></span> <span class='ocrx_word' id='word_1_153' title='bbox 654 2129 901 2185; x_wconf 72' lang='lat' dir='ltr'><strong>Francia:</strong></span> <span class='ocrx_word' id='word_1_154' title='bbox 927 2139 980 2185; x_wconf 89' lang='lat' dir='ltr'><strong>et</strong></span> <span class='ocrx_word' id='word_1_155' title='bbox 1003 2129 1268 2199; x_wconf 85' lang='lat' dir='ltr'><strong>majorum</strong></span> <span class='ocrx_word' id='word_1_156' title='bbox 1296 2131 1681 2201; x_wconf 88' lang='lat' dir='ltr'><strong>quorumlibet,</strong></span> <span class='ocrx_word' id='word_1_157' title='bbox 1703 2146 1837 2200; x_wconf 87' lang='lat' dir='ltr'><strong>quo-</strong></span> 
     </span>
    </p>
   </div>
   <div class='ocr_carea' id='block_1_25' title="bbox 241 2221 1832 2292">
    <p class='ocr_par' dir='ltr' id='par_1_25' title="bbox 241 2221 1832 2292">
     <span class='ocr_line' id='line_1_25' title="bbox 241 2221 1832 2292; baseline 0.001 -17"><span class='ocrx_word' id='word_1_158' title='bbox 241 2237 359 2275; x_wconf 91' lang='lat' dir='ltr'><strong>rum</strong></span> <span class='ocrx_word' id='word_1_159' title='bbox 387 2223 441 2276; x_wconf 93' lang='lat' dir='ltr'><strong>in</strong></span> <span class='ocrx_word' id='word_1_160' title='bbox 471 2221 574 2276; x_wconf 84' lang='lat' dir='ltr'><strong>hoc</strong></span> <span class='ocrx_word' id='word_1_161' title='bbox 598 2222 970 2277; x_wconf 88' lang='lat' dir='ltr'><strong>testimonium</strong></span> <span class='ocrx_word' id='word_1_162' title='bbox 1002 2221 1184 2277; x_wconf 84' lang='lat' dir='ltr'><strong>valere</strong></span> <span class='ocrx_word' id='word_1_163' title='bbox 1217 2223 1474 2292; x_wconf 86' lang='lat' dir='ltr'><strong>potuerit,</strong></span> <span class='ocrx_word' id='word_1_164' title='bbox 1516 2222 1832 2292; x_wconf 75' lang='lat' dir='ltr'><strong>privilegiis.</strong></span> 
     </span>
    </p>
   </div>
   <div class='ocr_carea' id='block_1_26' title="bbox 308 2311 1836 2384">
    <p class='ocr_par' dir='ltr' id='par_1_26' title="bbox 308 2311 1836 2384">
     <span class='ocr_line' id='line_1_26' title="bbox 308 2311 1836 2384; baseline 0.001 -18"><span class='ocrx_word' id='word_1_165' title='bbox 308 2311 402 2366; x_wconf 72' lang='grc'><strong>24.</strong></span> <span class='ocrx_word' id='word_1_166' title='bbox 430 2311 564 2366; x_wconf 88' lang='lat' dir='ltr'><strong>Orta</strong></span> <span class='ocrx_word' id='word_1_167' title='bbox 599 2313 947 2382; x_wconf 86' lang='lat' dir='ltr'><strong>postmodum</strong></span> <span class='ocrx_word' id='word_1_168' title='bbox 997 2313 1139 2368; x_wconf 92' lang='lat' dir='ltr'><strong>inter</strong></span> <span class='ocrx_word' id='word_1_169' title='bbox 1195 2314 1372 2384; x_wconf 91' lang='lat' dir='ltr'><strong>ipsum</strong></span> <span class='ocrx_word' id='word_1_170' title='bbox 1412 2321 1469 2368; x_wconf 90' lang='lat' dir='ltr'><strong>ct</strong></span> <span class='ocrx_word' id='word_1_171' title='bbox 1520 2314 1666 2368; x_wconf 86' lang='lat' dir='ltr'><strong>cives</strong></span> <span class='ocrx_word' id='word_1_172' title='bbox 1709 2328 1836 2367; x_wconf 86' lang='lat' dir='ltr'><strong>suos</strong></span> 
     </span>
    </p>
   </div>
   <div class='ocr_carea' id='block_1_27' title="bbox 244 2402 1838 2473">
    <p class='ocr_par' dir='ltr' id='par_1_27' title="bbox 244 2402 1838 2473">
     <span class='ocr_line' id='line_1_27' title="bbox 244 2402 1838 2473; baseline 0.002 -17"><span class='ocrx_word' id='word_1_173' title='bbox 244 2402 541 2467; x_wconf 81' lang='lat' dir='ltr'><strong>discordia,</strong></span> <span class='ocrx_word' id='word_1_174' title='bbox 573 2404 698 2473; x_wconf 89' lang='lat' dir='ltr'><strong>quia</strong></span> <span class='ocrx_word' id='word_1_175' title='bbox 730 2404 1042 2459; x_wconf 88' lang='lat' dir='ltr'><strong>communia</strong></span> <span class='ocrx_word' id='word_1_176' title='bbox 1091 2404 1327 2459; x_wconf 86' lang='lat' dir='ltr'><strong>civitatis</strong></span> <span class='ocrx_word' id='word_1_177' title='bbox 1383 2405 1562 2459; x_wconf 89' lang='lat' dir='ltr'><strong>minus</strong></span> <span class='ocrx_word' id='word_1_178' title='bbox 1610 2404 1838 2459; x_wconf 85' lang='lat' dir='ltr'><strong>licenter</strong></span> 
     </span>
    </p>
   </div>
   <div class='ocr_carea' id='block_1_28' title="bbox 243 2493 1836 2552">
    <p class='ocr_par' dir='ltr' id='par_1_28' title="bbox 243 2493 1836 2552">
     <span class='ocr_line' id='line_1_28' title="bbox 243 2493 1836 2552; baseline 0.003 -6"><span class='ocrx_word' id='word_1_179' title='bbox 243 2503 296 2546; x_wconf 90' lang='lat' dir='ltr'><strong>et</strong></span> <span class='ocrx_word' id='word_1_180' title='bbox 316 2493 552 2548; x_wconf 82' lang='lat' dir='ltr'><strong>libenter</strong></span> <span class='ocrx_word' id='word_1_181' title='bbox 575 2502 762 2548; x_wconf 91' lang='lat' dir='ltr'><strong>contra</strong></span> <span class='ocrx_word' id='word_1_182' title='bbox 796 2493 1102 2550; x_wconf 89' lang='lat' dir='ltr'><strong>libertatem</strong></span> <span class='ocrx_word' id='word_1_183' title='bbox 1133 2496 1460 2552; x_wconf 89' lang='lat' dir='ltr'><strong>clericorum</strong></span> <span class='ocrx_word' id='word_1_184' title='bbox 1515 2512 1710 2552; x_wconf 92' lang='lat' dir='ltr'><strong>manus</strong></span> <span class='ocrx_word' id='word_1_185' title='bbox 1740 2512 1836 2551; x_wconf 80' lang='lat' dir='ltr'><strong>ex-</strong></span> 
     </span>
    </p>
   </div>
   <div class='ocr_carea' id='block_1_29' title="bbox 249 2589 1831 2660">
    <p class='ocr_par' dir='ltr' id='par_1_29' title="bbox 249 2589 1831 2660">
     <span class='ocr_line' id='line_1_29' title="bbox 249 2589 1831 2660; baseline 0.003 -19"><span class='ocrx_word' id='word_1_186' title='bbox 249 2589 520 2654; x_wconf 89' lang='lat' dir='ltr'><strong>tendebat,</strong></span> <span class='ocrx_word' id='word_1_187' title='bbox 546 2591 612 2644; x_wconf 89' lang='lat' dir='ltr'><strong>ad</strong></span> <span class='ocrx_word' id='word_1_188' title='bbox 645 2590 864 2646; x_wconf 64' lang='lat' dir='ltr'><strong>caesaris</strong></span> <span class='ocrx_word' id='word_1_189' title='bbox 915 2590 1249 2646; x_wconf 87' lang='lat' dir='ltr'><strong>audientiam</strong></span> <span class='ocrx_word' id='word_1_190' title='bbox 1313 2591 1417 2646; x_wconf 87' lang='lat' dir='ltr'><strong>fuit</strong></span> <span class='ocrx_word' id='word_1_191' title='bbox 1460 2590 1831 2660; x_wconf 87' lang='lat' dir='ltr'><strong>appellatum:</strong></span> 
     </span>
    </p>
   </div>
   <div class='ocr_carea' id='block_1_30' title="bbox 247 2680 1836 2756">
    <p class='ocr_par' dir='ltr' id='par_1_30' title="bbox 247 2680 1836 2756">
     <span class='ocr_line' id='line_1_30' title="bbox 247 2680 1836 2756; baseline 0.004 -22"><span class='ocrx_word' id='word_1_192' title='bbox 247 2681 330 2735; x_wconf 91' lang='lat' dir='ltr'><strong>ubi</strong></span> <span class='ocrx_word' id='word_1_193' title='bbox 382 2680 682 2750; x_wconf 88' lang='lat' dir='ltr'><strong>majoribus</strong></span> <span class='ocrx_word' id='word_1_194' title='bbox 738 2683 902 2739; x_wconf 68' lang='lat' dir='ltr'><strong>curia:</strong></span> <span class='ocrx_word' id='word_1_195' title='bbox 954 2685 1194 2754; x_wconf 83' lang='lat' dir='ltr'><strong>pontiﬁci</strong></span> <span class='ocrx_word' id='word_1_196' title='bbox 1241 2686 1649 2749; x_wconf 86' lang='lat' dir='ltr'><strong>adnitentibus.</strong></span> <span class='ocrx_word' id='word_1_197' title='bbox 1710 2687 1836 2756; x_wconf 83' lang='lat' dir='ltr'><strong>quia</strong></span> 
     </span>
    </p>
   </div>
   <div class='ocr_carea' id='block_1_31' title="bbox 245 2773 1837 2845">
    <p class='ocr_par' dir='ltr' id='par_1_31' title="bbox 245 2773 1837 2845">
     <span class='ocr_line' id='line_1_31' title="bbox 245 2773 1837 2845; baseline 0.006 -21"><span class='ocrx_word' id='word_1_198' title='bbox 245 2773 569 2828; x_wconf 64' lang='lat' dir='ltr'><strong>communiat</strong></span> <span class='ocrx_word' id='word_1_199' title='bbox 599 2774 903 2845; x_wconf 87' lang='lat' dir='ltr'><strong>conjuratio</strong></span> <span class='ocrx_word' id='word_1_200' title='bbox 931 2777 1186 2832; x_wconf 88' lang='lat' dir='ltr'><strong>omnibus</strong></span> <span class='ocrx_word' id='word_1_201' title='bbox 1233 2776 1479 2832; x_wconf 67' lang='lat' dir='ltr'><strong>ecclesia:</strong></span> <span class='ocrx_word' id='word_1_202' title='bbox 1530 2777 1837 2834; x_wconf 87' lang='lat' dir='ltr'><strong>libertatem</strong></span> 
     </span>
    </p>
   </div>
   <div class='ocr_carea' id='block_1_32' title="bbox 247 2861 1840 2937">
    <p class='ocr_par' dir='ltr' id='par_1_32' title="bbox 247 2861 1840 2937">
     <span class='ocr_line' id='line_1_32' title="bbox 247 2861 1840 2937; baseline 0.006 -22"><span class='ocrx_word' id='word_1_203' title='bbox 247 2861 616 2933; x_wconf 83' lang='lat' dir='ltr'><strong>diiligentibus</strong></span> <span class='ocrx_word' id='word_1_204' title='bbox 664 2872 749 2919; x_wconf 90' lang='lat' dir='ltr'><strong>est</strong></span> <span class='ocrx_word' id='word_1_205' title='bbox 769 2865 993 2932; x_wconf 86' lang='lat' dir='ltr'><strong>odiosa,</strong></span> <span class='ocrx_word' id='word_1_206' title='bbox 1023 2866 1090 2921; x_wconf 88' lang='lat' dir='ltr'><strong>ab</strong></span> <span class='ocrx_word' id='word_1_207' title='bbox 1136 2867 1465 2937; x_wconf 87' lang='lat' dir='ltr'><strong>imperatore</strong></span> <span class='ocrx_word' id='word_1_208' title='bbox 1507 2867 1840 2925; x_wconf 89' lang='lat' dir='ltr'><strong>sollemniter</strong></span> 
     </span>
    </p>
   </div>
   <div class='ocr_carea' id='block_1_33' title="bbox 247 2943 1836 3030">
    <p class='ocr_par' dir='ltr' id='par_1_33' title="bbox 247 2943 1836 3030">
     <span class='ocr_line' id='line_1_33' title="bbox 247 2943 1836 3030; baseline 0.004 -22"><span class='ocrx_word' id='word_1_209' title='bbox 247 2955 554 3009; x_wconf 84' lang='lat' dir='ltr'><strong>communia</strong></span> <span class='ocrx_word' id='word_1_210' title='bbox 584 2955 997 3014; x_wconf 87' lang='lat' dir='ltr'><strong>Cameracensis</strong></span> <span class='ocrx_word' id='word_1_211' title='bbox 1022 2959 1123 3013; x_wconf 89' lang='lat' dir='ltr'><strong>fuit</strong></span> <span class='ocrx_word' id='word_1_212' title='bbox 1175 2959 1500 3030; x_wconf 87' lang='lat' dir='ltr'><strong>abjudicata,</strong></span> <span class='ocrx_word' id='word_1_213' title='bbox 1548 2943 1836 3017; x_wconf 77' lang='lat' dir='ltr'><strong>concessa-</strong></span> 
     </span>
    </p>
   </div>
   <div class='ocr_carea' id='block_1_34' title="bbox 247 3042 1836 3122">
    <p class='ocr_par' dir='ltr' id='par_1_34' title="bbox 247 3042 1836 3122">
     <span class='ocr_line' id='line_1_34' title="bbox 247 3042 1836 3122; baseline 0.006 -25"><span class='ocrx_word' id='word_1_214' title='bbox 247 3059 347 3112; x_wconf 83' lang='lat' dir='ltr'><strong>que</strong></span> <span class='ocrx_word' id='word_1_215' title='bbox 374 3042 478 3099; x_wconf 91' lang='lat' dir='ltr'><strong>fuit</strong></span> <span class='ocrx_word' id='word_1_216' title='bbox 505 3045 764 3117; x_wconf 88' lang='lat' dir='ltr'><strong>episcopo</strong></span> <span class='ocrx_word' id='word_1_217' title='bbox 791 3047 1134 3117; x_wconf 83' lang='lat' dir='ltr'><strong>imperatoris</strong></span> <span class='ocrx_word' id='word_1_218' title='bbox 1169 3049 1348 3105; x_wconf 89' lang='lat' dir='ltr'><strong>edicto</strong></span> <span class='ocrx_word' id='word_1_219' title='bbox 1392 3059 1636 3122; x_wconf 86' lang='lat' dir='ltr'><strong>potestas</strong></span> <span class='ocrx_word' id='word_1_220' title='bbox 1691 3053 1836 3107; x_wconf 80' lang='lat' dir='ltr'><strong>ordi-</strong></span> 
     </span>
    </p>
   </div>
   <div class='ocr_carea' id='block_1_35' title="bbox 249 3115 1908 3214">
    <p class='ocr_par' dir='ltr' id='par_1_35' title="bbox 249 3115 1908 3214">
     <span class='ocr_line' id='line_1_35' title="bbox 249 3115 1908 3214; baseline 0.005 -25"><span class='ocrx_word' id='word_1_221' title='bbox 249 3137 406 3191; x_wconf 77' lang='lat' dir='ltr'><strong>nandi</strong></span> <span class='ocrx_word' id='word_1_222' title='bbox 442 3138 508 3192; x_wconf 91' lang='lat' dir='ltr'><strong>de</strong></span> <span class='ocrx_word' id='word_1_223' title='bbox 537 3115 760 3195; x_wconf 80' lang='lat' dir='ltr'><strong>civitate</strong></span> <span class='ocrx_word' id='word_1_224' title='bbox 791 3148 845 3194; x_wconf 89' lang='lat' dir='ltr'><strong>et</strong></span> <span class='ocrx_word' id='word_1_225' title='bbox 865 3115 1090 3206; x_wconf 78' lang='lat' dir='ltr'><strong>civibus,</strong></span> <span class='ocrx_word' id='word_1_226' title='bbox 1120 3151 1278 3210; x_wconf 83' lang='lat' dir='ltr'><strong>prout</strong></span> <span class='ocrx_word' id='word_1_227' title='bbox 1308 3115 1551 3199; x_wconf 64' lang='lat' dir='ltr'><strong>ecclesia:</strong></span> <span class='ocrx_word' id='word_1_228' title='bbox 1575 3144 1838 3214; x_wconf 88' lang='lat' dir='ltr'><strong>tranquil-</strong></span> <span class='ocrx_word' id='word_1_229' title='bbox 1864 3115 1908 3176; x_wconf 75' lang='lat' dir='ltr'><strong>C</strong></span> 
     </span>
    </p>
   </div>
   <div class='ocr_carea' id='block_1_36' title="bbox 249 3229 1838 3306">
    <p class='ocr_par' dir='ltr' id='par_1_36' title="bbox 249 3229 1838 3306">
     <span class='ocr_line' id='line_1_36' title="bbox 249 3229 1838 3306; baseline 0.006 -24"><span class='ocrx_word' id='word_1_230' title='bbox 249 3229 368 3285; x_wconf 90' lang='lat' dir='ltr'><strong>litas</strong></span> <span class='ocrx_word' id='word_1_231' title='bbox 402 3239 460 3284; x_wconf 88' lang='lat' dir='ltr'><strong>et</strong></span> <span class='ocrx_word' id='word_1_232' title='bbox 482 3232 720 3303; x_wconf 87' lang='lat' dir='ltr'><strong>episcopi</strong></span> <span class='ocrx_word' id='word_1_233' title='bbox 744 3233 1017 3287; x_wconf 89' lang='lat' dir='ltr'><strong>sententia</strong></span> <span class='ocrx_word' id='word_1_234' title='bbox 1044 3234 1402 3301; x_wconf 89' lang='lat' dir='ltr'><strong>decrevisset;</strong></span> <span class='ocrx_word' id='word_1_235' title='bbox 1453 3245 1505 3290; x_wconf 91' lang='lat' dir='ltr'><strong>et</strong></span> <span class='ocrx_word' id='word_1_236' title='bbox 1529 3251 1694 3306; x_wconf 88' lang='lat' dir='ltr'><strong>super</strong></span> <span class='ocrx_word' id='word_1_237' title='bbox 1736 3237 1838 3292; x_wconf 84' lang='lat' dir='ltr'><strong>hoc</strong></span> 
     </span>
    </p>
   </div>
   <div class='ocr_carea' id='block_1_37' title="bbox 251 3323 1840 3398">
    <p class='ocr_par' dir='ltr' id='par_1_37' title="bbox 251 3323 1840 3398">
     <span class='ocr_line' id='line_1_37' title="bbox 251 3323 1840 3398; baseline 0.004 -21"><span class='ocrx_word' id='word_1_238' title='bbox 251 3323 586 3395; x_wconf 80' lang='lat' dir='ltr'><strong>privilegium</strong></span> <span class='ocrx_word' id='word_1_239' title='bbox 615 3324 715 3380; x_wconf 91' lang='lat' dir='ltr'><strong>fuit</strong></span> <span class='ocrx_word' id='word_1_240' title='bbox 743 3326 1011 3381; x_wconf 87' lang='lat' dir='ltr'><strong>indultum</strong></span> <span class='ocrx_word' id='word_1_241' title='bbox 1057 3337 1112 3382; x_wconf 90' lang='lat' dir='ltr'><strong>et</strong></span> <span class='ocrx_word' id='word_1_242' title='bbox 1158 3327 1465 3398; x_wconf 89' lang='lat' dir='ltr'><strong>principum</strong></span> <span class='ocrx_word' id='word_1_243' title='bbox 1526 3329 1840 3385; x_wconf 89' lang='lat' dir='ltr'><strong>testimonio</strong></span> 
     </span>
    </p>
   </div>
   <div class='ocr_carea' id='block_1_38' title="bbox 251 3417 1840 3491">
    <p class='ocr_par' dir='ltr' id='par_1_38' title="bbox 251 3417 1840 3491">
     <span class='ocr_line' id='line_1_38' title="bbox 251 3417 1840 3491; baseline 0.003 -20"><span class='ocrx_word' id='word_1_244' title='bbox 251 3417 650 3488; x_wconf 76' lang='lat' dir='ltr'><strong>consignatum,</strong></span> <span class='ocrx_word' id='word_1_245' title='bbox 677 3428 731 3474; x_wconf 93' lang='lat' dir='ltr'><strong>et</strong></span> <span class='ocrx_word' id='word_1_246' title='bbox 755 3418 940 3475; x_wconf 81' lang='lat' dir='ltr'><strong>omnia</strong></span> <span class='ocrx_word' id='word_1_247' title='bbox 962 3420 1283 3475; x_wconf 67' lang='lat' dir='ltr'><strong>communire</strong></span> <span class='ocrx_word' id='word_1_248' title='bbox 1334 3420 1566 3491; x_wconf 86' lang='lat' dir='ltr'><strong>insignia</strong></span> <span class='ocrx_word' id='word_1_249' title='bbox 1623 3420 1840 3478; x_wconf 88' lang='lat' dir='ltr'><strong>fuerunt</strong></span> 
     </span>
    </p>
   </div>
   <div class='ocr_carea' id='block_1_39' title="bbox 251 3510 1841 3584">
    <p class='ocr_par' dir='ltr' id='par_1_39' title="bbox 251 3510 1841 3584">
     <span class='ocr_line' id='line_1_39' title="bbox 251 3510 1841 3584; baseline 0.004 -21"><span class='ocrx_word' id='word_1_250' title='bbox 251 3510 461 3578; x_wconf 71' lang='lat' dir='ltr'><strong>penitus</strong></span> <span class='ocrx_word' id='word_1_251' title='bbox 486 3512 868 3567; x_wconf 79' lang='lat' dir='ltr'><strong>exterminata.</strong></span> <span class='ocrx_word' id='word_1_252' title='bbox 901 3511 1134 3567; x_wconf 89' lang='lat' dir='ltr'><strong>Domino</strong></span> <span class='ocrx_word' id='word_1_253' title='bbox 1157 3523 1339 3568; x_wconf 89' lang='lat' dir='ltr'><strong>autem</strong></span> <span class='ocrx_word' id='word_1_254' title='bbox 1373 3514 1630 3584; x_wconf 88' lang='lat' dir='ltr'><strong>episeopo</strong></span> <span class='ocrx_word' id='word_1_255' title='bbox 1662 3515 1841 3570; x_wconf 90' lang='lat' dir='ltr'><strong>minus</strong></span> 
     </span>
    </p>
   </div>
   <div class='ocr_carea' id='block_1_40' title="bbox 253 3599 1840 3674">
    <p class='ocr_par' dir='ltr' id='par_1_40' title="bbox 253 3599 1840 3674">
     <span class='ocr_line' id='line_1_40' title="bbox 253 3599 1840 3674; baseline 0.004 -22"><span class='ocrx_word' id='word_1_256' title='bbox 253 3599 487 3656; x_wconf 86' lang='lat' dir='ltr'><strong>discrete</strong></span> <span class='ocrx_word' id='word_1_257' title='bbox 513 3600 996 3673; x_wconf 41' lang='lat' dir='ltr'><strong>quoddain&#39;jugum</strong></span> <span class='ocrx_word' id='word_1_258' title='bbox 1019 3602 1300 3658; x_wconf 86' lang='lat' dir='ltr'><strong>servitutis</strong></span> <span class='ocrx_word' id='word_1_259' title='bbox 1339 3603 1672 3674; x_wconf 69' lang='lat' dir='ltr'><strong>gravissima:</strong></span> <span class='ocrx_word' id='word_1_260' title='bbox 1703 3605 1840 3659; x_wconf 87' lang='lat' dir='ltr'><strong>civi-</strong></span> 
     </span>
    </p>
   </div>
   <div class='ocr_carea' id='block_1_41' title="bbox 253 3690 1836 3767">
    <p class='ocr_par' dir='ltr' id='par_1_41' title="bbox 253 3690 1836 3767">
     <span class='ocr_line' id='line_1_41' title="bbox 253 3690 1836 3767; baseline 0.004 -23"><span class='ocrx_word' id='word_1_261' title='bbox 253 3690 346 3747; x_wconf 88' lang='lat' dir='ltr'><strong>bus</strong></span> <span class='ocrx_word' id='word_1_262' title='bbox 373 3693 490 3747; x_wconf 88' lang='lat' dir='ltr'><strong>suis</strong></span> <span class='ocrx_word' id='word_1_263' title='bbox 516 3709 576 3748; x_wconf 89' lang='lat' dir='ltr'><strong>se</strong></span> <span class='ocrx_word' id='word_1_264' title='bbox 605 3694 989 3763; x_wconf 90' lang='lat' dir='ltr'><strong>impositurum</strong></span> <span class='ocrx_word' id='word_1_265' title='bbox 1019 3695 1410 3760; x_wconf 87' lang='lat' dir='ltr'><strong>comminante,</strong></span> <span class='ocrx_word' id='word_1_266' title='bbox 1444 3710 1567 3750; x_wconf 93' lang='lat' dir='ltr'><strong>cum</strong></span> <span class='ocrx_word' id='word_1_267' title='bbox 1597 3696 1778 3767; x_wconf 88' lang='lat' dir='ltr'><strong>potius</strong></span> <span class='ocrx_word' id='word_1_268' title='bbox 1807 3713 1836 3751; x_wconf 86' lang='lat' dir='ltr'><strong>a</strong></span> 
     </span>
    </p>
   </div>
   <div class='ocr_carea' id='block_1_42' title="bbox 253 3783 1839 3861">
    <p class='ocr_par' dir='ltr' id='par_1_42' title="bbox 253 3783 1839 3861">
     <span class='ocr_line' id='line_1_42' title="bbox 253 3783 1839 3861; baseline 0.007 -27"><span class='ocrx_word' id='word_1_269' title='bbox 253 3785 542 3838; x_wconf 81' lang='lat' dir='ltr'><strong>severitate</strong></span> <span class='ocrx_word' id='word_1_270' title='bbox 567 3783 707 3840; x_wconf 80' lang='lat' dir='ltr'><strong>foret</strong></span> <span class='ocrx_word' id='word_1_271' title='bbox 732 3787 1168 3856; x_wconf 86' lang='lat' dir='ltr'><strong>temperandum,</strong></span> <span class='ocrx_word' id='word_1_272' title='bbox 1197 3788 1347 3843; x_wconf 91' lang='lat' dir='ltr'><strong>cives</strong></span> <span class='ocrx_word' id='word_1_273' title='bbox 1369 3788 1434 3844; x_wconf 91' lang='lat' dir='ltr'><strong>ad</strong></span> <span class='ocrx_word' id='word_1_274' title='bbox 1459 3788 1839 3861; x_wconf 89' lang='lat' dir='ltr'><strong>imperatorem</strong></span> 
     </span>
    </p>
   </div>
   <div class='ocr_carea' id='block_1_43' title="bbox 255 3871 1843 3948">
    <p class='ocr_par' dir='ltr' id='par_1_43' title="bbox 255 3871 1843 3948">
     <span class='ocr_line' id='line_1_43' title="bbox 255 3871 1843 3948; baseline 0.008 -23"><span class='ocrx_word' id='word_1_275' title='bbox 255 3871 620 3940; x_wconf 86' lang='lat' dir='ltr'><strong>festinantius,</strong></span> <span class='ocrx_word' id='word_1_276' title='bbox 653 3891 777 3931; x_wconf 93' lang='lat' dir='ltr'><strong>cum</strong></span> <span class='ocrx_word' id='word_1_277' title='bbox 808 3877 975 3932; x_wconf 90' lang='lat' dir='ltr'><strong>multa</strong></span> <span class='ocrx_word' id='word_1_278' title='bbox 1007 3879 1239 3948; x_wconf 87' lang='lat' dir='ltr'><strong>pecunia</strong></span> <span class='ocrx_word' id='word_1_279' title='bbox 1269 3889 1644 3946; x_wconf 81' lang='lat' dir='ltr'><strong>recurrentes,</strong></span> <span class='ocrx_word' id='word_1_280' title='bbox 1667 3880 1843 3937; x_wconf 64' lang='lat' dir='ltr'><strong>elimio</strong></span> 
     </span>
    </p>
   </div>
   <div class='ocr_carea' id='block_1_44' title="bbox 255 3968 1843 4043">
    <p class='ocr_par' dir='ltr' id='par_1_44' title="bbox 255 3968 1843 4043">
     <span class='ocr_line' id='line_1_44' title="bbox 255 3968 1843 4043; baseline 0.008 -26"><span class='ocrx_word' id='word_1_281' title='bbox 255 3975 376 4020; x_wconf 86' lang='lat' dir='ltr'><strong>nato</strong></span> <span class='ocrx_word' id='word_1_282' title='bbox 402 3968 725 4022; x_wconf 68' lang='lat' dir='ltr'><strong>communia:</strong></span> <span class='ocrx_word' id='word_1_283' title='bbox 762 3969 985 4025; x_wconf 88' lang='lat' dir='ltr'><strong>nomine</strong></span> <span class='ocrx_word' id='word_1_284' title='bbox 1007 3971 1153 4040; x_wconf 90' lang='lat' dir='ltr'><strong>quod</strong></span> <span class='ocrx_word' id='word_1_285' title='bbox 1204 3987 1419 4043; x_wconf 91' lang='lat' dir='ltr'><strong>semper</strong></span> <span class='ocrx_word' id='word_1_286' title='bbox 1476 3973 1843 4030; x_wconf 88' lang='lat' dir='ltr'><strong>abominabile</strong></span> 
     </span>
    </p>
   </div>
   <div class='ocr_carea' id='block_1_45' title="bbox 256 4045 1840 4133">
    <p class='ocr_par' dir='ltr' id='par_1_45' title="bbox 256 4045 1840 4133">
     <span class='ocr_line' id='line_1_45' title="bbox 256 4045 1840 4133; baseline 0.006 -26"><span class='ocrx_word' id='word_1_287' title='bbox 256 4055 437 4110; x_wconf 79' lang='lat' dir='ltr'><strong>existit</strong></span> <span class='ocrx_word' id='word_1_288' title='bbox 458 4057 561 4111; x_wconf 90' lang='lat' dir='ltr'><strong>sub</strong></span> <span class='ocrx_word' id='word_1_289' title='bbox 594 4059 814 4112; x_wconf 82' lang='lat' dir='ltr'><strong>nomine</strong></span> <span class='ocrx_word' id='word_1_290' title='bbox 843 4061 1016 4129; x_wconf 88' lang='lat' dir='ltr'><strong>pacis,</strong></span> <span class='ocrx_word' id='word_1_291' title='bbox 1039 4077 1161 4115; x_wconf 92' lang='lat' dir='ltr'><strong>cum</strong></span> <span class='ocrx_word' id='word_1_292' title='bbox 1187 4045 1364 4118; x_wconf 83' lang='lat' dir='ltr'><strong>tamen</strong></span> <span class='ocrx_word' id='word_1_293' title='bbox 1399 4079 1503 4133; x_wconf 81' lang='lat' dir='ltr'><strong>pax</strong></span> <span class='ocrx_word' id='word_1_294' title='bbox 1540 4079 1645 4119; x_wconf 91' lang='lat' dir='ltr'><strong>non</strong></span> <span class='ocrx_word' id='word_1_295' title='bbox 1673 4073 1840 4131; x_wconf 89' lang='lat' dir='ltr'><strong>esset,</strong></span> 
     </span>
    </p>
   </div>
   <div class='ocr_carea' id='block_1_46' title="bbox 256 4147 1844 4220">
    <p class='ocr_par' dir='ltr' id='par_1_46' title="bbox 256 4147 1844 4220">
     <span class='ocr_line' id='line_1_46' title="bbox 256 4147 1844 4220; baseline 0.008 -22"><span class='ocrx_word' id='word_1_296' title='bbox 256 4154 442 4199; x_wconf 74' lang='lat' dir='ltr'><strong>contra</strong></span> <span class='ocrx_word' id='word_1_297' title='bbox 491 4147 805 4218; x_wconf 84' lang='lat' dir='ltr'><strong>episcopum</strong></span> <span class='ocrx_word' id='word_1_298' title='bbox 858 4158 915 4202; x_wconf 91' lang='lat' dir='ltr'><strong>et</strong></span> <span class='ocrx_word' id='word_1_299' title='bbox 952 4148 1274 4206; x_wconf 90' lang='lat' dir='ltr'><strong>clericorum</strong></span> <span class='ocrx_word' id='word_1_300' title='bbox 1319 4152 1649 4220; x_wconf 90' lang='lat' dir='ltr'><strong>libertatem,</strong></span> <span class='ocrx_word' id='word_1_301' title='bbox 1701 4153 1844 4210; x_wconf 88' lang='lat' dir='ltr'><strong>sicut</strong></span> 
     </span>
    </p>
   </div>
   <div class='ocr_carea' id='block_1_47' title="bbox 257 4236 1840 4311">
    <p class='ocr_par' dir='ltr' id='par_1_47' title="bbox 257 4236 1840 4311">
     <span class='ocr_line' id='line_1_47' title="bbox 257 4236 1840 4311; baseline 0.008 -22"><span class='ocrx_word' id='word_1_302' title='bbox 257 4236 412 4291; x_wconf 84' lang='lat' dir='ltr'><strong>hodie</strong></span> <span class='ocrx_word' id='word_1_303' title='bbox 441 4247 527 4291; x_wconf 90' lang='lat' dir='ltr'><strong>est</strong></span> <span class='ocrx_word' id='word_1_304' title='bbox 552 4239 829 4309; x_wconf 83' lang='lat' dir='ltr'><strong>experiri,</strong></span> <span class='ocrx_word' id='word_1_305' title='bbox 848 4240 1190 4311; x_wconf 82' lang='lat' dir='ltr'><strong>privilegium</strong></span> <span class='ocrx_word' id='word_1_306' title='bbox 1220 4257 1318 4297; x_wconf 91' lang='lat' dir='ltr'><strong>sua</strong></span> <span class='ocrx_word' id='word_1_307' title='bbox 1356 4243 1634 4299; x_wconf 89' lang='lat' dir='ltr'><strong>voluntate</strong></span> <span class='ocrx_word' id='word_1_308' title='bbox 1664 4254 1717 4300; x_wconf 88' lang='lat' dir='ltr'><strong>et</strong></span> <span class='ocrx_word' id='word_1_309' title='bbox 1751 4261 1840 4302; x_wconf 91' lang='lat' dir='ltr'><strong>se-</strong></span> 
     </span>
    </p>
   </div>
   <div class='ocr_carea' id='block_1_48' title="bbox 250 4327 1840 4405">
    <p class='ocr_par' dir='ltr' id='par_1_48' title="bbox 250 4327 1840 4405">
     <span class='ocr_line' id='line_1_48' title="bbox 250 4327 1840 4405; baseline 0.006 -23"><span class='ocrx_word' id='word_1_310' title='bbox 250 4327 450 4385; x_wconf 89' lang='lat' dir='ltr'><strong>ditione</strong></span> <span class='ocrx_word' id='word_1_311' title='bbox 485 4329 698 4399; x_wconf 88' lang='lat' dir='ltr'><strong>plenum</strong></span> <span class='ocrx_word' id='word_1_312' title='bbox 727 4341 1166 4401; x_wconf 86' lang='lat' dir='ltr'><strong>reportaverunt.</strong></span> <span class='ocrx_word' id='word_1_313' title='bbox 1197 4333 1241 4389; x_wconf 96' lang='grc' dir='ltr'>Ο</span> <span class='ocrx_word' id='word_1_314' title='bbox 1272 4334 1502 4405; x_wconf 89' lang='lat' dir='ltr'><strong>primam</strong></span> <span class='ocrx_word' id='word_1_315' title='bbox 1527 4335 1840 4394; x_wconf 78' lang='lat' dir='ltr'><strong>felicitatem</strong></span> 
     </span>
    </p>
   </div>
   <div class='ocr_carea' id='block_1_49' title="bbox 1927 481 3506 555">
    <p class='ocr_par' dir='ltr' id='par_1_49' title="bbox 1927 481 3506 555">
     <span class='ocr_line' id='line_1_49' title="bbox 1927 481 3506 555; baseline -0.001 -18"><span class='ocrx_word' id='word_1_316' title='bbox 1927 481 2156 538; x_wconf 86' lang='lat' dir='ltr'><strong>bertatis</strong></span> <span class='ocrx_word' id='word_1_317' title='bbox 2185 485 2238 539; x_wconf 93' lang='lat' dir='ltr'><strong>in</strong></span> <span class='ocrx_word' id='word_1_318' title='bbox 2259 487 2506 555; x_wconf 53' lang='lat' dir='ltr'><strong>quadam</strong></span> <span class='ocrx_word' id='word_1_319' title='bbox 2531 486 2812 542; x_wconf 84' lang='lat' dir='ltr'><strong>servitutis</strong></span> <span class='ocrx_word' id='word_1_320' title='bbox 2841 485 3085 539; x_wconf 85' lang='lat' dir='ltr'><strong>instituta</strong></span> <span class='ocrx_word' id='word_1_321' title='bbox 3112 485 3506 538; x_wconf 83' lang='lat' dir='ltr'><strong>commutatur!</strong></span> 
     </span>
    </p>
   </div>
   <div class='ocr_carea' id='block_1_50' title="bbox 1996 573 3514 647">
    <p class='ocr_par' dir='ltr' id='par_1_50' title="bbox 1996 573 3514 647">
     <span class='ocr_line' id='line_1_50' title="bbox 1996 573 3514 647; baseline 0.001 -19"><span class='ocrx_word' id='word_1_322' title='bbox 1996 574 2087 628; x_wconf 77' lang='lat'><strong>25.</strong></span> <span class='ocrx_word' id='word_1_323' title='bbox 2131 573 2340 631; x_wconf 86' lang='lat' dir='ltr'><strong>Werris</strong></span> <span class='ocrx_word' id='word_1_324' title='bbox 2362 585 2625 647; x_wconf 71' lang='lat' dir='ltr'><strong>prmterea</strong></span> <span class='ocrx_word' id='word_1_325' title='bbox 2656 585 2712 630; x_wconf 90' lang='lat' dir='ltr'><strong>et</strong></span> <span class='ocrx_word' id='word_1_326' title='bbox 2739 575 3130 646; x_wconf 86' lang='lat' dir='ltr'><strong>multiplicibus</strong></span> <span class='ocrx_word' id='word_1_327' title='bbox 3184 585 3296 630; x_wconf 91' lang='lat' dir='ltr'><strong>tum</strong></span> <span class='ocrx_word' id='word_1_328' title='bbox 3352 574 3514 630; x_wconf 85' lang='lat' dir='ltr'><strong>fami-</strong></span> 
     </span>
    </p>
   </div>
   <div class='ocr_carea' id='block_1_51' title="bbox 1929 667 3511 740">
    <p class='ocr_par' dir='ltr' id='par_1_51' title="bbox 1929 667 3511 740">
     <span class='ocr_line' id='line_1_51' title="bbox 1929 667 3511 740; baseline 0.001 -19"><span class='ocrx_word' id='word_1_329' title='bbox 1929 667 2144 722; x_wconf 90' lang='lat' dir='ltr'><strong>liarium</strong></span> <span class='ocrx_word' id='word_1_330' title='bbox 2216 683 2435 724; x_wconf 86' lang='lat' dir='ltr'><strong>suorum</strong></span> <span class='ocrx_word' id='word_1_331' title='bbox 2494 670 2998 740; x_wconf 88' lang='lat' dir='ltr'><strong>persecutionibus,</strong></span> <span class='ocrx_word' id='word_1_332' title='bbox 3050 678 3164 726; x_wconf 91' lang='lat' dir='ltr'><strong>tum</strong></span> <span class='ocrx_word' id='word_1_333' title='bbox 3213 670 3511 726; x_wconf 88' lang='lat' dir='ltr'><strong>amicorum</strong></span> 
     </span>
    </p>
   </div>
   <div class='ocr_carea' id='block_1_52' title="bbox 1930 759 3513 830">
    <p class='ocr_par' dir='ltr' id='par_1_52' title="bbox 1930 759 3513 830">
     <span class='ocr_line' id='line_1_52' title="bbox 1930 759 3513 830; baseline 0.001 -18"><span class='ocrx_word' id='word_1_334' title='bbox 1930 772 2148 812; x_wconf 90' lang='lat' dir='ltr'><strong>suorum</strong></span> <span class='ocrx_word' id='word_1_335' title='bbox 2176 759 2364 813; x_wconf 84' lang='lat' dir='ltr'><strong>causis</strong></span> <span class='ocrx_word' id='word_1_336' title='bbox 2384 768 2438 814; x_wconf 89' lang='lat' dir='ltr'><strong>et</strong></span> <span class='ocrx_word' id='word_1_337' title='bbox 2465 760 2910 826; x_wconf 84' lang='lat' dir='ltr'><strong>necessitatibus,</strong></span> <span class='ocrx_word' id='word_1_338' title='bbox 2937 761 3093 830; x_wconf 88' lang='lat' dir='ltr'><strong>quasi</strong></span> <span class='ocrx_word' id='word_1_339' title='bbox 3129 761 3181 814; x_wconf 92' lang='lat' dir='ltr'><strong>in</strong></span> <span class='ocrx_word' id='word_1_340' title='bbox 3232 776 3359 816; x_wconf 91' lang='lat' dir='ltr'><strong>area</strong></span> <span class='ocrx_word' id='word_1_341' title='bbox 3413 760 3513 814; x_wconf 86' lang='lat' dir='ltr'><strong>tri-</strong></span> 
     </span>
    </p>
   </div>
   <div class='ocr_carea' id='block_1_53' title="bbox 1931 847 3515 922">
    <p class='ocr_par' dir='ltr' id='par_1_53' title="bbox 1931 847 3515 922">
     <span class='ocr_line' id='line_1_53' title="bbox 1931 847 3515 922; baseline 0.001 -20"><span class='ocrx_word' id='word_1_342' title='bbox 1931 849 2022 903; x_wconf 91' lang='lat' dir='ltr'><strong>tici</strong></span> <span class='ocrx_word' id='word_1_343' title='bbox 2049 850 2331 906; x_wconf 89' lang='lat' dir='ltr'><strong>trituratus</strong></span> <span class='ocrx_word' id='word_1_344' title='bbox 2361 847 2669 922; x_wconf 78' lang='lat' dir='ltr'><strong>episcopus,</strong></span> <span class='ocrx_word' id='word_1_345' title='bbox 2702 852 2753 907; x_wconf 90' lang='lat' dir='ltr'><strong>in</strong></span> <span class='ocrx_word' id='word_1_346' title='bbox 2789 852 2879 906; x_wconf 92' lang='lat' dir='ltr'><strong>illa</strong></span> <span class='ocrx_word' id='word_1_347' title='bbox 2933 851 3141 906; x_wconf 82' lang='lat' dir='ltr'><strong>famosa</strong></span> <span class='ocrx_word' id='word_1_348' title='bbox 3199 850 3515 922; x_wconf 81' lang='lat' dir='ltr'><strong>peregrina-</strong></span> 
     </span>
    </p>
   </div>
   <div class='ocr_carea' id='block_1_54' title="bbox 1931 937 3518 1016">
    <p class='ocr_par' dir='ltr' id='par_1_54' title="bbox 1931 937 3518 1016">
     <span class='ocr_line' id='line_1_54' title="bbox 1931 937 3518 1016; baseline 0.001 -24"><span class='ocrx_word' id='word_1_349' title='bbox 1931 937 2076 993; x_wconf 90' lang='lat' dir='ltr'><strong>tione</strong></span> <span class='ocrx_word' id='word_1_350' title='bbox 2095 939 2314 1008; x_wconf 88' lang='lat' dir='ltr'><strong>quando</strong></span> <span class='ocrx_word' id='word_1_351' title='bbox 2343 940 2687 998; x_wconf 87' lang='lat' dir='ltr'><strong>aSaracenis</strong></span> <span class='ocrx_word' id='word_1_352' title='bbox 2737 943 3030 998; x_wconf 89' lang='lat' dir='ltr'><strong>novissime</strong></span> <span class='ocrx_word' id='word_1_353' title='bbox 3081 941 3363 1016; x_wconf 87' lang='lat' dir='ltr'><strong>subjugata</strong></span> <span class='ocrx_word' id='word_1_354' title='bbox 3415 941 3518 996; x_wconf 86' lang='lat' dir='ltr'><strong>fuit</strong></span> 
     </span>
    </p>
   </div>
   <div class='ocr_carea' id='block_1_55' title="bbox 1929 1026 3515 1105">
    <p class='ocr_par' dir='ltr' id='par_1_55' title="bbox 1929 1026 3515 1105">
     <span class='ocr_line' id='line_1_55' title="bbox 1929 1026 3515 1105; baseline 0.003 -24"><span class='ocrx_word' id='word_1_355' title='bbox 1929 1026 2279 1095; x_wconf 85' lang='lat' dir='ltr'><strong>lberusalem,</strong></span> <span class='ocrx_word' id='word_1_356' title='bbox 2310 1045 2434 1085; x_wconf 89' lang='lat' dir='ltr'><strong>cum</strong></span> <span class='ocrx_word' id='word_1_357' title='bbox 2457 1033 2668 1087; x_wconf 61' lang='lat' dir='ltr'><strong>caeteris</strong></span> <span class='ocrx_word' id='word_1_358' title='bbox 2697 1034 2802 1088; x_wconf 85' lang='lat' dir='ltr'><strong>iter</strong></span> <span class='ocrx_word' id='word_1_359' title='bbox 2827 1033 3058 1104; x_wconf 89' lang='lat' dir='ltr'><strong>arripuit</strong></span> <span class='ocrx_word' id='word_1_360' title='bbox 3109 1033 3515 1105; x_wconf 83' lang='lat' dir='ltr'><strong>peregrinandi,</strong></span> 
     </span>
    </p>
   </div>
   <div class='ocr_carea' id='block_1_56' title="bbox 1929 1119 3519 1198">
    <p class='ocr_par' dir='ltr' id='par_1_56' title="bbox 1929 1119 3519 1198">
     <span class='ocr_line' id='line_1_56' title="bbox 1929 1119 3519 1198; baseline 0.005 -25"><span class='ocrx_word' id='word_1_361' title='bbox 1929 1119 2248 1177; x_wconf 87' lang='lat' dir='ltr'><strong>desiderans</strong></span> <span class='ocrx_word' id='word_1_362' title='bbox 2272 1122 2550 1180; x_wconf 91' lang='lat' dir='ltr'><strong>laboribus</strong></span> <span class='ocrx_word' id='word_1_363' title='bbox 2571 1127 2843 1181; x_wconf 89' lang='lat' dir='ltr'><strong>etsudore</strong></span> <span class='ocrx_word' id='word_1_364' title='bbox 2881 1127 3084 1198; x_wconf 80' lang='lat' dir='ltr'><strong>praprii</strong></span> <span class='ocrx_word' id='word_1_365' title='bbox 3143 1129 3386 1198; x_wconf 89' lang='lat' dir='ltr'><strong>corporis</strong></span> <span class='ocrx_word' id='word_1_366' title='bbox 3439 1128 3519 1182; x_wconf 90' lang='lat' dir='ltr'><strong>di-</strong></span> 
     </span>
    </p>
   </div>
   <div class='ocr_carea' id='block_1_57' title="bbox 1932 1205 3518 1289">
    <p class='ocr_par' dir='ltr' id='par_1_57' title="bbox 1932 1205 3518 1289">
     <span class='ocr_line' id='line_1_57' title="bbox 1932 1205 3518 1289; baseline 0.005 -23"><span class='ocrx_word' id='word_1_367' title='bbox 1932 1205 2083 1266; x_wconf 89' lang='lat' dir='ltr'><strong>luere</strong></span> <span class='ocrx_word' id='word_1_368' title='bbox 2106 1213 2253 1283; x_wconf 90' lang='lat' dir='ltr'><strong>quod</strong></span> <span class='ocrx_word' id='word_1_369' title='bbox 2279 1215 2426 1269; x_wconf 90' lang='lat' dir='ltr'><strong>inter</strong></span> <span class='ocrx_word' id='word_1_370' title='bbox 2450 1230 2547 1272; x_wconf 92' lang='lat' dir='ltr'><strong>nos</strong></span> <span class='ocrx_word' id='word_1_371' title='bbox 2577 1227 2934 1274; x_wconf 87' lang='lat' dir='ltr'><strong>conversatus</strong></span> <span class='ocrx_word' id='word_1_372' title='bbox 2964 1234 3031 1274; x_wconf 80' lang='lat' dir='ltr'><strong>ex</strong></span> <span class='ocrx_word' id='word_1_373' title='bbox 3065 1218 3388 1289; x_wconf 86' lang='lat' dir='ltr'><strong>episcopalis</strong></span> <span class='ocrx_word' id='word_1_374' title='bbox 3423 1235 3518 1274; x_wconf 86' lang='lat' dir='ltr'><strong>ne-</strong></span> 
     </span>
    </p>
   </div>
   <div class='ocr_carea' id='block_1_58' title="bbox 1932 1301 3519 1378">
    <p class='ocr_par' dir='ltr' id='par_1_58' title="bbox 1932 1301 3519 1378">
     <span class='ocr_line' id='line_1_58' title="bbox 1932 1301 3519 1378; baseline 0.004 -23"><span class='ocrx_word' id='word_1_375' title='bbox 1932 1301 2189 1374; x_wconf 89' lang='lat' dir='ltr'><strong>gligentia</strong></span> <span class='ocrx_word' id='word_1_376' title='bbox 2220 1305 2500 1376; x_wconf 89' lang='lat' dir='ltr'><strong>regiminis</strong></span> <span class='ocrx_word' id='word_1_377' title='bbox 2553 1315 2908 1364; x_wconf 79' lang='lat' dir='ltr'><strong>contraxerat</strong></span> <span class='ocrx_word' id='word_1_378' title='bbox 2963 1317 3017 1364; x_wconf 91' lang='lat' dir='ltr'><strong>et</strong></span> <span class='ocrx_word' id='word_1_379' title='bbox 3066 1309 3316 1364; x_wconf 75' lang='lat' dir='ltr'><strong>humana:</strong></span> <span class='ocrx_word' id='word_1_380' title='bbox 3360 1308 3519 1378; x_wconf 88' lang='lat' dir='ltr'><strong>culpa</strong></span> 
     </span>
    </p>
   </div>
   <div class='ocr_carea' id='block_1_59' title="bbox 1932 1396 3516 1471">
    <p class='ocr_par' dir='ltr' id='par_1_59' title="bbox 1932 1396 3516 1471">
     <span class='ocr_line' id='line_1_59' title="bbox 1932 1396 3516 1471; baseline 0.003 -22"><span class='ocrx_word' id='word_1_381' title='bbox 1932 1396 2293 1467; x_wconf 81' lang='lat' dir='ltr'><strong>contagionis.</strong></span> <span class='ocrx_word' id='word_1_382' title='bbox 2323 1396 2507 1452; x_wconf 82' lang='lat' dir='ltr'><strong>Multis</strong></span> <span class='ocrx_word' id='word_1_383' title='bbox 2553 1407 2738 1452; x_wconf 88' lang='lat' dir='ltr'><strong>autem</strong></span> <span class='ocrx_word' id='word_1_384' title='bbox 2801 1399 3081 1456; x_wconf 82' lang='lat' dir='ltr'><strong>exhaustis</strong></span> <span class='ocrx_word' id='word_1_385' title='bbox 3126 1399 3405 1471; x_wconf 89' lang='lat' dir='ltr'><strong>periculis,</strong></span> <span class='ocrx_word' id='word_1_386' title='bbox 3451 1400 3516 1453; x_wconf 83' lang='lat' dir='ltr'><strong>ad</strong></span> 
     </span>
    </p>
   </div>
   <div class='ocr_carea' id='block_1_60' title="bbox 1932 1490 3520 1564">
    <p class='ocr_par' dir='ltr' id='par_1_60' title="bbox 1932 1490 3520 1564">
     <span class='ocr_line' id='line_1_60' title="bbox 1932 1490 3520 1564; baseline 0 -18"><span class='ocrx_word' id='word_1_387' title='bbox 1932 1498 2134 1546; x_wconf 62' lang='lat' dir='ltr'><strong>sancta</strong></span> <span class='ocrx_word' id='word_1_388' title='bbox 2154 1490 2391 1546; x_wconf 90' lang='lat' dir='ltr'><strong>civitatis</strong></span> <span class='ocrx_word' id='word_1_389' title='bbox 2406 1491 2728 1561; x_wconf 88' lang='lat' dir='ltr'><strong>perveniens</strong></span> <span class='ocrx_word' id='word_1_390' title='bbox 2749 1491 3104 1555; x_wconf 85' lang='lat' dir='ltr'><strong>obsidionem.</strong></span> <span class='ocrx_word' id='word_1_391' title='bbox 3119 1493 3282 1564; x_wconf 68' lang='lat' dir='ltr'><strong>coepit</strong></span> <span class='ocrx_word' id='word_1_392' title='bbox 3304 1493 3520 1564; x_wconf 83' lang='lat' dir='ltr'><strong>gravius</strong></span> 
     </span>
    </p>
   </div>
   <div class='ocr_carea' id='block_1_61' title="bbox 1935 1581 3516 1654">
    <p class='ocr_par' dir='ltr' id='par_1_61' title="bbox 1935 1581 3516 1654">
     <span class='ocr_line' id='line_1_61' title="bbox 1935 1581 3516 1654; baseline 0.001 -18"><span class='ocrx_word' id='word_1_393' title='bbox 1935 1581 2223 1649; x_wconf 87' lang='lat' dir='ltr'><strong>inﬁrmari,</strong></span> <span class='ocrx_word' id='word_1_394' title='bbox 2256 1593 2312 1638; x_wconf 88' lang='lat' dir='ltr'><strong>et</strong></span> <span class='ocrx_word' id='word_1_395' title='bbox 2345 1583 2489 1652; x_wconf 90' lang='lat' dir='ltr'><strong>apud</strong></span> <span class='ocrx_word' id='word_1_396' title='bbox 2513 1581 2715 1654; x_wconf 83' lang='lat' dir='ltr'><strong>Tyrum</strong></span> <span class='ocrx_word' id='word_1_397' title='bbox 2746 1582 2977 1649; x_wconf 87' lang='lat' dir='ltr'><strong>relatus,</strong></span> <span class='ocrx_word' id='word_1_398' title='bbox 3007 1584 3376 1654; x_wconf 87' lang='lat' dir='ltr'><strong>episcopatum</strong></span> <span class='ocrx_word' id='word_1_399' title='bbox 3427 1600 3516 1638; x_wconf 86' lang='lat' dir='ltr'><strong>re-</strong></span> 
     </span>
    </p>
   </div>
   <div class='ocr_carea' id='block_1_62' title="bbox 1935 1671 3526 1745">
    <p class='ocr_par' dir='ltr' id='par_1_62' title="bbox 1935 1671 3526 1745">
     <span class='ocr_line' id='line_1_62' title="bbox 1935 1671 3526 1745; baseline 0 -19"><span class='ocrx_word' id='word_1_400' title='bbox 1935 1673 2158 1745; x_wconf 88' lang='lat' dir='ltr'><strong>signans</strong></span> <span class='ocrx_word' id='word_1_401' title='bbox 2185 1681 2240 1728; x_wconf 92' lang='lat' dir='ltr'><strong>et</strong></span> <span class='ocrx_word' id='word_1_402' title='bbox 2266 1687 2473 1744; x_wconf 89' lang='lat' dir='ltr'><strong>pauper</strong></span> <span class='ocrx_word' id='word_1_403' title='bbox 2504 1671 2730 1730; x_wconf 76' lang='lat' dir='ltr'><strong>elfectus</strong></span> <span class='ocrx_word' id='word_1_404' title='bbox 2753 1688 2852 1744; x_wconf 92' lang='lat' dir='ltr'><strong>pro</strong></span> <span class='ocrx_word' id='word_1_405' title='bbox 2879 1672 3121 1742; x_wconf 85' lang='lat' dir='ltr'><strong>Christo,</strong></span> <span class='ocrx_word' id='word_1_406' title='bbox 3175 1676 3275 1730; x_wconf 89' lang='lat' dir='ltr'><strong>sub</strong></span> <span class='ocrx_word' id='word_1_407' title='bbox 3333 1675 3526 1729; x_wconf 19' lang='lat' dir='ltr'><strong>habitu.</strong></span> 
     </span>
    </p>
   </div>
   <div class='ocr_carea' id='block_1_63' title="bbox 1937 1765 3519 1836">
    <p class='ocr_par' dir='ltr' id='par_1_63' title="bbox 1937 1765 3519 1836">
     <span class='ocr_line' id='line_1_63' title="bbox 1937 1765 3519 1836; baseline -0.001 -14"><span class='ocrx_word' id='word_1_408' title='bbox 1937 1765 2320 1822; x_wconf 89' lang='lat' dir='ltr'><strong>canonicorum</strong></span> <span class='ocrx_word' id='word_1_409' title='bbox 2374 1766 2702 1836; x_wconf 88' lang='lat' dir='ltr'><strong>regularium</strong></span> <span class='ocrx_word' id='word_1_410' title='bbox 2782 1768 3022 1836; x_wconf 78' lang='lat' dir='ltr'><strong>migrans</strong></span> <span class='ocrx_word' id='word_1_411' title='bbox 3080 1782 3110 1822; x_wconf 91' lang='lat' dir='ltr'><strong>a</strong></span> <span class='ocrx_word' id='word_1_412' title='bbox 3153 1767 3351 1822; x_wconf 68' lang='lat' dir='ltr'><strong>smculo</strong></span> <span class='ocrx_word' id='word_1_413' title='bbox 3408 1768 3519 1835; x_wconf 84' lang='lat' dir='ltr'><strong>(an.</strong></span> 
     </span>
    </p>
   </div>
   <div class='ocr_carea' id='block_1_64' title="bbox 1938 1856 3525 1927">
    <p class='ocr_par' dir='ltr' id='par_1_64' title="bbox 1938 1856 3525 1927">
     <span class='ocr_line' id='line_1_64' title="bbox 1938 1856 3525 1927; baseline -0.003 -14"><span class='ocrx_word' id='word_1_414' title='bbox 1938 1857 2098 1927; x_wconf 86' lang='grc'>1191)</span> <span class='ocrx_word' id='word_1_415' title='bbox 2124 1871 2246 1911; x_wconf 91' lang='lat' dir='ltr'><strong>cum</strong></span> <span class='ocrx_word' id='word_1_416' title='bbox 2275 1856 2500 1926; x_wconf 87' lang='lat' dir='ltr'><strong>planctu</strong></span> <span class='ocrx_word' id='word_1_417' title='bbox 2548 1858 2791 1912; x_wconf 91' lang='lat' dir='ltr'><strong>omnium</strong></span> <span class='ocrx_word' id='word_1_418' title='bbox 2829 1857 3177 1912; x_wconf 82' lang='lat' dir='ltr'><strong>familiarium</strong></span> <span class='ocrx_word' id='word_1_419' title='bbox 3223 1872 3444 1912; x_wconf 89' lang='lat' dir='ltr'><strong>suorum</strong></span> <span class='ocrx_word' id='word_1_420' title='bbox 3474 1856 3525 1910; x_wconf 91' lang='lat' dir='ltr'><strong>ei</strong></span> 
     </span>
    </p>
   </div>
   <div class='ocr_carea' id='block_1_65' title="bbox 1939 1948 3526 2005">
    <p class='ocr_par' dir='ltr' id='par_1_65' title="bbox 1939 1948 3526 2005">
     <span class='ocr_line' id='line_1_65' title="bbox 1939 1948 3526 2005; baseline -0.004 -1"><span class='ocrx_word' id='word_1_421' title='bbox 1939 1948 2308 2004; x_wconf 89' lang='lat' dir='ltr'><strong>assistentium</strong></span> <span class='ocrx_word' id='word_1_422' title='bbox 2339 1948 2394 2004; x_wconf 86' lang='lat' dir='ltr'><strong>in</strong></span> <span class='ocrx_word' id='word_1_423' title='bbox 2419 1949 2634 2004; x_wconf 73' lang='lat' dir='ltr'><strong>Sancta:</strong></span> <span class='ocrx_word' id='word_1_424' title='bbox 2665 1949 2857 2004; x_wconf 90' lang='lat' dir='ltr'><strong>Crucis</strong></span> <span class='ocrx_word' id='word_1_425' title='bbox 2899 1948 3129 2005; x_wconf 90' lang='lat' dir='ltr'><strong>ecclesia</strong></span> <span class='ocrx_word' id='word_1_426' title='bbox 3175 1955 3526 2003; x_wconf 82' lang='lat' dir='ltr'><strong>monumento</strong></span> 
     </span>
    </p>
   </div>
   <div class='ocr_carea' id='block_1_66' title="bbox 1940 2038 3526 2110">
    <p class='ocr_par' dir='ltr' id='par_1_66' title="bbox 1940 2038 3526 2110">
     <span class='ocr_line' id='line_1_66' title="bbox 1940 2038 3526 2110; baseline -0.002 -17"><span class='ocrx_word' id='word_1_427' title='bbox 1940 2048 2206 2109; x_wconf 90' lang='lat' dir='ltr'><strong>receptus,</strong></span> <span class='ocrx_word' id='word_1_428' title='bbox 2230 2047 2474 2094; x_wconf 76' lang='lat' dir='ltr'><strong>extrema</strong></span> <span class='ocrx_word' id='word_1_429' title='bbox 2520 2039 2603 2094; x_wconf 90' lang='lat' dir='ltr'><strong>sui</strong></span> <span class='ocrx_word' id='word_1_430' title='bbox 2653 2039 2955 2110; x_wconf 88' lang='lat' dir='ltr'><strong>abjectione</strong></span> <span class='ocrx_word' id='word_1_431' title='bbox 3001 2039 3302 2108; x_wconf 70' lang='lat' dir='ltr'><strong>paenitendi</strong></span> <span class='ocrx_word' id='word_1_432' title='bbox 3349 2038 3526 2092; x_wconf 66' lang='grc' dir='ltr'><strong>ιιιοιιὶσο</strong></span> 
     </span>
    </p>
   </div>
   <div class='ocr_carea' id='block_1_67' title="bbox 1938 2129 3526 2196">
    <p class='ocr_par' dir='ltr' id='par_1_67' title="bbox 1938 2129 3526 2196">
     <span class='ocr_line' id='line_1_67' title="bbox 1938 2129 3526 2196; baseline -0.002 -10"><span class='ocrx_word' id='word_1_433' title='bbox 1938 2139 2178 2186; x_wconf 88' lang='lat' dir='ltr'><strong>tnentum</strong></span> <span class='ocrx_word' id='word_1_434' title='bbox 2215 2130 2328 2186; x_wconf 90' lang='lat' dir='ltr'><strong>suis</strong></span> <span class='ocrx_word' id='word_1_435' title='bbox 2349 2129 2612 2196; x_wconf 87' lang='lat' dir='ltr'><strong>deseruit,</strong></span> <span class='ocrx_word' id='word_1_436' title='bbox 2642 2130 2931 2187; x_wconf 87' lang='lat' dir='ltr'><strong>conferens</strong></span> <span class='ocrx_word' id='word_1_437' title='bbox 2959 2133 3011 2186; x_wconf 91' lang='lat' dir='ltr'><strong>in</strong></span> <span class='ocrx_word' id='word_1_438' title='bbox 3038 2131 3388 2187; x_wconf 85' lang='lat' dir='ltr'><strong>refectionem</strong></span> <span class='ocrx_word' id='word_1_439' title='bbox 3431 2146 3526 2184; x_wconf 84' lang='lat' dir='ltr'><strong>ca-</strong></span> 
     </span>
    </p>
   </div>
   <div class='ocr_carea' id='block_1_68' title="bbox 1939 2221 3529 2294">
    <p class='ocr_par' dir='ltr' id='par_1_68' title="bbox 1939 2221 3529 2294">
     <span class='ocr_line' id='line_1_68' title="bbox 1939 2221 3529 2294; baseline 0.001 -19"><span class='ocrx_word' id='word_1_440' title='bbox 1939 2221 2260 2276; x_wconf 89' lang='lat' dir='ltr'><strong>nonicorum</strong></span> <span class='ocrx_word' id='word_1_441' title='bbox 2288 2222 2666 2292; x_wconf 89' lang='lat' dir='ltr'><strong>quotidianam</strong></span> <span class='ocrx_word' id='word_1_442' title='bbox 2704 2222 2970 2294; x_wconf 89' lang='lat' dir='ltr'><strong>regeriam</strong></span> <span class='ocrx_word' id='word_1_443' title='bbox 3001 2233 3238 2293; x_wconf 89' lang='lat' dir='ltr'><strong>quatuor</strong></span> <span class='ocrx_word' id='word_1_444' title='bbox 3287 2222 3529 2278; x_wconf 89' lang='lat' dir='ltr'><strong>mencal-</strong></span> 
     </span>
    </p>
   </div>
   <div class='ocr_carea' id='block_1_69' title="bbox 1939 2312 3524 2387">
    <p class='ocr_par' dir='ltr' id='par_1_69' title="bbox 1939 2312 3524 2387">
     <span class='ocr_line' id='line_1_69' title="bbox 1939 2312 3524 2387; baseline 0.001 -19"><span class='ocrx_word' id='word_1_445' title='bbox 1939 2312 2131 2368; x_wconf 89' lang='lat' dir='ltr'><strong>dorum</strong></span> <span class='ocrx_word' id='word_1_446' title='bbox 2155 2314 2345 2369; x_wconf 75' lang='lat' dir='ltr'><strong>farina:</strong></span> <span class='ocrx_word' id='word_1_447' title='bbox 2356 2330 2456 2385; x_wconf 91' lang='lat' dir='ltr'><strong>per</strong></span> <span class='ocrx_word' id='word_1_448' title='bbox 2478 2314 2894 2382; x_wconf 86' lang='lat' dir='ltr'><strong>hebdomadam,</strong></span> <span class='ocrx_word' id='word_1_449' title='bbox 2912 2325 2993 2381; x_wconf 90' lang='lat' dir='ltr'><strong>ut,</strong></span> <span class='ocrx_word' id='word_1_450' title='bbox 3011 2317 3350 2372; x_wconf 81' lang='lat' dir='ltr'><strong>indeiiciente</strong></span> <span class='ocrx_word' id='word_1_451' title='bbox 3365 2333 3524 2387; x_wconf 82' lang='lat' dir='ltr'><strong>pane,</strong></span> 
     </span>
    </p>
   </div>
   <div class='ocr_carea' id='block_1_70' title="bbox 1937 2406 3178 2463">
    <p class='ocr_par' dir='ltr' id='par_1_70' title="bbox 1937 2406 3178 2463">
     <span class='ocr_line' id='line_1_70' title="bbox 1937 2406 3178 2463; baseline 0.001 -4"><span class='ocrx_word' id='word_1_452' title='bbox 1937 2419 2124 2460; x_wconf 91' lang='lat' dir='ltr'><strong>eorum</strong></span> <span class='ocrx_word' id='word_1_453' title='bbox 2143 2407 2482 2463; x_wconf 90' lang='lat' dir='ltr'><strong>orationibus</strong></span> <span class='ocrx_word' id='word_1_454' title='bbox 2510 2406 2562 2462; x_wconf 92' lang='lat' dir='ltr'><strong>in</strong></span> <span class='ocrx_word' id='word_1_455' title='bbox 2587 2415 2849 2462; x_wconf 79' lang='lat' dir='ltr'><strong>:eternum</strong></span> <span class='ocrx_word' id='word_1_456' title='bbox 2881 2407 3178 2463; x_wconf 86' lang='lat' dir='ltr'><strong>reﬁciatur.</strong></span> 
     </span>
    </p>
   </div>
   <div class='ocr_carea' id='block_1_71' title="bbox 2008 2496 3526 2569">
    <p class='ocr_par' dir='ltr' id='par_1_71' title="bbox 2008 2496 3526 2569">
     <span class='ocr_line' id='line_1_71' title="bbox 2008 2496 3526 2569; baseline -0.001 -18"><span class='ocrx_word' id='word_1_457' title='bbox 2008 2496 2098 2551; x_wconf 72' lang='lat'><strong>26.</strong></span> <span class='ocrx_word' id='word_1_458' title='bbox 2139 2497 2282 2565; x_wconf 86' lang='lat' dir='ltr'><strong>Quot</strong></span> <span class='ocrx_word' id='word_1_459' title='bbox 2316 2507 2498 2554; x_wconf 89' lang='lat' dir='ltr'><strong>autem</strong></span> <span class='ocrx_word' id='word_1_460' title='bbox 2524 2509 2578 2554; x_wconf 89' lang='lat' dir='ltr'><strong>et</strong></span> <span class='ocrx_word' id='word_1_461' title='bbox 2599 2507 2802 2569; x_wconf 88' lang='lat' dir='ltr'><strong>quanta</strong></span> <span class='ocrx_word' id='word_1_462' title='bbox 2829 2507 3012 2568; x_wconf 89' lang='lat' dir='ltr'><strong>patres</strong></span> <span class='ocrx_word' id='word_1_463' title='bbox 3039 2498 3282 2568; x_wconf 68' lang='lat' dir='ltr'><strong>praedicti</strong></span> <span class='ocrx_word' id='word_1_464' title='bbox 3331 2508 3526 2554; x_wconf 80' lang='lat' dir='ltr'><strong>contu-</strong></span> 
     </span>
    </p>
   </div>
   <div class='ocr_carea' id='block_1_72' title="bbox 1939 2587 3526 2662">
    <p class='ocr_par' dir='ltr' id='par_1_72' title="bbox 1939 2587 3526 2662">
     <span class='ocr_line' id='line_1_72' title="bbox 1939 2587 3526 2662; baseline 0.003 -20"><span class='ocrx_word' id='word_1_465' title='bbox 1939 2587 2120 2645; x_wconf 88' lang='lat' dir='ltr'><strong>lerunt</strong></span> <span class='ocrx_word' id='word_1_466' title='bbox 2147 2588 2393 2646; x_wconf 66' lang='lat' dir='ltr'><strong>ecclesiae</strong></span> <span class='ocrx_word' id='word_1_467' title='bbox 2417 2600 2622 2647; x_wconf 74' lang='lat' dir='ltr'><strong>nostra:</strong></span> <span class='ocrx_word' id='word_1_468' title='bbox 2641 2590 2933 2657; x_wconf 83' lang='lat' dir='ltr'><strong>beneﬁcia,</strong></span> <span class='ocrx_word' id='word_1_469' title='bbox 2963 2591 3092 2646; x_wconf 90' lang='lat' dir='ltr'><strong>licet</strong></span> <span class='ocrx_word' id='word_1_470' title='bbox 3129 2605 3194 2646; x_wconf 76' lang='lat' dir='ltr'><strong>ex</strong></span> <span class='ocrx_word' id='word_1_471' title='bbox 3227 2590 3526 2662; x_wconf 80' lang='lat' dir='ltr'><strong>privilegiis</strong></span> 
     </span>
    </p>
   </div>
   <div class='ocr_carea' id='block_1_73' title="bbox 1940 2681 3526 2755">
    <p class='ocr_par' dir='ltr' id='par_1_73' title="bbox 1940 2681 3526 2755">
     <span class='ocr_line' id='line_1_73' title="bbox 1940 2681 3526 2755; baseline 0 -17"><span class='ocrx_word' id='word_1_472' title='bbox 1940 2683 2100 2738; x_wconf 91' lang='lat' dir='ltr'><strong>nobis</strong></span> <span class='ocrx_word' id='word_1_473' title='bbox 2130 2681 2355 2738; x_wconf 87' lang='lat' dir='ltr'><strong>indultis</strong></span> <span class='ocrx_word' id='word_1_474' title='bbox 2392 2682 3124 2755; x_wconf 85' lang='lat' dir='ltr'><strong>perpenderemanifestius,</strong></span> <span class='ocrx_word' id='word_1_475' title='bbox 3185 2685 3310 2753; x_wconf 86' lang='lat' dir='ltr'><strong>quia</strong></span> <span class='ocrx_word' id='word_1_476' title='bbox 3369 2684 3526 2738; x_wconf 84' lang='lat' dir='ltr'><strong>nobis</strong></span> 
     </span>
    </p>
   </div>
   <div class='ocr_carea' id='block_1_74' title="bbox 1941 2773 3533 2846">
    <p class='ocr_par' dir='ltr' id='par_1_74' title="bbox 1941 2773 3533 2846">
     <span class='ocr_line' id='line_1_74' title="bbox 1941 2773 3533 2846; baseline -0.002 -17"><span class='ocrx_word' id='word_1_477' title='bbox 1941 2773 2185 2845; x_wconf 87' lang='lat' dir='ltr'><strong>ipsorum</strong></span> <span class='ocrx_word' id='word_1_478' title='bbox 2215 2774 2507 2846; x_wconf 88' lang='lat' dir='ltr'><strong>largitione</strong></span> <span class='ocrx_word' id='word_1_479' title='bbox 2531 2774 2833 2846; x_wconf 89' lang='lat' dir='ltr'><strong>quotidiani</strong></span> <span class='ocrx_word' id='word_1_480' title='bbox 2858 2775 3013 2842; x_wconf 90' lang='lat' dir='ltr'><strong>panis</strong></span> <span class='ocrx_word' id='word_1_481' title='bbox 3045 2774 3378 2829; x_wconf 87' lang='lat' dir='ltr'><strong>abundantia</strong></span> <span class='ocrx_word' id='word_1_482' title='bbox 3407 2789 3533 2829; x_wconf 81' lang='lat' dir='ltr'><strong>con-</strong></span> 
     </span>
    </p>
   </div>
   <div class='ocr_carea' id='block_1_75' title="bbox 1941 2862 3530 2933">
    <p class='ocr_par' dir='ltr' id='par_1_75' title="bbox 1941 2862 3530 2933">
     <span class='ocr_line' id='line_1_75' title="bbox 1941 2862 3530 2933; baseline -0.001 -13"><span class='ocrx_word' id='word_1_483' title='bbox 1941 2865 2116 2922; x_wconf 84' lang='lat' dir='ltr'><strong>fertur</strong></span> <span class='ocrx_word' id='word_1_484' title='bbox 2145 2906 2160 2931; x_wconf 89' lang='lat'><strong>,</strong></span> <span class='ocrx_word' id='word_1_485' title='bbox 2193 2879 2257 2921; x_wconf 90' lang='lat' dir='ltr'><strong>ea</strong></span> <span class='ocrx_word' id='word_1_486' title='bbox 2283 2865 2591 2921; x_wconf 91' lang='lat' dir='ltr'><strong>conditione</strong></span> <span class='ocrx_word' id='word_1_487' title='bbox 2634 2875 2692 2920; x_wconf 92' lang='lat' dir='ltr'><strong>ut</strong></span> <span class='ocrx_word' id='word_1_488' title='bbox 2722 2864 2952 2921; x_wconf 85' lang='lat' dir='ltr'><strong>ﬁdeliter</strong></span> <span class='ocrx_word' id='word_1_489' title='bbox 2999 2862 3123 2933; x_wconf 90' lang='lat' dir='ltr'><strong>jura</strong></span> <span class='ocrx_word' id='word_1_490' title='bbox 3174 2864 3366 2919; x_wconf 88' lang='lat' dir='ltr'><strong>matris</strong></span> <span class='ocrx_word' id='word_1_491' title='bbox 3418 2879 3530 2921; x_wconf 74' lang='lat' dir='ltr'><strong>suae</strong></span> 
     </span>
    </p>
   </div>
   <div class='ocr_carea' id='block_1_76' title="bbox 1939 2955 3531 3017">
    <p class='ocr_par' dir='ltr' id='par_1_76' title="bbox 1939 2955 3531 3017">
     <span class='ocr_line' id='line_1_76' title="bbox 1939 2955 3531 3017; baseline -0.003 -3"><span class='ocrx_word' id='word_1_492' title='bbox 1939 2958 2286 3014; x_wconf 84' lang='lat' dir='ltr'><strong>servantibus</strong></span> <span class='ocrx_word' id='word_1_493' title='bbox 2339 2958 2505 3014; x_wconf 87' lang='lat' dir='ltr'><strong>etiam</strong></span> <span class='ocrx_word' id='word_1_494' title='bbox 2561 2957 2803 3014; x_wconf 69' lang='lat' dir='ltr'><strong>cmlestis</strong></span> <span class='ocrx_word' id='word_1_495' title='bbox 2865 2958 3154 3013; x_wconf 86' lang='lat' dir='ltr'><strong>retributio</strong></span> <span class='ocrx_word' id='word_1_496' title='bbox 3197 2955 3531 3017; x_wconf 77' lang='lat' dir='ltr'><strong>conferatur.</strong></span> 
     </span>
    </p>
   </div>
   <div class='ocr_carea' id='block_1_77' title="bbox 1945 3049 3531 3121">
    <p class='ocr_par' dir='ltr' id='par_1_77' title="bbox 1945 3049 3531 3121">
     <span class='ocr_line' id='line_1_77' title="bbox 1945 3049 3531 3121; baseline -0.003 -15"><span class='ocrx_word' id='word_1_497' title='bbox 1945 3049 2053 3106; x_wconf 89' lang='lat' dir='ltr'><strong>Sed</strong></span> <span class='ocrx_word' id='word_1_498' title='bbox 2076 3065 2206 3106; x_wconf 89' lang='lat' dir='ltr'><strong>ecce</strong></span> <span class='ocrx_word' id='word_1_499' title='bbox 2247 3050 2302 3105; x_wconf 92' lang='lat' dir='ltr'><strong>in</strong></span> <span class='ocrx_word' id='word_1_500' title='bbox 2323 3050 2412 3106; x_wconf 87' lang='lat' dir='ltr'><strong>die</strong></span> <span class='ocrx_word' id='word_1_501' title='bbox 2434 3050 2671 3115; x_wconf 88' lang='lat' dir='ltr'><strong>Domini,</strong></span> <span class='ocrx_word' id='word_1_502' title='bbox 2707 3049 3046 3105; x_wconf 88' lang='lat' dir='ltr'><strong>inﬁdelitatis</strong></span> <span class='ocrx_word' id='word_1_503' title='bbox 3080 3051 3332 3106; x_wconf 87' lang='lat' dir='ltr'><strong>timemus</strong></span> <span class='ocrx_word' id='word_1_504' title='bbox 3357 3049 3531 3121; x_wconf 85' lang='lat' dir='ltr'><strong>argui,</strong></span> 
     </span>
    </p>
   </div>
   <div class='ocr_carea' id='block_1_78' title="bbox 1940 3141 3538 3215">
    <p class='ocr_par' dir='ltr' id='par_1_78' title="bbox 1940 3141 3538 3215">
     <span class='ocr_line' id='line_1_78' title="bbox 1940 3141 3538 3215; baseline -0.002 -18"><span class='ocrx_word' id='word_1_505' title='bbox 1940 3143 2091 3214; x_wconf 89' lang='lat' dir='ltr'><strong>quia,</strong></span> <span class='ocrx_word' id='word_1_506' title='bbox 2123 3143 2281 3198; x_wconf 87' lang='lat' dir='ltr'><strong>nobis</strong></span> <span class='ocrx_word' id='word_1_507' title='bbox 2305 3142 2457 3215; x_wconf 88' lang='lat' dir='ltr'><strong>quasi</strong></span> <span class='ocrx_word' id='word_1_508' title='bbox 2487 3143 2876 3210; x_wconf 89' lang='lat' dir='ltr'><strong>nescientibus,</strong></span> <span class='ocrx_word' id='word_1_509' title='bbox 2935 3141 3002 3198; x_wconf 88' lang='lat' dir='ltr'><strong>dc</strong></span> <span class='ocrx_word' id='word_1_510' title='bbox 3035 3143 3348 3214; x_wconf 87' lang='lat' dir='ltr'><strong>integritate</strong></span> <span class='ocrx_word' id='word_1_511' title='bbox 3377 3150 3432 3197; x_wconf 89' lang='lat' dir='ltr'><strong>et</strong></span> <span class='ocrx_word' id='word_1_512' title='bbox 3454 3142 3538 3195; x_wconf 85' lang='lat' dir='ltr'><strong>di-</strong></span> 
     </span>
    </p>
   </div>
   <div class='ocr_carea' id='block_1_79' title="bbox 1941 3233 3530 3305">
    <p class='ocr_par' dir='ltr' id='par_1_79' title="bbox 1941 3233 3530 3305">
     <span class='ocr_line' id='line_1_79' title="bbox 1941 3233 3530 3305; baseline -0.001 -17"><span class='ocrx_word' id='word_1_513' title='bbox 1941 3235 2146 3304; x_wconf 88' lang='lat' dir='ltr'><strong>gnitate</strong></span> <span class='ocrx_word' id='word_1_514' title='bbox 2169 3233 2462 3305; x_wconf 89' lang='lat' dir='ltr'><strong>episcopali</strong></span> <span class='ocrx_word' id='word_1_515' title='bbox 2490 3249 2717 3303; x_wconf 62' lang='lat' dir='ltr'><strong>quaeque</strong></span> <span class='ocrx_word' id='word_1_516' title='bbox 2748 3235 2988 3304; x_wconf 84' lang='lat' dir='ltr'><strong>pretiosa</strong></span> <span class='ocrx_word' id='word_1_517' title='bbox 3037 3235 3408 3304; x_wconf 87' lang='lat' dir='ltr'><strong>deperiernnt,</strong></span> <span class='ocrx_word' id='word_1_518' title='bbox 3441 3247 3530 3288; x_wconf 85' lang='lat' dir='ltr'><strong>ca—</strong></span> 
     </span>
    </p>
   </div>
   <div class='ocr_carea' id='block_1_80' title="bbox 1942 3323 3531 3395">
    <p class='ocr_par' dir='ltr' id='par_1_80' title="bbox 1942 3323 3531 3395">
     <span class='ocr_line' id='line_1_80' title="bbox 1942 3323 3531 3395; baseline -0.003 -13"><span class='ocrx_word' id='word_1_519' title='bbox 1942 3337 2054 3382; x_wconf 77' lang='lat' dir='ltr'><strong>sua</strong></span> <span class='ocrx_word' id='word_1_520' title='bbox 2083 3326 2329 3382; x_wconf 81' lang='lat' dir='ltr'><strong>videlicet</strong></span> <span class='ocrx_word' id='word_1_521' title='bbox 2357 3327 2457 3380; x_wconf 90' lang='lat' dir='ltr'><strong>ista</strong></span> <span class='ocrx_word' id='word_1_522' title='bbox 2483 3324 2692 3391; x_wconf 80' lang='lat' dir='ltr'><strong>Paluel,</strong></span> <span class='ocrx_word' id='word_1_523' title='bbox 2716 3324 2869 3395; x_wconf 80' lang='lat' dir='ltr'><strong>Oisy,</strong></span> <span class='ocrx_word' id='word_1_524' title='bbox 2899 3325 3355 3390; x_wconf 85' lang='lat' dir='ltr'><strong>llaveraincourt,</strong></span> <span class='ocrx_word' id='word_1_525' title='bbox 3409 3323 3531 3379; x_wconf 88' lang='lat' dir='ltr'><strong>Cri-</strong></span> 
     </span>
    </p>
   </div>
   <div class='ocr_carea' id='block_1_81' title="bbox 1941 3414 3532 3486">
    <p class='ocr_par' dir='ltr' id='par_1_81' title="bbox 1941 3414 3532 3486">
     <span class='ocr_line' id='line_1_81' title="bbox 1941 3414 3532 3486; baseline -0.002 -14"><span class='ocrx_word' id='word_1_526' title='bbox 1941 3432 2168 3480; x_wconf 84' lang='lat' dir='ltr'><strong>vecuer,</strong></span> <span class='ocrx_word' id='word_1_527' title='bbox 2246 3417 2674 3483; x_wconf 79' lang='lat' dir='ltr'><strong>Wallaincourt,</strong></span> <span class='ocrx_word' id='word_1_528' title='bbox 2738 3415 3058 3486; x_wconf 79' lang='lat' dir='ltr'><strong>Busignies,</strong></span> <span class='ocrx_word' id='word_1_529' title='bbox 3136 3414 3532 3480; x_wconf 78' lang='lat' dir='ltr'><strong>Saint-Obers,</strong></span> 
     </span>
    </p>
   </div>
   <div class='ocr_carea' id='block_1_82' title="bbox 1943 3505 3528 3576">
    <p class='ocr_par' dir='ltr' id='par_1_82' title="bbox 1943 3505 3528 3576">
     <span class='ocr_line' id='line_1_82' title="bbox 1943 3505 3528 3576; baseline -0.003 -10"><span class='ocrx_word' id='word_1_530' title='bbox 1943 3510 2205 3576; x_wconf 82' lang='lat' dir='ltr'><strong>llordain,</strong></span> <span class='ocrx_word' id='word_1_531' title='bbox 2229 3519 2285 3564; x_wconf 90' lang='lat' dir='ltr'><strong>et</strong></span> <span class='ocrx_word' id='word_1_532' title='bbox 2315 3508 2457 3563; x_wconf 88' lang='lat' dir='ltr'><strong>facta</strong></span> <span class='ocrx_word' id='word_1_533' title='bbox 2479 3516 2608 3563; x_wconf 89' lang='lat' dir='ltr'><strong>sunt</strong></span> <span class='ocrx_word' id='word_1_534' title='bbox 2635 3505 2790 3563; x_wconf 92' lang='lat' dir='ltr'><strong>nobis</strong></span> <span class='ocrx_word' id='word_1_535' title='bbox 2821 3506 2978 3576; x_wconf 85' lang='lat' dir='ltr'><strong>quasi</strong></span> <span class='ocrx_word' id='word_1_536' title='bbox 3013 3506 3200 3562; x_wconf 88' lang='lat' dir='ltr'><strong>clavus</strong></span> <span class='ocrx_word' id='word_1_537' title='bbox 3228 3506 3283 3560; x_wconf 92' lang='lat' dir='ltr'><strong>in</strong></span> <span class='ocrx_word' id='word_1_538' title='bbox 3335 3506 3528 3572; x_wconf 85' lang='lat' dir='ltr'><strong>oculis,</strong></span> 
     </span>
    </p>
   </div>
   <div class='ocr_carea' id='block_1_83' title="bbox 1943 3599 3530 3676">
    <p class='ocr_par' dir='ltr' id='par_1_83' title="bbox 1943 3599 3530 3676">
     <span class='ocr_line' id='line_1_83' title="bbox 1943 3599 3530 3676; baseline -0.004 -16"><span class='ocrx_word' id='word_1_539' title='bbox 1943 3621 2067 3661; x_wconf 92' lang='lat' dir='ltr'><strong>cum</strong></span> <span class='ocrx_word' id='word_1_540' title='bbox 2107 3605 2366 3660; x_wconf 85' lang='lat' dir='ltr'><strong>deberent</strong></span> <span class='ocrx_word' id='word_1_541' title='bbox 2390 3617 2512 3658; x_wconf 89' lang='lat' dir='ltr'><strong>esse</strong></span> <span class='ocrx_word' id='word_1_542' title='bbox 2544 3601 2951 3676; x_wconf 80' lang='lat' dir='ltr'><strong>propugnacula</strong></span> <span class='ocrx_word' id='word_1_543' title='bbox 2985 3601 3328 3666; x_wconf 85' lang='lat' dir='ltr'><strong>securitatis;</strong></span> <span class='ocrx_word' id='word_1_544' title='bbox 3384 3599 3530 3654; x_wconf 84' lang='lat' dir='ltr'><strong>fora-</strong></span> 
     </span>
    </p>
   </div>
   <div class='ocr_carea' id='block_1_84' title="bbox 1943 3690 3568 3764">
    <p class='ocr_par' dir='ltr' id='par_1_84' title="bbox 1943 3690 3568 3764">
     <span class='ocr_line' id='line_1_84' title="bbox 1943 3690 3568 3764; baseline -0.004 -15"><span class='ocrx_word' id='word_1_545' title='bbox 1943 3703 2117 3750; x_wconf 88' lang='lat' dir='ltr'><strong>strum</strong></span> <span class='ocrx_word' id='word_1_546' title='bbox 2146 3695 2214 3732; x_wconf 72' lang='grc'><strong>³³⁷</strong></span> <span class='ocrx_word' id='word_1_547' title='bbox 2247 3706 2466 3764; x_wconf 92' lang='lat' dir='ltr'><strong>quoque</strong></span> <span class='ocrx_word' id='word_1_548' title='bbox 2497 3692 2705 3763; x_wconf 91' lang='lat' dir='ltr'><strong>regium</strong></span> <span class='ocrx_word' id='word_1_549' title='bbox 2729 3690 2875 3761; x_wconf 88' lang='lat' dir='ltr'><strong>quod</strong></span> <span class='ocrx_word' id='word_1_550' title='bbox 2925 3690 3198 3761; x_wconf 88' lang='lat' dir='ltr'><strong>episc0pis</strong></span> <span class='ocrx_word' id='word_1_551' title='bbox 3229 3690 3414 3746; x_wconf 89' lang='lat' dir='ltr'><strong>datum</strong></span> <span class='ocrx_word' id='word_1_552' title='bbox 3447 3699 3533 3744; x_wconf 85' lang='lat' dir='ltr'><strong>est</strong></span> <span class='ocrx_word' id='word_1_553' title='bbox 3566 3752 3568 3754; x_wconf 18' lang='grc' dir='ltr'><strong><em>ν</em></strong></span> 
     </span>
    </p>
   </div>
   <div class='ocr_carea' id='block_1_85' title="bbox 1945 3780 3536 3854">
    <p class='ocr_par' dir='ltr' id='par_1_85' title="bbox 1945 3780 3536 3854">
     <span class='ocr_line' id='line_1_85' title="bbox 1945 3780 3536 3854; baseline -0.006 -12"><span class='ocrx_word' id='word_1_554' title='bbox 1945 3788 1998 3842; x_wconf 92' lang='lat' dir='ltr'><strong>in</strong></span> <span class='ocrx_word' id='word_1_555' title='bbox 2025 3802 2156 3843; x_wconf 87' lang='lat' dir='ltr'><strong>usus</strong></span> <span class='ocrx_word' id='word_1_556' title='bbox 2179 3785 2432 3852; x_wconf 90' lang='lat' dir='ltr'><strong>venandi,</strong></span> <span class='ocrx_word' id='word_1_557' title='bbox 2456 3793 2511 3838; x_wconf 90' lang='lat' dir='ltr'><strong>et</strong></span> <span class='ocrx_word' id='word_1_558' title='bbox 2529 3783 2844 3854; x_wconf 89' lang='lat' dir='ltr'><strong>deputatum</strong></span> <span class='ocrx_word' id='word_1_559' title='bbox 2863 3781 2915 3836; x_wconf 92' lang='lat' dir='ltr'><strong>in</strong></span> <span class='ocrx_word' id='word_1_560' title='bbox 2939 3780 3310 3837; x_wconf 85' lang='lat' dir='ltr'><strong>defensionem</strong></span> <span class='ocrx_word' id='word_1_561' title='bbox 3336 3795 3536 3834; x_wconf 73' lang='lat' dir='ltr'><strong>marca:</strong></span> 
     </span>
    </p>
   </div>
   <div class='ocr_carea' id='block_1_86' title="bbox 1945 3872 3531 3948">
    <p class='ocr_par' dir='ltr' id='par_1_86' title="bbox 1945 3872 3531 3948">
     <span class='ocr_line' id='line_1_86' title="bbox 1945 3872 3531 3948; baseline -0.004 -15"><span class='ocrx_word' id='word_1_562' title='bbox 1945 3877 2262 3948; x_wconf 83' lang='lat' dir='ltr'><strong>imperialis,</strong></span> <span class='ocrx_word' id='word_1_563' title='bbox 2294 3876 2365 3931; x_wconf 92' lang='lat' dir='ltr'><strong>ita</strong></span> <span class='ocrx_word' id='word_1_564' title='bbox 2396 3875 2614 3945; x_wconf 88' lang='lat' dir='ltr'><strong>penitus</strong></span> <span class='ocrx_word' id='word_1_565' title='bbox 2642 3873 2896 3945; x_wconf 88' lang='lat' dir='ltr'><strong>deperiit,</strong></span> <span class='ocrx_word' id='word_1_566' title='bbox 2931 3873 3074 3943; x_wconf 88' lang='lat' dir='ltr'><strong>quod</strong></span> <span class='ocrx_word' id='word_1_567' title='bbox 3101 3887 3202 3928; x_wconf 89' lang='lat' dir='ltr'><strong>nec</strong></span> <span class='ocrx_word' id='word_1_568' title='bbox 3231 3872 3393 3942; x_wconf 72' lang='lat' dir='ltr'><strong>sylvm</strong></span> <span class='ocrx_word' id='word_1_569' title='bbox 3435 3887 3531 3942; x_wconf 56' lang='lat' dir='ltr'><strong>pce</strong></span> 
     </span>
    </p>
   </div>
   <div class='ocr_carea' id='block_1_87' title="bbox 1946 3965 3538 4040">
    <p class='ocr_par' dir='ltr' id='par_1_87' title="bbox 1946 3965 3538 4040">
     <span class='ocr_line' id='line_1_87' title="bbox 1946 3965 3538 4040; baseline -0.006 -14"><span class='ocrx_word' id='word_1_570' title='bbox 1946 3971 2092 4026; x_wconf 90' lang='lat' dir='ltr'><strong>nitus</strong></span> <span class='ocrx_word' id='word_1_571' title='bbox 2124 3969 2344 4040; x_wconf 88' lang='lat' dir='ltr'><strong>vestigia</strong></span> <span class='ocrx_word' id='word_1_572' title='bbox 2369 3967 2624 4030; x_wconf 90' lang='lat' dir='ltr'><strong>retineat,</strong></span> <span class='ocrx_word' id='word_1_573' title='bbox 2665 3981 2768 4022; x_wconf 91' lang='lat' dir='ltr'><strong>nec</strong></span> <span class='ocrx_word' id='word_1_574' title='bbox 2799 3965 3018 4035; x_wconf 85' lang='lat' dir='ltr'><strong>aliquod</strong></span> <span class='ocrx_word' id='word_1_575' title='bbox 3062 3965 3305 4035; x_wconf 82' lang='lat' dir='ltr'><strong>praebeat</strong></span> <span class='ocrx_word' id='word_1_576' title='bbox 3349 3965 3538 4018; x_wconf 80' lang='lat' dir='ltr'><strong>obsta-</strong></span> 
     </span>
    </p>
   </div>
   <div class='ocr_carea' id='block_1_88' title="bbox 1948 4054 3539 4127">
    <p class='ocr_par' dir='ltr' id='par_1_88' title="bbox 1948 4054 3539 4127">
     <span class='ocr_line' id='line_1_88' title="bbox 1948 4054 3539 4127; baseline -0.007 -11"><span class='ocrx_word' id='word_1_577' title='bbox 1948 4061 2126 4116; x_wconf 90' lang='lat' dir='ltr'><strong>culum</strong></span> <span class='ocrx_word' id='word_1_578' title='bbox 2154 4060 2558 4115; x_wconf 87' lang='lat' dir='ltr'><strong>incursantibus</strong></span> <span class='ocrx_word' id='word_1_579' title='bbox 2593 4075 2606 4112; x_wconf 87' lang='lat'><strong>:</strong></span> <span class='ocrx_word' id='word_1_580' title='bbox 2643 4057 2696 4111; x_wconf 93' lang='lat' dir='ltr'><strong>in</strong></span> <span class='ocrx_word' id='word_1_581' title='bbox 2721 4057 2920 4127; x_wconf 87' lang='lat' dir='ltr'><strong>quibus</strong></span> <span class='ocrx_word' id='word_1_582' title='bbox 2965 4054 3220 4110; x_wconf 89' lang='lat' dir='ltr'><strong>omnibus</strong></span> <span class='ocrx_word' id='word_1_583' title='bbox 3277 4068 3539 4108; x_wconf 83' lang='lat' dir='ltr'><strong>revocan-</strong></span> 
     </span>
    </p>
   </div>
   <div class='ocr_carea' id='block_1_89' title="bbox 1946 4143 3536 4222">
    <p class='ocr_par' dir='ltr' id='par_1_89' title="bbox 1946 4143 3536 4222">
     <span class='ocr_line' id='line_1_89' title="bbox 1946 4143 3536 4222; baseline -0.008 -15"><span class='ocrx_word' id='word_1_584' title='bbox 1946 4152 2049 4217; x_wconf 91' lang='lat' dir='ltr'><strong>dis,</strong></span> <span class='ocrx_word' id='word_1_585' title='bbox 2080 4159 2242 4222; x_wconf 91' lang='lat' dir='ltr'><strong>prout</strong></span> <span class='ocrx_word' id='word_1_586' title='bbox 2277 4159 2490 4220; x_wconf 90' lang='lat' dir='ltr'><strong>tempus</strong></span> <span class='ocrx_word' id='word_1_587' title='bbox 2525 4147 2715 4218; x_wconf 80' lang='lat' dir='ltr'><strong>exigit,</strong></span> <span class='ocrx_word' id='word_1_588' title='bbox 2749 4147 2967 4201; x_wconf 89' lang='lat' dir='ltr'><strong>unicum</strong></span> <span class='ocrx_word' id='word_1_589' title='bbox 3020 4153 3196 4200; x_wconf 88' lang='lat' dir='ltr'><strong>restat</strong></span> <span class='ocrx_word' id='word_1_590' title='bbox 3226 4143 3536 4206; x_wconf 87' lang='lat' dir='ltr'><strong>consilium,</strong></span> 
     </span>
    </p>
   </div>
   <div class='ocr_carea' id='block_1_90' title="bbox 1945 4236 3537 4316">
    <p class='ocr_par' dir='ltr' id='par_1_90' title="bbox 1945 4236 3537 4316">
     <span class='ocr_line' id='line_1_90' title="bbox 1945 4236 3537 4316; baseline -0.005 -14"><span class='ocrx_word' id='word_1_591' title='bbox 1945 4255 2026 4312; x_wconf 79' lang='lat' dir='ltr'><strong>ut,</strong></span> <span class='ocrx_word' id='word_1_592' title='bbox 2057 4245 2345 4316; x_wconf 89' lang='lat' dir='ltr'><strong>evaginato</strong></span> <span class='ocrx_word' id='word_1_593' title='bbox 2372 4244 2552 4316; x_wconf 88' lang='lat' dir='ltr'><strong>gladio</strong></span> <span class='ocrx_word' id='word_1_594' title='bbox 2573 4242 2744 4308; x_wconf 86' lang='lat' dir='ltr'><strong>Petri,</strong></span> <span class='ocrx_word' id='word_1_595' title='bbox 2769 4242 2906 4297; x_wconf 89' lang='lat' dir='ltr'><strong>alius</strong></span> <span class='ocrx_word' id='word_1_596' title='bbox 2934 4254 3094 4309; x_wconf 87' lang='lat' dir='ltr'><strong>quem</strong></span> <span class='ocrx_word' id='word_1_597' title='bbox 3125 4238 3302 4293; x_wconf 88' lang='lat' dir='ltr'><strong>adhuc</strong></span> <span class='ocrx_word' id='word_1_598' title='bbox 3343 4236 3537 4308; x_wconf 76' lang='lat' dir='ltr'><strong>vagina</strong></span> 
     </span>
    </p>
   </div>
   <div class='ocr_carea' id='block_1_91' title="bbox 1948 4332 3027 4403">
    <p class='ocr_par' dir='ltr' id='par_1_91' title="bbox 1948 4332 3027 4403">
     <span class='ocr_line' id='line_1_91' title="bbox 1948 4332 3027 4403; baseline -0.007 -9"><span class='ocrx_word' id='word_1_599' title='bbox 1948 4337 2242 4403; x_wconf 88' lang='lat' dir='ltr'><strong>concludit,</strong></span> <span class='ocrx_word' id='word_1_600' title='bbox 2271 4335 2565 4392; x_wconf 77' lang='lat' dir='ltr'><strong>eﬁicaciter</strong></span> <span class='ocrx_word' id='word_1_601' title='bbox 2586 4343 2905 4392; x_wconf 88' lang='lat' dir='ltr'><strong>conseratur</strong></span> <span class='ocrx_word' id='word_1_602' title='bbox 2938 4332 3027 4386; x_wconf 80' lang='grc'><strong>³⁸⁸.</strong></span> 
     </span>
    </p>
   </div>
   <div class='ocr_carea' id='block_1_92' title="bbox 853 4507 2966 4633">
    <p class='ocr_par' dir='ltr' id='par_1_92' title="bbox 853 4507 2966 4633">
     <span class='ocr_line' id='line_1_92' title="bbox 853 4507 2966 4633; baseline 0.003 -14"><span class='ocrx_word' id='word_1_603' title='bbox 853 4507 1622 4625; x_wconf 84' lang='lat' dir='ltr'><strong>GESTORUM</strong></span> <span class='ocrx_word' id='word_1_604' title='bbox 1705 4518 2230 4633; x_wconf 81' lang='lat' dir='ltr'><strong>VERSIO</strong></span> <span class='ocrx_word' id='word_1_605' title='bbox 2317 4515 2966 4631; x_wconf 86' lang='lat' dir='ltr'><strong>GALLICA.</strong></span> 
     </span>
    </p>
   </div>
   <div class='ocr_carea' id='block_1_93' title="bbox 323 4711 3539 4805">
    <p class='ocr_par' dir='ltr' id='par_1_93' title="bbox 323 4711 3539 4805">
     <span class='ocr_line' id='line_1_93' title="bbox 323 4711 3539 4805; baseline 0 -25"><span class='ocrx_word' id='word_1_606' title='bbox 323 4728 369 4781; x_wconf 87' lang='grc'>1.</span> <span class='ocrx_word' id='word_1_607' title='bbox 403 4727 508 4800; x_wconf 86' lang='lat' dir='ltr'><strong>(Cf.</strong></span> <span class='ocrx_word' id='word_1_608' title='bbox 536 4728 791 4788; x_wconf 73' lang='lat' dir='ltr'><strong>Excernl.</strong></span> <span class='ocrx_word' id='word_1_609' title='bbox 825 4725 995 4797; x_wconf 82' lang='lat' dir='ltr'><strong>Gaug.</strong></span> <span class='ocrx_word' id='word_1_610' title='bbox 1023 4729 1102 4800; x_wconf 73' lang='grc'><strong>2.)</strong></span> <span class='ocrx_word' id='word_1_611' title='bbox 1132 4729 1301 4800; x_wconf 83' lang='lat' dir='ltr'><strong>Apres</strong></span> <span class='ocrx_word' id='word_1_612' title='bbox 1330 4729 1378 4782; x_wconf 80' lang='lat' dir='ltr'><strong>la</strong></span> <span class='ocrx_word' id='word_1_613' title='bbox 1399 4741 1540 4785; x_wconf 89' lang='lat' dir='ltr'><strong>mort</strong></span> <span class='ocrx_word' id='word_1_614' title='bbox 1567 4731 1838 4805; x_wconf 80' lang='lat' dir='ltr'><strong>l’evesque</strong></span> <span class='ocrx_word' id='word_1_615' title='bbox 1871 4723 1918 4783; x_wconf 86' lang='lat' dir='ltr'>D</span> <span class='ocrx_word' id='word_1_616' title='bbox 1950 4734 2015 4772; x_wconf 76' lang='lat' dir='ltr'><strong>ne</strong></span> <span class='ocrx_word' id='word_1_617' title='bbox 2044 4717 2186 4774; x_wconf 67' lang='lat' dir='ltr'><strong>(Ihm</strong></span> <span class='ocrx_word' id='word_1_618' title='bbox 2211 4730 2278 4771; x_wconf 70' lang='lat'>&quot;8</span> <span class='ocrx_word' id='word_1_619' title='bbox 2301 4713 2480 4805; x_wconf 59' lang='grc' dir='ltr'><strong>οιιίυιζ</strong></span> <span class='ocrx_word' id='word_1_620' title='bbox 2507 4713 2730 4805; x_wconf 40' lang='lat' dir='ltr'><strong>animi?»</strong></span> <span class='ocrx_word' id='word_1_621' title='bbox 2756 4713 2895 4805; x_wconf 41' lang='lat' dir='ltr'><strong>mals</strong></span> <span class='ocrx_word' id='word_1_622' title='bbox 2922 4711 3107 4805; x_wconf 48' lang='grc' dir='ltr'><strong>οιιίυβ</strong></span> <span class='ocrx_word' id='word_1_623' title='bbox 3130 4726 3234 4782; x_wconf 75' lang='grc' dir='ltr'><strong>(ιυο</strong></span> <span class='ocrx_word' id='word_1_624' title='bbox 3283 4711 3318 4765; x_wconf 66' lang='lat' dir='ltr'><strong>li</strong></span> <span class='ocrx_word' id='word_1_625' title='bbox 3348 4724 3539 4805; x_wconf 50' lang='grc' dir='ltr'><strong>ὀιηνξξξ</strong></span> 
     </span>
    </p>
   </div>
   <div class='ocr_carea' id='block_1_94' title="bbox 252 4817 1844 4896">
    <p class='ocr_par' dir='ltr' id='par_1_94' title="bbox 252 4817 1844 4896">
     <span class='ocr_line' id='line_1_94' title="bbox 252 4817 1844 4896; baseline 0.005 -22"><span class='ocrx_word' id='word_1_626' title='bbox 252 4821 448 4876; x_wconf 84' lang='lat' dir='ltr'><strong>Gerard</strong></span> <span class='ocrx_word' id='word_1_627' title='bbox 473 4822 580 4892; x_wconf 81' lang='lat' dir='ltr'><strong>(an.</strong></span> <span class='ocrx_word' id='word_1_628' title='bbox 613 4821 782 4892; x_wconf 74' lang='grc'>1092)</span> <span class='ocrx_word' id='word_1_629' title='bbox 813 4828 874 4875; x_wconf 88' lang='grc' dir='ltr'>οι</span> <span class='ocrx_word' id='word_1_630' title='bbox 901 4817 1122 4890; x_wconf 80' lang='lat' dir='ltr'><strong>(Gallice</strong></span> <span class='ocrx_word' id='word_1_631' title='bbox 1146 4822 1259 4889; x_wconf 89' lang='lat' dir='ltr'><strong>eut)</strong></span> <span class='ocrx_word' id='word_1_632' title='bbox 1283 4821 1581 4877; x_wconf 86' lang='lat' dir='ltr'><strong>dissention</strong></span> <span class='ocrx_word' id='word_1_633' title='bbox 1607 4835 1660 4879; x_wconf 90' lang='lat' dir='ltr'><strong>et</strong></span> <span class='ocrx_word' id='word_1_634' title='bbox 1686 4835 1844 4896; x_wconf 89' lang='lat' dir='ltr'><strong>grant</strong></span> 
     </span>
    </p>
   </div>
   <div class='ocr_carea' id='block_1_95' title="bbox 255 4909 1840 4987">
    <p class='ocr_par' dir='ltr' id='par_1_95' title="bbox 255 4909 1840 4987">
     <span class='ocr_line' id='line_1_95' title="bbox 255 4909 1840 4987; baseline 0.004 -24"><span class='ocrx_word' id='word_1_635' title='bbox 255 4909 494 4967; x_wconf 84' lang='lat' dir='ltr'><strong>discorde</strong></span> <span class='ocrx_word' id='word_1_636' title='bbox 522 4911 748 4967; x_wconf 88' lang='lat' dir='ltr'><strong>cntrele</strong></span> <span class='ocrx_word' id='word_1_637' title='bbox 783 4909 1012 4979; x_wconf 87' lang='lat' dir='ltr'><strong>clergiet</strong></span> <span class='ocrx_word' id='word_1_638' title='bbox 1059 4912 1125 4965; x_wconf 93' lang='lat' dir='ltr'><strong>de</strong></span> <span class='ocrx_word' id='word_1_639' title='bbox 1168 4910 1454 4983; x_wconf 85' lang='lat' dir='ltr'><strong>Cambray.</strong></span> <span class='ocrx_word' id='word_1_640' title='bbox 1506 4912 1561 4968; x_wconf 92' lang='lat' dir='ltr'><strong>Si</strong></span> <span class='ocrx_word' id='word_1_641' title='bbox 1610 4914 1840 4987; x_wconf 80' lang='lat' dir='ltr'><strong>(nimi)</strong></span> 
     </span>
    </p>
   </div>
   <div class='ocr_carea' id='block_1_96' title="bbox 256 5000 1844 5077">
    <p class='ocr_par' dir='ltr' id='par_1_96' title="bbox 256 5000 1844 5077">
     <span class='ocr_line' id='line_1_96' title="bbox 256 5000 1844 5077; baseline 0.006 -24"><span class='ocrx_word' id='word_1_642' title='bbox 256 5000 524 5059; x_wconf 83' lang='lat' dir='ltr'><strong>n’eslirent</strong></span> <span class='ocrx_word' id='word_1_643' title='bbox 547 5018 790 5075; x_wconf 85' lang='lat' dir='ltr'><strong>evesque</strong></span> <span class='ocrx_word' id='word_1_644' title='bbox 818 5017 884 5056; x_wconf 92' lang='lat' dir='ltr'><strong>en</strong></span> <span class='ocrx_word' id='word_1_645' title='bbox 913 5011 1070 5073; x_wconf 85' lang='lat' dir='ltr'><strong>grant</strong></span> <span class='ocrx_word' id='word_1_646' title='bbox 1099 5013 1295 5077; x_wconf 87' lang='lat' dir='ltr'><strong>tamps.</strong></span> <span class='ocrx_word' id='word_1_647' title='bbox 1332 5004 1388 5060; x_wconf 91' lang='lat' dir='ltr'><strong>Si</strong></span> <span class='ocrx_word' id='word_1_648' title='bbox 1411 5006 1644 5062; x_wconf 87' lang='lat' dir='ltr'><strong>estoient</strong></span> <span class='ocrx_word' id='word_1_649' title='bbox 1672 5009 1844 5062; x_wconf 86' lang='lat' dir='ltr'><strong>moult</strong></span> 
     </span>
    </p>
   </div>
   <div class='ocr_carea' id='block_1_97' title="bbox 258 5092 1844 5168">
    <p class='ocr_par' dir='ltr' id='par_1_97' title="bbox 258 5092 1844 5168">
     <span class='ocr_line' id='line_1_97' title="bbox 258 5092 1844 5168; baseline 0.005 -23"><span class='ocrx_word' id='word_1_650' title='bbox 258 5092 352 5163; x_wconf 81' lang='lat' dir='ltr'><strong>bay</strong></span> <span class='ocrx_word' id='word_1_651' title='bbox 383 5102 436 5148; x_wconf 88' lang='lat' dir='ltr'><strong>et</strong></span> <span class='ocrx_word' id='word_1_652' title='bbox 465 5097 630 5151; x_wconf 91' lang='lat' dir='ltr'><strong>moult</strong></span> <span class='ocrx_word' id='word_1_653' title='bbox 657 5093 846 5150; x_wconf 81' lang='lat' dir='ltr'><strong>blamé</strong></span> <span class='ocrx_word' id='word_1_654' title='bbox 872 5093 939 5147; x_wconf 89' lang='lat' dir='ltr'><strong>du</strong></span> <span class='ocrx_word' id='word_1_655' title='bbox 963 5095 1116 5164; x_wconf 89' lang='lat' dir='ltr'><strong>peule</strong></span> <span class='ocrx_word' id='word_1_656' title='bbox 1156 5096 1402 5168; x_wconf 84' lang='lat' dir='ltr'><strong>(peuple),</strong></span> <span class='ocrx_word' id='word_1_657' title='bbox 1447 5108 1502 5154; x_wconf 93' lang='lat' dir='ltr'><strong>et</strong></span> <span class='ocrx_word' id='word_1_658' title='bbox 1547 5107 1717 5168; x_wconf 78' lang='lat' dir='ltr'><strong>quant</strong></span> <span class='ocrx_word' id='word_1_659' title='bbox 1766 5099 1844 5153; x_wconf 92' lang='lat' dir='ltr'><strong>vit</strong></span> 
     </span>
    </p>
   </div>
   <div class='ocr_carea' id='block_1_98' title="bbox 259 5185 1840 5260">
    <p class='ocr_par' dir='ltr' id='par_1_98' title="bbox 259 5185 1840 5260">
     <span class='ocr_line' id='line_1_98' title="bbox 259 5185 1840 5260; baseline 0.006 -24"><span class='ocrx_word' id='word_1_660' title='bbox 259 5185 287 5237; x_wconf 89' lang='lat' dir='ltr'><strong>li</strong></span> <span class='ocrx_word' id='word_1_661' title='bbox 313 5186 495 5255; x_wconf 87' lang='lat' dir='ltr'><strong>peules</strong></span> <span class='ocrx_word' id='word_1_662' title='bbox 527 5204 630 5258; x_wconf 86' lang='lat' dir='ltr'><strong>que</strong></span> <span class='ocrx_word' id='word_1_663' title='bbox 656 5189 694 5242; x_wconf 94' lang='lat' dir='ltr'><strong>li</strong></span> <span class='ocrx_word' id='word_1_664' title='bbox 734 5201 986 5242; x_wconf 89' lang='lat' dir='ltr'><strong>cannone</strong></span> <span class='ocrx_word' id='word_1_665' title='bbox 1010 5203 1075 5243; x_wconf 90' lang='lat' dir='ltr'><strong>ne</strong></span> <span class='ocrx_word' id='word_1_666' title='bbox 1103 5187 1355 5245; x_wconf 81' lang='lat' dir='ltr'><strong>faisoient</strong></span> <span class='ocrx_word' id='word_1_667' title='bbox 1402 5190 1509 5244; x_wconf 85' lang='lat' dir='ltr'><strong>‘mie</strong></span> <span class='ocrx_word' id='word_1_668' title='bbox 1553 5204 1840 5260; x_wconf 85' lang='lat' dir='ltr'><strong>evesques,</strong></span> 
     </span>
    </p>
   </div>
   <div class='ocr_carea' id='block_1_99' title="bbox 259 5277 1844 5348">
    <p class='ocr_par' dir='ltr' id='par_1_99' title="bbox 259 5277 1844 5348">
     <span class='ocr_line' id='line_1_99' title="bbox 259 5277 1844 5348; baseline 0.003 -18"><span class='ocrx_word' id='word_1_669' title='bbox 259 5277 298 5330; x_wconf 90' lang='lat' dir='ltr'><strong>si</strong></span> <span class='ocrx_word' id='word_1_670' title='bbox 333 5278 464 5348; x_wconf 86' lang='lat' dir='ltr'><strong>qu’il</strong></span> <span class='ocrx_word' id='word_1_671' title='bbox 487 5279 794 5342; x_wconf 83' lang='lat' dir='ltr'><strong>devissent,</strong></span> <span class='ocrx_word' id='word_1_672' title='bbox 821 5278 866 5332; x_wconf 90' lang='lat' dir='ltr'><strong>si</strong></span> <span class='ocrx_word' id='word_1_673' title='bbox 918 5280 1312 5337; x_wconf 87' lang='lat' dir='ltr'><strong>assemblerent</strong></span> <span class='ocrx_word' id='word_1_674' title='bbox 1367 5291 1554 5337; x_wconf 81' lang='lat' dir='ltr'><strong>conire</strong></span> <span class='ocrx_word' id='word_1_675' title='bbox 1603 5281 1737 5337; x_wconf 92' lang='lat' dir='ltr'><strong>Dieu</strong></span> <span class='ocrx_word' id='word_1_676' title='bbox 1788 5289 1844 5337; x_wconf 87' lang='lat' dir='ltr'><strong>et</strong></span> 
     </span>
    </p>
   </div>
   <div class='ocr_carea' id='block_1_100' title="bbox 1954 4801 3540 4880">
    <p class='ocr_par' dir='ltr' id='par_1_100' title="bbox 1954 4801 3540 4880">
     <span class='ocr_line' id='line_1_100' title="bbox 1954 4801 3540 4880; baseline -0.006 -17"><span class='ocrx_word' id='word_1_677' title='bbox 1954 4823 2103 4864; x_wconf 89' lang='lat' dir='ltr'><strong>reres</strong></span> <span class='ocrx_word' id='word_1_678' title='bbox 2130 4823 2162 4880; x_wconf 84' lang='lat' dir='ltr'><strong>y</strong></span> <span class='ocrx_word' id='word_1_679' title='bbox 2191 4804 2528 4877; x_wconf 86' lang='lat' dir='ltr'><strong>envoyeroit.</strong></span> <span class='ocrx_word' id='word_1_680' title='bbox 2572 4802 2700 4858; x_wconf 83' lang='lat' dir='ltr'><strong>Puis</strong></span> <span class='ocrx_word' id='word_1_681' title='bbox 2739 4809 2797 4857; x_wconf 90' lang='lat' dir='ltr'><strong>ot</strong></span> <span class='ocrx_word' id='word_1_682' title='bbox 2845 4801 2882 4856; x_wconf 94' lang='lat' dir='ltr'><strong>li</strong></span> <span class='ocrx_word' id='word_1_683' title='bbox 2937 4801 3123 4874; x_wconf 89' lang='lat' dir='ltr'><strong>peules</strong></span> <span class='ocrx_word' id='word_1_684' title='bbox 3179 4801 3362 4858; x_wconf 85' lang='lat' dir='ltr'><strong>consel</strong></span> <span class='ocrx_word' id='word_1_685' title='bbox 3409 4802 3540 4870; x_wconf 85' lang='lat' dir='ltr'><strong>qu&#39;il</strong></span> 
     </span>
    </p>
   </div>
   <div class='ocr_carea' id='block_1_101' title="bbox 1951 4883 3540 4978">
    <p class='ocr_par' dir='ltr' id='par_1_101' title="bbox 1951 4883 3540 4978">
     <span class='ocr_line' id='line_1_101' title="bbox 1951 4883 3540 4978; baseline -0.005 -18"><span class='ocrx_word' id='word_1_686' title='bbox 1951 4906 2339 4978; x_wconf 79' lang='lat' dir='ltr'><strong>envoyeroient</strong></span> <span class='ocrx_word' id='word_1_687' title='bbox 2353 4883 2419 4960; x_wconf 29' lang='lat' dir='ltr'><strong>.le</strong></span> <span class='ocrx_word' id='word_1_688' title='bbox 2446 4904 2648 4959; x_wconf 90' lang='lat' dir='ltr'><strong>croche</strong></span> <span class='ocrx_word' id='word_1_689' title='bbox 2669 4901 2943 4973; x_wconf 85' lang='lat' dir='ltr'><strong>l&#39;evesque</strong></span> <span class='ocrx_word' id='word_1_690' title='bbox 2974 4920 3004 4958; x_wconf 90' lang='lat' dir='ltr'><strong>a</strong></span> <span class='ocrx_word' id='word_1_691' title='bbox 3023 4899 3540 4972; x_wconf 81' lang='lat' dir='ltr'><strong>l’empereurllcnry</strong></span> 
     </span>
    </p>
   </div>
   <div class='ocr_carea' id='block_1_102' title="bbox 1950 4992 3541 5066">
    <p class='ocr_par' dir='ltr' id='par_1_102' title="bbox 1950 4992 3541 5066">
     <span class='ocr_line' id='line_1_102' title="bbox 1950 4992 3541 5066; baseline -0.005 -13"><span class='ocrx_word' id='word_1_692' title='bbox 1950 4999 2201 5055; x_wconf 90' lang='lat' dir='ltr'><strong>leticrch.</strong></span> <span class='ocrx_word' id='word_1_693' title='bbox 2226 4999 2367 5053; x_wconf 91' lang='lat' dir='ltr'><strong>Dont</strong></span> <span class='ocrx_word' id='word_1_694' title='bbox 2389 4995 2441 5050; x_wconf 92' lang='lat' dir='ltr'><strong>fu</strong></span> <span class='ocrx_word' id='word_1_695' title='bbox 2463 5009 2591 5066; x_wconf 88' lang='lat' dir='ltr'><strong>pres</strong></span> <span class='ocrx_word' id='word_1_696' title='bbox 2620 4995 2705 5051; x_wconf 92' lang='lat' dir='ltr'><strong>del</strong></span> <span class='ocrx_word' id='word_1_697' title='bbox 2733 5002 3000 5064; x_wconf 90' lang='lat' dir='ltr'><strong>porterun</strong></span> <span class='ocrx_word' id='word_1_698' title='bbox 3025 4992 3541 5066; x_wconf 77' lang='lat' dir='ltr'><strong>gentiulxhomsqni</strong></span> 
     </span>
    </p>
   </div>
   <div class='ocr_carea' id='block_1_103' title="bbox 1947 5084 3548 5158">
    <p class='ocr_par' dir='ltr' id='par_1_103' title="bbox 1947 5084 3548 5158">
     <span class='ocr_line' id='line_1_103' title="bbox 1947 5084 3548 5158; baseline -0.005 -13"><span class='ocrx_word' id='word_1_699' title='bbox 1947 5102 2139 5146; x_wconf 86' lang='lat' dir='ltr'><strong>otnom</strong></span> <span class='ocrx_word' id='word_1_700' title='bbox 2154 5089 2449 5151; x_wconf 84' lang='lat' dir='ltr'><strong>Masselins,</strong></span> <span class='ocrx_word' id='word_1_701' title='bbox 2469 5087 2989 5158; x_wconf 84' lang='lat' dir='ltr'><strong>prevosdel’eglise;</strong></span> <span class='ocrx_word' id='word_1_702' title='bbox 3017 5086 3185 5142; x_wconf 89' lang='lat' dir='ltr'><strong>ctdist</strong></span> <span class='ocrx_word' id='word_1_703' title='bbox 3205 5100 3310 5154; x_wconf 90' lang='lat' dir='ltr'><strong>que</strong></span> <span class='ocrx_word' id='word_1_704' title='bbox 3333 5084 3548 5138; x_wconf 84' lang='lat' dir='ltr'><strong>c&#39;cstoit</strong></span> 
     </span>
    </p>
   </div>
   <div class='ocr_carea' id='block_1_104' title="bbox 1948 5175 3543 5240">
    <p class='ocr_par' dir='ltr' id='par_1_104' title="bbox 1948 5175 3543 5240">
     <span class='ocr_line' id='line_1_104' title="bbox 1948 5175 3543 5240; baseline -0.004 -2"><span class='ocrx_word' id='word_1_705' title='bbox 1948 5198 2034 5239; x_wconf 88' lang='lat' dir='ltr'><strong>ses</strong></span> <span class='ocrx_word' id='word_1_706' title='bbox 2063 5182 2254 5238; x_wconf 85' lang='lat' dir='ltr'><strong>droits.</strong></span> <span class='ocrx_word' id='word_1_707' title='bbox 2317 5179 2450 5234; x_wconf 78' lang='lat' dir='ltr'><strong>Mais</strong></span> <span class='ocrx_word' id='word_1_708' title='bbox 2498 5181 2670 5238; x_wconf 92' lang='lat' dir='ltr'><strong>moult</strong></span> <span class='ocrx_word' id='word_1_709' title='bbox 2719 5189 2825 5235; x_wconf 91' lang='lat' dir='ltr'><strong>tost</strong></span> <span class='ocrx_word' id='word_1_710' title='bbox 2873 5180 2923 5235; x_wconf 90' lang='lat' dir='ltr'><strong>lc</strong></span> <span class='ocrx_word' id='word_1_711' title='bbox 2964 5177 3204 5236; x_wconf 89' lang='lat' dir='ltr'><strong>contredi</strong></span> <span class='ocrx_word' id='word_1_712' title='bbox 3257 5175 3543 5240; x_wconf 81' lang='lat' dir='ltr'><strong>Erlebaus,</strong></span> 
     </span>
    </p>
   </div>
   <div class='ocr_carea' id='block_1_105' title="bbox 1948 5254 3627 5342">
    <p class='ocr_par' dir='ltr' id='par_1_105' title="bbox 1948 5254 3627 5342">
     <span class='ocr_line' id='line_1_105' title="bbox 1948 5254 3627 5342; baseline -0.004 -16"><span class='ocrx_word' id='word_1_713' title='bbox 1948 5256 2193 5328; x_wconf 88' lang='lat' dir='ltr'><strong>coustres</strong></span> <span class='ocrx_word' id='word_1_714' title='bbox 2216 5271 2283 5327; x_wconf 74' lang='lat' dir='ltr'><strong>de</strong></span> <span class='ocrx_word' id='word_1_715' title='bbox 2303 5271 2507 5339; x_wconf 82' lang='lat' dir='ltr'><strong>l‘eglise</strong></span> <span class='ocrx_word' id='word_1_716' title='bbox 2526 5314 2540 5337; x_wconf 92' lang='lat'><strong>,</strong></span> <span class='ocrx_word' id='word_1_717' title='bbox 2590 5285 2643 5330; x_wconf 90' lang='lat' dir='ltr'><strong>et</strong></span> <span class='ocrx_word' id='word_1_718' title='bbox 2668 5273 2774 5328; x_wconf 87' lang='lat' dir='ltr'><strong>dist</strong></span> <span class='ocrx_word' id='word_1_719' title='bbox 2793 5287 2898 5342; x_wconf 91' lang='lat' dir='ltr'><strong>que</strong></span> <span class='ocrx_word' id='word_1_720' title='bbox 2920 5268 3179 5328; x_wconf 82' lang='lat' dir='ltr'><strong>c’estoitli</strong></span> <span class='ocrx_word' id='word_1_721' title='bbox 3203 5269 3349 5324; x_wconf 87' lang='lat' dir='ltr'><strong>siens</strong></span> <span class='ocrx_word' id='word_1_722' title='bbox 3371 5267 3543 5322; x_wconf 85' lang='lat' dir='ltr'><strong>drois.</strong></span> <span class='ocrx_word' id='word_1_723' title='bbox 3621 5254 3627 5270; x_wconf 85' lang='grc'><em>’</em></span> 
     </span>
    </p>
   </div>
  </div>
