4026 5370
164 190 245 248 ²⁴Ι
989 199 1308 261 CHRONIC.
1353 202 1415 258 S.
1451 200 1756 258 ANDREAS
1794 197 2044 256 CASTRI
2083 197 2564 257 CAMERAGESII.

3319 191 3430 246 2ιῖ

1275 396 1632 486 LIBER
1687 394 2175 485 PRIMUS.

232 606 275 656 l.
315 602 389 657 De
409 613 566 658 statu
604 605 833 660 ecclesire
858 616 904 660 et
928 607 1147 676 imperio
1185 605 1326 662 urbis
1360 605 1557 660 Romw.
1589 603 1730 658 San-

1861 591 2016 646 :rant,
2046 583 2287 653 equitum
2323 598 2386 638 ac
2421 581 2662 655 perlitum
2711 581 2982 651 praesidia,
3018 592 3177 651 prout
3225 596 3423 653 oppor-

166 704 255 746 cta:
280 703 334 746 et
355 695 688 763 apostolica;
714 697 824 751 sedi
850 696 1107 752 Romamn
1132 697 1375 753 ecclesiae
1395 695 1656 765 Gregorio
1679 693 1744 761 V,

180 794 228 838 et
255 785 342 837 τιο
365 801 398 838 a
441 785 616 842 beato
640 787 900 856 Gregorio
921 787 1216 858 Theologo,
1245 804 1386 846 antro
1418 788 1514 843 Dei
1542 786 1743 842 Christi

168 877 280 931 l00l
299 876 659 934 laudabiliter
677 880 1003 949 presidente,
1020 880 1056 952 [t
1081 879 1374 952 V.Lietb.l)
1391 877 1748 947 Ottbojunior

167 968 379 1023 Romani
397 970 751 1041 principatus
773 972 1047 1042 imperiale
1065 972 1258 1028 solium
1279 972 1496 1026 militari
1522 971 1746 1027 brachio

166 1060 531 1116 strenuissime
555 1061 912 1132 gubernabat.
937 1062 1180 1129 Quicum
1205 1062 1360 1118 donis
1383 1077 1448 1117 ac
1470 1059 1748 1117 beneficiis

168 1150 444 1219 ingluviem
473 1150 878 1216 Romanorum,
905 1167 1026 1221 qua:
1055 1167 1271 1222 semper
1306 1151 1634 1207 insatiabilis
1664 1162 1748 1207 est

167 1251 213 1296 et
236 1240 351 1305 fuit,
407 1251 674 1298 saturare
695 1242 762 1273 ⁸⁸⁸
795 1244 1085 1314 nequiret:
1116 1242 1253 1298 adeo
1301 1243 1519 1298 vesania
1560 1257 1746 1297 eorum

165 1330 435 1397 inferbuit,
475 1340 544 1386 ut
574 1332 873 1403 imperator
904 1348 1009 1388 non
1041 1333 1161 1389 sine
1201 1341 1377 1388 morte
1415 1347 1636 1387 suorum
1681 1331 1750 1386 ab

169 1425 284 1479 urbe
332 1422 516 1479 Roma
566 1425 882 1495 pelleretur.
931 1424 1023 1479 llle
1074 1425 1348 1495 repulsam
1394 1424 1479 1480 sui
1507 1423 1750 1492 graviter

166 1513 349 1579 ferens,
378 1515 515 1569 dum
543 1517 612 1570 ad
645 1515 872 1585 injurias
902 1531 1030 1571 suas
1059 1515 1412 1572 vindicandas
1440 1513 1750 1585 imperiales

167 1604 378 1659 militum
420 1606 579 1674 cogit
614 1607 821 1676 copias,
871 1605 1205 1678 defungitur,
1250 1615 1413 1677 atque
1443 1622 1566 1662 cum
1596 1606 1747 1661 luctu

165 1705 211 1748 et
236 1710 472 1752 maerore
511 1713 741 1754 suorum
779 1697 989 1752 honore
1024 1698 1173 1769 regio
1199 1697 1253 1752 in
1285 1697 1516 1753 ecclesia
1547 1697 1744 1766 Aquis-

167 1788 302 1856 graui
355 1788 655 1858 sepelitur.
703 1787 834 1844 Post
885 1789 1000 1844 bare
1051 1788 1336 1854 Henricus,
1392 1788 1746 1844 Bavariorum

167 1879 307 1935 ducis
355 1879 589 1936 llenrici
643 1881 810 1946 ﬁlius,
860 1889 994 1937 nutu
1042 1891 1098 1938 et
1141 1882 1482 1953 providentia
1534 1882 1628 1938 Dei
1681 1898 1747 1939 ex

168 1969 379 2024 consilio
399 1970 853 2027 Lothariensium
874 1985 1114 2042 purpura
1141 1973 1371 2029 vestitus
1391 1973 1559 2044 regia,
1583 1973 1750 2027 armis

172 2062 450 2131 insignitur
479 2061 885 2134 imperialibus.
916 2061 1020 2129 Qui
1040 2077 1203 2132 quam
1236 2062 1554 2132 prudenter,
1584 2077 1747 2132 quam

170 2150 392 2218 fortiter,
437 2167 613 2222 quam
653 2151 906 2223 paciﬁce,
936 2167 1101 2223 quam
1129 2154 1395 2230 catholice
1419 2168 1575 2209 suum
1609 2154 1752 2208 rexit

177 2240 477 2310 imperium,
513 2250 792 2298 monstrat
819 2244 1058 2300 nominis
1095 2244 1264 2315 ipsius
1293 2245 1611 2311 intitulatio,
1653 2261 1751 2316 per

173 2347 318 2402 quam
345 2348 453 2388 non
479 2337 649 2389 modo
680 2343 942 2406 augustus
972 2345 1027 2392 et
1056 2336 1371 2406 imperator,
1401 2337 1496 2392 sed
1523 2335 1744 2405 insuper

171 2427 490 2482 orthodoxus
524 2434 696 2498 atque
721 2427 992 2498 paciﬁcus
1022 2429 1376 2501 attitulatur.)

226 2517 279 2572 2.
310 2517 386 2574 De
423 2518 682 2575 Remensi
707 2521 1092 2591 archiepiscopo
1133 2533 1182 2577 et
1227 2523 1596 2578 Cameracensi
1639 2525 1754 2593 epi-

173 2623 328 2672 scopo.
362 2608 472 2680 (Cf.
497 2609 665 2666 Gesta
687 2626 770 2681 ep.
807 2611 958 2667 Cum.
986 2628 1027 2678 r,
1062 2612 1208 2684 ΗΞ.)
1238 2612 1332 2668 llis
1380 2612 1497 2669 fere
1537 2613 1750 2679 diebus,

174 2709 280 2768 post
302 2700 636 2759 Alberonem
669 2703 797 2760 vita
833 2705 1159 2762 venerabilis
1196 2707 1396 2771 virum,
1430 2705 1693 2762 Arnulfus
1722 2724 1754 2762 a

174 2789 315 2845 beato
357 2791 617 2864 Remigio
663 2793 793 2851 21“
845 2794 1170 2853 Remensem
1225 2796 1752 2868 archiepiscopatum

177 2883 392 2947 tenebat;
410 2885 872 2942 Cameracensem
891 2901 1021 2943 vero
1041 2888 1327 2944 ecclesiam
1354 2889 1609 2944 Erluinus
1623 2889 1750 2945 29'"

173 2988 199 3026 a
219 2974 367 3032 beato
391 2978 661 3046 Vedasto,
691 2979 785 3050 qui
813 2995 844 3035 a
872 2982 1032 3038 beato
1059 2981 1309 3053 Remigio
1330 2982 1650 3038 Atrebatum
1673 2981 1750 3036 ci-

180 3066 350 3122 vitatis
371 3080 426 3125 et
457 3067 884 3129 Cameracensis
902 3073 1188 3145 episcopus
1211 3073 1412 3128 extitit.
1443 3072 1542 3130 llic
1571 3075 1754 3142 itaque

175 3171 282 3212 cum
315 3175 377 3213 es
413 3161 654 3217 diversis
698 3163 896 3219 crebro
923 3167 991 3219 ad
1018 3164 1458 3223 se.clarnantium
1508 3165 1752 3234 querelis

177 3262 519 3344 cognosceret
563 3259 734 3308 totam
767 3254 1217 3312 Cameracensem
1242 3266 1298 3311 et
1330 3256 1566 3312 maxime
1611 3255 1751 3312 hanc
1778 3279 1827 3344 ο

178 3335 449 3396 finitimam
482 3341 770 3411 regionem
819 3345 1177 3412 quorumdam
1236 3353 1517 3414 raptorum
1540 3363 1608 3402 ex
1651 3346 1751 3400 hac

179 3432 408 3496 proxima
454 3433 622 3498 silva,
650 3448 772 3504 quae
797 3443 883 3491 est
910 3436 1076 3492 Arida
1105 3436 1417 3501 Gamantia,
1450 3445 1505 3492 et
1525 3452 1594 3493 ex
1621 3439 1754 3493 vici-

181 3519 256 3574 nis
281 3522 517 3579 castellis
566 3522 884 3594 frequenter
925 3527 1324 3596 erumpentium
1368 3527 1518 3597 gravi
1550 3536 1757 3598 pertur-

181 3608 285 3664 bari
305 3610 665 3669 infestatione
692 3643 765 3655 —
786 3631 910 3670 nam
933 3624 988 3672 et
1016 3617 1101 3673 die
1125 3632 1190 3671 ac
1217 3628 1379 3672 nocte
1400 3617 1551 3674 villas
1578 3628 1635 3673 et
1655 3619 1755 3672 do-

185 3713 288 3754 mos
312 3701 634 3760 invadentes
659 3714 962 3775 cunctaque
982 3708 1335 3777 deripientes,
1363 3710 1509 3779 ipsos
1541 3723 1758 3781 quoque

182 3788 314 3847 viros
346 3794 568 3852 vinctos
617 3796 901 3865 rapiebant
927 3826 997 3838 —
1025 3807 1150 3853 tunc
1195 3799 1451 3861 virtutem
1479 3801 1756 3871 egregia

186 3885 343 3944 virilis
399 3890 576 3944 animi
627 3891 879 3959 concepit
931 3891 1253 3955 industriae,
1287 3891 1504 3962 aliquod
1553 3891 1761 3948 scilicet

188 3990 366 4043 parare
383 3978 464 4034 eis
491 3978 858 4040 obstaculum,
887 3979 1029 4048 quod
1055 3979 1246 4034 incolis
1275 3980 1429 4035 tuitio
1445 3991 1762 4050 certumque

189 4065 438 4137 refugium
471 4079 530 4125 et
555 4071 624 4124 ad
648 4069 986 4140 repellendas
1011 4070 1245 4126 hostium
1278 4070 1502 4124 insidias
1530 4071 1758 4127 invinci-

183 4154 287 4212 -bile
307 4158 459 4215 fieret
486 4162 909 4216 munimentum.

251 4251 301 4304 ὅ.
341 4253 501 4320 Quis,
533 4271 632 4307 cur
657 4253 736 4307 vel
757 4253 968 4324 quando
994 4256 1090 4308 hoc
1129 4252 1336 4308 Novum
1361 4254 1648 4310 Castellum
1674 4273 1763 4317 εωο

195 4350 461 4397 structum.
513 4344 686 4414 Igitur
714 4343 782 4397 ad
833 4344 886 4399 id
915 4346 1279 4415 peragendum
1300 4353 1482 4414 aptum
1514 4345 1616 4412 diu
1641 4361 1764 4415 per-

183 4432 400 4499 quirens
450 4435 656 4501 locum,
694 4435 908 4489 tandem
937 4435 989 4489 in
1020 4436 1120 4489 hac
1151 4451 1270 4504 qum
1321 4445 1451 4490 tunc
1504 4437 1764 4506 temporis

197 4521 323 4578 circa
347 4527 638 4582 ecclesiam
667 4526 811 4581 beati
833 4527 1069 4592 Quintini
1101 4525 1343 4581 martiris
1372 4525 1550 4580 villula
1575 4534 1765 4580 eratet

1851 683 2036 729 tunum
2083 684 2225 740 erat,
2254 675 2387 730 inibi
2419 675 2710 740 collocans,
2744 677 2923 745 sopito
2952 675 3135 745 prisco
3187 675 3425 740 nomine,

1848 763 2054 818 Novum
2087 764 2336 820 Castrum
2383 765 2613 820 vocavit.
2659 763 2751 820 Sic
2797 773 2853 818 et
2906 774 3031 819 tunc
3073 771 3128 820 et
3176 763 3430 834 deinceps

1849 861 2024 930 quoad
2049 859 2181 914 vixit
2213 859 2417 914 sedatis
2457 858 2784 930 raptoribus,
2807 858 2952 917 omni
2984 856 3210 914 coloniae
3234 856 3428 913 Came-

1850 951 2063 1006 racensi
2097 965 2199 1019 pax
2239 950 2396 1006 ﬁrma
2419 951 2692 1021 provenit.

1918 1039 1972 1094 4.
2018 1039 2094 1094 De
2121 1040 2455 1118 ordinatione
2487 1040 2696 1096 Erluini
2743 1040 2992 1111 episcopi.
3031 1040 3196 1095 Multa
3221 1050 3273 1096 et
3302 1055 3434 1112 pra:-

1850 1128 1991 1186 clara
2017 1129 2083 1185 de
2112 1130 2271 1200 hujus
2293 1131 2530 1201 episcopi
2559 1132 2724 1201 gestis
2758 1139 3007 1202 poterant
3033 1147 3434 1194 commemora-

1851 1220 1918 1284 ri,
1954 1221 2048 1275 sed
2101 1221 2228 1290 quia
2271 1222 2337 1276 ad
2396 1220 2541 1275 aliud
2595 1222 2930 1290 propositum
2982 1221 3208 1278 tendens
3256 1231 3435 1292 empta

1851 1311 2069 1368 festinat
2098 1314 2296 1379 oratio,
2328 1313 2382 1368 in
2406 1314 2508 1370 lioc
2551 1314 2756 1370 diutius
2780 1329 2884 1368 non
2937 1324 3095 1369 vacat
3130 1313 3432 1368 immorari.

1851 1403 1964 1461 Hoc
2010 1413 2188 1460 tamen
2221 1405 2561 1462 solummodo
2603 1406 2843 1461 breviter
2899 1405 3264 1470 inserendum,
3292 1405 3435 1474 quod

1854 1495 2001 1568 [(ib.
2057 1514 2094 1565 ι,
2123 1496 2246 1568 ΗΟ)
2279 1507 2390 1553 tam
2443 1499 2828 1554 ecclesiasticis
2873 1513 3038 1568 quam
3089 1498 3436 1553 saecularibus

1854 1589 2087 1659 negotiis
2135 1590 2402 1657 eruditus,
2428 1590 2605 1661 primo
2638 1590 2986 1646 Leodiccnsis
3016 1590 3435 1645 archidiaconus

1852 1680 2128 1746 extiterit;
2175 1682 2299 1736 dein
2358 1695 2492 1738 vero
2541 1683 2684 1738 dono
2726 1683 3138 1737 Cameracensis
3190 1680 3435 1752 episcopi

1851 1773 2200 1840 sublimatus,
2233 1774 2420 1829 Romae
2456 1789 2561 1828 una
2591 1790 2714 1828 cum
2770 1774 2985 1830 Othone
3030 1774 3358 1844 imperatore
3403 1786 3440 1828 ι

1853 1867 2115 1937 przedicto
2142 1881 2279 1937 papa
2310 1865 2573 1938 Gregorio
2600 1866 2884 1938 episcopus
2912 1868 3196 1923 ordinatus
3237 1866 3434 1934 fuerit;

1851 1977 1913 2017 ea
1959 1961 2169 2017 scilicet
2196 1962 2262 2018 de
2285 1975 2472 2026 causa,
2502 1961 2629 2032 quia
2661 1969 2794 2016 tunc.
2823 1960 3081 2031 temporis
3113 1959 3440 2016 Remensem

1853 2054 2142 2110 ecclesiam
2186 2055 2638 2126 gravis-agitabat
2682 2053 2982 2110 contentio.
3013 2051 3241 2108 Arnull‘o
3268 2053 3440 2124 siqni-

1854 2145 1976 2200 dem
2013 2161 2112 2214 pro
2133 2147 2456 2216 quibusdam
2481 2147 2640 2201 malis
2670 2146 3116 2202 infamalionibus
3143 2149 3212 2204 ab
3233 2148 3440 2218 episco-

1853 2233 1961 2305 pali
1993 2235 2120 2290 sede
2148 2236 2380 2306 dejecto,
2407 2245 2462 2291 et
2486 2236 2721 2304 quodam
2770 2234 3036 2290 Gerberto
3069 2233 3358 2289 scolastico
3384 2233 3437 2290 in

1854 2327 1972 2384 loco
1995 2326 2110 2394 ejus
2135 2326 2332 2395 injuste
2355 2327 2668 2391 substituto,
2702 2327 2796 2382 sed
2845 2325 3113 2396 episcopis
3142 2325 3437 2380 Remensis

1854 2415 2212 2485 subjectionis
2236 2416 2339 2471 hoc
2355 2416 2630 2484 negotium
2655 2414 2744 2470 diu
2760 2415 2902 2470 inter
2922 2430 2981 2470 se
3007 2415 3403 2470 ventilantibus
3425 2453 3439 2468 .

1857 2505 2070 2562 tandem
2103 2505 2173 2560 ad
2210 2505 2312 2560 hoc
2351 2513 2572 2560 ventum
2601 2515 2708 2572 est,
2738 2513 2796 2559 ut
2825 2506 2951 2576 quia
3002 2505 3290 2575 saepefatus
3338 2503 3442 2559 Ar-

1857 2594 2092 2664 unlphus
2118 2593 2235 2650 sine
2259 2595 2453 2651 notitia
2481 2604 2538 2650 et
2563 2596 2892 2652 auctoritate
2938 2596 3120 2652 domni
3152 2611 3304 2667 papa:
3351 2597 3442 2650 de-

1853 2681 2108 2755 gradatus
2157 2684 2356 2750 fuerat,
2391 2701 2579 2741 rursus
2621 2685 2674 2738 in
2706 2689 2833 2741 sede
2859 2683 3153 2756 episcopali
3193 2683 3443 2755 judiciali

1853 2771 2123 2827 sententia
2149 2772 2546 2830 restitueretur.
2582 2772 2736 2840 Quod
2772 2782 2828 2829 et
2859 2772 3060 2828 factum
3088 2771 3218 2845 est.]

1841 2885 1847 2897 ν
1922 2865 1975 2922 5.
2020 2869 2096 2925 De
2121 2871 2447 2927 successione
2472 2871 2904 2942 apostolicerum.
2930 2869 3224 2939 Postquam
3246 2870 3443 2938 praedi-

1853 2971 1973 3017 ctus
2004 2978 2139 3034 papa
2179 2963 2473 3035 Gregorius
2495 2979 2638 3019 anno
2680 2963 2728 3029 l,
2760 2961 3036 3018 mensibus
3063 2962 3119 3028 5,
3149 2961 3440 3017 ecclesiam

1854 3057 2013 3120 rexit,
2045 3057 2187 3113 diem
2221 3057 2417 3112 clausit
2442 3065 2771 3122 extremum,
2793 3055 3142 3111 etJohnnnes
3170 3053 3443 3110 succedit.

1855 3143 1955 3210 Qui
1983 3145 2148 3202 etiam
2179 3153 2464 3216 postquam
2486 3146 2552 3200 10
2577 3144 2854 3201 mensibus
2881 3143 3021 3199 sedit
3066 3144 3233 3197 vitam
3263 3142 3440 3212 turpi-

1859 3243 1940 3291 ter
1985 3236 2178 3290 finivit.
2221 3237 2351 3292 lnde
2392 3235 2717 3300 Gerbertus,
2751 3235 2842 3304 qui
2876 3243 2933 3290 et
2975 3233 3252 3297 Silvestcr,
3281 3247 3444 3302 quem

1859 3342 2019 3398 snpra
2050 3327 2489 3390 memoravimus,
2522 3325 2888 3380 substituitur.
2920 3324 3022 3380 llic
3050 3338 3175 3378 cum
3199 3323 3440 3392 impera-

1859 3429 1979 3476 torc
2002 3421 2212 3477 Othone
2238 3419 2409 3474 Rorna
2431 3419 2654 3488 expulso
2679 3432 2952 3489 egressus,
2973 3419 3284 3475 comitanda
3315 3432 3442 3473 cum

1859 3527 1923 3566 eo
1948 3511 2262 3566 Ravennam
2284 3509 2460 3575 venit;
2487 3509 2571 3563 vir
2591 3508 2892 3564 liberalium
2915 3509 3114 3563 artium
3132 3506 3438 3578 disciplinis

1861 3602 1994 3657 satis
2044 3615 2313 3671 superque
2360 3600 2630 3666 eruditus,
2671 3601 2978 3670 geometria:
3032 3615 3249 3670 quoque
3295 3599 3431 3654 adeo

1861 3695 2093 3764 peritus,
2129 3705 2187 3750 ut
2216 3694 2390 3762 spatia
2420 3693 2664 3748 locorum
2700 3693 2782 3747 vel
2825 3693 2878 3746 in
2908 3701 3051 3748 terra
3101 3693 3184 3747 vel
3230 3692 3284 3747 in
3311 3705 3440 3747 aere

1863 3786 1980 3842 solo
2008 3785 2204 3840 intuitu
2234 3783 2391 3839 facile
2424 3783 2728 3838 metiretur.
2765 3784 2920 3849 Quod
2969 3781 3172 3852 liquido
3204 3789 3356 3852 patet
3378 3795 3446 3838 ex

1865 3877 2190 3948 quibusdam
2228 3874 2346 3944 ejus
2385 3873 2662 3946 opusculis
2687 3881 2742 3928 et
2769 3873 3032 3944 epistolis,
3070 3887 3300 3943 quarum
3341 3887 3447 3927 una

1865 3983 2029 4038 super
2057 3974 2418 4023 commentum
2443 3964 2703 4020 Maerobii
2733 3964 2800 4018 ad
2820 3962 3105 4018 Aleuiuum
3133 3962 3449 4032 magistrum

1867 4070 2042 4125 extat,
2067 4061 2120 4114 in
2148 4075 2255 4130 qua
2300 4059 2366 4114 de
2408 4059 2617 4113 ratione
2639 4066 2694 4112 et
2714 4055 3018 4126 quantitate
3062 4067 3453 4122 cujuscumque

1867 4154 2094 4222 sphaera:
2127 4159 2183 4205 et
2207 4152 2272 4204 de
2302 4150 2568 4205 diametro
2590 4148 2731 4218 ejus,
2757 4149 2820 4202 de
2859 4148 3032 4211 cubis,
3058 4146 3124 4200 de
3153 4143 3447 4207 soliditate,

1869 4244 1934 4298 de
1956 4257 2108 4306 area,
2135 4243 2202 4296 de
2227 4239 2582 4296 arithmeticis
2602 4233 3322 4308 argumentis,probabiliter
3335 4233 3445 4288 dis-

1871 4333 2096 4403 putavit.
2143 4331 2301 4386 llexit
2345 4331 2504 4401 igitur
2551 4330 2835 4385 ecclesiam
2881 4327 3040 4382 annis
3066 4325 3120 4390 4,
3177 4338 3362 4379 mense
3390 4324 3445 4389 l,

1871 4425 2062 4477 diebus
2113 4422 2198 4487 l9,
2225 4431 2279 4475 et
2316 4432 2544 4476 mortem
2602 4419 2700 4475 sibi
2757 4418 2987 4472 vicinam
3025 4415 3267 4472 sentiens
3296 4454 3310 4480 ,
3347 4415 3451 4470 hoc

1875 4532 2034 4571 versu
2063 4530 2123 4571 se
2149 4516 2322 4584 ipsum
2357 4513 2714 4583 compellasse
2743 4509 2917 4564 fertur
2947 4523 2962 4562 :
2991 4507 3302 4562 Nif'abarus
3333 4524 3451 4562 ma-

199 4612 389 4672 Pcrona
413 4635 610 4676 nomen
625 4618 929 4686 antiquitus
958 4618 1382 4682 habebat,etubi
1407 4616 1763 4687 ﬂuvius(49l)
1794 4623 1843 4684 ο
1874 4609 2134 4678 tlrcsisque
2157 4607 2269 4670 tibi,
2287 4605 2551 4670 Gerberle,
2566 4604 2848 4673 juvabunt.
2878 4601 2954 4658 De
2978 4601 3082 4657 hoc
3109 4609 3192 4657 sat
3219 4601 3446 4658 dictum.

200 4708 546 4768 subterﬂuens
605 4712 766 4783 quasi
837 4713 993 4768 limes
1045 4712 1264 4780 quidam
1313 4709 1764 4766 Camer-accusem

201 4799 635 4869 ctllayntensem
697 4802 926 4872 patriam
963 4801 1204 4868 dirimit,
1232 4800 1402 4855 accita
1451 4815 1557 4856 non
1602 4813 1766 4870 parva

204 4899 348 4942 manu
386 4905 554 4962 prope
577 4893 700 4946 sive
728 4890 882 4963 longe
911 4891 1266 4956 manentium,
1287 4889 1484 4944 fortem
1509 4887 1762 4960 quamvis

206 4977 419 5048 ligneam
470 4983 832 5039 munitionem
865 4987 1101 5040 extruxit
1143 4986 1412 5052 ﬁrmoque
1467 4981 1608 5037 vallo
1661 4980 1771 5035 cir-

205 5074 479 5129 cumdedit.
536 5075 675 5130 Inde
723 5081 922 5143 paratis
983 5079 1246 5134 militibus
1325 5075 1417 5144 qui
1471 5069 1771 5130 necessarii

1940 4701 1992 4756 6.
2032 4701 2110 4758 De
2133 4701 2272 4755 obitu
2306 4700 2546 4754 llerluini
2573 4698 2819 4766 episcopi.
2849 4697 3002 4754 Anno
3031 4710 3160 4751 vero
3178 4695 3269 4751 Dei
3288 4695 3456 4750 Chri-

1873 4794 1942 4848 sti
1981 4793 2138 4849 l002°
2165 4793 2396 4847 obeuntc
2439 4790 2695 4856 Otthone,
2719 4790 2861 4845 sicut
2911 4790 3088 4860 primo
3117 4787 3294 4859 capite
3343 4785 3456 4855 ple-

1876 4888 1999 4942 nius
2012 4884 2420 4952 descripsimus,
2444 4881 2715 4937 Henricus
2731 4881 2945 4950 imperii
2972 4879 3184 4937 culmen
3208 4875 3456 4933 sortitur.

1881 4979 1943 5031 Et
1973 4987 2095 5046 post
2121 4973 2437 5028 Silvestrem
2465 4969 2741 5030 Jobannes
2783 4971 2944 5029 Sicco
2972 4968 3256 5026 ecclesiam
3279 4978 3461 5019 susce-

1879 5067 1975 5136 Ρὶιο
2008 5065 2111 5132 Qui
2136 5063 2299 5119 etiam
2335 5073 2456 5134 post
2479 5077 2695 5122 menses
2726 5065 2758 5121 5
2783 5064 2984 5139 etodies
3006 5059 3077 5115 25
3107 5057 3251 5115 diem
3300 5052 3453 5108 obiit.

1509 5200 1740 5260 VARIZE
1784 5194 2185 5254 LECTIONES.

208 5310 232 5370 ζ.
247 5311 306 5344 ⁸⁸⁸
331 5315 565 5370 salutare
604 5316 718 5370 m'a.
