4026 5370
577 222 684 278 ’245

1466 217 1754 278 aerane.
1796 223 1885 278 an
1922 217 2143 277 GESTA
2185 185 2484 278 EPlSCOP.
2525 199 2880 284 camenae:

3721 217 3836 274 ΞΗ

579 339 710 395 item
741 335 1013 393 Iohannes
1035 315 1304 392 Fanassus
1326 337 1465 393 sedit
1485 353 1626 394 anno
1650 339 1672 393 1
1693 347 1746 393 et
1769 339 1929 392 vitam
1953 334 2143 390 finivit.
2175 335 2224 394 Α
2253 351 2411 406 supra
2444 339 2644 394 dictum
2675 348 2777 405 est,
2806 338 2962 393 annis
2995 335 3080 402 11,
3111 335 3387 392 mensibus
3417 335 3503 400 10,
3528 335 3724 390 diebus
3757 336 3832 390 ει

577 427 961 484 Monasterium
993 427 1166 482 sancti
1207 426 1453 498 Gengulli
1481 439 1848 485 consecratur.
1895 427 2020 482 Post
2060 424 2150 483 Jo-

575 521 807 574 haunem
838 519 1078 590 Sergius,
1097 521 1186 590 qui
1217 527 1437 574 vocatur
1466 519 1710 591 Osporci,
1737 520 1876 576 sedit
1901 518 2056 572 annis
2085 519 2141 572 3.

574 609 701 664 lude
745 609 1068 665 Benedictus
1098 609 1236 664 sedit
1286 611 1441 665 annis
1473 611 1557 674 11,
1593 610 1872 666 mensibus
1903 608 1990 674 10,
2034 609 2146 662 die-

574 699 676 754 bus
699 698 788 753 2L
823 699 991 770 Hujus
1019 715 1162 754 anno
1190 697 1282 771 6υ[
1307 697 1398 771 (ἱὺ.
1430 681 1476 764 ιζ
1498 700 1620 770 118)
1645 703 1872 756 domnus
1893 699 2150 754 Eriuinus

575 777 868 860 episcopus
897 800 1018 860 post
1065 790 1263 844 multos
1294 790 1526 857 labores,
1551 799 1678 861 post
1707 802 1760 845 et
1786 789 2147 845 creberrimas

561 897 717 951 quas
761 898 792 936 a
841 881 1086 938 Waltero
1141 881 1250 936 Deo
1283 882 1464 936 odihili
1524 881 1853 946 castellano,
1919 880 2147 936 Walteri

576 977 811 1045 vipereae
869 975 1083 1031 radicis
1125 975 1233 1032 filio
1261 999 1300 1040 ,η
1331 991 1619 1048 perpessus
1691 975 1868 1031 fuerat
1923 973 2146 1029 tribula-

575 1064 790 1133 tiones,
841 1069 1066 1122 tandem
1129 1069 1318 1122 morbo
1397 1077 1674 1136 correptus
1738 1067 1986 1137 lectoque
2053 1068 2148 1121 de-

573 1159 799 1226 cubans,
821 1160 1078 1216 instantis
1109 1160 1452 1215 resolutionis
1484 1174 1595 1214 sure
1630 1169 1840 1230 tempus
1875 1171 1929 1215 et
1959 1161 2148 1215 horam

573 1252 842 1324 migrandi
890 1253 1147 1308 attentius
1179 1251 1594 1321 prestolabatur.
1632 1251 1735 1307 Sed
1781 1251 1998 1312 interim
2028 1266 2152 1321 pre-

561 1345 751 1399 -diclus
779 1345 1024 1400 tirannus
1055 1361 1096 1400 a
1115 1344 1463 1415 malignitatis
1491 1359 1600 1400 sum
1627 1344 1775 1398 rabie
1803 1344 2028 1399 m'nime
2059 1359 2152 1396 va-

573 1436 754 1491 cabat.
778 1436 1018 1491 Audiens
1035 1437 1176 1490 enim
1203 1437 1512 1506 episcopum
1535 1437 1598 1491 ad
1621 1443 1846 1490 mortem
1863 1433 2150 1498 intirmari,

574 1519 733 1580 laetus
754 1534 808 1580 et
838 1525 996 1581 solito
1031 1525 1304 1580 efferatior
1334 1525 1578 1592 effectus,
1613 1526 1804 1580 domos
1827 1525 2150 1580 clericorum

558 1615 880 1687 infringens
921 1617 1464 1688 irrupit,ctqumque
1511 1617 1612 1672 sibi
1655 1617 1848 1688 placita
1904 1616 2146 1684 diripuit.

565 1693 720 1772 :Quin
761 1707 924 1760 etiam
960 1707 1168 1762 stabula
1197 1707 1427 1772 irruens,
1458 1721 1627 1776 equos
1650 1706 1886 1777 episcopi
1934 1706 2150 1774 rapiens

577 1795 821 1850 abduxit.
851 1796 1073 1851 Addidit
1103 1807 1348 1867 preterca
1379 1797 1552 1868 magis
1572 1795 1875 1852 execrabile
1902 1793 2147 1858 facinus;

576 1889 702 1959 quia
733 1905 854 1944 cum
907 1891 1192 1961 deportato
1235 1891 1471 1946 defuncti
1530 1907 1758 1960 corpore
1813 1890 2046 1961 episcopi
2097 1891 2149 1944 in

573 1983 861 2038 ecclesiam
888 1992 1086 2038 sanctze
1119 1983 1300 2038 Mariae
1326 1983 1507 2038 clerici
1535 1995 1589 2038 et
1625 1983 1884 2054 capellani
1911 1999 1976 2038 er
2001 1997 2151 2036 more

579 2074 838 2144 exequias
865 2074 1028 2129 debiti
1081 2072 1285 2128 funeris
1337 2073 1754 2143 exequerentur,
1789 2073 1876 2128 ille
1902 2087 2042 2134 aevo
2073 2073 2152 2124 fu-

576 2165 726 2220 rendi
775 2159 970 2236 genere
1009 2165 1331 2229 stimulatus,
1373 2165 1588 2220 nudatis
1616 2164 1807 2235 gladiis
1859 2177 1952 2219 eos
1987 2177 2148 2236 appe-

577 2267 720 2321 tens,
753 2271 925 2324 usque
981 2256 1046 2310 ad
1105 2256 1273 2311 altare
1325 2255 1534 2328 fugatos
1592 2255 1914 2325 insequitur.
1957 2253 2154 2323 Sicque

573 2361 770 2416 corpus
801 2347 1144 2402 inhumatum
1171 2347 1384 2412 mansit,
1411 2347 1580 2402 donec
1631 2345 1935 2401 Richardus
1983 2344 2152 2400 abbas

559 2441 858 2495 -Attrebato
893 2441 1203 2507 adveniens,
1247 2440 1301 2494 in
1329 2441 1555 2495 ecclesia
1587 2439 1757 2494 sancti
1789 2437 2038 2494 Autherti
2087 2437 2154 2492 ad

559 2531 948 2600 "aquilonarem
982 2533 1196 2603 plagam
1235 2533 1536 2586 tumulavit.
1592 2530 1635 2586 0
1664 2547 1784 2601 qua:
1831 2529 2011 2598 lingua
2047 2539 2151 2584 tam

579 2621 782 2676 diserta
804 2622 1040 2690 cujusvis
1063 2620 1294 2676 oratoris
1320 2624 1496 2688 ctt‘ari,
1520 2621 1738 2689 cujusve
1754 2619 1994 2675 calamus
2019 2619 2155 2674 scri-

579 2710 660 2765 lue
706 2720 812 2765 tam
843 2711 1100 2767 velociter
1141 2711 1428 2766 scribentis
1459 2726 1779 2766 enumerare
1829 2711 2036 2784 possit.
2067 2714 2155 2768 hic

579 2800 852 2856 Walterus
875 2799 1218 2871 ctpatercjus
1239 2801 1308 2832 ⁸⁸⁸
1323 2801 1595 2856 Walterus
1617 2811 1666 2856 et
1691 2816 1855 2872 nepos
1868 2798 1982 2870 ejus
2004 2801 2155 2870 llugo

578 2903 779 2962 quanta
833 2893 970 2948 mala
1005 2893 1234 2949 fecerint
1290 2904 1548 2964 quattuor
1581 2895 1681 2948 sibi
1737 2894 2152 2950 succedentibus

2249 435 2554 490 sacerdotio
2585 435 2822 498 functus,
2873 433 2982 488 vita
3013 432 3267 494 excessit,
3294 439 3348 485 et
3395 429 3671 485 Johannes
3699 445 3834 484 suc-

2249 527 2428 582 cessit.
2447 528 2765 581 Remensem
2779 541 2906 580 vero
2932 524 3238 587 ecclesiam,
3261 519 3832 588 defunctoArnulpho.

2251 605 2481 673 domnus
2530 615 2729 672 Ebalus
2775 615 3033 683 suscepit.
3089 613 3328 667 Domuus
3365 626 3496 666 vero
3552 609 3834 667 Gerardus

2250 724 2394 764 anno
2443 708 2600 770 1οἒ1,
2629 707 2977 778 pontificatus
3005 719 3133 760 vero
3163 704 3243 758 sui
3275 702 3365 766 10,
3389 703 3456 756 ad
3485 701 3696 756 initium
3723 699 3822 754 bo-

2249 815 2439 857 norum
2468 799 2728 860 omnium,
2761 807 2922 864 caput
2954 793 3267 850 monasterii
3304 802 3504 845 sancire
3535 790 3629 845 Dei
3679 789 3832 858 geni-

2251 891 2406 945 tricis
2454 889 2634 942 Marizc
2664 885 2945 942 Cameraci
2973 885 3005 940 8
3031 883 3304 938 Kalendas.
3318 881 3517 950 Aprilis
3543 879 3746 950 ingenti
3773 887 3832 934 et

2250 983 2384 1035 mira
2438 979 2784 1050 apparatione
2828 985 3141 1033 construere
3193 973 3336 1042 cepit
3373 971 3543 1041 (495),
3577 979 3630 1025 et
3682 971 3830 1026 sicut

2249 1072 2512 1128 hactenus
2538 1079 2593 1124 et
2621 1079 2882 1140 perpetuo
2920 1067 3163 1124 cernitur
3189 1064 3578 1121 venustissime
3601 1063 3831 1120 decora.

2251 1171 2373 1216 tum
2391 1161 2649 1222 implevit.
3111 1189 3114 1192 -

2325 1250 2425 1324 [9.
2469 1249 2602 1323 (1b.)
2637 1248 2716 1304 De
2763 1248 2962 1304 saevitia
3017 1245 3241 1302 Walteri
3289 1243 3582 1300 castellani.
3625 1239 3830 1298 Verum

2253 1341 2472 1396 interim
2503 1339 2727 1395 Walteri
2757 1339 2990 1402 malitia,
3010 1351 3170 1408 quam
3200 1337 3252 1391 in
3275 1337 3464 1390 diebus
3490 1332 3696 1388 Erluini
3719 1332 3836 1402 epi-

2252 1435 2414 1504 scopi
2433 1441 2753 1490 exereuerat
2772 1473 2785 1497 ,
2813 1441 3154 1501 nequaquam
3189 1427 3552 1492 minuebatur,
3581 1424 3677 1482 sed
3707 1438 3830 1478 ma-

2248 1529 2457 1600 joribus
2493 1535 2656 1596 atque
2701 1509 3042 1596 gravioribus
3067 1521 3286 1592 ﬂagitiis
3316 1521 3594 1584 insistens,
3645 1515 3832 1571 rabies

2253 1622 2370 1690 ejus
2404 1621 2455 1676 in
2486 1621 2600 1676 dies
2629 1617 2946 1688 augebatur.
2979 1617 3053 1672 De
3077 1629 3183 1684 quo
3209 1613 3458 1684 quamvis
3485 1610 3684 1666 taedeat
3727 1623 3842 1664 nos.

2254 1711 2488 1781 aliquam
2517 1711 2710 1766 iterum
2738 1708 3061 1764 mentionem
3089 1705 3291 1770 facere,
3315 1705 3439 1772 quia
3471 1712 3558 1758 tot
3573 1711 3629 1757 et
3673 1709 3827 1754 tanta

2253 1801 2473 1869 “i'ejus
2519 1801 2762 1855 existunt
2792 1797 3022 1860 scelera,
3047 1804 3109 1850 ut
3153 1794 3196 1848 si
3243 1793 3573 1855 scribantur,
3601 1788 3832 1860 proprio

2254 1903 2447 1965 egeant
2470 1881 2684 1956 codice;
2718 1899 2898 1944 tamen
2929 1887 3058 1957 quin
3083 1886 3150 1941 de
3173 1900 3238 1941 eo
3255 1883 3456 1954 aliquid
3479 1881 3558 1938 vel
3591 1881 3834 1936 breviter

2256 1970 2490 2049 dicatur,
2513 1983 2763 2039 nolumus
2787 1979 3088 2051 praeterire,
3115 1993 3222 2047 quo
3253 1977 3461 2031 scilicet
3481 1975 3692 2042 domno
3717 1973 3832 2042 epi-

2255 2094 2420 2150 scopo
2461 2079 2513 2132 in
2563 2075 2850 2132 vexatione
2903 2081 3053 2126 tanta
3098 2087 3126 2124 a
3165 2069 3403 2139 maligno
3448 2067 3604 2122 hoste
3643 2073 3832 2135 pateat

2256 2172 2494 2227 animum
2521 2183 2625 2224 non
2656 2167 2896 2223 defuisse
2924 2165 3018 2234 (ib.
3045 2163 3160 2234 59),
3189 2172 3238 2216 et
3261 2161 3487 2232 probata
3513 2160 3687 2213 virtus
3717 2157 3832 2224 ejus

2253 2261 2525 2334 patientitc
2569 2259 2944 2330 aequanimiter
2997 2263 3188 2310 cuncta
3240 2253 3419 2308 ferens
3473 2241 3828 2304 admirationi

2256 2353 2504 2409 omnibus
2525 2355 2577 2404 et
2597 2346 3045 2418 exemplo‘possit
3076 2343 3285 2398 haberi.
3318 2341 3451 2394 Nam
3479 2347 3602 2410 post
3643 2337 3829 2393 civiles

2257 2443 2567 2502 seditiones,
2591 2447 2717 2510 post
2739 2437 3008 2498 incendia,
3034 2442 3155 2504 post
3185 2433 3421 2503 rapinas,
3441 2439 3564 2500 post
3589 2430 3830 2483 incarceé

2257 2531 2497 2586 rationes
2533 2529 2732 2584 civium
2761 2537 2816 2582 et
2863 2541 3180 2596 pauperum,
3209 2539 3328 2592 quae
3361 2521 3441 2575 vel
3489 2519 3718 2574 absente
3747 2517 3832 2572 vel

2257 2629 2520 2691 prmsente
2555 2619 2810 2690 episcopo
2862 2617 3107 2670 tirannus
3167 2613 3255 2668 ille
3301 2617 3543 2682 patrarat
3574 2649 3588 2673 ,
3621 2621 3750 2663 cum
3801 2621 3830 2658 a

2257 2708 2570 2767 domesticis
2605 2718 2659 2763 et
2685 2707 2929 2777 paribus,
2953 2704 3242 2774 aliquando
3291 2715 3420 2756 vero
3447 2698 3517 2753 ab
3549 2694 3836 2751 extraneis

2255 2799 2588 2871 potentibus,
2613 2798 2743 2869 quin
2780 2796 2944 2851 etiam
2999 2794 3067 2848 ab
3111 2791 3452 2861 imperatoris
3495 2786 3566 2820 ³⁸⁸
3614 2785 3834 2855 legatis,

2257 2909 2390 2965 quos
2427 2888 2880 2962 conquerentibus
2905 2893 3120 2956 petente
3143 2885 3400 2954 episcopo
3421 2883 3728 2950 imperator
3762 2877 3834 2932 ad

579 2982 1359 3054 episcopis,,scilicctErluino,
1391 2981 1652 3048 Gerardo,
1681 2981 1956 3038 Lietberto
1988 2991 2150 3052 atque

2258 2988 2701 3061 compescendam
2723 2986 2839 3057 ejus
2851 2983 3125 3038 vesaniam
3141 2980 3268 3034 illuc
3289 2980 3560 3034 direxerat
3573 2974 3839 3045 frequen-

2604 3080 2615 3082 -
2731 3077 2763 3082 __
2942 3075 2974 3082 ..
3353 3077 3364 3082 _
3613 3063 3670 3082 ω
3700 3081 3711 3082 ,
3745 3061 3833 3082 ε..-

575 3072 838 3129 Gerardo.
869 3073 973 3129 Sed
1004 3074 1068 3128 de
1115 3073 1198 3129 his
1249 3073 1389 3128 dicta
1439 3073 1737 3138 sufliciant;
1790 3075 1880 3144 qui
1937 3074 2150 3143 plenius

585 3179 744 3221 nosse
781 3165 950 3233 cupit.
982 3165 1034 3218 in
1076 3164 1241 3235 gestis
1269 3179 1454 3220 eorum
1499 3165 1740 3235 reperire
1783 3165 1956 3235 quibit
1987 3180 2003 3218 :
2033 3181 2148 3232 nos,

583 3258 832 3313 brevitati
858 3247 1155 3322 studentes,
1180 3256 1280 3311 alia
1312 3272 1561 3326 promere
1583 3273 1855 3313 curamus.

647 3351 701 3403 ~7.
720 3347 838 3422 [(V.
867 3347 1124 3419 Lietb.2.)
1139 3347 1216 3401 De
1238 3347 1427 3402 domno
1452 3346 1686 3403 Gerardo
1707 3350 1962 3420 episcopo.
1989 3347 2156 3419 Igitur

583 3445 880 3513 imperator
907 3439 1193 3504 Henricus,
1228 3455 1388 3510 quem
1415 3441 1614 3495 Othoni
1639 3442 1968 3496 successisse
1991 3457 2151 3510 supra

584 3522 842 3594 diximus,
862 3523 1086 3584 audiens
1107 3529 1308 3584 obiisse
1333 3529 1649 3584 llerluinum
1676 3530 2009 3600 episcopmn,
2033 3545 2160 3585 suo-

585 3637 704 3674 rum
735 3633 864 3674 usus
891 3617 1136 3681 consilio,
1167 3617 1409 3672 Gerardo
1457 3633 1556 3673 suo
1607 3620 1908 3686 capellano,
1948 3619 2154 3674 Letha-

586 3709 845 3764 riensium
897 3715 1070 3776 atque
1103 3707 1442 3763 Carlensinm
1505 3709 1820 3778 parentibus
1877 3711 2022 3764 edito
2052 3752 2066 3774 .
2097 3725 2156 3766 se

587 3802 798 3858 facilem
829 3798 1056 3852 libenter
1085 3799 1312 3869 praebuit
1340 3815 1500 3867 super
1528 3799 1803 3856 electione
1824 3799 1890 3855 de
1919 3814 1984 3855 eo
2014 3800 2154 3855 facta

584 3893 994 3949 CameraCensis
1018 3889 1272 3962 episcopii
1322 3889 1420 3957 Qui
1447 3899 1500 3945 et
1540 3891 1898 3960 episcopalem
1925 3893 2152 3947 benedi-

589 3985 825 4040 ctionem
851 3985 882 4040 5
903 3983 1168 4039 Kalendas
1211 3980 1330 4035 Maii
1356 3979 1579 4050 adeptus
1619 3989 1721 4036 est.
1747 3980 1948 4035 Factus
1976 3981 2159 4050 itaque

563 4075 850 4146 pontifex,
877 4090 1037 4146 quam
1070 4082 1255 4128 sancte
1279 4071 1492 4136 vixerit,
1523 4085 1682 4141 quam
1707 4072 1967 4126 canonice
1987 4071 2160 4126 cccle-

567 4169 724 4222 siam
778 4167 879 4222 sibi
937 4163 1280 4220 commissam
1341 4163 1580 4226 rexerit,
1615 4171 1780 4218 testes
1821 4171 1948 4218 sunt
1991 4178 2158 4219 sacrte

566 4255 865 4328 religionis
886 4255 1132 4310 homines
1159 4251 1505 4330 (499),}estes
1526 4253 1844 4308 instauratio
1873 4261 1926 4307 et
1955 4262 2132 4308 restau
2147 4285 2160 4296 -

2259 3094 2340 3138 ter
2367 3097 2466 3151 pro
2497 3077 2797 3149 nephandis
2840 3075 3062 3129 ausibus
3119 3077 3437 3141 argueretur
3489 3065 3584 3135 (ib.
3613 3063 3712 3133 2):
3745 3061 3840 3118 ille

2257 3174 2436 3228 subit-0
2463 3170 2736 3241 quandam
2787 3165 3186 3222 simulationem
3241 3171 3546 3222 assumens,
3595 3153 3838 3224 speciem

2259 3267 2399 3321 ﬁctae
2431 3258 2790 3318 correctionis
2815 3255 3218 3320 prtetcndebat;
3249 3251 3433 3318 sicque
3459 3244 3687 3318 gratiam
3711 3243 3838 3314 cpi-

2259 3355 2406 3426 scopi
2435 3367 2692 3416 exorans,
2717 3347 2998 3404 obsidibus
3027 3343 3191 3408 datis,
3210 3337 3533 3426 iuramentis
3568 3333 3740 3426 factis
3767 3333 3844 3388 de

2259 3425 2627 3502 conservanda
2661 3454 2816 3512 pace,
2837 3437 3062 3493 veniam.
3103 3429 3446 3503 impetrabat.
3475 3425 3583 3481 Sed
3615 3437 3740 3478 mox
3773 3429 3844 3512 ne

2257 3534 2544 3592 exercendi
2569 3509 2710 3588 soli—ti
2737 3528 2934 3584 furoris
2957 3523 3172 3580 occasio
3195 3520 3378 3577 oblata
3401 3515 3618 3578 fuisset,
3647 3509 3838 3567 omnia

2257 3625 2522 3696 promissa
2556 3622 2717 3678 citius
2741 3617 3009 3675 adnullata
3033 3609 3458 3682 dissipabantur,
3483 3611 3538 3660 et
3575 3602 3631 3658 in
3681 3600 3840 3664 dete-

2257 3719 2403 3774 riora
2429 3716 2570 3770 faeta
2596 3710 2916 3780 erumpebat
2943 3707 3034 3778 (ib.
3057 3701 3158 3774 5).]

2327 3807 2416 3863 10.
2454 3805 2532 3860 De
2552 3802 2780 3858 ecclesiis
2807 3817 2838 3853 α
2875 3799 3064 3853 domno
3099 3791 3338 3848 Germ-do
3373 3784 3707 3843 constructis.
3731 3780 3844 3836 Sed

2263 3898 2407 3953 inter
2431 3897 2547 3952 huic
2576 3894 2807 3949 adversa
2856 3905 3011 3946 mens
3055 3884 3292 3957 episcopi
3351 3882 3490 3936 bene
3541 3875 3762 3932 conscia
3809 3886 3842 3925 a

2263 3997 2408 4044 statu
2462 3983 2805 4042 rectitudinis
2833 3991 2888 4036 et
2926 3981 2994 4034 ab
3019 3977 3324 4032 intentione
3367 3984 3510 4026 verm
3559 3963 3844 4036 religionis

2269 4080 2418 4135 nullo
2441 4079 2602 4133 modo
2626 4073 2782 4144 dejici
2811 4079 3042 4144 poterat;
3057 4070 3164 4123 imo
3187 4069 3238 4120 in
3261 4058 3644 4120 construendis
3659 4068 3845 4110 caeno-

2262 4172 2368 4228 biis
2391 4180 2448 4225 et
2463 4143 2778 4238 reparandis
2803 4143 3114 4218 sanctorum
3137 4155 3384 4214 ecclesiis
3414 4149 3676 4208 continuo
3709 4143 3844 4200 aﬂ‘e-

2265 4272 2352 4316 ctu
2379 4259 2682 4315 insistebat.
2717 4253 2834 4326 [(V.
2861 4251 3026 4306 Lietb.
3049 4249 3130 4318 2.)
3159 4245 3309 4312 Quod
3336 4241 3553 4312 quidem
3576 4239 3846 4326 monstrat

583 4351 724 4405 ratio
751 4349 1037 4404 domorum
1061 4355 1262 4400 sancta:
1293 4345 1483 4400 matris
1513 4345 1776 4400 ecclesia.
1806 4344 1947 4400 Ecce
1973 4346 2156 4400 videas
2188 4371 2238 4430 Β
2265 4347 2680 4406 Cameracensis
2707 4322 2862 4398 sedes
2903 4353 3006 4409 ope
3045 4335 3332 4402 stmlioque
3371 4330 3542 4430 ipsius
3585 4322 3846 4430 nobiliter

587 4439 861 4492 lucernam
897 4451 1058 4506 super
1090 4433 1472 4490 candelabrum
1501 4435 1732 4504 positam
1767 4435 1818 4488 in
1861 4435 2020 4490 domo
2049 4435 2157 4490 Do-
2188 4411 2236 4430 ν
2269 4441 2544 4503 decorata,
2575 4451 2678 4490 nec
2702 4449 2807 4488 non
2837 4432 2892 4486 in
2917 4429 3092 4499 capite
3113 4425 3257 4481 aedis
3285 4419 3524 4490 ejusdem
3553 4411 3848 4484 pontifica-

583 4526 714 4578 ῐηίηῑ
751 4521 1054 4594 ερῖθηάθτθ,
1091 4534 1146 4579 el
1173 4524 1324 4580 radio
1357 4524 1475 4592 eius
1499 4539 1716 4579 omnem
1739 4524 1998 4594 cpiscopii
2042 4523 2156 4593 pie—
2268 4532 2393 4586 liter
2419 4527 2688 4590 exaltata;
2721 4531 2951 4578 testatur
3000 4517 3401 4572 Attrebatcnsts
3435 4506 3694 4569 ecclesia,
3725 4509 3850 4574 post

585 4615 708 4669 bern
741 4612 1062 4667 illustratam
1087 4613 1341 4684 gaudere.
1373 4603 1459 4684 (Ο.
1490 4631 1570 4683 ep.
1593 4613 1742 4668 Cam.
1776 4614 1947 4684 ιιι,1.)
1975 4613 2151 4669 Scien-

2269 4617 2749 4688 conilagrationem
2775 4611 3012 4667 cmlestis
3035 4606 3271 4662 incendii
3301 4617 3397 4674 per
3419 4595 3672 4656 enrindem
3709 4609 3848 4665 pon-

565 4704 716 4758 -dum
764 4711 946 4758 autem
973 4704 1040 4758 de
1067 4718 1153 4769 eo,
1180 4706 1322 4773 quod
1351 4703 1548 4760 Albero
1578 4705 1646 4737 ³⁸³
1691 4705 2039 4760 Remensium
2071 4721 2151 4759 ar-

2267 4709 2466 4766 tificem
2501 4705 2694 4760 melius
2715 4699 3101 4771 pulchr-iusque
3125 4707 3290 4764 quam
3315 4691 3492 4746 fuerat
3512 4691 3848 4742 restaurata.

563 4795 965 4865 -cllicpiscopus
1021 4811 1247 4864 puerum
1295 4812 1394 4866 pro
1448 4797 1920 4867 consanguinitate
1976 4811 2162 4850 secum
2271 4802 2426 4856 Patet
2455 4799 2621 4855 etiam
2651 4797 2754 4850 hoc
2802 4809 2872 4848 ex
2919 4790 3272 4846 Florenorum
3334 4780 3527 4837 illustri
3571 4775 3852 4835 coenobio.

585 4885 948 4955 permissione
977 4893 1262 4954 parentum
1299 4887 1544 4952 abduxit,
1569 4897 1626 4943 ct
1645 4888 1746 4943 sub
1768 4887 1952 4958 regula
1993 4903 2160 4943 cano-
2269 4891 2415 4962 quod
2447 4890 2562 4960 ipse
2601 4894 2788 4955 utpote
2824 4882 2972 4938 claro
3001 4891 3200 4948 genere
3232 4875 3356 4929 inde
3397 4868 3852 4962 oriundus-erat,

585 4953 710 5030 nica
737 4953 1022 5047 degentem
1049 4974 1390 5032 familiariter
1414 4976 1732 5049 educavit.]
1832 4953 1856 4958 ⁷
2271 4953 2325 5037 in
2365 4953 2624 5035 ben-orem
2665 4953 2769 5028 τι)θί
2797 4979 2854 5026 et
2883 4966 3198 5024 memoriam
3235 4961 3408 5019 saneti
3453 4955 3724 5049 Johannis
3753 4953 3857 5008 ba-

653 5068 708 5123 8.
749 5045 828 5123 De
856 5065 1074 5122 ecclesia
1104 5076 1302 5122 rancus
1328 5069 1534 5124 Mat-iw.
1559 5045 1888 5128 Benedictus
1912 5088 2072 5142 papa,
2104 5087 2151 5128 ut

2271 5074 2450 5144 ptistre
2471 5065 2780 5138 sumptibus
2803 5062 2918 5118 suis
2944 5056 3254 5116 construxit
3298 5049 3652 5125 paternisque
3682 5045 3862 5100 haere-

1837 5243 1840 5246 .
1867 5187 1952 5240 VA
1961 5187 2100 5244 ῐὶΙιΕ
2135 5182 2535 5244 LECTIONES.

655 5296 724 5326 ³⁶’
755 5294 907 5363 cuius
933 5310 1048 5362 ιορο
1126 5291 1196 5323 ³⁸³
1243 5291 1466 5346 Alberto
1497 5309 1618 5361 cap.
1687 5296 1756 5326 ³⁸⁵
1781 5306 1980 5365 quanta
2035 5313 2149 5366 cap.
2225 5297 2298 5329 ³⁸⁸
2333 5291 2750 5363 imperatoribus
2773 5304 2887 5354 cap.
