4026 5370
218 171 361 231 2‘5

1007 173 1328 231 canorus.
1368 175 1426 230 s.
1469 173 1772 231 ANDBEAE
1803 170 2051 230 casm
2085 137 2776 231 CAMERACESll.—LIB.
2812 174 2854 230 1.

3419 177 3532 238 216

251 287 536 344 ditatibus
569 287 781 346 ditavit.
811 288 831 362 ]
863 287 1004 357 Quid
1048 289 1114 344 de
1158 289 1278 345 aliis
1302 288 1588 352 coenobiis,
1613 288 1742 359 quid
1783 287 1850 342 de
1877 291 1926 352 Α
1955 286 2234 342 brachium
2261 290 2780 358 cognominabatur;
2805 305 2834 346 a
2869 307 2976 364 quo
3018 295 3181 351 etiam
3231 275 3526 358 Heriwardi

253 376 567 448 Haricolis,
597 381 730 452 quid
756 382 822 437 de
850 381 987 436 cella
1023 382 1197 436 sancti
1227 380 1456 446 Gisleni,
1479 381 1606 451 quid
1636 383 1701 437 de
1729 381 1852 436 Alto

250 470 443 527 Monte
482 472 858 540 referendum,
892 474 981 528 ubi
1007 473 1120 544 jam
1164 473 1373 545 lapsum
1403 482 1460 529 et
1507 473 1573 527 ad
1615 472 1851 528 lubricos

247 564 588 621 clericorum
621 583 753 622 usus
782 568 1088 623 devolutum
1126 567 1496 624 monachalem
1524 568 1768 624 ordinem
1795 568 1848 622 in

250 658 504 725 pristina:
555 660 836 731 religionis
885 676 1128 716 normam
1179 661 1420 717 studiose
1465 663 1762 732 reparavit,
1793 669 1849 717 et

248 758 561 804 sectatores
590 749 858 806 bonorum
882 767 1102 824 Operam
1125 753 1352 809 abhates
1380 754 1614 825 regulari
1631 755 1848 810 tramite

249 839 381 895 inibi
414 841 698 896 instituit?
731 842 836 898 Sed
865 844 1054 900 borum
1085 846 1328 900 narratio
1355 860 1511 901 suum
1562 855 1745 900 teneat
1768 846 1845 900 lo-

247 946 407 1000 cum;
442 949 547 988 nos
573 945 783 1001 autem,
815 939 953 991 sicut
981 938 1033 992 in
1066 938 1241 1007 prima
1279 937 1456 994 fronte
1486 936 1644 1007 hujus
1665 939 1846 1008 operis

247 1025 666 1092 proposuimus,
697 1028 764 1080 ad
797 1030 1097 1083 enarranda
1133 1029 1371 1099 quolibet
1405 1031 1566 1086 modo
1601 1030 1844 1087 ecclesia:

245 1124 458 1170 nostra:
485 1117 792 1185 primordia
820 1119 1074 1189 deinceps
1093 1121 1258 1176 verba
1291 1131 1594 1178 vertamus.

316 1204 406 1260 ll.
457 1205 615 1272 Quod
654 1209 878 1264 domnus
935 1208 1204 1267 Gerardus
1260 1215 1449 1266 turrim
1491 1213 1650 1284 hujus
1703 1213 1843 1270 villa:

242 1300 572 1352 construxit.
622 1301 870 1355 Diximus
897 1302 952 1356 in
985 1301 1197 1372 primis,
1221 1303 1529 1374 episcopum
1561 1305 1839 1360 Erluinttm

241 1385 310 1440 ad
343 1389 701 1458 repellendas
749 1401 1024 1462 raptorum
1067 1395 1441 1453 infestationes
1483 1399 1536 1452 in
1571 1398 1692 1466 hac,
1723 1414 1842 1470 quae

241 1485 375 1533 tunc
437 1489 534 1535 aut
566 1480 713 1535 nulla
745 1491 837 1536 aut
867 1497 1032 1552 parva
1057 1484 1238 1540 villula
1264 1494 1400 1550 erat,
1429 1488 1614 1543 locum
1656 1489 1837 1544 muni-

243 1576 380 1632 tum,
408 1568 469 1623 id
513 1581 598 1626 est
624 1571 838 1628 Novum
879 1573 1154 1640 Castrum,
1194 1577 1370 1646 primo
1423 1579 1748 1645 condidisse,
1774 1597 1838 1637 ac

1957 377 2122 432 Vallis
2151 389 2512 449 nuncupatur.
2561 378 2727 451 Cujus
2777 384 2985 440 mansio
3036 387 3172 458 apud
3220 387 3524 446 Basuellum

1953 467 2103 536 (494)
2134 483 2293 539 quam
2320 469 2482 523 fuerit
2512 469 2686 536 fortis,
2717 487 2783 527 ex
2817 472 2988 543 ipsius
3039 477 3145 530 situ
3200 477 3300 534 loci
3342 480 3520 536 adhuc

1951 561 2110 614 facile
2139 571 2315 630 potest
2343 563 2581 632 agnosci.
2623 563 2722 629 Qui
2751 581 2872 622 cum
2901 567 3080 624 multis
3109 571 3252 626 circa
3281 587 3339 627 se
3363 572 3524 626 diﬂ‘u-

1950 650 2026 705 sis
2055 663 2119 703 ex
2146 653 2516 722 paternojure
2553 654 2780 722 polleret
2819 657 3036 722 alodiis,
3080 660 3454 731 interpellatus
3494 679 3524 716 a

1951 741 2149 796 domno
2173 743 2450 814 episcopo,
2482 747 2678 816 partim
2708 764 2805 818 pro
2835 749 3013 819 aliqua
3046 750 3187 807 facta
3220 762 3522 808 commata.

1951 836 2114 900 tione,
2151 837 2384 892 maxime
2409 848 2591 892 autem
2625 853 2724 909 pro
2755 842 2935 896 anima
2988 858 3083 898 sua
3133 853 3187 900 ct
3236 855 3522 915 parentum

1947 941 2170 981 suorum
2195 940 2404 981 necnon
2444 937 2498 982 et
2533 928 2625 983 ﬁlii
2653 931 2734 985 sui
2779 929 3042 988 Hervardi
3083 943 3138 989 et
3181 936 3392 1006 nepotis
3437 937 3523 992 sui

1946 1017 2263 1086 Fulcbonis,
2288 1019 2521 1074 alodium
2555 1023 2620 1077 de
2652 1022 2968 1080 Theoderici
3005 1036 3208 1093 monte,
3245 1028 3311 1083 de
3336 1027 3525 1084 Watc-

1945 1109 2082 1166 neiis
2110 1110 2200 1177 “',
2230 1113 2359 1181 qttin
2388 1113 2549 1167 etiam
2586 1123 2784 1170 terram
2809 1117 2949 1172 hanc
2998 1127 3052 1173 et
3104 1119 3278 1176 locum
3321 1131 3522 1179 ηοειηδε

1943 1199 2297 1256 habitationis
2328 1210 2380 1256 et
2409 1202 2648 1258 culturas
2693 1204 2760 1260 de
2813 1203 2946 1262 foris
2985 1210 3332 1266 contradidit.
3368 1211 3521 1268 Tunc

1944 1293 2174 1350 domnus
2208 1296 2494 1367 episcopus
2516 1299 2623 1352 voti
2670 1311 2894 1370 compos
2929 1299 3170 1368 effectus,
3203 1303 3345 1359 sicut
3368 1304 3519 1374 prius

1943 1383 2126 1438 animo
2149 1395 2489 1455 conceperat,
2516 1388 2814 1443 oratorium
2844 1389 2897 1445 in
2926 1390 3184 1447 honorem
3205 1394 3379 1449 sancti
3408 1395 3518 1448 An-

1942 1477 2087 1532 drczc
2117 1477 2343 1546 apostoli
2375 1481 2608 1536 etamici
2642 1480 2758 1548 Dei,
2792 1483 2876 1538 cui
2903 1499 2961 1540 se
3004 1499 3116 1552 prie
3157 1487 3368 1541 cazteris
3394 1501 3518 1542 san-

1941 1569 2044 1624 ctis
2069 1571 2485 1626 commendabat
2514 1575 2793 1640 attentius,
2823 1574 3024 1632 efﬁcaci
3064 1575 3245 1632 studio
3269 1587 3516 1633 constru-

242 1668 341 1724 per
370 1656 483 1713 hoc
535 1658 728 1716 incolis
761 1662 926 1717 totius
957 1665 1248 1732 provinciae
1273 1682 1462 1738 pacem
1493 1678 1548 1724 et
1598 1669 1828 1740 quietem

1941 1660 2042 1724 xit,
2074 1670 2128 1716 et
2153 1661 2343 1732 viginti
2370 1673 2604 1735 quatuor
2645 1667 2941 1723 monachos
2989 1668 3186 1726 ibidem
3235 1670 3334 1724 sub
3358 1684 3515 1724 sacra

242 1759 348 1799 non
375 1747 655 1804 modicam
677 1752 1054 1821 acquisivisse.
1091 1755 1284 1812 Postea
1311 1774 1439 1814 vero
1468 1759 1702 1816 domnus
1730 1761 1836 1818 Ge-

243 1837 446 1893 ra-rlus
473 1855 764 1898 successor
784 1842 921 1912 ejus,
940 1847 1296 1905 considerans
1318 1852 1418 1905 hoc
1441 1851 1616 1921 ipsum
1635 1855 1836 1924 proba-

243 1925 338 1979 bili
359 1937 417 1980 et
446 1932 759 1987 necessaria
789 1933 1128 1993 factumesse
1167 1939 1454 2008 industria,
1486 1943 1601 2014 ipse
1621 1961 1835 2016 quoque

243 2019 536 2092 diligenter
564 2029 844 2084 custodire
869 2038 924 2086 et
954 2031 1006 2086 in
1037 2032 1295 2103 majorem
1319 2044 1520 2091 statum
1542 2039 1833 2111 episcopali

244 2114 591 2180 providentia
624 2121 833 2176 studuit
859 2137 1076 2191 augere.
1104 2124 1238 2180 Nam
1277 2137 1399 2198 post
1428 2129 1634 2201 aliquot
1661 2149 1834 2190 annos

245 2205 491 2271 predicta
517 2207 692 2279 lignea
739 2212 901 2268 domo
927 2215 1170 2285 depulsa,
1202 2220 1394 2274 turrim
1436 2222 1704 2279 excelsam
1751 2224 1833 2281 la.

246 2294 368 2363 pide
387 2299 678 2366 quadrato,
704 2317 875 2372 usque
896 2304 1056 2362 hodie
1081 2307 1221 2365 sicut
1249 2312 1491 2368 cernitur
1509 2330 1832 2384 permanen-

249 2394 379 2450 tem,
401 2401 510 2442 non
533 2389 654 2448 sine
685 2394 984 2465 majoribus
1008 2400 1262 2468 expensis
1291 2403 1488 2460 ibidem
1520 2407 1828 2465 tedilicavit.

247 2474 471 2548 Insuper
494 2489 549 2535 et
579 2497 802 2540 causam
849 2488 1167 2547 intentionis
1195 2509 1307 2549 sua:
1341 2497 1584 2568 tantique
1629 2499 1832 2556 laboris

249 2567 303 2621 in
340 2584 449 2622 una
481 2574 675 2642 grandi
715 2574 894 2645 lapide
933 2581 1083 2636 'muri
1118 2581 1291 2652 ips-ius
1336 2567 1586 2645 formatis
1635 2590 1832 2648 litteris

1938 1751 2200 1821 religione
2250 1762 2304 1809 et
2351 1755 2583 1826 regulari
2635 1773 2821 1812 norma
2867 1759 3164 1816 servituros
3219 1759 3514 1832 delegavit,

1937 1842 2274 1916 fratremque
2299 1861 2455 1901 suum
2486 1847 2744 1903 domnum
2773 1849 3075 1918 Elbertum,
3133 1851 3258 1907 vitae
3296 1865 3518 1907 venera-

1937 1935 2278 2006 bilis-virum,
2303 1940 2654 1997 abbatem'eis
2681 1941 2906 2012 prefecit
2931 1932 3100 2015 (495).

2007 2029 2105 2083 Νι
2139 2029 2217 2086 De
2268 2033 2556 2102 nephandis
2604 2033 2924 2103 factionibus
2955 2035 3177 2091 Walteri
3218 2038 3506 2093 castellani.

1934 2118 2114 2191 Cogor
2162 2136 2264 2192 per
2311 2123 2554 2193 singulas
2599 2141 2738 2193 pene
2788 2126 2948 2196 hujus
2992 2129 3175 2198 operis
3218 2130 3516 2184 sententias

1933 2210 2167 2268 Walteri
2194 2215 2522 2270 mentionem
2553 2227 2815 2286 repetere,
2851 2217 2976 2287 quia
3010 2219 3080 2272 ita
3115 2219 3514 2288 quodammodo

1933 2303 2264 2359 narrationis
2289 2303 2422 2360 ordo
2441 2305 2656 2361 videtur
2681 2307 2916 2377 exigere.
2945 2307 3126 2362 Donec
3169 2308 3313 2364 enim
3363 2309 3514 2362 dom-

1933 2411 2035 2450 nus
2065 2397 2350 2466 episcopus
2370 2398 2695 2466 supradictis
2739 2407 2791 2454 et
2825 2399 2945 2454 aliis
2979 2401 3242 2455 bonorum
3285 2415 3510 2456 oocrum

1933 2485 2212 2542 exercitiis
2240 2487 2551 2554 insudabat,
2575 2487 2661 2542 ille
2692 2503 2894 2544 vesano
2927 2489 3117 2560 spiritu
3149 2489 3384 2560 agitatus
3412 2503 3512 2544 nec

1933 2593 2226 2649 parumper
2259 2594 2288 2634 a
2321 2579 2674 2650 malignitatis
2704 2596 2814 2636 suze
2841 2581 3320 2638 debachationibus
3353 2595 3506 2636 vaca-

1769 2687 1831 2724 ;n'
1932 2668 2043 2724 bat.

250 2857 362 2896 nent
403 2855 452 2898 et
486 2847 744 2918 refug‘um
773 2867 1082 2922 pauperum.
1111 2856 1284 2924 Quam
1313 2865 1406 2932 qui
1428 2867 1496 2918 ad
1522 2867 1619 2921 hoc
1643 2885 1825 2923 serva-

2005 2760 2212 2834 [(Gcsta
2234 2779 2314 2834 cp.
2345 2761 2687 2835 Cam.111,2.)
2715 2764 3054 2838 Quapmpter
3080 2765 3275 2836 saepius
3297 2766 3364 2820 ab
3395 2767 3514 2836 epi-

1931 2873 2096 2930 scopo
2118 2869 2174 2915 et
2200 2860 2267 2914 ab
2304 2861 2676 2929 imperialibus
2702 2861 2894 2931 legatis
2922 2864 3229 2918 admonitus
3275 2863 3510 2932 impera-

245 2934 393 2999 verit,
428 2935 864 3004 benedictionem,
899 2946 990 3015 qui
1021 2958 1195 3003 autent
1242 2952 1399 3007 aliter
1445 2956 1646 3027 fecerit,
1675 2973 1824 3017 ceter-
1853 2977 1898 3040 ο
1933 2949 2065 3004 loris
2086 2951 2294 3004 curiam
2327 2951 2500 3016 adire:
2534 2949 2622 3005 ille
2648 2951 2887 3022 CllleSVis
2933 2953 3274 3021 ντίειειιάθηε
3320 2965 3506 3005 casm“

247 3042 365 3083 nam
406 3037 630 3104 accipiat
653 3043 1088 3102 ntaledictionem.

313 3118 413 3215 12.⁸
460 3121 616 3187 Quod
665 3130 936 3187 ecclesiam
992 3138 1129 3192 hanc
1187 3141 1452 3210 tediﬂcare
1503 3147 1821 3215 cogitaverit.

248 3204 374 3303 Post
401 3212 517 3269 haec
550 3218 832 3277 meditatio
859 3226 1039 3281 cordis
1073 3225 1188 3297 ejus
1233 3245 1262 3284 a
1292 3204 1601 3303 conspectu
1631 3237 1824 3292 divinae

246 3299 464 3366 pietatis
491 3309 556 3360 ad
580 3309 682 3366 hoc
708 3314 973 3385 inspirata
995 3329 1101 3383 est,
1130 3330 1188 3376 ut
1211 3323 1335 3392 quia
1366 3336 1552 3380 contra
1583 3328 1820 3385 visibiles

248 3395 430 3452 hostes
459 3399 652 3455 domus
690 3404 885 3476 refugii
937 3412 1248 3480 temporalis
1295 3425 1606 3472 constructa
1653 3429 1818 3488 esset,

247 3485 406 3539 etiam
455 3499 644 3545 contra
706 3493 1055 3554 invisibilium
1115 3505 1381 3573 nequitias
1433 3507 1718 3577 spirituum
1766 3485 1821 3567 et

243 3578 515 3648 principes
548 3585 896 3643 tenebrarum
933 3591 1102 3648 altera
1136 3596 1328 3653 domus
1366 3600 1662 3668 spiritualis
1700 3603 1817 3658 exi-

247 3670 364 3726 miis
388 3675 603 3741 quidem
639 3677 908 3748 lapidibus
951 3699 1117 3754 prope
1164 3687 1422 3744 mdilicari
1467 3691 1717 3759 deberet;
1763 3695 1816 3750 in

245 3774 343 3828 qua
374 3765 625 3822 custodes
647 3783 713 3824 ac
734 3770 925 3841 vigiles
948 3774 1082 3831 tales
1113 3776 1442 3846 habitarent,
1472 3782 1563 3852 qui
1587 3792 1817 3857 utroque

243 3861 481 3925 tempore
509 3857 613 3914 diei
648 3870 702 3915 et
731 3865 908 3919 noctis
951 3867 1117 3922 Deum
1169 3869 1223 3924 in
1275 3872 1469 3929 saecula
1501 3874 1812 3946 laudarent;

243 3953 293 3999 et
320 3948 458 4003 sicut
488 3950 574 4005 illa
599 3956 866 4021 protectio
898 3973 1186 4028 corporum
1231 3972 1286 4018 et
1337 3980 1520 4022 rerum
1546 3971 1815 4038 peritura-

242 4050 373 4104 rum,
408 4039 483 4093 ita
516 4041 616 4096 ista
646 4045 960 4114 praesidium
1009 4049 1162 4106 fieret
1203 4053 1508 4110 animarum
1536 4074 1811 4130 nunquam

244 4131 640 4189 moriturarum.
700 4137 817 4192 lloc
848 4148 1027 4195 autem
1084 4156 1150 4197 eo
1196 4145 1490 4213 cogitante,
1524 4147 1688 4216 Deus,
1719 4151 1810 4221 qui

244 4219 382 4276 dives
410 4233 496 4278 est
529 4225 579 4279 in
612 4227 1010 4293 misericordia,
1040 4246 1148 4300 quo
1188 4233 1488 4304 inspirante
1514 4254 1634 4307 quae
1664 4219 1808 4296 recta

1931 3042 2314 3108 excusationis,
2342 3043 2704 3112 promittendo
2723 3045 2904 3099 verbis
2934 3043 3162 3099 formam
3194 3043 3505 3099 resumebat

1927 3133 2193 3189 simulata:
2217 3136 2587 3197 correctionis,
2621 3136 2714 3191 sed
2744 3151 2849 3190 non
2886 3135 3056 3189 multo
3079 3144 3201 3205 post
3248 3135 3303 3189 in
3349 3134 3505 3188 dete-

1926 3224 2069 3278 riora
2095 3223 2302 3289 lahens,
2338 3225 2568 3296 amplius
2592 3225 2823 3279 iterabat
2851 3223 3035 3293 culpas
3069 3233 3341 3278 consuetae
3381 3238 3507 3293 pra-

1925 3315 2109 3370 vitatis
2138 3316 2230 3385 (ib.
2263 3315 2376 3386 '59),
2425 3316 2560 3370 adeo
2606 3323 2665 3369 ut
2710 3315 2996 3384 quemdam
3031 3315 3324 3369 Robertum
3360 3313 3505 3367 mili-

1926 3415 2032 3461 tem
2064 3407 2297 3477 episcopi
2322 3417 2429 3462 tam
2459 3405 2741 3463 nobilitate
2767 3406 2981 3478 generis
3004 3421 3165 3477 quam
3186 3405 3386 3461 virtute
3408 3404 3501 3474 ju—

1923 3497 2163 3552 ventutis
2192 3507 2494 3565 strenuum,
2532 3511 2690 3567 quem
2722 3513 2832 3553 sua:
2868 3497 3138 3569 tyrannidi
3175 3495 3500 3552 obstiturum

1923 3587 2324 3657 Suspicabatur,
2379 3587 2629 3657 quamvis
2681 3585 2786 3641 sub
2830 3586 3264 3658 interpellatione
3314 3584 3499 3640 domui

1920 3679 2173 3750 presulis‘,
2207 3679 2298 3749 qui
2327 3694 2420 3734 eos
2445 3678 2692 3734 federare
2721 3679 2996 3747 cupiebat,
3028 3678 3082 3732 in
3131 3677 3304 3732 travia
3351 3675 3499 3748 (496)

1918 3774 2156 3841 positum
2181 3771 2459 3826 Dominica
2511 3770 2598 3826 die
2646 3770 3013 3836 interficeret;
3048 3770 3142 3842 (ib.
3185 3769 3275 3840 44)
3319 3769 3498 3839 ipsum

1918 3878 2134 3933 quoque
2163 3863 2474 3931 episcopum
2507 3863 2649 3916 intra
2683 3862 2901 3917 domum
2927 3877 3080 3918 suam
3107 3862 3278 3917 tribus
3306 3861 3499 3917 diebus

1917 3953 2088 4008 armis
2154 3953 2228 4008 ita
2299 3951 2637 4019 includeret,
2692 3962 2752 4007 ut
2827 3969 2926 4008 nec
2991 3954 3107 4021 ipse
3177 3967 3279 4008 nec
3349 3953 3497 4022 quis-

1918 4062 2082 4118 quam
2112 4061 2333 4102 suorum
2363 4046 2546 4117 egredi
2571 4060 2667 4114 pre
2699 4046 2891 4100 timore
2913 4043 3103 4099 mortis
3146 4045 3368 4099 auderet
3401 4043 3493 4096 "°.

1917 4138 2024 4194 Sed
2052 4139 2164 4209 jam
2195 4139 2261 4193 de
2289 4138 2394 4193 hoc
2442 4138 2615 4207 magis
2659 4137 2788 4192 libet
2832 4137 3081 4201 reticere,
3132 4151 3294 4206 quam
3339 4138 3492 4206 plura

1915 4236 2029 4284 tam
2075 4229 2314 4296 perversi
2367 4228 2604 4283 hominis
2661 4225 2944 4282 malefacta
2993 4225 3236 4291 referre,
3296 4225 3494 4295 quippe

244 4322 355 4365 sunt
379 4315 712 4384 cogitantur,
752 4329 808 4374 et
847 4335 955 4388 quo
996 4333 1257 4392 cperante
1306 4326 1495 4380 eadem
1548 4344 1812 4401 peragun-
1844 4325 1892 4385 D
1917 4331 2177 4391 Quantum
2203 4322 2269 4377 de
2315 4336 2381 4376 eo
2405 4321 2635 4375 dicimus
2665 4320 2777 4375 acsi
2806 4320 2872 4374 de
2905 4325 3144 4397 torrente
3192 4332 3290 4372 vas
3336 4313 3492 4388 aqua:

244 4409 324 4456 tur
341 4403 430 4470 κ’,
457 4408 546 4477 qui
575 4409 623 4464 ei
650 4410 789 4465 velle
833 4412 1002 4480 dedit,
1035 4415 1197 4469 etiam
1249 4425 1305 4470 et
1349 4433 1512 4488 posse
1556 4423 1806 4490 contulit,

243 4506 523 4564 preparans
547 4499 595 4554 ei
625 4502 1091 4570 opportunitatem
1126 4504 1433 4575 ltujusmodi
1482 4517 1665 4580 optata
1701 4529 1812 4585 -pa-

242 4586 424 4642 trandi.

305 4676 388 4731 l5.
420 4677 693 4743 Quomodo
730 4685 836 4738 hoc
863 4689 1238 4743 monasterium
1265 4693 1634 4746 construxerit.
1676 4693 1808 4750 Erat

244 4772 360 4822 tunc
405 4776 659 4845 temporis
713 4777 878 4832 miles
919 4780 1137 4850 quidam
1184 4782 1556 4852 Heriwardus,
1606 4800 1804 4856 genere

243 4857 438 4923 nobilis.
470 4866 556 4935 qui
585 4867 659 4922 ob
684 4866 927 4924 insolita:
979 4869 1048 4904 ’°'
1101 4873 1268 4930 robur
1290 4873 1511 4931 virtutis
1539 4875 1801 4934 Ferreum

1920 4414 2259 4479 hauriemus,
2285 4421 2365 4468 tot
2385 4422 2440 4467 et
2469 4420 2630 4466 tantae
2655 4410 2770 4479 ejus
2795 4411 3032 4466 existunt
3075 4409 3316 4475 malitiat,
3353 4423 3491 4480 quas

1916 4508 2178 4562 adversus
2199 4514 2442 4560 sanctum
2471 4504 2649 4560 virum
2680 4511 2733 4557 et
2760 4501 3037 4585 civitatem
3066 4515 3196 4578 non.
3227 4509 3310 4556 est
3344 4502 3488 4556 veri-

1915 4605 2001 4651 tus
2027 4611 2301 4651 exercere.

1986 4688 2075 4744 15.
2102 4689 2180 4744 De
2205 4688 2522 4758 profectione
2550 4685 2738 4741 damni”
2757 4684 2983 4756 episcopi
3010 4683 3080 4738 ad
3100 4684 3300 4737 curiam
3321 4683 3486 4768 impe-

1914 4783 2126 4838 ratoris.
2160 4781 2268 4854 (Ib.
2299 4782 2412 4852 55.)
2444 4779 2652 4834 Interea
2677 4792 2776 4848 pro
2811 4778 2913 4834 hoc
2954 4787 3008 4834 et
3055 4791 3154 4848 pro
3179 4776 3300 4831 aliis
3329 4789 3492 4845 nego-

1912 4876 2012 4932 ciis
2039 4892 2204 4933 causa
2224 4873 2427 4936 extitit,
2451 4888 2557 4942 qua
2589 4872 2820 4929 domnus
2848 4872 3157 4943 cpiscopus,
3199 4865 3492 4937 assumptis

1512 5010 1739 5067 VARUS
1785 5009 2193 5067 LECTIONES.

338 5135 696 5215 ἶξῖεβηῖιτῖοῖβ
727 5156 853 5215 ςρρο
934 5209 946 5215 ,
966 5140 1032 5174 ³⁸⁸⁷
1061 5146 1399 5215 perabuntur
1423 5161 1539 5212 cop.

241 5199 318 5256 49.
345 5199 596 5270 τειξιιοηίε
623 5199 884 5268 alodium
915 5209 979 5265 de
1011 5251 1023 5266 .
1061 5199 1146 5273 ἷἸ
1160 5199 1196 5274 ἶ

1706 5347 1840 5370 mrvr
1864 5345 1910 5370 Π

1645 5148 1714 5182 ³⁸⁸
1749 5146 1999 5218 insoluta:
2022 5164 2138 5218 cop.

1243 5223 1432 5275 monte
1462 5215 1526 5270 de
1555 5215 1867 5274 Watenesis
1889 5217 2060 5284 copia.
2086 5215 2093 5218 ⁷
2139 5220 2209 5252 ³⁷⁸
2234 5215 2417 5272 ederet
2441 5231 2558 5287 cap.

2263 5145 2330 5227 ’ξ’
2362 5142 2435 5227 ila
2479 5147 2685 5204 restitui
2731 5161 2798 5201 ex
2846 5145 3012 5202 Gestis
3061 5159 3142 5212 ep.
3188 5139 3336 5194 Com.
3357 5134 3489 5227 ‘IIII,
