4026 5370
517 188 652 264 ain

1443 191 1752 261 ᾼΡΡΕΝΙ).
1773 193 1863 248 AD
1901 193 2140 258 CESTA,
2163 195 2470 260 .EPISCOI’.
2505 198 2596 254 ὈΔ
2607 199 2864 262 MERAC.

3669 203 3818 266 ,ωε

444 293 454 318 "
521 317 730 360 .sccum
761 300 1058 360 illustribus
1078 302 1232 362 viris.
1280 303 1478 360 comite
1527 321 1738 377 quoque
1785 306 2190 378 llaynoensl,_-,\
2221 321 2550 382 protestatus
2573 325 2658 370 est
2677 316 2806 372 olim
2835 317 3154 377 contulisse.
3183 316 3482 372 Novissime
3505 317 3818 387 plurimum

545 390 858 448 lleinri'cum
889 389 1271 461 imperatorem
1300 393 1564 464 atliit,qui
1585 395 1778 452 diebus
1807 395 1910 451 illis
1923 397 2122 467 Aquis-

543 483 702 560 grani
751 482 894 538 forte
917 483 1249 538 morabatur.
1271 484 1376 540 Ubi
1393 486 1797 557 archiepiscopo
1818 487 2123 548 Coloniensi

544 581 598 626 et
626 573 826 628 ceteris
850 573 1253 652 venerabilibus
1277 575 1452 630 sancti
1483 576 1692 632 ordinis
1717 578 1980 634 ministris
2001 594 2126 650 pro-

544 665 796 721 vincialis
825 667 1050 722 sinodus
1077 668 1474 734 celebrabatur,
1504 668 1556 722 in
1581 684 1686 738 qua
1711 668 1780 723 ab
1817 669 1932 739 ipso
1956 671 2125 741 impe-

545 765 728 811 ratore
757 766 809 810 et
842 775 870 811 a
893 758 1219 830 supradictis
1251 759 1498 828 personis
1519 768 1624 813 tam
1656 761 1721 815 de
1741 760 2126 818 ecclesiasticis

542 863 706 916 quam
735 849 799 904 de
834 850 1189 916 secularibus,
1229 851 1295 904 de
1345 859 1488 904 statu
1526 859 1580 906 ct
1623 867 1758 922 pace
1783 861 1985 908 sanctae
2023 853 2125 908 Ec-

542 935 722 990 clesiae
761 936 1005 1006 legaliter
1055 953 1120 992 ac
1169 938 1499 996 sullicienter
1550 949 1842 995 tractatum
1894 951 1997 998 est.
2045 942 2124 997 ibi

519 1025 706 1098 etiam
747 1027 978 1082 domnus
1023 1029 1310 1100 episc0pus
1363 1031 1741 1100 gravissimam
1785 1032 1948 1096 litem,
2005 1049 2125 1102 quas

543 1115 685 1170 inter
707 1117 977 1185 prefatum
1009 1119 1474 1190 archiepiscopum
1507 1119 1836 1190 Pilegrinum
1887 1132 1944 1176 et
1991 1122 2124 1178 Leo-

545 1194 832 1262 dicensent-
859 1210 1142 1280 prtesulem
1171 1213 1490 1268 Durandum
1518 1214 1609 1268 diu
1656 1216 1998 1282 versabatur,
2025 1232 2123 1287 pro

540 1301 774 1368 quadam
808 1301 1020 1357 scilicet
1047 1303 1174 1356 villa
1199 1319 1318 1374 quae
1349 1313 1432 1360 est
1465 1305 1668 1372 Burcii,
1695 1295 1856 1376 quam
1892 1316 2124 1378 uterque

541 1392 849 1457 parrochia:
901 1407 1013 1447 suae
1058 1396 1420 1450 contendebat
1455 1397 1806 1464 adscribere,
1859 1399 2123 1468 probabili

542 1490 706 1552 atque
733 1484 1192 1556 sinodalijudicio
1221 1488 1456 1542 diremit.
1491 1488 1609 1543 Jam
1659 1505 1786 1545 vero
1832 1491 2124 1562 imperator

541 1585 742 1644 quanta
772 1585 825 1630 et
847 1593 1008 1647 quam
1037 1579 1282 1648 preclara
1307 1580 1443 1634 dona
1475 1581 1726 1636 omnibus
1757 1583 1847 1652 qui
1878 1582 2123 1636 inmune-

2224 405 2338 484 ἂι)τί
2369 406 2444 460 illi
2473 407 2736 474 tribuens,
2759 417 3120 464 connueatam
3149 417 3207 464 ut
3237 410 3302 462 ad
3333 424 3430 464 sua
3463 410 3670 466 rediret
3693 425 3803 466 ae-

2223 498 2553 561 commodat,
2569 497 2865 554 observans
2888 507 2946 554 ut
2971 498 3022 553 in
3057 501 3158 554 hoc
3187 498 3308 554 loco
3333 499 3449 554 dies
3467 499 3812 570 obitusejus.

2224 587 2316 656 qui
2353 596 2436 642 est
2480 587 2514 642 5
2541 587 2720 644 Nonas
2757 587 2908 655 Julii,
2955 589 3010 644 in
3061 590 3320 644 memoria
3369 599 3576 644 aeterna
3629 591 3813 647 habe-

2227 689 2398 736 1⁸81111⁸.

2299 770 2384 826 18.
2413 769 2489 824 De
2512 769 2655 826 obitu
2691 770 2906 828 Henrici
2930 774 3281 844 imperatoris.
3311 774 3407 829 llis
3451 774 3614 844 igitur
3639 775 3816 846 regiis

2227 861 2459 918 donatus
2503 864 2816 919 muneribus
2858 864 3089 919 domnus
3131 865 3418 936 episcOpus
3462 865 3528 920 ad
3585 866 3814 936 propria

2225 968 2347 1008 cum
2379 969 2512 1024 pace
2539 965 2594 1010 et
2619 956 2806 1010 laetitia
2835 973 2958 1012 cum
2986 958 3099 1012 suis
3133 959 3314 1012 rediit.
3359 957 3464 1012 Sed
3493 973 3604 1012 non
3639 957 3816 1012 multo

2225 1053 2346 1114 post
2383 1046 2562 1115 gravis
2605 1045 2654 1102 ei
2709 1047 2924 1102 tristitia
2974 1049 3252 1104 successit.
3307 1047 3442 1102 Nam
3484 1048 3816 1116 smpedictus

2227 1134 2520 1204 imperator
2551 1136 2814 1194 Henricus
2843 1139 3178 1196 orthodoxus
3213 1149 3374 1209 atque
3397 1141 3682 1210 paciticus,
3729 1140 3812 1196 vi-

2199 1227 2360 1298 .ginti
2399 1228 2558 1283 annis
2589 1229 2816 1300 imperio
2867 1231 3096 1286 feliciter
3144 1233 3540 1296 administrate,
3587 1233 3818 1302 pontifi-

2226 1327 2382 1373 catus
2408 1318 2590 1372 domni
2608 1319 2834 1375 Gcrardi
2857 1335 2998 1378 anno
3025 1321 3088 1375 l9.
3115 1321 3230 1393 [(ib.
3263 1339 3350 1388 ιιι,
3375 1321 3464 1391 50)
3485 1323 3631 1378 diem
3653 1321 3812 1400 clau-

2225 1411 2294 1466 sit
2317 1418 2620 1466 extremum
2645 1413 2757 1479 (an.
2791 1411 2968 1482 1021-).
2997 1411 3160 1482 (illius
3189 1427 3335 1468 mors
3355 1412 3569 1482 qualem
3603 1423 3816 1470 sancta:

2225 1501 2469 1556 ecclesiae
2493 1501 2882 1558 desolationem
2929 1518 3036 1558 non
3087 1503 3236 1558 dictu
3295 1502 3452 1558 facile
3495 1511 3580 1558 est
3633 1515 3816 1572 quan-

2226 1601 2449 1662 tumque
2475 1594 2732 1650 Romana:
2780 1594 3084 1664 reipublicte
3125 1594 3374 1664 plebique
3421 1593 3670 1648 intulerit
3711 1593 3816 1648 de-

543 1669 742 1724 rabiles
765 1671 838 1728 ibi
874 1673 1250 1748 conﬂuxerant
1283 1678 1572 1750 episcopis,
1615 1680 1902 1734 abbatibus
1921 1721 1934 1746 ,
1969 1680 2128 1736 cleri-
2157 1685 2198 1742 Β
2229 1687 2559 1742 tr'snentum.
2595 1685 2832 1740 Tandem
2863 1686 3070 1742 collecti
3101 1687 3370 1756 principes
3395 1687 3644 1741 Saxones
3665 1683 3818 1753 apud

541 1763 622 1816 eis
646 1764 974 1834 pauperibus
1001 1775 1054 1822 et
1075 1769 1284 1824 cunctis
1311 1770 1436 1824 boni
1463 1771 1752 1826 testimonii
1780 1771 1914 1828 viris
1941 1772 2124 1826 distri-

543 1853 740 1920 buerit,
763 1870 863 1912 nec
890 1857 1094 1929 scripto
1119 1874 1222 1916 nec
1242 1861 1422 1918 verbis
1443 1863 1602 1918 facile
1625 1871 1804 1934 potest
1824 1865 2120 1928 numerari;

541 1945 740 2016 quippe
768 1947 921 2016 cuius
954 1957 1102 2006 tanta
1135 1953 1188 2008 in
1225 1956 1497 2026 erogando
1527 1956 1738 2012 diversa
1791 1972 2018 2012 munera
2066 1956 2126 2010 li-

541 2037 798 2096 beralitas
820 2045 1020 2110 extitit,
1041 2055 1101 2100 ut
1125 2046 1272 2102 nulla
1303 2048 1647 2118 antiquorum
1675 2051 1788 2106 sive
1814 2059 2121 2106 exterorum

545 2143 729 2201 regum
757 2135 1126 2194 munificentia
1148 2141 1386 2210 potuerit
1407 2156 1660 2213 compara
1671 2144 1736 2198 ri.
1770 2143 1874 2200 Sed
1900 2159 1998 2200 nos
2021 2144 2123 2200 ista

542 2219 783 2276 breviter
809 2227 1225 2298 perstringendo
1255 2231 1322 2284 ad
1349 2230 1453 2284 alia
1486 2247 1860 2302 properamus.
2097 2247 2100 2250 ‘

531 2373 534 2376 λ
613 2311 702 2367 16.
743 2313 822 2368 De
859 2315 1106 2388 largitate
1149 2321 1500 2392 imperatoris.
1533 2325 1640 2394 (Ib.
1673 2325 1764 2391 57,
1795 2326 1907 2398 58.)
1938 2325 2124 2382 Soluto

541 2401 772 2474 denique
797 2409 1110 2478 supradicto
1139 2422 1432 2480 conventu,
1483 2415 1779 2485 imperator
1833 2432 1958 2472 cum
2009 2417 2123 2487 pri—

539 2496 790 2558 moribus.
807 2499 922 2554 suis
945 2516 1160 2558 rursum
1182 2505 1464 2560 contendit
1498 2506 1680 2560 villam
1711 2508 1886 2562 sancti
1911 2507 2125 2576 Gange-

541 2589 638 2642 rici
671 2592 956 2650 nativitate
987 2595 1334 2664 illustratam,
1363 2601 1656 2657 instantem
1711 2604 1943 2672 predicti
1995 2620 2124 2660 con-

543 2678 772 2736 fessoris
819 2682 1172 2742 festivitatem
1220 2688 1617 2757 celebraturus,
1644 2707 1763 2760 quas
1812 2701 1896 2748 est
1937 2696 1970 2748 5
1999 2692 2124 2749 ldus

540 2767 791 2840 Augusti.
833 2771 962 2830 Inde
1008 2776 1318 2848 digrediens
1357 2781 1658 2836 Vi‘rdunum
1705 2783 1900 2851 petiit,
1941 2784 2125 2854 ibique

539 2867 745 2918 sancta:
769 2861 870 2920 Dei
895 2865 1177 2933 genitricis
1199 2866 1384 2922 Maria:
1413 2870 1752 2926 nativitatem
1777 2873 2124 2928 devotissime

541 2949 856 3014 celebravit.
886 2954 1003 3024 Ipsa
1053 2958 1139 3012 die
1181 2958 1520 3030 imperatrix,
1557 2963 1682 3032 quia
1723 2979 1844 3018 eam
1895 2966 2124 3022 donmus

542 3041 828 3113 episcopus
855 3045 908 3098 in
929 3049 1275 3116 processione
1297 3051 1663 3118 addextravit,
1689 3055 1736 3108 ei
1761 3053 1966 3110 fercula
1991 3072 2126 3113 auro

549 3133 886 3202 getnmisque
917 3139 1148 3198 contulit
1193 3139 1467 3212 insignita.
1520 3142 1649 3199 inde
1675 3144 1740 3178 ³⁷¹
1771 3161 1902 3202 vero
1945 3146 2128 3204 Mettis

544 3225 891 3294 perveniens,
943 3244 1041 3298 per
1097 3231 1312 3301 singula
1363 3235 1696 3290 monasteria
1750 3236 1947 3293 multas
1997 3255 2128 3308 opes

544 3309 840 3382 distribuit,
871 3319 1186 3390 null-umque
1205 3322 1408 3378 bonum
1438 3333 1534 3380 aut
1562 3323 1820 3380 clericum
1869 3339 1962 3383 aut
2009 3344 2126 3384 mo-

545 3403 777 3461 nachum
839 3412 1106 3479 praeteriit
1155 3428 1261 3468 non
1310 3413 1568 3471 donatum
1602 3456 1618 3482 ,
1668 3417 1832 3472 veluti
1895 3421 2127 3488 quodam

545 3500 809 3570 praesagio
831 3501 1206 3561 imminentem
1233 3506 1376 3562 diem
1411 3508 1502 3578 qui
1533 3509 1758 3570 nimium
1779 3511 1991 3567 vicinus
2013 3521 2130 3566 erat

547 3589 630 3640 sui
653 3589 836 3646 obitus
858 3593 1206 3660 prtevidcbat.
1241 3595 1269 3667 ]⁴

624 3676 711 3732 17.
738 3676 891 3744 Quod
924 3679 1164 3747 preclara
1195 3684 1242 3737 ei
1272 3684 1410 3739 dona
1441 3686 1725 3756 imperator
1749 3689 1969 3744 dederit.
1999 3689 2125 3761 (An.

551 3762 736 3834 1023.)
769 3765 836 3820 Ει
859 3781 990 3821 vero
1009 3761 1239 3825 domnus
1264 3771 1537 3830 Gerardus
1561 3771 1658 3845 pre
1697 3778 1895 3833 ceteris
1923 3779 2130 3848 episco—

549 3857 636 3930 pis
662 3856 1078 3930 ejusobsequiis
1121 3864 1430 3934 adhaerens,
1479 3883 1602 3924 cum
1653 3870 1798 3924 inter
1843 3880 2024 3926 cetera
2071 3887 2131 3928 se

553 3953 748 4006 novam
796 3955 1268 4025 congregationem
1319 3960 1710 4015 monachorum
1763 3961 1816 4015 in
1865 3963 2130 4016 honorem

555 4043 968 4098 sanctiAndreze
988 4048 1359 4106 construxisse
1379 4051 1552 4104 amica
1570 4051 1618 4106 ei
1635 4051 1989 4108 collocutione
2003 4069 2129 4123 sug-

561 4134 818 4203 gessisset
844 4153 857 4188 :
889 4136 975 4190 ille
1003 4137 1149 4192 velut
1171 4149 1372 4198 sanetae
1421 4142 1702 4212 religionis
1739 4144 1950 4200 amicus
1981 4143 2132 4200 beni-

551 4240 667 4294 gno
682 4225 869 4278 favore
886 4225 991 4294 piis
1005 4227 1120 4296 ejus
1132 4230 1326 4286 studiis
1346 4233 1675 4303 adgaudens,
1692 4233 1904 4306 |‘(ib.59)
1921 4234 2132 4305 prolata

567 4311 634 4364 de
679 4311 943 4367 thesauro
972 4327 1070 4369 suo
1099 4315 1204 4370 duo
1226 4332 1332 4372 non
1363 4319 1514 4388 parvi
1545 4321 1702 4390 pretii
1731 4321 1890 4390 pallia
1927 4332 2130 4376 sancta:

2226 1776 2550 1847 Maguntiam
2577 1777 2886 1832 Conradum
2913 1779 3014 1834 sibi
3044 1778 3406 1848 prinfccerunt
3428 1778 3480 1831 in
3503 1775 3742 1848 regem,]
3759 1783 3818 1832 et

2225 1869 2412 1922 eodem
2439 1882 2582 1922 anno
2615 1867 2812 1924 ibidem
2843 1867 3160 1924 benedictus
3179 1879 3262 1924 est
3289 1869 3344 1922 in
3375 1866 3664 1922 nativitate
3683 1881 3812 1921 san-

2224 1965 2326 2012 cta:
2350 1957 2554 2012 Mariae.

2296 2048 2383 2102 l9.
2417 2048 2492 2102 De
2515 2048 2846 2102 dedicatione
2881 2049 3042 2119 hujus
3073 2048 3324 2103 ecclesire.
3376 2046 3618 2102 Donmus
3665 2047 3812 2100 inte.-

2227 2139 2327 2193 rim
2359 2138 2645 2208 cpiscopus
2669 2148 3144 2210 munera,qu:e,ut
3175 2140 3378 2195 dictum
3403 2148 3508 2203 est,
3521 2147 3818 2207 acceperat

2227 2248 2257 2286 a
2287 2245 2430 2300 rege,
2463 2232 2688 2286 retentis
2721 2234 2928 2287 duabus
2951 2233 3230 2296 crucibus,
3271 2247 3393 2300 qua:
3437 2245 3608 2302 usque
3639 2231 3808 2286 hodie

2227 2323 2576 2396 proferuntur
2621 2325 2688 2378 ad
2742 2325 3144 2394 processionetn
3200 2331 3403 2380 sancta
3453 2322 3654 2384 Mariai,
3683 2322 3812 2376 data

2227 2431 2326 2484 pro
2355 2416 2435 2472 cis
2470 2431 2574 2469 una
2601 2430 2768 2470 aurea
2817 2416 2884 2446 ³⁷¹
2924 2425 2976 2470 et
3004 2416 3258 2484 pretiosis
3311 2414 3580 2484 lapidibus
3627 2413 3814 2468 fabre-

2229 2509 2388 2572 facta,
2449 2523 2570 2578 qua:
2621 2509 2762 2578 apud
2816 2524 2916 2564 nos
2973 2507 3235 2564 hactenus
3283 2515 3567 2572 servatur,
3607 2520 3816 2575 corpus

2225 2599 2390 2656 etiam
2413 2607 2613 2652 sancta:
2643 2599 2868 2668 virginis
2912 2609 2966 2652 et
3019 2597 3261 2654 martiris
3309 2597 3640 2652 Maxeleudis
3681 2609 3818 2666 par-

2228 2695 2442 2758 temque
2473 2689 2716 2758 corporis
2737 2690 2911 2744 sancti
2939 2689 3082 2744 Sarii
3109 2728 3124 2752 ,
3170 2703 3362 2759 magna
3415 2703 3536 2742 cum
3581 2702 3822 2742 venera-

2229 2779 2371 2834 tione
2401 2787 2453 2834 et
2501 2780 2633 2834 clcri
2684 2788 2738 2835 et
2788 2779 2972 2849 pepuli
3023 2779 3368 2834 multitudine
3419 2779 3472 2832 in
3517 2778 3816 2833 ecclesiam

2227 2851 2369 2924 hanc
2410 2869 2705 2924 honorifice
2756 2870 3065 2937 adportavit
3117 2869 3228 2940 (an.
3276 2867 3456 2938 1025).
3517 2867 3582 2920 Et
3640 2866 3818 2922 multa

2228 2975 2454 3028 corpora
2488 2971 2798 3016 sanctorum
2829 3003 2843 3026 ,
2875 2961 3167 3016 constituta
3200 2961 3556 3016 dedicationis
3599 2961 3712 3024 die,
3763 2960 3819 3012 id

2153 3043 2198 3102 C
2231 3059 2318 3104 est
2357 3049 2422 3102 10
2453 3049 2720 3103 Kalendas
2749 3049 3018 3116 Octobris,
3059 3066 3202 3106 anno
3252 3050 3344 3105 Dei
3389 3049 3593 3104 Christi
3639 3049 3816 3116 l025,

2229 3155 2348 3195 cum
2408 3139 2621 3194 clericis
2667 3151 2720 3195 et
2771 3141 3052 3197 monachis
3100 3149 3490 3206 convenerunt,
3549 3140 3816 3195 videlicet

2229 3241 2451 3285 sanctus
2501 3229 2858 3302 Gaugcricus,
2911 3240 3131 3286 sanctus
3187 3233 3478 3296 Aubertus,
3529 3231 3820 3300 preciosus

2228 3338 2443 3392 quoque
2475 3334 2683 3393 martyr
2718 3323 2952 3388 Salvius,
2983 3333 3208 3378 sanctus
3233 3323 3552 3394 Aycadrius,
3583 3332 3819 3378 sanctus

2228 3413 2482 3470 Gislenus
2525 3423 2694 3482 atque
2751 3423 2970 3468 sanctus
3015 3412 3368 3478 Wasnulfus;
3425 3429 3548 3468 cum
3609 3411 3816 3481 quibus

2230 3506 2393 3560 etiam
2418 3506 2572 3560 beata
2599 3505 2748 3574 virgo
2769 3503 3110 3558 ialaxelendis
3143 3503 3240 3564 3”;
3273 3519 3409 3574 quos
3451 3503 3516 3556 ad
3567 3503 3806 3558 salutem

2231 3595 2594 3650 habitantium
2645 3603 2700 3648 et
2753 3594 2857 3648 loci
2915 3595 3083 3664 ipsius
3139 3594 3532 3648 munimentum
3587 3594 3817 3663 provida

2230 3686 2464 3756 episcopi
2493 3685 2756 3740 industria
2779 3684 2906 3740 fecit
2934 3688 3249 3741 convenire.

2299 3777 2390 3832 20.
2424 3775 2500 3830 De
2530 3776 2679 3830 rebus
2705 3777 2825 3830 huic
2867 3777 3184 3830 monasterio
3213 3775 3440 3830 collatis.
3477 3774 3646 3845 Igitur
3687 3789 3820 3830 eon-

2233 3867 2424 3921 stituto
2453 3873 2507 3920 et
2538 3875 2854 3920 consecrato
2875 3866 3070 3921 abbate
3097 3867 3264 3921 fratre
3307 3881 3405 3921 suo
3454 3879 3614 3934 quem
3649 3880 3818 3934 supra

2233 3957 2631 4012 non'iinavimus
2661 3955 2898 4022 Elberto,
2931 3957 3087 4013 villas
3123 3958 3300 4013 alodia
3333 3957 3664 4012 sufﬁcienter
3689 3957 3822 4012 huic

2233 4047 2460 4104 contulit
2491 4047 2853 4110 monasterio,
2887 4043 2998 4119 [(G.
3032 4065 3115 4118 ep.
3147 4047 3296 4102 Cum.
3329 4063 3388 4101 ιιι
3410 4087 3426 4112 ,
3453 4046 3580 4116 49.)
3607 4045 3822 4100 scilicet

2235 4142 2448 4196 tertiam
2471 4148 2680 4210 partem
2709 4149 2916 4209 quarta:
2945 4140 3116 4210 partis
3147 4139 3259 4194 ﬁsci
3285 4137 3610 4194 Peronensis
3649 4151 3822 4206 quem

2234 4247 2264 4285 a
2295 4241 2552 4302 quattuor
2573 4230 2850 4306 generosis
2879 4230 3009 4284 viris
3044 4229 3362 4299 adquisivit,
3395 4228 3630 4283 lloberto
3663 4228 3818 4283 scili—

2235 4335 2322 4378 cet
2345 4333 2506 4392 atque
2527 4321 2792 4384 llubaldo.
2829 4319 3080 4377 Ascelino
3115 4333 3279 4392 atque
3317 4321 3518 4376 Sueno.
3554 4321 3822 4390 Reliquas

561 4403 756 4474 virgini
787 4403 1016 4478 Mariae],
1046 4407 1146 4462 tria
1172 4423 1304 4465 vero
1323 4411 1556 4480 pretiosa
1575 4427 1800 4468 munera
1824 4421 2022 4468 nostra:
2036 4427 2132 4484 per
2163 4395 2209 4454 θ
2237 4423 2417 4485 partes
2442 4413 2611 4484 ipsius
2634 4411 2748 4466 lisci
2781 4427 2980 4482 mensa:
3031 4413 3102 4444 ³⁷⁴
3155 4412 3392 4482 episc0pi
3425 4413 3492 4465 ad
3531 4410 3818 4466 castellum

555 4509 687 4576 cum
717 4495 1016 4552 transmisit
1041 4497 1305 4567 ecclesiae,
1332 4503 1465 4558 duas
1493 4503 1700 4560 scilicet
1718 4519 1915 4576 parvas
1937 4519 2129 4558 cruces

556 4599 774 4654 aureas,
801 4587 1023 4656 pallium
1053 4593 1320 4661 quoddam
1347 4595 1499 4650 rubei
1540 4595 1754 4660 coloris,
1784 4607 1862 4664 et,
1890 4597 2035 4666 quod
2063 4595 2130 4650 iis

557 4676 848 4746 pretiosius
877 4687 1038 4750 atque
1060 4696 1226 4752 super
1259 4699 1452 4740 aurum
1475 4695 1530 4742 et
1569 4687 1818 4756 topazion
1847 4689 2128 4743 desidera-

559 4766 742 4832 bilius,
775 4767 1033 4838 reliquias
1057 4774 1229 4828 sancti
1258 4761 1506 4844 Andriae,
1549 4777 1750 4846 apertis
1777 4778 1994 4847 capellae
2019 4791 2129 4832 suae

559 4857 776 4924 scriniis
798 4873 861 4914 os
888 4859 1168 4928 proferens
1191 4863 1257 4920 de
1286 4879 1514 4936 corpore
1550 4867 1724 4922 sancti
1779 4867 1950 4937 ipsius
1999 4883 2129 4937 apo-

555 4947 700 5014 stoli,
721 4951 880 5023 quod
903 4951 1004 5006 sibi
1043 4952 1696 5029 Conslantinopolitanum
1733 4960 2120 5031 imperatorem

2213 4515 2437 4570 .sanctae
2461 4501 2644 4556 Maria:
2685 4502 2773 4556 cui
2815 4503 3164 4572 circumjacet
3202 4501 3535 4572 destinavit.]
3572 4501 3820 4558 Contulit

2235 4595 2399 4650 etiam
2440 4594 2580 4649 inter
2632 4603 2813 4648 cetera
2854 4593 3108 4648 allodium
3165 4593 3266 4648 sibi
3323 4592 3716 4646 hereditarium
3761 4592 3820 4658 in

2235 4685 2360 4739 villa
2387 4684 2632 4754 llaynau,
2663 4698 2782 4752 quae
2806 4693 2888 4739 est
2915 4684 3126 4740 Bussud
3157 4683 3306 4754 (497)
3331 4699 3452 4740 cum
3473 4684 3822 4754 appendente

2237 4771 2438 4846 familia
2471 4773 2643 4828 sancti
2676 4770 2978 4827 Philiberti.
3018 4771 3159 4828 Sane
3185 4773 3310 4842 quia
3334 4773 3448 4828 haec
3477 4781 3534 4828 et
3557 4773 3663 4826 alia
3697 4771 3820 4840 ejus

2239 4864 2502 4920 beneﬁcia
2535 4865 2660 4920 huic
2686 4865 2931 4921 ecclesiae
2959 4863 3149 4918 collata
3191 4865 3260 4895 ³⁷⁵
3305 4864 3358 4917 in
3389 4862 3682 4934 privilegiis
3711 4877 3818 4915 no-

2237 4955 2364 5010 stris
2394 4954 2542 5026 (498)
2573 4956 2842 5024 descripta
2872 4956 3158 5018 habentur,
3214 4955 3280 5009 de
3332 4953 3416 5009 bis
3467 4953 3619 5021 plura
3663 4938 3816 5021 loqui

1845 5090 2080 5148 VARIIE
2121 5089 2522 5146 LECTIONES.

561 5223 568 5230 .
627 5173 696 5204 ³⁷¹
726 5172 869 5246 idem
890 5191 1004 5246 cap.

559 5313 732 5366 iocata
762 5329 874 5370 σοιν.

1116 5177 1186 5252 ἔτ’
1213 5179 1286 5252 ita
1311 5183 1550 5252 cor-remi;
1573 5193 1732 5238 antea
1769 5184 1916 5252 copia
1947 5195 1996 5238 et
2020 5182 2184 5236 eodem
2211 5183 2320 5249 ipse
2348 5190 2404 5252 ut
2429 5187 2644 5248 apparet
2665 5192 2729 5252 ea:
2753 5175 2927 5252 fictis”
3072 5173 3238 5252 Belgii
3273 5173 3506 5252 V3193;
3561 5173 3652 5252 "1
3661 5173 3818 5252 deest
3871 5157 3874 5160 l

555 5253 600 5320 rt
625 5243 786 5320 copia:
827 5255 875 5298 et
927 5243 1310 5319 c’odicigspatio
1339 5243 1537 5306 relicto.
1612 5253 1680 5286 37"
1706 5243 1848 5308 deest
1875 5255 2058 5318 capite,
2085 5243 2254 5320 spatio
2285 5243 2507 5306 relicto."
2533 5246 2764 5316 suppleri
2794 5262 2859 5298 ex
2886 5243 3052 5298 Gesti;
3079 5261 3160 5312 ep.
3191 5245 3250 5298 (ἰ.
3291 5244 3409 5312 HI,
3440 5243 3530 5298 49.

3611 5243 3680 5274 37'
3703 5245 3790 5296 col
3803 5275 3820 5284 ι
