4026 5370
201 351 304 408 ιι9

919 345 1231 404 CllliONlC.
1271 345 1332 403 S.
1371 341 1676 400 ANDBEE
1715 341 1970 400 CASTRI
2001 340 2705 399 CAMEBACESIl.—LIB.
2747 343 2810 398 11.

205 464 697 536 superﬂuum'esse
717 461 990 527 duximus,
1021 475 1090 516 ne
1140 459 1252 514 sint
1297 471 1524 514 onerosa
1575 457 1810 542 legenti.”
1829 463 1872 522 Α
1906 456 2011 511 dux
2045 455 2282 523 Gothilo,
2314 457 2600 528 episcopus
2614 436 3484 542 Colonite,Noviomaci.Virduni,

207 561 262 614 In
297 559 413 626 ipso
447 571 588 612 vero
611 568 852 626 tempore
875 555 1028 609 miles
1065 553 1286 624 quidam
1329 553 1613 622 ingenuus.
1645 552 1803 622 Tige-

212 664 305 705 rus
334 648 588 712 nomine,
614 663 736 703 cum
768 645 935 701 multa
960 645 1146 715 preJia
1186 644 1331 699 circa
1375 641 1679 699 Basuellum
1711 643 1802 697 ubi

211 738 446 810 degebat
481 738 810 808 possideret,
844 745 899 791 et
948 734 1148 790 herede
1190 742 1426 798 careret,
1477 731 1705 788 consilio
1751 740 1806 787 et

211 832 436 887 obtentu
467 829 658 885 domui
685 826 918 898 episcopi
969 824 1182 881 cunctis
1229 825 1662 895 possessionibus
1692 823 1807 878 suis

214 932 266 976 et
289 937 356 976 ea
377 937 506 991 qua:
528 920 733 975 dicitur
763 917 942 989 Tigeri
970 918 1124 978 silva.
1153 918 1438 973 ecclesiam
1464 919 1600 972 hanc
1643 917 1810 972 adhe-

217 1011 493 1076 reditavit,
528 1019 589 1063 ut
612 1011 757 1064 Dens
783 1019 838 1063 et
883 1017 1104 1063 sanctus
1157 1008 1404 1064 Andreas
1452 1008 1807 1064 hereditatem

218 1102 333 1171 ejus
367 1101 424 1155 in
454 1111 602 1156 terra
633 1101 922 1155 viventium
952 1100 1240 1155 restituant
1269 1101 1343 1155 ei.

291 1190 385 1244 91.
419 1189 497 1243 De
544 1191 934 1243 consecratione
979 1186 1372 1243 Cameracensis
1423 1187 1675 1242 ecclesia.
1721 1186 1811 1241 Jo-

222 1281 432 1334 hannes
457 1294 620 1347 papa,
651 1292 813 1348 quem
842 1291 1001 1346 supra
1025 1278 1263 1346 capitulo
1289 1287 1483 1332 octavo
1518 1275 1812 1330 Benedicto

220 1371 556 1426 successisse
583 1369 889 1433 retulimus,
914 1369 1056 1422 rexit
1086 1368 1384 1424 Ecclesium
1404 1368 1561 1421 annis
1583 1366 1812 1435 9,2men—

228 1465 383 1518 sibus
432 1461 486 1518 9.
532 1462 632 1517 Cui
676 1461 938 1517 successit
991 1460 1312 1516 Benedictus
1370 1459 1809 1526 Theophilactus.

225 1550 619 1608 llonasterium
652 1550 1032 1605 Florinacense
1076 1550 1358 1605 dedicatur
1403 1565 1433 1604 a
1480 1550 1678 1604 dormio
1706 1548 1815 1603 Ge-

227 1643 414 1708 rardo,
458 1643 836 1698 consentiente
883 1641 1157 1697 llainardo
1209 1643 1461 1712 episcopo
1501 1641 1816 1697 Leodicensi

226 1736 339 1802 (an.
373 1733 554 1804 l0‘26).
585 1733 746 1788 Anno
769 1742 949 1787 autem
977 1744 1256 1802 sequente,
1280 1735 1371 1802 qui
1401 1742 1488 1788 est
1521 1733 1817 1788 Dominica:

1907 549 2164 620 Trajecti,
2198 547 2380 604 Leodii
2404 560 2461 604 et
2490 549 2594 603 dux
2623 538 2994 604 Theudoricus
3023 561 3315 616 comesque
3340 546 3485 617 ﬂay-

1909 643 2189 696 noensium
2219 641 2538 713 Bagincrus,
2568 641 2711 711 ejus,
2755 641 2808 696 id
2856 649 2939 696 est
2987 640 3240 705 Conradi,
3270 640 3500 710 ordina-p

1911 735 2039 789 tioni
2073 733 2403 794 restiterant,
2460 740 2516 786 et
2565 740 2905 786 sacramento
2955 731 3099 788 iacto
3137 731 3492 786 condixerant

1909 841 2014 880 non
2040 827 2089 880 ei
2121 835 2312 881 manus
2345 841 2405 884 se
2430 827 2654 882 daturos
2683 843 2783 882 nec
2827 828 2892 882 ad
2934 842 3056 882 eum
3109 829 3295 889 ituros,
3335 827 3480 902 quia

1911 917 2164 974 nolebant
2192 935 2314 973 eum
2343 935 2570 991 regnare
2592 936 2756 990 super
2785 935 2864 976 se.
2911 921 3144 976 Ducibus
3188 930 3365 975 tamen
3391 935 3483 974 su-

1913 1010 2171 1080 pradictis
2195 1019 2250 1064 et
2271 1010 2538 1080 episcopis
2567 1019 2688 1080 post
2732 1027 2934 1064 annum
2983 1018 3038 1064 et
3087 1009 3371 1064 dimidium
3426 1011 3495 1064 ad

1914 1116 2100 1169 pacem
2130 1099 2284 1155 ﬂexis
2311 1113 2435 1156 cum
2464 1100 2544 1156 eis
2581 1101 2812 1156 domnus
2852 1101 3137 1171 episcopus
3183 1103 3250 1155 ad
3300 1089 3505 1170 Aquis?

1913 1193 2065 1261 graui
2112 1193 2368 1262 palatium
2421 1193 2552 1258 ivit,
2604 1207 2768 1263 seque
2815 1191 3072 1247 deditioni
3127 1193 3270 1260 regis
3323 1191 3498 1248 libens

1914 1283 2128 1337 obtulit.

1985 1376 2073 1430 22.
2107 1375 2180 1430 De
2203 1376 2423 1430 concilio
2451 1374 2708 1430 Triburite
2731 1376 2928 1430 habito.
2959 1375 3064 1443 (Ib.
3089 1373 3204 1444 5i.)
3232 1373 3498 1429 Trihurizn

1919 1481 2077 1521 secus
2107 1465 2435 1534 Maguntiam
2494 1465 2790 1534 imperator
2835 1464 3116 1519 Conradus
3160 1464 3227 1519 de
3272 1462 3503 1518 diversis

1919 1558 2160 1629 partibus
2189 1560 2474 1627 episcopos
2498 1557 2837 1620 convocavit,
2891 1564 2949 1611 ut
2987 1572 3107 1626 qua:
3153 1556 3405 1610 utilitatis
3444 1546 3508 1609 et

1921 1648 2198 1718 religionis
2224 1657 2350 1704 stunt
2370 1648 2438 1703 ad
2470 1647 2699 1702 invicem
2725 1645 3054 1702 conferrent.
3083 1646 3184 1701 Ubi
3212 1661 3334 1700 cum
3359 1645 3504 1700 inter

1920 1749 2101 1794 cetera
2133 1740 2400 1795 dictorum
2425 1755 2644 1795 suorum
2665 1741 2882 1794 decreta
2913 1739 2980 1794 de
3009 1738 3313 1793 renovanda
3346 1751 3498 1808 pace,

228 1826 530 1881 nativitatis
567 1824 703 1880 l027
736 1827 908 1896 (499).
949 1825 1233 1880 dedicatur
1264 1827 1649 1882 monasterium
1692 1843 1819 1882 san-
1851 1814 1895 1872 Β
1925 1831 1992 1885 de
2013 1828 2257 1900 jejuniis,
2316 1831 2381 1885 de
2435 1829 2680 1899 neganda
2729 1828 3217 1885 exeomnmnicatis
3261 1842 3506 1880 commu-

232 1927 332 1970 ιω
358 1915 543 1970 Maria:
570 1914 868 1969 honorilice
887 1923 1254 1969 constructum
1272 1929 1301 1969 a
1336 1915 1536 1970 domno
1552 1916 1813 1983 Gerardo,

233 2008 301 2063 £5
331 2007 608 2063 Kalendas
639 2006 978 2072 Novembris,
1017 2007 1093 2061 uti
1124 2006 1292 2060 multa
1329 2021 1557 2076 corpora
1602 2016 1816 2063 sancto-

235 2118 351 2156 rum
405 2101 792 2156 interfuerunt.
825 2099 954 2172 [(Ib.
987 2117 1045 2156 ιιι
1073 2142 1088 2166 ,
1121 2101 1235 2173 50.)
1269 2101 1365 2158 llis
1406 2103 1508 2158 rite
1555 2104 1813 2174 peractis,

236 2201 457 2262 accepto
495 2191 695 2247 salubri
723 2191 950 2245 consilio
973 2191 1202 2246 domnus
1254 2191 1540 2262 episcopus
1593 2194 1815 2262 dignum

237 2275 409 2348 duxit,
437 2282 737 2337 secundum
769 2295 975 2336 morem
1028 2280 1390 2350 antiquitatis,
1418 2283 1624 2336 curiam
1683 2283 1818 2338 invi-

237 2388 353 2428 sere
375 2375 499 2426 novi
533 2372 900 2442 imperatoris,
929 2373 1164 2427 Contradi
1202 2373 1427 2437 scilicet,
1463 2389 1622 2442 quem
1653 2388 1817 2444 supra

239 2462 471 2518 diximus
502 2463 703 2534 regalia
727 2462 958 2534 insignia
985 2463 1280 2532 sumpsisse
1304 2473 1423 2532 post
1443 2465 1648 2519 obitum
1672 2464 1818 2520 llen-

241 2557 356 2611 rici.
381 2556 513 2610 Nam
542 2555 612 2610 ab
640 2556 758 2626 ejus
791 2558 1063 2626 presentia
1102 2557 1215 2626 jam
1252 2557 1529 2627 aliquanto
1579 2569 1823 2628 tempore

243 2665 386 2703 suum
413 2649 774 2719 suspenderat
809 2649 1057 2718 gradum,
1089 2664 1151 2703 ea
1176 2649 1425 2704 videlicet
1449 2651 1516 2706 de
1543 2665 1729 2710 causa.
1755 2667 1824 2707 ne

243 2741 684 2798 Lotharicnsibus
735 2741 1051 2796 scandalum
1104 2742 1255 2797 ﬁeret
1300 2740 1634 2799 oﬂensiorris.
1685 2743 1823 2811 Quia

1926 1923 2106 1986 nione,
2131 1923 2197 1976 de
2227 1937 2331 1976 non
2354 1921 2678 1990 sepeliendis
2699 1922 3020 1990 quibusdam
3045 1961 3060 1986 ,
3091 1919 3256 1973 multa
3299 1927 3354 1974 et
3409 1919 3512 1995 im-g

1925 2013 2212 2084 portabilia
2232 2007 2510 2069 dedissent
2532 2013 2784 2067 mandata
2803 2053 2820 2077 ,
2863 2028 2984 2083 quae
3009 2013 3319 2066 viderentur
3355 2011 3508 2064 oneri

1928 2106 2236 2174 replicare:
2271 2104 2742 2160 moderatissimus
2791 2114 2947 2174 pater
2998 2103 3273 2159 Gerardus
3319 2115 3510 2157 eorum

1928 2198 2107 2251 minus
2131 2211 2294 2252 sanas
2321 2197 2524 2252 studuit
2557 2198 2856 2267 reprimere
2883 2197 3185 2251 sententias
3209 2235 3224 2259 ,
3278 2202 3333 2249 et
3386 2208 3511 2247 ora-

1929 2289 2074 2344 tione
2099 2289 2280 2343 habita
2316 2292 2382 2344 ad
2407 2303 2523 2354 eos,
2546 2297 2668 2360 post
2693 2290 2872 2358 aliqua
2907 2288 2985 2343 sic
3009 2288 3083 2341 ait
3112 2285 3423 2356 :Jejunium
3456 2285 3513 2338 in

1922 2391 2070 2436 sexta
2109 2381 2188 2436 vel
2218 2382 2436 2450 septima
2465 2382 2602 2450 feria
2648 2380 2961 2450 generaliter
2999 2396 3101 2433 nou
3151 2389 3227 2433 est
3274 2378 3516 2432 omnibus

1924 2471 2319 2540 imponendum,
2362 2472 2548 2541 quibus
2599 2487 2688 2524 nec
2734 2487 2838 2524 una
2889 2471 3089 2524 sanitas
3142 2469 3377 2538 corporis
3420 2485 3517 2524 nec

1928 2563 2204 2634 a'qualiter
2270 2567 2528 2618 remordet
2575 2563 2841 2617 accusatio
2895 2562 3118 2632 peccati.
3173 2560 3335 2614 Multa
3389 2567 3518 2614 sunt

1929 2660 2194 2721 praeterea
2225 2669 2346 2723 quae
2376 2653 2682 2722 peroravit;
2713 2661 2768 2707 et
2810 2651 2964 2706 linito
3004 2650 3262 2715 concilio,
3287 2648 3516 2720 pet-mis?

1927 2745 2080 2800 sione
2107 2757 2353 2817 accepta,
2393 2747 2650 2802 remeavit
2675 2747 2741 2801 ad
2769 2746 3008 2814 propria.

1564 2853 1753 2908 punit
1778 2853 1954 2931 Ltpm
1985 2847 2185 2912 FINIS.

860 2963 1325 3026 PRINCIPIUM
1366 2965 1578 3026 LIBRI
1623 2967 1832 3027 FERT
1872 2969 2293 3032 PROLOGUS
2338 2971 2513 3032 ISTE
2555 2933 2918 3034 SEC’U'NDI.

305 3083 622 3155 Magnarum
653 3100 836 3141 rerum
861 3086 1092 3156 amplam
1120 3086 1405 3142 materiam
1433 3087 1711 3144 succincte
1735 3088 1827 3144 deo
1853 3093 1898 3156 Ο
1930 3092 2235 3161 presulatus
2273 3093 2453 3148 domui
2494 3093 2720 3150 Gerardi
2751 3095 2839 3159 19,
2888 3094 2941 3148 in
2987 3095 3208 3150 civitate
3253 3092 3522 3149 Attrehati

245 3179 478 3242 scribere
523 3188 583 3234 et
628 3178 871 3236 famosos
928 3188 1082 3234 actus
1137 3178 1425 3234 illustrium
1471 3195 1828 3250 personarum

247 3269 392 3324 brevi
419 3286 679 3327 sermone
709 3272 1189 3341 comprehendere,
1223 3286 1328 3327 non
1365 3271 1590 3327 minoris
1618 3281 1833 3328 constat

248 3380 360 3421 esse
376 3365 580 3422 laboris
595 3382 759 3436 quam
781 3381 1000 3436 parvam
1018 3367 1384 3422 narrationem
1400 3365 1522 3421 latis
1539 3366 1842 3435 extendere,

250 3457 448 3512 verbis.
466 3457 769 3528 Utrobique
789 3457 933 3512 enim
956 3456 1169 3512 diﬂicile
1188 3467 1272 3513 est
1289 3457 1553 3513 disertum
1575 3455 1832 3521 evadere,

249 3551 436 3622 siquis
487 3563 585 3608 aut
623 3568 686 3608 ea
735 3569 857 3622 quae
903 3567 1067 3622 parva
1111 3560 1238 3607 sunt
1286 3551 1532 3606 attollere
1575 3549 1832 3622 gestiens,

253 3640 448 3709 majora
483 3643 688 3697 viribus
713 3642 830 3697 suis
872 3650 1138 3696 attentare
1169 3648 1468 3711 presumat,
1501 3649 1593 3693 aut
1627 3655 1690 3695 ea
1716 3654 1836 3709 qua:

253 3733 398 3802 larga
429 3733 672 3801 indigent
703 3731 1001 3797 relatione,
1028 3731 1178 3786 brevi
1214 3731 1416 3786 dictatu
1457 3730 1660 3784 nitatur
1709 3745 1840 3785 con-

251 3825 544 3892 stringere.
593 3823 832 3890 Quorum
882 3823 1099 3893 quidem
1151 3838 1314 3878 unum
1352 3838 1382 3878 e
1421 3821 1632 3878 duobus
1665 3822 1838 3878 conti-

253 3919 391 3989 gisse
433 3918 566 3972 mihi
594 3917 888 3988 perpendo,
917 3917 1006 3986 qui
1036 3917 1101 3971 de
1125 3914 1456 3970 multimodis
1493 3930 1703 3986 regum,
1728 3915 1841 3985 cpi-

254 4025 566 4080 scoporum,
601 4010 907 4080 principum
950 4009 1117 4079 gestis
1143 4008 1322 4078 aliqua
1349 4009 1670 4079 quibusdam
1715 4021 1841 4061 sen-

255 4100 490 4156 tentiolis
551 4101 846 4172 decerpere
896 4114 1168 4170 prcsumo.
1220 4099 1298 4154 Ex
1346 4115 1451 4169 qua
1502 4107 1679 4154 tamen
1721 4113 1840 4152 mea

254 4190 660 4260 presumptione
683 4190 899 4245 veniam
935 4188 1166 4246 fortasse
1202 4205 1287 4244 me
1331 4205 1491 4260 spero
1521 4190 1840 4260 promereri,

256 4279 339 4348 qui
365 4279 743 4335 tantummodo
766 4279 1059 4350 primordia
1080 4279 1322 4335 ecclesiae
1339 4289 1558 4344 nostrae,
1573 4288 1628 4334 et
1649 4279 1842 4348 quibus

258 4369 629 4441 largitionibus
659 4380 820 4424 aucta
854 4371 920 4423 ad
953 4370 1094 4424 hunc
1117 4379 1316 4424 statum
1349 4369 1677 4439 pervenerit,
1713 4385 1844 4440 pan-

1938 3185 2324 3239 monasteriunt
2353 3195 2556 3240 sanetae
2575 3185 2756 3240 Μαι-ιω
2769 3185 2906 3240 miro
2919 3186 3013 3240 sed
3036 3200 3163 3241 vero
3177 3185 3269 3240 Dei
3287 3185 3493 3255 judicio
3506 3225 3518 3249 ,

1934 3273 1968 3327 3
1993 3275 2260 3334 Kalendas
2281 3277 2506 3346 Augusti
2532 3276 2755 3332 fultuine
2793 3287 3140 3332 concrematu
3160 3293 3210 3330 m
3238 3285 3341 3332 est.
3372 3276 3525 3332 Unde

1937 3366 2165 3422 domnus
2191 3369 2496 3438 episcopus,
2539 3369 2690 3437 gravi
2732 3383 2966 3424 mterore
3012 3368 3253 3433 allectus,
3284 3368 3528 3422 Leduina

1937 3461 2116 3515 abbati
2164 3461 2351 3515 Sancti
2411 3461 2629 3516 Vedasti
2677 3461 3009 3516 admirandae
3062 3461 3366 3516 sanctitatis
3406 3460 3527 3514 viro

1937 3552 2219 3622 epistolam
2273 3554 2614 3618 transmittit,
2655 3553 2709 3608 in
2757 3569 2864 3623 qna
2898 3554 3174 3608 tristitiam
3222 3551 3403 3606 cordis
3441 3551 3528 3606 sui

1939 3643 2132 3712 aperit,
2166 3643 2239 3697 ita
2281 3643 2532 3712 inquiens
2557 3652 2677 3714 post
2723 3643 2936 3712 aliqua:
2974 3641 2992 3714 [
3026 3639 3111 3712 (G.
3143 3657 3224 3711 ep.
3255 3639 3404 3694 Cant.
3443 3655 3526 3699 In.

1938 3733 2054 3805 52.)
2092 3752 2109 3784 ι
2139 3733 2393 3804 Subrepit
2427 3735 2554 3789 mihi
2598 3734 2716 3804 plus
2752 3733 2916 3790 solito
2939 3735 3102 3788 timor
3128 3742 3186 3788 et
3227 3731 3411 3795 dolor,
3435 3731 3530 3800 qui

1941 3823 2068 3880 licet
2113 3827 2186 3881 sit
2234 3825 2366 3879 mihi
2404 3842 2500 3896 per
2547 3842 2703 3880 usum
2754 3833 2930 3888 vetus,
2979 3825 3041 3879 ﬁt
3089 3832 3266 3878 tamen
3317 3835 3534 3890 semper

1941 3929 2113 3970 novus
2135 3930 2232 3984 per
2255 3925 2618 3986 augmentum.
2660 3915 2793 3970 Nam
2822 3916 2865 3970 si
2895 3915 3185 3986 aliquando
3239 3929 3324 3970 me
3357 3913 3532 3985 ipsum

1943 4005 2237 4060 secundum
2295 4007 2608 4076 qualitatem
2658 4008 2783 4063 vita:
2810 4009 3037 4078 aspicio,
3072 4009 3123 4062 in
3169 4006 3534 4063 amaritudine

1945 4114 2158 4165 versor,
2194 4100 2318 4169 quia
2363 4101 2415 4154 in
2447 4101 2603 4155 bonis
2629 4101 2842 4164 delicio,
2885 4101 2937 4154 in
2970 4101 3127 4156 malis
3173 4101 3422 4170 perdam.
3474 4097 3535 4153 Si

1944 4189 2160 4258 quando
2188 4205 2317 4245 vero
2343 4191 2410 4245 ad
2439 4205 2502 4245 ea
2533 4206 2653 4260 qua:
2682 4192 2736 4245 in
2769 4191 2970 4246 mundo
2996 4204 3123 4246 sunt
3149 4188 3528 4259 perspicienda

1947 4283 2146 4339 mentis
2174 4284 2391 4338 oculum
2423 4283 2630 4348 attollo,
2660 4293 2853 4338 cuncta
2894 4297 3014 4352 quae
3048 4283 3100 4336 in
3131 4267 3370 4350 maligno
3409 4288 3536 4331 sunt

1949 4377 2123 4445 posita
2153 4376 2340 4443 video;
2370 4385 2574 4447 quanto
2613 4376 2844 4431 mundus
2897 4374 3136 4430 seviatur
3172 4371 3380 4443 gladio,
3417 4368 3536 4435 qui-

257 4462 375 4518 dere
401 4463 616 4518 curavi.
649 4462 793 4532 Ergo
816 4462 879 4515 ad
906 4463 957 4516 id
999 4462 1362 4533 peragendum
1395 4477 1614 4518 necesse
1640 4473 1723 4518 cst
1755 4479 1850 4534 per
1880 4467 1926 4524 D
1953 4471 2054 4524 bus
2077 4469 2305 4540 populus
2337 4471 2567 4526 intereat
2601 4468 3067 4541 percussionibus,
3095 4463 3383 4520 manifeste
3407 4465 3536 4515 COII-F

256 4555 533 4625 scriptura:
575 4570 830 4625 campum
857 4554 1188 4621 discurrere,
1215 4565 1270 4610 et
1299 4557 1399 4611 hoc
1426 4555 1748 4624 opusculum
1779 4555 1846 4609 de

255 4645 479 4703 diversis
532 4646 759 4700 ﬂoribus
811 4646 1098 4702 collectum
1127 4658 1418 4703 contexere
1456 4649 1663 4703 curavi.
1695 4649 1850 4704 Adsit

261 4737 415 4807 igitur
468 4737 560 4792 ille
601 4747 659 4792 et
709 4736 893 4792 faveat
938 4753 1115 4808 opera:
1156 4748 1376 4804 nostrae,
1415 4740 1507 4810 qui
1556 4756 1614 4795 se
1660 4739 1846 4796 liorem

262 4828 428 4896 campi
473 4835 530 4883 et
569 4827 744 4883 lilium
789 4828 1114 4883 convallium
1161 4844 1284 4886 esse
1332 4831 1629 4900 proclamat
1665 4830 1846 4903 (Cant.

265 4920 410 4988 n,l),
434 4929 493 4974 ut
517 4931 719 4976 cuncta
751 4929 946 4975 «nostra
984 4922 1227 4991 Operatio
1250 4922 1321 4976 ab
1361 4936 1427 4978 eo
1456 4935 1632 4996 empta
1667 4933 1721 4979 et
1754 4940 1851 4994 per

265 5024 380 5065 cum
406 5012 640 5068 ﬁnienda
657 5011 761 5082 ipsi
778 5019 836 5065 et
852 5011 1022 5068 amico
1041 5013 1359 5085 ejussancto
1380 5013 1609 5072 Andrca:
1625 5016 1854 5070 fideliter

270 5101 550 5158 deserviat.

335 5195 353 5224 I
416 5193 482 5224 nn
506 5213 598 5224 ρ-..-
611 5197 648 5224 .‘.'

655 5193 932 5224 ----.Jnn'nna
987 5195 1010 5224 Α
1024 5200 1146 5224 ss..-L
1161 5211 1204 5224 ..ι
1217 5199 1349 5224 ----.'-
1381 5217 1394 5224 .

1951 4560 2152 4625 sidere,
2183 4575 2248 4616 ac
2289 4577 2386 4631 per
2413 4563 2517 4617 hoc
2568 4562 2748 4616 adhuc
2775 4558 2958 4630 pejora
3007 4557 3078 4590 ³⁷⁸
3126 4556 3308 4610 venire
3350 4554 3535 4615 timeo,

1950 4650 2076 4721 quia
2105 4659 2290 4706 nostro
2318 4650 2638 4707 sacerdotali
2669 4657 2894 4720 peccato
2938 4648 3053 4702 haec
3091 4645 3209 4700 lieri
3253 4642 3536 4704 conﬁteor,

1948 4741 2090 4797 sicut
2115 4742 2376 4813 scriptum
2417 4751 2522 4809 est,
2564 4749 2799 4799 testante
2842 4743 3006 4796 beato
3048 4737 3210 4794 Petro
3249 4733 3535 4805 apostolo:

1957 4851 1975 4886 ι
2012 4833 2276 4901 Quoniam
2302 4843 2511 4905 tempus
2531 4841 2618 4893 est
2669 4840 2729 4886 ut
2757 4829 3263 4902 iucipiatjudicium
3295 4827 3360 4880 de
3379 4823 3546 4880 domo

1959 4922 2077 4979 Dei.
2115 4943 2134 4976 ι
2171 4923 2239 4978 Ει
2279 4923 2333 4979 in
2373 4922 2656 4979 Ezechiele
2690 4940 2702 4974 :
2753 4939 2771 4973 ι
2821 4921 2866 4976 Α
2896 4919 3206 4978 sanctuario
3243 4931 3363 4970 meo
3408 4913 3544 4967 inci-

1960 5019 2070 5089 pite
2099 5020 2188 5072 ³⁷⁷.
2224 5037 2243 5070 ι

2031 5112 2084 5165 2.
2104 5112 2177 5166 De
2195 5108 2467 5165 velleribus
2479 5113 2612 5169 albis
2640 5112 2972 5167 Attrcbatide
2987 5110 3114 5165 ca'lo
3138 5105 3320 5176 lapsis.
3342 5121 3359 5152 ι
3388 5098 3549 5198 verbi

1965 5203 2126 5224 --.μ-ξ-
2147 5199 2309 5222 ---Ιηιὲ
2333 5200 2490 5222 :-..._-
2605 5203 2638 5222 .9
2662 5211 2808 5222 --_.-a
2843 5218 2848 5219 γ
2883 5201 2930 5220 ιι
3002 5203 3012 5213 ⁸
3047 5217 3058 5219 -
3099 5199 3398 5220 ιιοιυινιηιηη
