4026 5370
462 314 562 369 25b

1359 315 1646 372 APPEND.
1687 314 1798 371 AD.
1840 313 2068 373 GESTA
2103 312 2418 372 EPISCOP.
2448 314 2792 372 CAMEBAC.

3609 325 3715 380 252

464 421 606 493 ignis
633 421 925 477 adveniens
957 423 1021 478 de
1046 423 1161 480 celo
1203 431 1373 479 totam
1411 424 1710 480 combussit
1734 423 2040 478 videntibus
2067 423 2116 484 Α
2145 424 2286 492 apud
2339 420 2642 492 Traiectum
2698 425 2941 495 privatus
2993 429 3104 502 (an.
3165 429 3344 501 1059),
3402 431 3714 489 Heinricurn

463 512 696 568 cunctis.
731 512 883 568 Unde
914 513 1076 569 timeo
1106 515 1352 582 nimium,
1391 516 1586 572 divina:
1615 516 1826 574 Domini
1846 516 2038 574 adver-

464 602 632 658 sionis
687 604 787 659 hoc
817 602 985 661 fuisse
1034 606 1325 674 iudicium,
1370 608 1638 665 venientis
1686 625 1849 680 super
1899 609 2038 666 ﬁlios

464 693 776 758 hominum;
803 706 859 749 ut
889 697 1030 751 sicut
1065 698 1192 753 olim
1229 710 1357 756 ante
1391 701 1680 757 adventum
1714 701 1924 759 Domini
1969 705 2037 759 oh

462 781 674 849 signum
721 785 1104 842 misericordia:
1149 804 1213 845 eo
1252 790 1303 845 in
1354 790 1471 846 loco
1514 791 1634 847 alba
1683 792 1880 848 vellera
1932 795 2037 850 duo

462 872 719 944 leguntur
762 879 1037 942 cecidisse,
1089 882 1160 936 ita
1208 884 1276 939 ob
1328 885 1774 954 signiﬁcationem
1819 887 2038 944 ultionis

467 968 684 1035 divinae,
707 986 825 1041 qua:
847 983 1069 1027 ventura
1096 983 1180 1030 est
1203 992 1362 1046 super
1386 977 1689 1033 difﬁdentiae
1720 978 1877 1044 ﬁlios,
1902 981 2040 1047 ignis

465 1062 813 1118 veniretcum
851 1065 1128 1136 sulphure,
1159 1069 1248 1138 qui
1275 1069 1525 1124 terrendo
1547 1080 1788 1124 moneret
1813 1071 2038 1139 electos,

469 1160 527 1205 ut
554 1168 583 1205 a
623 1152 758 1226 facie
787 1169 947 1209 arcus
987 1159 1200 1226 possint
1245 1158 1448 1229 fugere,
1479 1170 1530 1213 et
1555 1170 1805 1216 exureret
1847 1162 2040 1230 impios

467 1251 522 1298 et
551 1254 883 1312 peccatores,
914 1248 1002 1316 qui
1031 1247 1248 1305 Christo
1280 1265 1494 1319 semper
1519 1251 1806 1306 detrahunt
1833 1261 1887 1306 et
1917 1250 2043 1308 ﬁliis

466 1339 740 1396 Ecclesize.
783 1343 1149 1400 Solentetiam
1196 1347 1460 1403 ministris
1497 1348 1750 1405 Ecclesia:
1783 1352 1854 1407 de
1888 1351 2042 1407 nobis

467 1428 684 1486 dicere:
741 1452 759 1483 ι
817 1433 880 1488 lli
919 1445 1042 1489 sunt
1083 1447 1328 1506 pastores
1382 1440 1585 1509 populi,
1634 1441 1724 1510 qui
1765 1457 1870 1496 non
1914 1458 2042 1499 vere

465 1528 710 1587 pastores
761 1537 906 1592 sunt,
945 1527 1040 1581 sed
1093 1527 1223 1598 lupi.
1277 1529 1579 1587 Comedunt
1632 1534 1776 1588 enim
1821 1543 2040 1605 peccata

467 1615 646 1683 populi
677 1618 767 1686 qui
809 1620 1016 1676 fructus
1057 1621 1299 1677 ecclesiae
1344 1625 1398 1678 in
1444 1626 1710 1694 stipendio
1738 1627 2046 1703 percipiunt

467 1707 811 1775 quotidiana;
843 1712 936 1766 sed
983 1727 1081 1767 nec
1113 1715 1374 1771 orationis
1409 1718 1591 1773 studio
1637 1732 1736 1774 nec
1783 1719 2044 1788 praedica-

2139 513 2308 570 ﬁlinm
2351 532 2506 572 suum
2544 517 2692 590 regni
2736 529 2790 574 et
2829 520 3031 577 laboris
3081 522 3285 580 dimisit
3329 524 3603 580 heredem.
3629 525 3713 580 Ad

2137 619 2296 674 quem
2348 608 2664 677 swpedietus
2703 607 2942 678 pontifex
2984 611 3120 675 iens,
3157 627 3216 667 se
3270 613 3521 668 manibus
3571 612 3716 668 illius

2137 695 2425 762 commisit,
2458 699 2764 768 pariterque
2801 700 2908 754 dux
2937 701 3182 767 Gothilo,
3210 704 3301 772 qui
3323 703 3716 773 aliquantulum

2139 784 2402 856 denegare
2431 788 2788 857 disposuerat.
2821 791 2984 862 Cujus
3025 792 3258 847 Conradi
3289 803 3518 848 mortem
3542 792 3715 848 multa

2138 886 2529 946 praecesserunt
2556 879 2732 950 signa,
2760 882 3165 952 qurc,quanivis
3185 883 3344 955 digna
3373 883 3567 950 relatu,
3596 885 3719 939 bre-

2139 969 2321 1024 vitatis
2345 985 2507 1027 causa
2547 975 2900 1042 prtcterimus.
3481 1012 3486 1017 -

2207 1057 2260 1112 5.
2291 1058 2366 1113 De
2386 1061 2526 1114 obitu
2554 1061 2815 1118 Lietduini
2837 1065 3056 1120 abbatis.
3077 1065 3185 1136 (Ib.
3205 1067 3316 1138 59.)
3341 1065 3578 1140 Contigit
3597 1077 3749 1139 post‘

2141 1149 2243 1204 hoc
2261 1150 2560 1218 biennium,
2574 1153 2913 1210 Lietduinum
2927 1171 2994 1212 ex
3011 1158 3148 1213 laico
3172 1160 3493 1214 monachum
3511 1159 3722 1215 factum

2140 1248 2196 1296 et
2239 1240 2484 1296 abbatem
2533 1244 2929 1301 Attrebatensis
2991 1249 3200 1303 cenobii
3254 1259 3468 1318 postea,
3511 1249 3750 1304 scilicet.

2141 1331 2321 1387 domni
2355 1334 2610 1392 Richardi
2652 1352 3041 1403 successorem,
3070 1339 3138 1393 ab
3168 1339 3271 1394 hoc
3297 1340 3491 1394 sacculo
3518 1338 3752 1394 abiisse

2141 1436 2196 1481 et
2217 1426 2558 1482 laudabiliter
2583 1430 2648 1482 ad
2673 1429 2817 1485 aliud
2845 1431 3174 1500 pervenisse,
3207 1439 3265 1484 ut
3287 1425 3568 1500 speramus
3598 1429 3746 1485 feli--

2142 1515 2373 1582 citer,.et
2401 1517 2583 1572 tristes
2607 1518 2904 1573 reddidisse
2940 1529 3074 1588 quos
3099 1521 3165 1573 ad
3206 1533 3368 1574 omne
3409 1519 3612 1574 bonum
3641 1518 3728 1574 in-

2142 1611 2358 1663 struxit.
2412 1610 2510 1665 Hic
2559 1611 3171 1667 abbatem-Richardum
3204 1613 3511 1684 religiosum
3535 1613 3748 1667 adma--

2143 1701 2269 1756 dum
2299 1703 2474 1756 virum
2502 1703 2825 1767 introduxit,
2853 1719 2951 1774 per
2970 1719 3129 1774 quem
3158 1705 3302 1761 locus
3332 1705 3420 1760 ille
3452 1705 3503 1760 in
3531 1711 3753 1760 sancta'

470 1772 632 1851 tionis
665 1772 828 1853 verbo
875 1801 1005 1856 nihil
1047 1803 1258 1871 penitus
1307 1805 1578 1861 insudant.
1627 1825 1648 1860 ι
1698 1772 2044 1880 Ac'perhoc

2150 1793 2406 1862 religione
2431 1802 2488 1848 et
2507 1795 2688 1849 mundi
2715 1772 2966 1849 facultate
2989 1772 3130 1865 cepit
3166 1795 3387 1866 pollere.
3424 1794 3528 1857 Sed
3552 1810 3755 1866 quum-

467 1888 728 1958 quicquid
759 1893 1103 1948 adversitatis
1134 1895 1194 1950 lit
1223 1896 1275 1950 in
1315 1896 1532 1962 sceculo,
1563 1897 1811 1954 videlicet
1844 1907 2043 1954 morta-

468 1979 658 2044 litatis,
684 1983 1022 2052 pestilentiaa,
1063 1985 1242 2053 famis,
1289 1987 1477 2044 dicunt
1507 1989 1800 2058 promereri
1829 1999 1883 2044 et
1911 1991 2049 2045 inci-

469 2084 599 2138 pere
630 2086 659 2124 a
691 2075 1016 2138 sanctuario,
1067 2095 1084 2127 ι
1137 2086 1241 2131 etc.
1253 2095 1268 2149 ι
1309 2077 1435 2133 llaec
1463 2086 1518 2134 et
1562 2079 1666 2134 alia
1710 2080 1872 2135 verba
1921 2088 2046 2135 sunt

468 2162 649 2218 domui
681 2164 914 2235 episcopi
964 2168 1357 2236 querimoniam
1400 2171 1608 2240 agentis
1645 2180 1701 2226 et
1741 2186 1906 2242 super
1934 2181 2042 2227 tam

469 2251 688 2308 insolito
743 2271 870 2309 casu
924 2259 1164 2326 praedicti
1218 2260 1449 2315 incendii
1503 2262 1738 2330 graviter
1790 2263 2039 2319 dolentis.

469 2342 575 2396 Sed
601 2353 786 2413 postea
817 2360 923 2414 quo
967 2349 1167 2413 studio,
1199 2365 1312 2419 quo.
1354 2351 1557 2415 labore,
1600 2353 1923 2422 quantisque
1951 2369 2044 2409 ex-

467 2435 650 2504 pensis
670 2437 953 2493 ecclesiam
979 2441 1150 2510 ipsam
1181 2441 1609 2508 reaediﬁcaverit,
1643 2446 1811 2516 magis
1838 2462 1902 2500 ex
1929 2447 2042 2516 ipsa

467 2531 736 2582 structura
783 2544 942 2598 quam
1009 2533 1174 2588 verbo
1213 2534 1294 2590 vel
1343 2536 1547 2606 scripto
1597 2535 1823 2607 alicujus
1870 2547 2047 2608 potest

469 2621 710 2688 agnosci.
743 2620 867 2687 Sed,
903 2623 985 2679 his
1014 2626 1252 2692 omissis,
1278 2628 1342 2682 ad
1381 2637 1564 2683 nostra
1589 2631 1891 2686 redeamus.

535 2709 589 2763 5.
633 2708 710 2764 De
737 2712 1035 2767 chartarum
1059 2715 1410 2773 instrumentis
1432 2737 1464 2774 a
1485 2722 1675 2778 domno
1702 2727 1937 2798 episcopo
1961 2731 2045 2785 hic

467 2800 690 2855 collatis.
742 2803 940 2859 Eodem
972 2821 1096 2862 vero
1145 2824 1286 2866 anno
1325 2814 1486 2884 (l030
1536 2815 2044 2889 Febr.),Couradus

469 2891 765 2960 imperator
802 2909 924 2948 cum
976 2899 1213 2953 exercitu
1263 2917 1456 2972 magno
1502 2905 1554 2960 in
1607 2907 1899 2980 lluugriam
1928 2915 2041 2971 ivit.

470 2980 708 3036 Domnus
761 2994 940 3040 autem
971 2988 1253 3059 episcopus
1282 3004 1515 3060 ereptum
1556 3012 1691 3066 opus
1730 3003 1950 3072 cupiens
1978 3006 2043 3060 ad

469 3072 766 3142 perfectum
798 3077 1082 3145 deducere,
1126 3097 1193 3136 ne
1231 3085 1360 3153 quid
1396 3087 1519 3142 huic
1563 3101 1760 3147 nostra:
1803 3097 2044 3153 ecclesiae

469 3162 704 3233 deesset}
725 3167 866 3236 quod
903 3170 1119 3226 utilitati
1153 3182 1348 3230 nostra:
1378 3178 1654 3249 religio-tis
1699 3188 2040 3243 commodum

470 3249 641 3318 foret;
675 3257 962 3323 providens
1007 3261 1170 3316 etiam
1222 3273 1280 3318 ut
1321 3275 1509 3324 contra
1566 3269 1955 3343 infestationes,
1998 3279 2042 3334 si

471 3358 590 3411 qua:
619 3345 904 3416 aliquando
955 3350 1151 3409 futura:
1181 3366 1390 3422 essent,
1415 3361 1560 3432 regio
1596 3373 1840 3422 tueretur
1871 3372 2042 3425 muni-

470 3439 658 3496 mine:
710 3442 1086 3514 imperatorem
1129 3464 1228 3518 pro
1269 3452 1590 3520 quibusdam
1636 3462 1865 3530 negotiis
1891 3463 2040 3531 adiit,

469 3530 560 3600 qui
610 3539 738 3588 tune
778 3535 1042 3592 Triburire
1084 3539 1368 3595 concilium
1396 3543 1585 3601 habuit
1609 3562 1730 3603 cum
1777 3530 2044 3623 episc0pis

470 3621 582 3692 (an.
622 3625 778 3691 i036,
811 3627 999 3700 Mai);
1035 3631 1118 3684 cui
1158 3632 1388 3690 domnus
1425 3637 1699 3697 Gerardus
1749 3621 2045 3702 honoriﬁce

470 3714 538 3770 ab
566 3729 631 3770 eo
653 3728 932 3787 susceptus
976 3721 1236 3779 interfuit.
1279 3727 1462 3798 Ibique
1503 3741 1724 3788 cunctas
1775 3712 1882 3801 res,
1913 3753 2046 3807 quas

471 3802 600 3859 huic
634 3804 752 3862 loco
803 3811 1127 3882 contulerat,
1176 3827 1233 3870 ut
1276 3819 1539 3890 privilegii
1587 3824 1669 3878 sui
1721 3802 2047 3885 authoritate

471 3894 850 3954 corroboraret
869 3903 1024 3970 petiit
1051 3915 1104 3961 ct
1150 3907 1478 3976 impetravit.
1510 3912 1661 3979 Quod
1692 3916 1906 3985 quidem
1938 3920 2048 3989 pri-

471 3985 722 4079 vi'egium
785 3992 962 4062 sigillo
1008 3997 1156 4068 regio
1207 4000 1495 4070 signatum,
1524 4011 1578 4058 et
1633 4007 1739 4062 huc
1788 3985 2043 4079 delatum,

384 4144 386 4146 ν
472 4077 733 4172 hactenus
780 4085 919 4153 apud
970 4103 1070 4144 nos
1121 4101 1385 4146 servatur.
1444 4093 1666 4152 Addidit
1712 4098 1875 4154 etiam
1933 4077 2048 4172 ipsa

475 4170 737 4228 beneﬁcia
785 4189 885 4231 suo
911 4176 1234 4236 conﬁrmare
1277 4181 1583 4252 privilegio;
1616 4187 1757 4254 quod
1803 4170 2046 4264 enica—ira

471 4260 682 4332 legendi
710 4265 974 4329 inciderit,
1003 4280 1202 4338 quanto
1225 4270 1417 4327 affectu
1442 4273 1617 4330 locum
1644 4276 1786 4333 hunc
1799 4260 2048 4338 dilexerit

472 4361 528 4407 ct
569 4356 803 4421 auxerit,
833 4367 1088 4426 quantam
1144 4364 1424 4419 monachis
1470 4366 1856 4436 benignitatem
1893 4373 2048 4427 exhi-

474 4444 676 4512 buerit,
699 4448 832 4503 sa:is
869 4459 1201 4518 compertum
1254 4453 1490 4510 habebit.
1529 4457 1665 4524 Quin
1689 4469 1742 4514 et
1769 4461 2045 4529 praefatum

475 4533 728 4588 abbatem
793 4537 1047 4591 domuum
1100 4540 1375 4598 Elbertum
1421 4554 1479 4601 et
1525 4557 1892 4605 successorem
1933 4551 2050 4620 ejus

475 4623 918 4681 concelebrantes
961 4628 1061 4683 sibi
1110 4637 1164 4684 et
1211 4630 1430 4688 intimos
1482 4637 1790 4705 capellanos
1838 4655 2051 4711 semper

476 4712 594 4769 fore
620 4717 900 4773 constituit
929 4719 1019 4775 ⁸⁷⁸.

548 4803 707 4863 ιυε
741 4809 882 4861 obitu
919 4810 1146 4868 Conradi
1178 4816 1526 4886 imperatoris.
1567 4818 1857 4890 Postquam
1885 4839 2052 4894 saepe-

479 4891 622 4949 fatus
651 4894 944 4966 imperator
970 4900 1248 4959 Conradus
1275 4908 1484 4978 imperii
1514 4910 1874 4979 gubernacula
1904 4891 2053 4969 sede-

479 4983 585 5038 cim
637 4987 790 5042 annis
824 4998 931 5043 tam
979 4992 1202 5052 scientia
1258 5012 1418 5065 quam
1462 5000 1629 5055 armis
1681 5004 2055 5060 strenuissime

481 5080 872 5188 sustemptavit,
917 5080 1028 5155 [(G.
1075 5102 1156 5154 ep.
1191 5084 1339 5143 Cum.
1388 5107 1470 5155 tu,
1509 5092 1625 5161 55.)
1658 5093 1762 5149 iter
1790 5097 2056 5152 convertit

819 5171 845 5188 λ

2146 1886 2212 1941 de
2254 1886 2451 1940 domno
2486 1886 2761 1944 Ricbardo
2822 1889 3148 1943 admirandae
3203 1888 3476 1961 religionis
3529 1889 3752 1944 abbate-

2144 1978 2358 2032 occasio
2387 1994 2445 2033 se
2469 1980 2662 2034 obtulit
2687 1982 3016 2036 mentionem
3048 1981 3298 2046 faciendi,
3350 1983 3547 2052 iustum
3579 1982 3751 2036 arbi-r—

2150 2076 2356 2124 tramur
2378 2070 2444 2124 de
2475 2079 2581 2124 tam
2612 2071 2935 2128 venerabilis
2956 2072 3489 2128 monachianemoria
3519 2071 3727 2142 aliquid
3743 2097 3763 2123 -.

2145 2156 2306 2212 altius
2339 2157 2585 2231 referre.]

2215 2247 2267 2303 6.
2297 2248 2371 2304 De
2396 2225 2586 2304 domno
2612 2251 2795 2306 abbate
2831 2250 3120 2306 llic/tardo.
3151 2249 3250 2306 Hic
3273 2253 3454 2321 itaque
3482 2225 3731 2306 Virrium;
3748 2271 3765 2288 -

2146 2341 2424 2406 oriundus,
2458 2342 2578 2396 dein
2608 2341 2868 2398 vocabulo
2894 2351 2947 2398 et
2986 2359 3042 2398 re
3083 2344 3248 2398 abbas
3293 2342 3465 2397 factus
3503 2341 3554 2396 in
3601 2341 3742 2395 aula

2147 2431 2493 2502 imperatoris
2518 2433 2754 2499 Henrici,
2783 2433 3016 2489 Conradi
3058 2434 3124 2488 de
3148 2448 3256 2504 quo
3299 2447 3460 2502 supra
3488 2431 3731 2487 diximus

2146 2525 2318 2594 patris
2345 2524 2513 2596 (50f),
2539 2525 3018 2589 nominatissimus,
3049 2525 3148 2595 ipsi
3170 2539 3384 2595 quoque
3409 2521 3730 2593 imperatori
3755 2544 3761 2553 ε

2148 2618 2434 2674 admodum
2455 2618 2730 2673 familiaris
2747 2618 2948 2684 extitit,
2973 2619 3107 2672 adeo
3130 2625 3188 2670 ut
3209 2617 3301 2685 (ib.
3329 2631 3409 2678 ur,
3436 2616 3486 2683 Ι)
3507 2612 3729 2684 quando
3753 2649 3757 2653 -

2147 2708 2343 2763 domno
2371 2707 2610 2764 Gerardo
2636 2707 2957 2778 episcopalia
3000 2706 3228 2776 insignia
3257 2702 3592 2774 supradictus
3622 2703 3758 2756 imo.

2146 2814 2364 2871 perator
2392 2803 2529 2872 apud
2560 2801 2802 2855 Arntiam
2827 2800 3007 2854 villam
3041 2798 3292 2854 Samnite
3323 2795 3574 2851 Kalendis
3615 2794 3726 2849 Fe-

2145 2895 2348 2952 bruarii
2381 2893 2607 2951 contulit
2632 2903 2683 2948 et
2727 2908 2910 2948 secum
2935 2891 3215 2946 detentum
3245 2889 3297 2943 in
3329 2885 3730 2958 puriticationis

2149 2997 2351 3042 sancta:
2373 2989 2554 3042 Maria:
2584 2987 2739 3042 tertia
2779 2986 2864 3041 die
2898 2985 3167 3040 licentiam
3192 2981 3552 3038 aeeomodans
3572 2978 3746 3034 abiret

2150 3083 2416 3149 permisit,
2446 3080 2652 3134 duobus
2680 3077 2986 3142 abbatibus,
3007 3075 3212 3132 scilicet
3233 3074 3427 3128 domno
3451 3068 3740 3126 Richardo

2146 3183 2199 3228 et
2222 3149 2511 3228 Berthaldo
2539 3171 2793 3234 Endensi,
2817 3171 2910 3224 sed
2933 3179 2986 3224 et
3013 3167 3321 3224 Hermanno
3347 3165 3552 3230 comiti,
3575 3178 3742 3217 man-

2147 3269 2319 3330 daret.
2351 3275 2408 3320 ut
2437 3281 2558 3321 eum
2586 3264 2910 3320 comitantes
2938 3275 3110 3332 usque
3143 3261 3419 3317 civitatem
3465 3256 3730 3312 Camera-

2147 3373 2270 3414 cum
2300 3357 2679 3429 perducerent.

2217 3451 2270 3505 7.
2319 3450 2398 3504 De
2427 3448 2669 3502 coenobiis
2702 3446 2802 3502 sibi
2829 3445 3136 3500 commissis.
3187 3440 3370 3516 (Capp.
3401 3439 3457 3507 6,
3486 3439 3573 3504 15.
3612 3436 3760 3509 16.)’

2145 3543 2477 3599 Procedente
2506 3555 2634 3596 vero
2663 3536 3209 3609 tempore,abbatiam
3239 3531 3738 3600 Altimontis,qua*,

2146 3636 2375 3691 diversis
2429 3634 2606 3690 causis
2655 3631 3013 3688 existentibus
3049 3644 3183 3699 quas
3209 3639 3529 3683 enumerare
3557 3623 3723 3694 piget,

2145 3727 2292 3782 omni
2324 3724 2626 3781 monacbali
2670 3723 2926 3792 religione
2951 3723 3205 3778 destituta
3235 3727 3372 3784 erat,
3415 3715 3728 3787 petentibus

2147 3819 2343 3874 domno
2371 3817 2612 3873 Gerardo
2651 3825 2704 3872 et
2730 3816 2896 3870 fratre
2938 3815 3054 3885 ejus
3091 3812 3368 3882 Arnulpho
3417 3810 3584 3880 ipsius
3621 3807 3726 3864 loci

2148 3911 2430 3975 advocato,
2478 3909 2764 3979 regendam
2801 3907 3056 3975 suscepit.
3087 3904 3220 3958 Dein
3267 3917 3396 3958 vero
3428 3900 3760 3956 Laubiense—

2147 4003 2432 4059 cenobium
2483 3999 2941 4070 interpellantibus
2973 3998 3168 4053 domno
3216 3989 3467 4065 episcopo
3495 3990 3733 4047 Geraldo

2148 4104 2202 4150 et
2245 4094 2572 4150 Leodicense
2615 4093 2864 4162 episcopo
2894 4089 3155 4157 Walpodo
3190 4086 3379 4142 itidem
3433 4083 3728 4154 regendum

2151 4187 2418 4255 suscepit;
2467 4180 2610 4256 quod
2653 4182 2857 4238 scilicet
2885 4179 3238 4250 Engbrandus
3269 4175 3583 4239 monachus,
3634 4172 3759 4242 (ιυί-

2149 4279 2321 4334 eidem
2354 4277 2594 4332 ecclesiae
2623 4281 2870 4345 przecrat,
2911 4270 3226 4325 seculariter
3253 4268 3440 4320 vivens
3467 4263 3602 4319 nihil
3645 4265 3734 4317 in-

2152 4370 2321 4425 terius
2346 4369 2619 4437 religionis
2637 4363 2974 4420 doctriuabat
2994 4358 3302 4416 etexterius
3321 4359 3459 4412 bona
3485 4354 3734 4411 ecclesiae

2154 4461 2380 4530 turpiter
2407 4458 2717 4526 dissipabat.
2740 4455 3169 4509 Attrebatcnsent
3193 4463 3408 4520 quoque
3437 4445 3732 4501 ecclesiam

2153 4565 2280 4607 ante
2323 4565 2492 4605 annos
2529 4549 2730 4616 aliquot
2767 4546 3006 4617 regebat.
3041 4543 3145 4597 Sed
3177 4549 3392 4611 postea,
3422 4547 3482 4592 ut
3509 4536 3735 4590 liberius

2152 4645 2264 4700 Deo
2305 4644 2510 4700 servire
2538 4649 2718 4712 posset
2763 4647 2817 4692 et
2853 4653 2952 4708 pro
2976 4636 3161 4690 celesti
3199 4634 3376 4704 potius
3425 4646 3585 4701 quam
3632 4643 3737 4697 pro

2155 4737 2390 4791 humana
2425 4731 2787 4787 assectatione
2821 4743 2879 4784 se
2909 4743 3046 4782 onus
3075 4725 3367 4795 sumpsisse
3391 4723 3598 4778 cunctis
3629 4725 3738 4774 ηοξ

2153 4829 2406 4892 tiﬁcaret,
2450 4841 2480 4879 a
2527 4824 2790 4893 regimine
2832 4819 3229 4875 Attrebatcnsis
3279 4816 3517 4872 ecclesia;
3557 4827 3618 4868 se
3648 4827 3740 4867 re-

2159 4917 2345 4972 laxare
2367 4914 2661 4984 disposuit;
2691 4911 3020 4978 consilioque
3045 4907 3270 4962 Gerardi
3293 4905 3528 4977 episcopi
3552 4904 3604 4957 in
3635 4918 3739 4958 sua

2158 5008 2276 5062 vice
2307 5005 2619 5076 praedictum
2650 4999 2970 5063 Leduinum,
3000 4997 3122 5052 Alto
3152 5013 3279 5052 vero
3324 4997 3491 5051 monti
3518 4993 3744 5048 Fulcui;

2158 5113 2286 5153 num
2312 5094 2673 5152 venerabilem
2702 5091 2876 5145 virum
2901 5087 3222 5160 substituit.]
3248 5087 3343 5143 Hic
3359 5097 3538 5141 autem
3568 5084 3742 5138 abbas
