4026 5370
251 222 363 279 253
975 221 1298 280 CHRONIC.
1334 223 1394 279 S.
1435 222 1736 280 ANDREE
1774 222 2021 281 CASTRI
2056 225 2737 286 CAMERACESll.-—UB.
2773 232 2838 287 ll.
3441 233 3551 291 234

255 347 394 391 suco
423 336 620 392 ordini
645 337 758 407 jam
786 351 921 407 pene
941 336 1089 407 lapso
1114 346 1168 393 et
1189 347 1247 392 ut
1270 338 1342 392 ita
1365 337 1538 393 dicam
1566 336 1880 406 adnullato,’
1897 346 1941 402 Α
1970 351 2148 396 autem
2181 343 2246 398 de
2272 343 2419 410 villa,
2449 360 2570 415 quae
2594 356 2674 402 est
2699 345 2896 402 Lutosa
2929 348 3011 404 vel
3033 356 3093 404 ut
3118 349 3339 418 qusdam
3364 351 3550 407 volunt

251 430 405 484 velut
432 429 662 501 lampas
713 439 768 485 et
803 431 1020 486 lucerna
1057 431 1304 500 quaedam
1333 443 1555 500 repente
1601 431 1864 498 emicuit;
1968 431 2236 499 Laudosa,
2263 437 2463 492 mentio
2493 439 2703 505 incidit,
2737 440 2838 494 hoc
2866 441 3169 507 sciendum,
3198 444 3340 513 quod
3389 445 3443 498 in
3482 460 3547 500 ea

251 532 306 575 et
333 537 450 575 non
485 532 710 578 tantum
751 523 1062 588 commissa,
1094 523 1187 577 sed
1237 523 1398 576 etiam
1446 524 1868 595 circumquaque
1969 534 2052 579 est
2081 528 2929 584 monasteriumcanonicorumin
2954 531 3160 586 honore
3178 533 3544 602 apostolorum

249 613 680 687 proxiiciarum
727 615 949 670 cenobfa
995 629 1095 668 usu
1126 614 1359 686 regulari
1386 615 1678 670 secundum
1707 630 1867 687 regu-
1969 612 2114 668 Petri
2143 623 2196 669 et
2217 615 2392 681 Pauli,
2422 618 2566 687 quod
2602 620 2909 674 construxit
2943 622 3134 676 beatus
3163 622 3459 685 Amandus,
3492 633 3548 677 et

253 704 357 760 lam
386 722 492 762 san
502 709 578 762 eti
604 707 885 763 Benedicti
913 706 1218 761 illustravit.
1242 706 1366 761 llzec
1379 706 1620 761 breviter
1637 706 1704 762 de
1719 716 1869 764 tanto

253 801 368 856 viro
402 803 866 870 perstrinximus,
897 801 963 856 de
1009 815 1117 870 quo
1151 799 1302 869 plura
1350 800 1512 870 digna
1558 799 1715 856 laude
1761 802 1868 858 dici

253 902 538 965 poterant.
576 895 686 950 Sed
703 895 830 964 quia
860 893 910 948 id
935 908 1040 949 non
1084 903 1168 948 est
1194 892 1364 948 n05tri
1392 891 1650 962 propositi
1679 893 1768 960 '7’,
1801 894 1869 950 ad

253 986 356 1040 alia
385 995 775 1041 transeamus.

321 1079 378 1133 8.
415 1077 502 1132 De
526 1077 896 1146 interfectione
917 1074 1140 1131 Walteri
1163 1075 1456 1131 castellani.
1485 1076 1652 1147 Igitur
1670 1077 1871 1133 Roma-

255 1173 380 1225 nam
396 1169 703 1226 ecclesiam
718 1168 1040 1225 Benedictus
1055 1167 1435 1237 Tcopbilactus
1451 1169 1589 1224 rexit
1606 1171 1762 1224 annis
1782 1170 1866 1234 l5,

254 1270 377 1329 post
411 1276 588 1331 quem
617 1259 882 1317 Silvester
919 1259 1234 1316 Sabinensis
1279 1261 1563 1331 epierpus
1588 1261 1727 1317 sedit
1757 1262 1870 1316 die-

254 1356 357 1407 bus
402 1353 511 1419 56;
541 1354 632 1409 cui
665 1353 926 1410 successit
965 1352 1279 1423 Gregorius,
1311 1353 1403 1422 qui
1429 1362 1484 1406 et
1512 1351 1788 1408 Iohannes
1813 1362 1870 1408 et

255 1444 592 1510 Gratianus,
642 1445 803 1500 annis
841 1445 878 1499 2
923 1443 1198 1500 mensibus
1250 1443 1304 1499 6.
1351 1442 1465 1501 Sub
1511 1445 1702 1500 iisdem
1754 1445 1869 1502 fere

254 1537 454 1593 diebus
497 1537 785 1594 Cameraci
813 1537 1087 1593 Walterus
1111 1536 1436 1593 castellanos
1465 1537 1710 1605 reprobis
1731 1537 1870 1592 acti-

257 1629 359 1684 bus
412 1630 853 1700 circumquaque
907 1627 1147 1684 l’amosus
1192 1628 1258 1682 ad
1303 1629 1500 1684 ostium
1551 1628 1866 1683 monasterii

257 1729 471 1778 sancte
503 1721 693 1776 Mariae
724 1723 850 1776 dum
872 1729 1071 1785 oraret,
1104 1729 1158 1774 ut
1186 1720 1338 1775 aiunt
1363 1750 1434 1760 -—
1464 1735 1561 1775 nos
1599 1720 1650 1775 id
1681 1735 1868 1789 parum
1902 1691 1946 1750 Β

258 1823 610 1884 compertum
655 1814 922 1869 habemus
967 1843 1040 1854 —
1089 1827 1119 1866 a
1160 1821 1420 1883 quattuor
1469 1813 1600 1866 viris
1652 1815 1717 1866 ad
1769 1813 1871 1866 hoc

261 1906 439 1974 ipsum
465 1906 832 1961 conventione
852 1904 988 1961 facta
1004 1905 1210 1975 paratis
1228 1903 1550 1960 interficitur
1567 1902 1868 1974 (anAOH).

263 1995 337 2050 De
375 1995 546 2064 cujus
579 2006 755 2051 morte
787 1996 992 2050 civitati
1021 2005 1074 2049 et
1105 1995 1250 2050 omni
1294 1994 1484 2064 patria:
1513 1995 1626 2050 sive
1654 1995 1869 2064 episco-

264 2087 368 2154 pdi
425 2087 602 2142 curiae
661 2087 879 2157 requies
933 2086 1111 2156 aliqua
1169 2089 1260 2141 sed
1311 2101 1418 2140 non
1479 2085 1570 2140 diu
1602 2084 1867 2154 provenit.

265 2175 477 2248 [(Cesta
512 2177 676 2230 Lietb.
702 2177 785 2244 2.)
821 2177 966 2232 Uxor
987 2178 1185 2247 quippe
1207 2177 1321 2247 ejus
1347 2175 1720 2230 Ermentrudis
1746 2191 1870 2231 cum

266 2266 426 2322 unico
481 2266 592 2322 tilio
636 2265 866 2336 parvulo
900 2267 1104 2331 relicta,
1152 2267 1404 2322 Hiezabel
1452 2266 1713 2321 maleﬁcte
1760 2281 1867 2325 non

267 2359 467 2428 impar,
503 2359 571 2414 ab
596 2359 806 2413 insania
826 2359 935 2412 -viri
960 2359 1039 2413 sui
1069 2375 1174 2414 non
1195 2361 1446 2425 cessavit,
1483 2359 1576 2414 sed
1600 2358 1871 2428 nequitias

267 2450 383 2520 ejus
451 2450 899 2520 superexcellens
959 2460 1248 2522 tyrannum
1289 2453 1575 2521 quemdam
1603 2451 1868 2506 Joannem

269 2541 595 2597 advocatum
646 2543 1081 2598 Attrchatensem
1136 2544 1389 2598 maritum
1439 2544 1614 2609 duxit,
1649 2552 1708 2598 ut
1751 2541 1870 2610 ejus

271 2627 401 2685 fulta
452 2631 709 2700 praesidio
764 2631 1164 2688 castellaturam
1218 2632 1460 2701 recipere
1505 2641 1712 2704 posset.
1763 2631 1869 2687 Sed

271 2736 395 2776 mox
425 2722 548 2792 ejus
578 2721 686 2777 lilio
716 2722 953 2777 obeunte
991 2723 1126 2777 nihil
1160 2720 1434 2793 profecit.]

336 2815 392 2869 9.
446 2813 525 2868 De
562 2815 753 2868 domno
792 2816 980 2868 abbate
1033 2814 1330 2869 Waldrico.
1372 2815 1502 2869 Post
1548 2814 1866 2870 Gratianum

271 2904 578 2961 Romanam
593 2905 775 2960 sedem
789 2905 1164 2976 Suigerus,qui
1183 2914 1405 2960 vocatur
1419 2905 1870 2970 Clemens,tenuit

274 2994 553 3049 mensibus
583 2994 636 3060 9,
661 2994 853 3049 diebus
871 2996 1072 3065 7;post
1093 3011 1254 3065 quem
1295 2995 1463 3066 Popo,
1486 2995 1577 3065 qui
1600 3004 1654 3050 et
1673 2995 1863 3048 Dama-

272 3086 404 3152 sius,
428 3086 572 3141 sedit
595 3086 784 3142 diebus
797 3086 889 3140 25.
917 3085 1014 3142 Cui
1037 3088 1298 3143 successit
1327 3087 1530 3152 Bruno,
1558 3089 1647 3156 qui
1678 3095 1732 3141 et
1756 3086 1865 3143 Leo

274 3193 472 3242 nonus,
502 3179 657 3232 annis
693 3178 746 3243 Β,
778 3179 1056 3234 mensibus
1085 3178 1140 3244 2,
1170 3179 1358 3234 diebus
1379 3180 1432 3232 7.
1467 3179 1566 3233 llic
1595 3179 1661 3233 de
1692 3179 1864 3233 Roma

273 3271 524 3335 veniens,
552 3268 736 3326 Remis
763 3269 953 3325 habito
980 3285 1174 3341 magno
1199 3269 1448 3334 concilio,
1478 3270 1864 3326 monasterium

276 3358 450 3413 sancti
480 3357 714 3430 Remigii
743 3359 1038 3426 dedicavit,
1086 3360 1286 3415 domno
1330 3360 1562 3415 Widone
1600 3360 1868 3429 archiepi-

277 3465 436 3520 scopo
476 3450 628 3505 Ebali
670 3465 1004 3508 successore.
1052 3451 1254 3507 Eodem
1307 3460 1548 3522 tempore
1601 3451 1868 3508 Henricus

277 3539 512 3599 Conradi
569 3542 711 3598 lilius
758 3543 944 3598 Roma:
993 3542 1339 3613 imperatoria
1386 3543 1649 3614 dignitate
1696 3544 1868 3600 intro-

276 3633 512 3688 nizatur.
541 3631 844 3705 [Cameraci
876 3634 1057 3690 donno
1083 3635 1336 3703 episcopo
1349 3633 1594 3689 Gerardo
1621 3635 1777 3690 annis
1798 3635 1865 3689 ad

276 3737 534 3778 occasum
579 3723 934 3794 vergentibus
983 3733 1235 3780 senectus
1293 3725 1567 3794 obrepsit,
1615 3740 1715 3795 pro
1759 3741 1865 3796 qua

278 3811 506 3868 debilior
528 3810 644 3882 jam
665 3812 826 3868 ﬂebat
851 3828 881 3868 a
910 3814 1076 3883 priori
1102 3813 1298 3886 statu.]
1330 3812 1428 3869 llic
1447 3822 1627 3868 autem
1651 3816 1866 3870 donnus

277 3903 444 3958 abbas
504 3902 756 3960 Elhertus
806 3919 950 3960 anno
1000 3904 1093 3959 Dei
1139 3903 1344 3959 Christi
1397 3903 1534 3958 1047
1586 3904 1741 3973 (Mai.
1774 3905 1863 3976 11)

275 4009 432 4054 cursu
461 3999 588 4054 vitae
617 3999 846 4056 feliciter
875 4009 1095 4071 peracto
1123 3999 1265 4054 diem
1298 3999 1492 4055 clausit
1530 4009 1863 4056 extremum.

277 4085 394 4142 Post
423 4103 586 4157 quem
620 4089 850 4145 domnus
893 4089 1236 4156 Waldricus,
1264 4106 1327 4145 ex
1358 4091 1478 4145 vico
1516 4090 1862 4145 Bracbatensi

275 4174 359 4244 qui
398 4175 604 4232 dicitur
638 4177 840 4234 Lutosa
879 4179 1144 4235 oriundus
1171 4220 1186 4244 ,
1234 4188 1290 4234 et
1344 4179 1579 4237 clericus
1637 4181 1864 4236 illustris

277 4263 469 4330 hctus,
507 4267 628 4321 dein
673 4267 1088 4322 Castrilocensis
1116 4268 1331 4323 comitis
1378 4268 1637 4324 Rainneri
1674 4270 1861 4338 capel-

278 4351 450 4418 lanus,
490 4364 677 4425 postea
715 4372 846 4412 vero
886 4357 1120 4413 Florinis
1144 4359 1443 4413 monachus
1473 4358 1717 4425 ell'ectus,
1743 4369 1860 4415 tan-

277 4443 389 4497 dem
422 4459 452 4497 a
480 4445 678 4502 domno
709 4448 963 4518 episc0po
1001 4447 1244 4505 Gerardo
1272 4450 1442 4504 abbas
1493 4449 1654 4519 hujus
1681 4452 1859 4507 eccle—

275 4534 360 4587 sia:
410 4534 714 4590 ordinatur.
773 4537 874 4604 Qui
900 4548 1100 4608 quanta
1161 4539 1427 4610 religione
1476 4540 1652 4597 locum
1715 4543 1859 4598 hunc

275 4623 488 4688 rexerit,
537 4626 758 4693 quantis
801 4630 1100 4684 commodis
1143 4631 1380 4695 auxerit,
1427 4643 1698 4702 quantave
1726 4649 1856 4690 cura

274 4712 510 4770 sublitos
546 4715 766 4780 foverit,
820 4727 1050 4774 testatur
1086 4737 1259 4792 usque
1287 4738 1429 4779 nunc
1458 4727 1671 4797 egregia
1711 4724 1855 4781 fama

274 4804 503 4862 nominis
535 4808 673 4878 ejus,
719 4816 991 4866 testantur
1026 4827 1114 4868 res
1161 4813 1447 4884 adquisitae
1475 4818 1856 4887 procuratione

276 4895 453 4962 ipsius.

342 4985 414 5039 l0.
441 4987 515 5043 De
533 4991 658 5045 villa
687 4989 908 5046 Luloso.
943 4992 1027 5057 (G.
1061 5013 1141 5067 ep.
1173 4996 1324 5052 Cum.
1357 5014 1416 5064 ll,
1448 4999 1562 5072 45.)
1584 5001 1848 5068 Quonim

1889 4401 1936 4460 Ι)

1970 718 2052 764 est
2089 709 2238 764 dives
2283 709 2526 774 abbatia;
2561 711 2650 765 ubi
2702 712 2786 766 vir
2832 713 2924 767 Dei
2974 714 3294 769 venerabilis
3339 714 3546 770 Baidilo

1970 799 2280 870 requiescit,
2327 801 2417 869 qui
2444 815 2640 871 corpus
2669 812 2869 857 sancta:
2910 802 3236 872 Magdalena‘:
3265 805 3330 860 de
3356 805 3551 859 llieru-

1970 889 2136 944 salem
2177 891 2230 944 in
2260 890 2622 962 Burgundiam
2659 891 2712 946 in
2756 892 2875 948 loco
2925 891 3253 949 Vercelliaco
3295 893 3550 950 attulisse

1968 978 2187 1053 fortun}

2043 1072 2128 1126 11.
2159 1072 2238 1126 De
2261 1073 2572 1144 quibusdam
2599 1075 2867 1129 monachis
2900 1075 3060 1146 hujus
3081 1073 3202 1128 loci.
3229 1073 3334 1129 Sed
3360 1082 3410 1129 et
3445 1074 3549 1130 hoc

1969 1177 2076 1218 non
2105 1177 2440 1232 supervacue
2465 1164 2870 1229 advertendum,
2899 1164 3040 1234 quod
3073 1163 3347 1234 predictus
3385 1164 3551 1218 abbas

1967 1254 2202 1311 domnus
2239 1254 2546 1310 Waldricus
2597 1256 2856 1325 quosdam
2889 1255 3103 1325 generis
3145 1255 3230 1308 sui
3277 1254 3344 1308 de
3372 1254 3546 1323 patria

1969 1361 2088 1412 sua,
2121 1356 2232 1402 tres
2259 1347 2509 1417 equidem
2538 1355 2762 1417 nepotes
2781 1361 2933 1410 suos,
2965 1347 3074 1402 Deo
3096 1346 3422 1401 militaturos
3445 1345 3550 1398 huc

1969 1437 2218 1492 miserit:
2244 1436 2566 1492 Balduinum
2591 1437 2798 1492 scilicet
2816 1436 3163 1501 monachum,
3198 1452 3359 1507 quem
3391 1433 3551 1504 hujus

1970 1527 2216 1583 ecclesia:
2249 1528 2488 1584 vidimus
2520 1529 2762 1584 edituum
2807 1529 2944 1582 mira
2977 1529 3208 1584 caritate
3244 1527 3547 1598 praeditum,

1972 1621 2126 1690 cujus
2153 1622 2333 1676 obitus
2369 1623 2484 1678 dies
2515 1621 2547 1674 7
2578 1622 2694 1676 Kal.
2733 1621 3006 1686 Januarii;
3055 1621 3387 1691 Stephanum
3417 1636 3552 1690 quo-

1973 1729 2100 1783 que,
2134 1713 2293 1782 hujus
2326 1713 2427 1769 loci
2455 1713 2808 1784 prepositum,
2844 1721 2953 1766 tam
2985 1713 3183 1768 litteris
3202 1725 3363 1782 quam
3397 1727 3551 1767 secuo

1974 1803 2178 1858 laribus
2212 1804 2443 1876 negotiis
2481 1804 2772 1867 eruditum,
2805 1803 2960 1872 cujus
2999 1801 3178 1858 obitus
3206 1803 3342 1866 dies
3371 1810 3456 1856 est
3485 1800 3551 1856 15

1973 1896 2090 1951 Kal.
2145 1896 2378 1967 Aprilis;
2427 1905 2482 1950 et
2528 1895 2644 1965 ejus
2693 1893 2915 1948 fratrem
2947 1892 3276 1958 Wilelmum,
3309 1892 3553 1946 innocua:

1974 1988 2097 2042 vita:
2125 1987 2352 2053 laicum,
2379 1986 2470 2056 qui
2519 1986 2663 2041 omni
2705 1987 2945 2056 equestri
2983 1987 3246 2056 obsequio
3277 1985 3556 2040 monachis

1972 2078 2026 2133 in
2056 2079 2162 2132 vita
2191 2093 2284 2132 sua
2307 2077 2625 2144 deservivit;
2651 2093 2715 2132 ex
2742 2078 2896 2148 cujus
2925 2079 3131 2133 semine
3153 2077 3304 2132 multi
3335 2087 3552 2132 manent

1972 2184 2143 2237 usque
2205 2171 2405 2225 adhuc.
2474 2167 2714 2224 Domnus
2779 2170 2908 2224 item
2966 2171 3253 2241 episc0pus
3280 2169 3555 2226 Gerardus

1971 2262 2238 2330 quendam
2268 2261 2481 2333 generis
2527 2261 2609 2315 sui
2639 2261 3010 2316 Socleramum
3040 2263 3130 2326 ³⁸⁸,
3167 2261 3470 2317 innocentis
3498 2267 3553 2315 et

1971 2355 2229 2424 simplicis
2272 2355 2396 2409 vita:
2443 2356 2790 2420 monachum,
2849 2355 2952 2408 huc
3007 2354 3200 2409 adduci
3242 2353 3401 2420 fecit;
3459 2353 3550 2424 qui

1972 2445 2111 2500 inter
2135 2455 2314 2501 cetera
2355 2446 2500 2500 oumi
2532 2445 2740 2499 vilitate
2767 2452 3054 2499 contentus
3085 2444 3438 2515 corporisque
3468 2443 3550 2498 sui

1971 2550 2156 2590 curam
2189 2535 2411 2590 omnino
2453 2548 2802 2606 postponens,
2834 2535 3156 2590 nunciandis
3195 2535 3343 2589 horis
3371 2534 3554 2605 operis

1970 2630 2064 2684 Dei
2095 2631 2324 2686 solerter
2363 2632 2604 2685 vacabat.
2648 2630 2818 2696 Quem
2863 2631 2974 2699 jam
3005 2629 3158 2685 senio
3206 2643 3430 2684 curvum
3460 2644 3550 2682 ar-

1971 2731 2164 2792 tusque
2204 2721 2396 2778 baculo
2439 2730 2834 2776 sustentantem
2872 2721 3127 2784 vidimus,
3185 2735 3282 2774 nec
3311 2729 3488 2773 tamen
3521 2733 3551 2771 a

1968 2814 2244 2884 proposito
2266 2823 2455 2867 saneto
2487 2813 2568 2867 vel
2601 2812 2899 2881 psalmodia
2931 2812 3185 2866 continua
3223 2818 3552 2864 cessantem.

1969 2904 2189 2959 Talibus
2237 2904 2465 2972 aliisque
2519 2904 2802 2965 ministris,
2861 2902 2950 2957 tali
2991 2915 3204 2972 quoque
3257 2908 3553 2954 sustentata

1968 2995 2164 3051 abbate
2218 2995 2317 3050 sub
2366 2995 2498 3050 tanti
2551 2994 2807 3062 sull'ragio
2857 2994 3128 3064 pontiﬁcis
3163 2992 3390 3046 ecclesia
3441 2990 3553 3044 lucc

1967 3087 2282 3143 beatissima
2311 3097 2438 3139 tunc
2473 3085 2857 3154 predicabatur
2881 3084 2948 3136 ab
2971 3082 3242 3138 omnibus.
3289 3079 3450 3135 Plura
3487 3077 3554 3132 de

1968 3176 2055 3230 his
2081 3175 2290 3231 referte
2318 3175 2568 3238 vitamus,
2602 3190 2670 3231 ne
2696 3173 2835 3229 forte
2874 3173 3071 3244 legenti
3104 3171 3378 3227 fastidium
3406 3168 3553 3238 inge-

1969 3282 2175 3322 ramus.

2039 3361 2126 3414 12.
2154 3359 2233 3414 De
2263 3361 2406 3414 obitu
2437 3360 2614 3413 damni
2639 3357 2861 3413 Gerardi
2883 3358 3127 3428 episcopi.
3157 3356 3357 3424 Quinto
3389 3355 3553 3427 igitur

1965 3451 2322 3507 ordinationis
2349 3449 2590 3520 smpefati
2620 3449 2831 3505 abbatis
2860 3464 3034 3514 anno,
3083 3449 3313 3502 domnus
3343 3447 3552 3517 episco-

1965 3559 2068 3615 pus
2089 3541 2819 3612 Gerardus,supervenieute
2842 3540 3139 3596 vocationis
3161 3541 3390 3602 sutedio,
3405 3553 3552 3593 anno

1965 3635 2288 3708 praesulatus
2317 3635 2399 3691 sui
2431 3635 2500 3690 10
2525 3675 2541 3701 ,
2583 3633 2724 3690 felici
2773 3644 2831 3688 ut
2867 3633 3143 3688 credimus
3184 3641 3357 3687 morte
3397 3645 3550 3686 reso-

1965 3728 2132 3794 lutus,
2153 3726 2270 3796 ejus
2289 3727 2355 3782 ad
2376 3741 2536 3796 quam
2558 3735 2635 3781 tot
2657 3740 2721 3780 ac
2743 3726 2904 3779 tantis
2929 3722 3204 3779 laboribus
3223 3721 3552 3778 exercitatus

1965 3821 2093 3875 totis
2130 3819 2334 3874 viribus
2380 3817 2672 3872 anhelabat
2724 3816 2987 3886 largiente
3049 3816 3159 3870 Deo
3195 3817 3423 3884 adeptus
3467 3823 3552 3870 est

1965 3912 2238 3968 consortia
2297 3911 2438 3967 vitaz.
2501 3909 2648 3966 Obiit
2692 3917 2871 3964 autem
2923 3909 2958 3962 2
3014 3908 3136 3963 ldus
3177 3907 3355 3962 Martii
3409 3921 3552 3962 anno

1965 4003 2059 4059 Dei
2083 4001 2286 4058 Christi
2326 4000 2464 4056 1050
2491 3999 2640 4070 (502)
2679 4009 2733 4054 et
2761 4002 2811 4052 in
2858 3997 3031 4052 media
3079 3997 3307 4053 ecclesia
3351 4004 3551 4051 sanctas

1965 4095 2146 4149 Maria:
2173 4094 2340 4162 ipsius
2365 4101 2450 4146 est
2470 4105 2670 4158 corpus
2695 4089 2856 4160 digna
2886 4088 3234 4142 veneratione
3255 4084 3546 4154 sepultum.

1963 4182 2064 4251 Qui
2113 4190 2372 4251 quantum
2414 4179 2531 4234 suis
2577 4179 2804 4233 dilectus
2845 4174 3116 4238 extiterit,
3159 4175 3404 4242 designat
3432 4171 3548 4239 ejus

1963 4274 2312 4346 sepulchrum
2386 4271 2616 4328 diversis
2685 4269 2952 4339 lapidibus
3007 4266 3296 4335 aureisque
3351 4265 3546 4319 litteris

1965 4366 2298 4436 insignitum.
2356 4365 2434 4418 Eo
2483 4373 2663 4419 autem
2724 4371 2964 4430 tempore
3010 4358 3336 4422 Balduinus,
3404 4356 3546 4411 [ilius

1961 4457 2174 4512 comitis
2217 4455 2568 4510 Flandrensis
2595 4496 2609 4521 ,
2672 4452 2971 4507 Richildem
3008 4448 3371 4510 comitissam,
3424 4459 3544 4516 quas

1962 4555 2120 4601 antea
2175 4545 2488 4600 llermanno
2538 4543 2720 4615 nepoti
2770 4541 2940 4612 ipsius
2984 4539 3200 4595 comitis
3250 4544 3542 4608 nupserat,

1961 4652 2184 4693 uxorem
2212 4636 2385 4690 duxit.
3153 4677 3155 4680 ‹
3528 4673 3530 4675 μ

1959 4764 1963 4768 -
2032 4728 2120 4783 15.
2164 4725 2265 4799 [De
2293 4725 2542 4781 electione
2575 4721 2756 4777 damni
2788 4719 3104 4786 Lietbertiet
3129 4719 3448 4790 profectione
3475 4716 3543 4769 ad

1960 4836 2151 4890 regem.
2187 4816 2474 4887 (v’.Lietb.
2519 4816 2613 4881 10,
2661 4813 2730 4879 5,
2784 4815 2880 4877 ll,
2943 4814 3052 4881 l5.)
3115 4812 3287 4882 Igitur
3347 4809 3549 4862 domno

1959 4913 2216 4983 episc0p0
2237 4908 2479 4965 Gerardo
2511 4923 2636 4965 cum
2665 4907 2972 4961 reverentia
3001 4916 3057 4960 et
3091 4905 3296 4957 honore
3325 4899 3553 4954 decente

1960 5009 2207 5077 sepulto,
2238 5001 2651 5058 Cameracensis
2697 4997 2828 5055 cleri
2879 4999 3160 5068 plebisque
3209 4993 3360 5048 curia
3413 4991 3556 5045 tanti

1536 5134 1772 5191 VARle
1814 5118 2227 5195 LECTIONES.

338 5238 398 5273 '7’
430 5244 702 5318 ρτορυείῑί
739 5260 858 5312 σορ-
936 5246 1000 5281 ³⁸⁰
1041 5263 1212 5306 utrum
1241 5250 1345 5322 sic;
1375 5270 1443 5308 an
1476 5251 1881 5314 Soeleramum.
1911 5267 1981 5304 an
2017 5254 2392 5313 Sceleramum
2419 5251 2698 5326 tegendum
2738 5253 2966 5307 discerni
2999 5245 3169 5318 nequit
3205 5243 3256 5296 in
3287 5237 3460 5310 copia.
