4026 5370
481 323 588 392 εδδ

1388 335 1696 392 APPEND.
1721 335 1814 390 AD
1852 335 2074 394 GES’I'A
2114 336 2417 394 EPISCOP.
2457 337 2804 404 CAMERAC.

3643 342 3750 402 250

481 448 654 518 patris
701 444 992 504 amiSsioue
1035 451 1346 518 perturbata
1393 452 1680 517 convenit,
1719 456 1776 507 et
1805 451 2060 507 domuum
2093 461 2139 518 Α
2168 451 2308 508 lecto
2327 452 2622 522 pontiﬁcali
2645 453 3223 523 fecitparari,sibique
3245 458 3404 521 atque
3425 451 3750 510 satellitibus

480 537 813 594 Lietbertqu
837 579 852 602 ,
880 554 1038 610 quem
1087 557 1153 596 ex
1190 541 1542 599 Brachatensi
1585 544 1861 613 provincia
1895 544 2062 600 nobili

479 629 733 699 prosapia
788 630 992 686 editum
1048 632 1280 689 domnus
1333 634 1610 690 Gcrardus
1663 634 1951 703 diligenter
1999 650 2062 689 ac

478 720 760 789 religiose,
795 730 982 790 utpote
1018 723 1232 793 generis
1287 725 1372 780 sui
1417 726 1814 800 propinquum,
1864 726 2062 781 educa-

475 821 661 874 verat,
693 825 854 879 quem
878 813 1042 867 etiam
1076 828 1172 882 per
1197 812 1437 884 singulos
1465 815 1666 885 gradus
1703 813 2060 871 ecclesiastici

473 899 681 955 ordinis
708 902 774 954 ad
800 902 1272 960 archidiaconatus
1309 914 1361 961 et
1398 907 1756 976 propositum:
1801 905 2056 963 Camera-

474 990 654 1045 censis
709 991 954 1046 ecclesiae
1005 993 1265 1051 honorem
1319 1005 1691 1065 provexerat,
1759 994 1959 1068 quique
2005 996 2056 1051 ci

440 1072 442 1074 ’
472 1094 687 1150 seraper
717 1083 1057 1151 maximeque
1089 1083 1139 1138 in
1178 1085 1369 1141 diebus
1415 1087 1711 1142 senectutis
1737 1101 1877 1154 sme,
1907 1087 2055 1144 vices

471 1167 588 1234 ejus
613 1171 1006 1239 supportando,
1057 1173 1272 1242 adiutor
1304 1184 1360 1230 et
1391 1185 1716 1246 cooperator
1754 1177 2051 1241 extiterat,

468 1258 585 1326 p'll'i
635 1273 903 1318 consensu
940 1263 1182 1333 eligunt;
1235 1279 1291 1320 et.
1331 1265 1475 1322 facto
1523 1267 1710 1338 grandi
1749 1279 2008 1338 apparatu
2034 1310 2050 1337 ,

466 1348 708 1405 illustres
737 1344 839 1406 vir’i
873 1361 981 1408 tam
1011 1355 1208 1410 milites
1231 1371 1394 1425 quam
1428 1358 1611 1413 clerici
1639 1358 1876 1414 electum
1923 1376 2050 1429 prc-

463 1444 670 1498 sentari
700 1445 767 1500 ad
805 1446 1185 1516 imperatorem
1225 1449 1517 1506 Henricum
1552 1467 1676 1506 cum
1716 1451 2049 1509 exultatione

462 1534 770 1603 deducunt,
798 1538 888 1607 qui
915 1547 1041 1594 tunc
1065 1539 1202 1596 forte
1227 1542 1368 1610 apud
1405 1543 1862 1614 Agrippinensem
1886 1544 2046 1601 Colo-

462 1626 606 1680 niam
675 1629 1040 1685 observationi
1091 1639 1294 1687 sanctte
1350 1633 1783 1704 quadragesimae
1843 1651 2048 1692 vacans

459 1716 795 1772 morabatur.
839 1719 956 1786 Quo
989 1731 1274 1791 postquam
1316 1725 1670 1794 perveniunt,
1710 1727 2040 1796 presentiam

2165 542 2277 598 suis
2302 541 2370 598 de
2397 544 2700 614 sumptibus
2721 545 2974 616 episcopii
2995 544 3575 615 prtecepitministrari.
3613 544 3746 596 Dum

2163 636 2278 692 haec
2325 645 2643 708 agerentur,
2709 637 2940 691 domnus
2990 635 3297 690 Lietbertus
3347 634 3749 705 appropinquat

2162 728 2366 782 civitati
2386 745 2400 793 ;
2425 729 2511 783 cui
2525 727 2798 783 Johannes
2815 743 2937 783 cum
2959 737 3149 800 parato
3169 741 3462 783 occurrens
3474 727 3744 793 exercitu,

2159 827 2346 890 portas
2365 820 2558 876 clausit
2586 830 2639 875 et
2671 821 2828 891 longe
2844 817 3076 890 reppulit
3097 819 3166 874 ab
3188 819 3434 873 introitu.
3460 817 3748 872 Diverteus

2159 913 2341 982 itaque
2367 914 2432 966 ad
2466 914 2604 968 hanc
2635 912 2815 968 villam
2847 920 3202 982 receptusque
3229 927 3258 965 a
3285 911 3398 966 suis
3420 910 3743 975 honorifice,

2156 1003 2245 1060 hic
2280 1005 2592 1074 aliquandiu
2624 1005 2862 1071 mansit,
2915 1005 3086 1062 donec
3107 1019 3291 1060 comes
3319 1003 3582 1058 Flandriac
3613 1001 3744 1056 Bal-

2157 1096 2372 1162 dninus,
2399 1097 2614 1152 rediens
2650 1112 2681 1152 a
2713 1112 2841 1166 rege
2880 1097 3251 1160 Francorum,
3288 1096 3567 1150 inventum
3614 1109 3742 1149 eum

2155 1201 2336 1242 secum
2390 1188 2672 1245 Cameraci
2717 1189 2960 1244 deduxit.
3019 1189 3172 1262 Quod
3228 1205 3350 1244 cum
3389 1189 3744 1244 uuuciaretur

2160 1269 2432 1343 Iohanni,
2496 1278 2620 1347 fuga
2673 1278 2858 1348 lapsus
2912 1279 3141 1336 liberum
3195 1277 3475 1334 introitum
3515 1277 3755 1332 domino-

2150 1372 2384 1426 venicuti
2404 1371 2714 1441 consensit;
2747 1382 2804 1429 et
2835 1373 2914 1429 sic
2953 1373 3184 1430 domnus
3211 1372 3517 1428 Lietbertus
3547 1369 3742 1427 civita-

2150 1472 2258 1517 tem
2285 1462 2336 1516 in
2359 1477 2492 1532 pace
2511 1465 2773 1533 possedit.

2221 1553 2309 1608 15.
2348 1552 2426 1608 De
2475 1554 2807 1609 ordinatione
2841 1552 3024 1610 domui
3050 1554 3313 1610 Lietberti.
3365 1550 3738 1621 Leoni.papa?,

2147 1651 2206 1699 ut
2229 1659 2389 1714 supra
2415 1645 2590 1716 capite
2615 1644 2648 1700 9
2689 1644 2995 1713 retulimus,
3033 1655 3156 1716 post
3203 1659 3375 1700 annos
3413 1642 3651 1713 quinque
3678 1649 3740 1697 et

2147 1750 2360 1790 menses
2406 1736 2544 1791 duos
2594 1735 2893 1792 Giehardus
2928 1737 3204 1798 succedit,
3269 1734 3358 1806 qui
3416 1742 3472 1789 et
3511 1731 3735 1800 Victor,

460 1810 604 1876 regis
649 1809 940 1877 adeuntes,
976 1811 1382 1870 destitutionem
1415 1817 1565 1874 urbis
1610 1834 1722 1874 sua:
1769 1828 1825 1875 et
1871 1821 2036 1878 t0tius
2065 1835 2110 1895 Β
2139 1827 2385 1895 seditque
2425 1828 2582 1884 annis
2625 1829 2682 1896 9.,
2726 1830 3003 1885 mensibus
3032 1830 3088 1895 5,
3127 1828 3316 1884 diebus
3346 1826 3431 1881 13-
3474 1825 3735 1882 Ῐῖϐῐηθηεῑ

457 1900 751 1968 provincia:
781 1908 957 1958 morte
990 1905 1121 1960 tanti
1161 1908 1372 1976 patroni
1407 1909 1457 1964 ei
1501 1910 1817 1980 uotiticant,
1870 1914 2040 1970 bacu-

458 1989 677 2058 lumque
704 1993 1026 2059 pastoralem
1055 2009 1215 2065 quem
1261 2013 1444 2052 secum
1473 1999 1816 2070 detulerant,
1869 2004 2040 2076 lacry-

459 2079 657 2134 utando
683 2091 1092 2153 presentanies,
1147 2087 1214 2143 de
1249 2087 1514 2146 electione
1551 2092 1732 2149 domui
1775 2094 2038 2154 Lietberti

456 2171 647 2241 paucis
677 2174 725 2227 ei
750 2186 1062 2233 reverenter
1082 2193 1488 2252 suggesscrunt.
1520 2185 1719 2243 Audito
1744 2188 2041 2259 imperator

454 2265 740 2319 memorati
775 2269 1055 2336 pontiﬁcis
1090 2271 1318 2328 decessu
1340 2315 1354 2341 ,
1385 2290 1544 2344 quem
1577 2277 1629 2331 in
1654 2293 1848 2349 magna
1879 2294 2041 2335 vene-

455 2353 667 2409 ratione
685 2365 740 2411 et
760 2357 1060 2414 delectione
1084 2377 1300 2433 semper
1324 2365 1606 2433 habuerat,
1629 2369 1717 2438 pie
1739 2370 2034 2425 condoluit.

452 2444 657 2501 Tamen
718 2449 844 2517 quia
905 2451 1019 2507 dies
1062 2463 1264 2510 sanctae
1293 2473 1617 2527 parasceves
1655 2462 1874 2528 aderat,
1929 2453 2036 2533 qua

448 2533 744 2592 Dominica:
763 2541 998 2608 passioni
1014 2552 1068 2597 et
1092 2556 1439 2614 peccatorum
1463 2551 1825 2607 recordationi
1848 2567 2040 2608 vacan-

449 2628 576 2681 dum
630 2616 785 2695 erat...
850 2633 918 2688 de
965 2636 1069 2690 hoc
1114 2640 1332 2708 negotio
1388 2656 1486 2710 per
1530 2643 1766 2699 triduum
1815 2647 2037 2701 omnino

447 2718 612 2773 siluit.
663 2721 859 2776 Verum
908 2740 974 2778 ne
1025 2727 1228 2785 diutius
1258 2732 1420 2786 verba
1469 2735 1820 2802 protraham,
1873 2735 1924 2789 iu
1949 2736 2038 2793 die

448 2821 654 2864 sanctae
696 2815 1108 2870 resurrectionis
1151 2817 1352 2876 domno
1399 2821 1676 2878 Lietberto
1715 2823 2032 2893 jamdudum

447 2902 589 2957 ﬁdeli
613 2905 712 2960 sibi
755 2906 1064 2974 notissimo,
1111 2926 1296 2967 coram
1330 2923 1476 2968 tanta
1525 2914 1864 2969 multitudine
1891 2917 2034 2970 assi-

445 2995 700 3050 stentium
727 2999 1262 3073 archiepiscoporum
1284 3016 1339 3060 et
1373 3006 1561 3075 reliqui
1596 3008 1804 3063 ordinis
1835 3009 2031 3076 sancti,

443 3098 543 3140 uec
561 3101 665 3140 non
693 3096 747 3142 et
768 3092 1090 3159 optimatum
1115 3095 1476 3166 palatinorum
1503 3113 1810 3168 procerum,
1829 3100 2029 3154 donum

2143 1919 2426 1989 metropoli
2461 1919 2621 1975 Wido
2654 1921 2884 1975 antistes
2918 1920 3052 1988 vita:
3087 1918 3360 1973 laudiliilis
3385 1917 3731 1986 przesidebat.

2143 2009 2247 2080 (Ib.
2280 2012 2380 2077 16,
2423 2009 2536 2082 17.)
2575 2012 2658 2067 Ad
2699 2028 2859 2082 quem
2909 2011 3138 2067 domnus
3185 2009 3495 2063 Lietbertus
3533 2006 3729 2074 levita,

2141 2101 2232 2170 qui
2277 2102 2496 2171 quidem
2535 2103 2825 2158 sacerdotii
2877 2102 3104 2173 gradum
3144 2099 3383 2154 nondum
3436 2099 3729 2166 attigerat,

2139 2207 2263 2250 cum
2289 2193 2515 2250 honesto
2545 2206 2767 2252 suorum
2791 2202 2899 2248 tam
2926 2193 3189 2249 laicorum
3212 2206 3377 2262 quam
3398 2188 3726 2245 clericorum

2139 2285 2398 2340 comitatu
2428 2285 2730 2355 prolectus,
2782 2295 2838 2339 et
2875 2291 3152 2355 gratanter
3197 2288 3479 2352 susceptus
3501 2320 3520 2348 ,
3561 2280 3630 2333 ab
3659 2294 3726 2333 co

2138 2374 2497 2434 Catalauaum
2530 2392 2559 2431 a
2589 2377 2788 2432 domno
2832 2376 3046 2446 Rogero
3089 2375 3344 2444 episcopo
3391 2371 3730 2428 ordinandus

2138 2464 2409 2535 dirigitur.
2433 2465 2668 2536 Indeque
2699 2480 3010 2535 regressus,
3047 2473 3262 2540 postera
3306 2461 3394 2518 die
3426 2459 3726 2531 episcopali

2138 2558 2549 2614 consecratione
2575 2558 2831 2615 decenter
2852 2557 3155 2627 insignitur.
3182 2553 3282 2609 Ubi
3311 2561 3514 2624 quanta
3537 2551 3726 2606 laetitia

2137 2661 2485 2722 quantusque
2505 2664 2605 2706 con
2613 2649 2935 2720 gratulantis
2961 2648 3091 2704 cleri
3119 2647 3400 2717 plebisque
3420 2657 3727 2701 concursus

2135 2739 2400 2803 extiterit,
2443 2755 2569 2794 cum
2595 2740 2740 2794 dictu
2767 2738 2926 2794 facile
2961 2753 3065 2794 nou
3099 2745 3184 2793 est
3209 2777 3222 2802 ,
3262 2735 3527 2791 silendum
3565 2734 3723 2788 nobis

2134 2845 2253 2886 esse
2281 2846 2595 2898 censemus,
2628 2832 2863 2886 maxime
2885 2830 2976 2902 qui
3010 2831 3335 2886 destinatum
3363 2844 3498 2900 opus
3523 2826 3721 2897 exequi

2134 2927 2536 2983 contendimus.

2205 3018 2294 3072 16.
2329 3015 2405 3072 De
2419 3019 2645 3072 advmtu
2667 3018 2997 3088 imperatoris
3012 3019 3064 3071 in
3085 3018 3221 3071 hanc
3239 3025 3455 3070 terram.
3481 3011 3726 3066 Victoris

2131 3106 2422 3176 supradicti
2467 3123 2619 3178 papa!
2670 3121 2954 3162 successor
2999 3105 3352 3170 Fredericus,
3391 3103 3481 3173 qui
3513 3110 3568 3156 et
3596 3099 3722 3155 Ste-

443 3180 700 3251 episcopii
748 3183 970 3256 largitus
1003 3196 1123 3255 est;
1175 3201 1231 3245 et
1267 3191 1334 3245 ad
1375 3192 1766 3248 ostendendum
1824 3201 2024 3262 quanta
2053 3192 2098 3253 C
2129 3196 2376 3265 pltauus,
2405 3197 2540 3251 sedit
2571 3211 2788 3253 menses
2816 3198 2868 3264 7,
2910 3197 3024 3251 dies
3053 3196 3143 3251 29.
3181 3195 3310 3249 Post
3345 3207 3504 3263 quem
3544 3192 3720 3246 Bene-

441 3271 643 3326 mentis
675 3273 964 3332 devotione
991 3278 1042 3332 id
1064 3290 1277 3349 ageret,
1311 3282 1567 3352 hymnum
1619 3282 1689 3336 Te
1712 3283 1882 3338 Deum
1909 3285 2027 3338 lau-

439 3360 630 3416 damus
661 3362 774 3433 ipse
813 3366 1047 3435 inccpit,
1088 3379 1142 3424 et
1171 3386 1201 3424 a
1238 3371 1438 3441 palatio
1469 3373 1734 3442 imperiali
1775 3391 1942 3446 usque
1970 3376 2025 3436 in

437 3449 724 3507 ecclesiam
757 3455 896 3511 beati
926 3458 1072 3515 Petri
1116 3463 1293 3519 omnis
1327 3465 1478 3519 curia
1521 3468 1872 3537 prosequitur
1900 3484 2023 3524 cum

438 3539 651 3605 hymnis
680 3553 734 3598 et
772 3544 1112 3614 jubilatiouc.
1163 3550 1261 3607 llis
1305 3552 1408 3608 rite
1463 3557 1696 3623 peractis
1729 3566 1784 3612 et
1831 3557 2024 3628 legatis

437 3633 638 3688 nostris
668 3635 806 3690 miro
835 3639 1030 3707 gaudio
1077 3641 1335 3712 repletis,
1391 3657 1613 3714 accepta
1665 3648 1925 3705 missione
1968 3659 2022 3704 et

435 3725 686 3780 omnibus
699 3737 1070 3796 competenter
1083 3734 1415 3804 adimpletis,
1444 3739 1769 3807 properabat
1789 3740 2019 3796 domnus

434 3812 624 3868 Lietbe
633 3823 745 3869 rtus
759 3818 1092 3888 comitesque
1105 3821 1220 3891 ejus
1244 3826 1313 3880 ad
1329 3827 1607 3882 civitatem
1624 3845 1777 3886 suam
1801 3834 2016 3891 reverti.

507 3904 617 3996 1ιὶ
638 3905 716 3960 De
743 3907 1049 3978 expulsione
1075 3912 1335 3970 Johannis
1369 3933 1402 3972 a
1429 3916 1736 3976 Cameraco.
1793 3922 1902 3995 (Ib.
1930 3924 2017 3991 Η,
2046 3991 2051 3996 _

433 3994 548 4064 iii.)
592 3994 719 4052 Post
763 3998 900 4064 lucc,
954 4000 1096 4056 fama
1149 4017 1502 4074 precurrente
1547 3994 1818 4078 Johauui,
1855 4031 2016 4085 quem

431 4101 593 4156 supra
625 4089 800 4159 capite
828 4100 1020 4148 octavo
1064 4094 1299 4155 diximus
1341 4099 1755 4160 Ermeutrudcm
1789 4106 2014 4165 Walteri

430 4177 710 4234 castellani
737 4196 959 4238 uxorem
988 4185 1042 4241 in
1073 4190 1480 4247 matrimonium
1507 4194 1758 4261 duxisse,
1808 4200 2014 4256 nullum

432 4276 611 4324 tamen
635 4272 1000 4330 castellaturat
1015 4276 1212 4333 donum
1237 4294 1268 4335 a
1291 4281 1488 4338 domno
1509 4283 1752 4342 Gerardo
1774 4291 2015 4358 potuisse

433 4360 730 4430 impetrare
757 4405 772 4430 ,
821 4373 878 4420 et
921 4365 1043 4424 ideo
1070 4369 1271 4427 domno
1302 4371 1576 4432 Lietberto
1602 4377 1654 4431 in
1688 4379 1790 4434 hac
1815 4395 1874 4435 re
1911 4381 2013 4437 sibi

426 4451 713 4508 obsisteuti
767 4455 995 4513 insidias
1038 4460 1232 4515 mortis
1282 4463 1480 4534 saepius
1527 4467 1769 4523 molitum
1802 4470 1965 4526 fuisse
1993 4511 2009 4538 ,

426 4544 719 4599 nunciatur
740 4548 883 4615 quod
913 4549 1116 4606 factum
1146 4551 1345 4609 fuerat.
1373 4553 1488 4621 Qua
1512 4557 1578 4614 de
1600 4573 1762 4614 causa
1790 4560 2012 4617 nimium

425 4635 781 4725 perterritus,
831 4639 970 4694 clam
1000 4642 1202 4714 diuque
1247 4657 1462 4719 reputat
1509 4651 1640 4721 quid
1692 4651 1834 4709 facto
1879 4669 2016 4725 opus

425 4719 516 4809 sit.
546 4721 784 4779 Consilio
809 4727 988 4798 itaque
1003 4746 1124 4787 cum
1147 4735 1260 4791 suis
1279 4719 1751 4809 accepto,ﬁuullum
1776 4719 2015 4800 civitatis

425 4808 710 4876 introitum
762 4818 998 4876 venienti
1046 4826 1300 4898 episcopo
1345 4830 1660 4898 deliberat,
1739 4834 1845 4890 nisi
1909 4837 2012 4891 sibi

425 4904 832 4964 castellaturam
860 4916 1220 4985 concederet,
1263 4938 1426 4990 quam
1468 4925 1662 4982 anxius
1712 4929 2005 4983 ambiebat.

425 4994 651 5053 Matrem
701 5017 833 5073 ergo
893 5008 1176 5066 ecclesiam
1245 5017 1476 5074 domina:
1542 5030 1744 5079 nostra:
1806 5035 2005 5081 sancta:

2129 3287 2305 3342 dictus
2328 3287 2712 3344 Belitcrnensis
2750 3289 3036 3358 episcopus
3058 3287 3197 3342 sedit
3247 3299 3460 3340 menses
3489 3283 3573 3348 il,
3600 3282 3720 3337 dies

2124 3377 2229 3445 20;
2273 3381 2362 3438 cui
2391 3381 2688 3438 succedens
2714 3380 2986 3436 Gerartlus
3008 3421 3022 3446 ,
3053 3380 3142 3448 qui
3169 3387 3222 3434 et
3251 3376 3533 3441 Nicolaus,
3575 3373 3721 3429 sedit

2125 3473 2364 3545 aunosﬂ,
2383 3489 2594 3529 menses
2609 3474 2662 3539 5,
2682 3474 2796 3528 dics
2809 3473 2899 3528 25.
2924 3473 3222 3543 imperator
3237 3470 3349 3525 lien
3358 3470 3502 3524 ricus
3525 3465 3715 3521 comiti

2127 3563 2450 3619 Flaudrensi
2479 3565 2777 3632 Balduino,
2830 3581 2989 3634 quem
3013 3565 3124 3635 jam
3166 3564 3294 3620 olim
3349 3571 3545 3616 terram
3594 3558 3719 3627 ejus

2125 3655 2499 3726 depopulanda
2553 3658 2656 3713 sibi
2699 3659 3116 3730 subjugavcrat,
3176 3657 3375 3711 iterum
3422 3651 3608 3708 rebelli
3648 3666 3720 3706 eo

2127 3752 2370 3815 tempore
2395 3748 2636 3816 graviter
2659 3748 2832 3804 iratus
2860 3757 2998 3803 erat.
3032 3745 3212 3818 (Gesta
3244 3745 3411 3800 Lietb.
3437 3743 3515 3812 9.)
3552 3741 3714 3795 Doru-

2122 3850 2224 3890 nus
2255 3835 2561 3893 Lietbertus
2591 3839 2645 3893 in
2677 3839 2804 3894 sede
2833 3855 2929 3895 sua
2954 3853 3211 3911 prospere
3237 3837 3474 3901 locatus,
3521 3835 3713 3888 exclu-

2121 3943 2240 3984 sum
2267 3938 2328 3982 ut
2363 3927 2599 3984 diximus
2628 3927 2926 3984 Iohannem
2958 3942 3017 3984 ut
3044 3929 3112 3983 ab
3145 3929 3294 3984 otuui
3325 3941 3421 3997 spe
3457 3925 3712 3980 castella-

2123 4031 2255 4076 turte
2283 4021 2543 4092 dejiceret
2564 4063 2578 4088 ,
2629 4023 3086 4078 adolescentulum
3114 4023 3381 4092 quendem
3424 4020 3710 4090 llugoncm

2119 4111 2400 4165 castellani
2437 4111 2662 4166 Walteri
2712 4122 2960 4182 nepotem
3005 4127 3068 4166 ea
3117 4111 3424 4176 iuvestivit,
3473 4117 3528 4164 ct
3582 4125 3708 4164 eum

2119 4203 2331 4257 cuidam
2378 4203 2633 4257 Anselmo
2676 4204 2979 4274 propinquo
3016 4204 3133 4274 ejus
3172 4203 3412 4259 moribus
3449 4213 3506 4256 et
3539 4203 3710 4259 armis

2117 4293 2331 4362 egregie
2377 4293 2650 4348 commisit
2692 4293 3051 4349 educandum.
3084 4296 3254 4360 Quem
3291 4304 3468 4349 tamen
3519 4301 3707 4362 postea

2115 4399 2304 4440 sevum
2357 4394 2612 4454 expertus
2662 4393 2748 4440 est
2790 4394 2846 4440 et
2895 4401 3185 4456 perpessus
3230 4384 3533 4440 inimicum.
3593 4382 3707 4439 [loc

2117 4476 2390 4533 Johanues
2426 4488 2735 4549 comperto,
2775 4495 2898 4534 mox
2935 4481 3014 4534 ira
3057 4479 3269 4534 fervens
3293 4494 3391 4534 ceu
3424 4478 3490 4511 ³⁸¹
3514 4478 3702 4532 saucia

2121 4567 2276 4637 tigris
2299 4608 2313 4634 ,
2345 4569 2428 4624 vel
2459 4581 2515 4622 ut
2545 4586 2770 4641 serpens
2799 4579 3020 4639 accepto
3063 4571 3171 4625 ictu
3203 4569 3455 4624 ﬂexuosis
3479 4568 3704 4623 orbibus

2117 4670 2231 4717 toto
2253 4678 2480 4733 corpore
2525 4664 2844 4730 involvitur,
2895 4664 2975 4718 sie
3014 4662 3179 4718 ell‘era
3228 4671 3410 4717 mente
3452 4661 3704 4730 concepit

2113 4752 2355 4808 dolorem
2386 4763 2438 4808 et
2464 4755 2676 4810 diversa
2705 4755 2981 4812 molimina
3013 4754 3219 4809 fraudis
3253 4753 3450 4808 anhelo
3480 4761 3703 4821 pectore

2115 4859 2337 4902 versans
2364 4848 2579 4901 tandem
2606 4848 2816 4917 peperit
2848 4846 3213 4916 iniquitatem.
3237 4843 3375 4911 Quid
3401 4843 3599 4913 plura?
3631 4843 3700 4898 ad

2115 4937 2494 5007 imperatorem
2526 4953 2584 4994 se
2613 4939 2871 5004 contulit;
2909 4946 2966 4992 ut
3001 4951 3164 5007 super
3192 4937 3449 4991 comitem
3485 4934 3702 4990 Baldui-

2111 5044 2242 5088 num
2277 5031 2456 5084 veniat
2497 5033 2783 5095 audacter,
2836 5032 3109 5086 hortatur.
3171 5029 3369 5083 Ducem
3421 5028 3701 5084 exercitus
