4026 5370
269 328 399 394 Ὠετ

967 327 1325 396 .CHRONIC.
1375 339 1430 393 s.
1472 335 1774 393 ANDREA:
1813 336 2062 393 CASTRI
2101 339 2782 399 CAMEItACESlI.——LIB.
2827 349 2888 401 ιι.

3460 336 3566 413 233

294 464 445 511 eius,
478 444 648 520 "quod
686 440 958 507 Iohannes
996 438 1224 522 petebat
1273 454 1582 524 spopondit.
1642 453 1882 522 Denique
1910 453 1960 515 Α
1987 452 2079 507 sed
2105 453 2227 521 quis
2247 453 2331 508 vel
2361 470 2550 524 parum
2582 468 2860 526 gustaret,
2901 448 2992 529 qui
3013 448 3117 514 'siZ.i
3161 461 3389 518 vicinam
3420 461 3564 520 mer-

290 540 585 613 multiplici
620 545 912 599 secumlum
961 547 1162 616 regiam
1198 547 1494 615 potentiam
1541 547 1594 599 in
1625 561 1686 600 ea
1718 561 1881 615 expe-

285 634 498 690 ditione
525 646 790 706 apparatu
818 653 958 691 anno
987 639 1078 692 Dei
1113 637 1316 692 Christi
1349 637 1538 702 105b,
1574 638 1722 707 regni
1754 653 1879 691 vero

279 724 367 780 sui
393 727 740 797 15°,paratis
761 729 1110 793 exercitibus,
1137 730 1200 782 ad
1225 729 1675 798 proficiscendum
1701 738 1879 784 castra

279 818 490 882 movit,
515 820 996 890 pertransiensqne
1034 819 1410 889 intcrjacentia
1437 819 1551 873 loca
1589 834 1684 888 per
1708 819 1881 890 regio-

285 924 386 962 nes
409 910 480 964 ad
519 911 706 966 villam
737 927 856 982 quae
877 921 960 966 est
983 911 1134 966 Maeu
1157 953 1170 975 ,
1220 912 1428 966 duobus
1454 911 1568 966 fere
1607 911 1822 966 milibus
1849 927 1879 966 a

285 997 637 1058 Valentianis
672 1004 918 1068 distans,
960 1018 1125 1073 super
1159 1003 1408 1058 Scaldem
1442 1002 1662 1058 ﬂuvium
1698 1011 1878 1058 castra

279 1101 532 1149 metatus
562 1095 833 1149 consedit.

370 1183 457 1238 i7.
501 1183 660 1250 Quod
689 1198 858 1239 comes
909 1185 1212 1254 imperatori
1259 1184 1496 1238 resistere
1536 1196 1753 1236 conatus
1791 1183 1876 1235 sit.

283 1277 534 1347 Cumque
573 1275 642 1330 ad
674 1275 1061 1329 transeundum
1107 1283 1299 1344 pontes
1355 1275 1470 1330 fieri
1523 1275 1876 1344 imperasset,

278 1385 414 1424 ecce
444 1383 514 1423 ex
557 1366 663 1421 alia
715 1376 870 1435 parte
903 1365 1138 1420 ﬂuminis
1177 1381 1358 1422 comes
1409 1366 1705 1421 Balduiuus
1756 1382 1878 1420 cmn

285 1461 456 1516 multa
522 1459 714 1514 militia
770 1459 960 1514 obvius
1005 1459 1199 1514 adfuit.
1253 1459 1452 1529 Sicque
1506 1469 1732 1528 uterque
1790 1459 1879 1514 hic

287 1567 489 1615 uuam,
544 1549 632 1604 ille
676 1549 902 1603 alteram
947 1549 1116 1604 tenuit
1163 1550 1370 1620 ripam,
1421 1549 1592 1604 donec
1640 1549 1780 1605 clam
1811 1551 1880 1604 ab

285 1645 625 1714 imperatore
650 1640 832 1695 missis
861 1647 956 1710 per
993 1641 1346 1696 Cameracum
1372 1641 1700 1695 exercitibus
1719 1681 1732 1706 ,
1774 1649 1880 1695 ter-

285 1735 425 1788 ritus
445 1746 630 1788 comes
666 1732 786 1788 loco
807 1733 998 1794 cessit;
1027 1733 1172 1787 etsic
1203 1734 1498 1802 imperator
1518 1734 1684 1789 libere
1705 1742 1880 1790 trans-

1985 558 2089 606 lem
2143 545 2428 599 imminere
2481 547 2724 602 videret?
2767 549 3008 604 Tandem
3072 563 3264 608 vocato
3325 569 3391 610 eo
3438 568 3566 611 ante

1981 652 2220 692 mensam
2253 654 2402 693 suam
2430 679 2445 703 ,
2485 639 2778 709 imperator
2799 642 2966 697 multa
2992 659 3157 714 super
3189 646 3385 702 comite
3417 645 3564 718 rogi-

1983 737 2132 792 tans,
2158 728 2409 783 coeblear
2433 739 2748 798 argenteum
2782 732 2926 801 quod
2970 733 3188 789 tenebat
3223 735 3273 790 ei
3299 736 3561 805 porrigit,

1983 819 2245 887 novisque
2273 819 2512 874 vestibus
2553 835 2675 874 eum
2707 820 2853 875 indui
2896 833 2951 878 et
2983 838 3126 893 equo
3173 826 3416 896 precepit
3460 827 3564 881 ἰη-

1980 908 2136 978 poni,
2167 920 2220 961 ut
2259 909 2504 979 quinos,
2555 911 2762 980 inquit,
2806 912 3066 981 speculari
3103 916 3235 968 venit
3283 930 3480 984 pronus
3509 917 3564 968 in

1980 1000 2244 1066 scabellis,
2270 1000 2523 1055 sublimus
2539 1017 2591 1054 ιη
2605 1019 2734 1072 equo
2761 1003 2933 1056 redeat
2956 1020 2986 1056 α
3003 1005 3166 1058 neb's.
3188 1005 3261 1058 lla
3282 1010 3560 1075 regressus

1985 1100 2184 1161 quanto
2236 1091 2434 1160 gaudio
2477 1101 2534 1145 ut
2577 1101 2796 1162 ereptus
2844 1108 2874 1147 a
2923 1104 3098 1149 morte
3155 1097 3558 1165 lripmiaverit,

1979 1190 2180 1251 quanta
2211 1181 2367 1236 lamle
2396 1182 2858 1253 magnificentiam
2881 1186 3398 1256 imperatorisetjam
3425 1167 3564 1258 apud

1983 1277 2165 1332 hostes
2191 1276 2442 1331 extulerit
2467 1317 2482 1342 ,
2518 1279 2632 1346 ipse
2661 1277 2820 1348 longo
2850 1289 2973 1348 post
2998 1287 3242 1349 tempore
3269 1281 3379 1351 jam
3404 1282 3560 1336 senio

1982 1380 2183 1419 curvus
2215 1367 2370 1420 nobis
2401 1382 2623 1420 narrare
2653 1367 2878 1422 solebat.

2049 1455 2139 1508 20.
2179 1455 2256 1509 De
2286 1456 2551 1510 obsidione
2595 1455 2818 1510 Torumi
2862 1457 2926 1510 ab
2974 1457 3302 1526 imperitare.
3359 1456 3469 1512 Sed
3508 1466 3564 1512 et

1976 1547 2088 1616 jam
2115 1547 2181 1601 ad
2207 1547 2538 1618 pmpositum
2570 1555 2924 1601 revertamur.
2950 1547 3105 1616 Apud
3132 1547 3334 1603 lslense
3362 1547 3559 1603 castel-

1982 1641 2090 1695 lum
2116 1641 2312 1696 comite
2341 1639 2603 1695 Balduiuo
2627 1651 2996 1696 commorante
3020 1650 3076 1696 et
3101 1643 3371 1712 regionem
3409 1657 3562 1696 suam

1982 1748 2165 1788 coram
2209 1749 2268 1788 se
2294 1734 2348 1788 in
2380 1734 2504 1804 igne
2533 1741 2588 1788 ct
2620 1733 2801 1804 prteda
2845 1732 3092 1788 devorari
3132 1734 3376 1787 cominus
3411 1733 3559 1802 aspi-

288 1826 386 1886 iit,
437 1831 493 1879 et
539 1823 728 1878 dextra
762 1824 1002 1894 laevaque
1041 1824 1290 1879 incendio
1318 1833 1512 1879 cuncta
1557 1826 1877 1892 devastans,
1911 1795 1954 1854 Β
1981 1826 2186 1889 ciente,
2215 1825 2446 1879 maxima
2479 1838 2604 1892 pars
2629 1823 2904 1878 exercitus
2933 1823 3050 1894 ejus
3071 1834 3124 1878 et
3153 1823 3306 1876 multi
3349 1823 3557 1877 nobiles

277 1913 525 1968 transito
555 1922 719 1983 ponte
751 1913 818 1967 de
845 1914 1003 1969 Cberi
1050 1903 1216 1984 prope
1273 1915 1450 1969 locum
1502 1917 1593 1986 qui
1644 1917 1879 1973 Bullicns

287 2004 455 2061 Rivus
478 2005 706 2071 dicitur,
736 2005 851 2060 suis
877 2006 1122 2061 tentoriis
1149 2006 1399 2077 resedit.]
1781 2011 1792 2020 ‘

359 2098 447 2153 18.
490 2096 570 2150 De
605 2098 936 2166 imperatoris
982 2100 1207 2153 transitu
1255 2100 1311 2153 in
1352 2099 1717 2155 Melentosum.
1752 2102 1875 2173 (Au.

283 2188 889 2259 1054.);Quem-locum,
911 2198 1020 2244 tam
1047 2189 1289 2244 clausula
1324 2201 1568 2261 angusta:
1591 2192 1689 2246 vim
1715 2208 1878 2261 quant

283 2278 422 2334 rivis
443 2293 709 2348 aquarum
741 2292 836 2332 seu
863 2278 1230 2348 profonditate
1266 2278 1536 2335 fossarum
1578 2282 1883 2338 munitissi-

289 2383 461 2434 mum,
491 2383 614 2423 cum
638 2369 828 2439 paucis
857 2371 1081 2426 armatis
1108 2371 1387 2427 Johannes
1414 2382 1574 2428 noctu
1619 2373 1786 2439 adiit,
1825 2383 1879 2430 et

287 2473 349 2516 se
381 2460 691 2531 quempiam
742 2461 867 2531 fuga
915 2461 1124 2531 lapsum
1180 2463 1444 2519 simulans
1477 2473 1639 2535 atque
1680 2466 1879 2523 dolosis

288 2552 541 2619 precibus
567 2553 767 2621 aperiri
803 2553 905 2608 sibi
947 2555 1322 2620 inclamitans,
1367 2557 1584 2611 tandem
1625 2572 1881 2613 sermone

295 2643 492 2696 blando
519 2644 762 2713 deceptis
786 2645 1100 2701 custodibus
1121 2686 1136 2711 ,
1177 2657 1364 2717 aperta
1401 2647 1570 2716 janua
1620 2648 1825 2703 introiit
1857 2667 1873 2714 ;

287 2741 350 2786 et
374 2732 676 2788 interfectis
709 2732 1038 2800 janitoribus
1076 2735 1368 2805 multisque
1411 2737 1560 2803 aliis,
1598 2737 1652 2792 in
1683 2753 1879 2793 aurora

293 2824 393 2877 diei
427 2825 563 2879 dans
587 2825 803 2896 signum
835 2827 888 2881 iu
913 2842 1046 2882 sono
1079 2828 1218 2883 tubae
1245 2830 1549 2884 exercitum
1573 2829 1875 2885 advocavit.

293 2913 358 2967 Et
405 2914 487 2968 sic.
540 2919 817 2971 turmatim
875 2927 1256 2986 transeuntes,
1315 2921 1616 2977 Mclentosii
1677 2932 1875 2978 terram

295 3003 672 3074 ingrediuntur
689 3045 704 3070 ,
730 3021 796 3061 ac
825 3007 1262 3077 circumjacentia
1284 3020 1478 3066 cuncta
1502 3012 1876 3083 depopulanth

293 3092 397 3161 igni
422 3094 720 3161 tradentes,
753 3096 806 3150 in
837 3097 960 3152 villa
985 3114 1104 3168 qum
1126 3110 1211 3156 est
1234 3100 1672 3174 Falempin(503)
1695 3113 1872 3161 castra

295 3193 558 3238 metantes
595 3187 936 3242 resederunt.

362 3273 446 3328 i9.
491 3273 566 3328 De
593 3275 821 3346 quodam
868 3277 1056 3332 clerico
1091 3296 1122 3333 a
1157 3282 1344 3335 comite
1383 3283 1559 3336 misso.
1611 3283 1771 3339 Multa
1819 3293 1875 3340 et

291 3366 549 3434 praeclara
610 3368 663 3422 in
743 3371 850 3424 hac
906 3373 1248 3442 expeditione
1307 3375 1650 3445 imperatoris
1721 3387 1872 3448 gesta

293 3456 520 3512 describi
544 3459 706 3530 digna
735 3457 944 3527 forent;
999 3465 1090 3518 sed
1140 3465 1266 3534 quia
1318 3465 1371 3520 id
1426 3482 1533 3520 non
1584 3477 1668 3522 est
1709 3468 1873 3523 debiti

292 3548 459 3602 nostri
487 3563 586 3604 nec
627 3553 920 3621 propositi,
970 3554 1158 3610 saltem
1211 3557 1277 3609 ad
1320 3559 1707 3614 ostendendam
1760 3559 1874 3628 ejus

291 3638 484 3692 miram
514 3639 859 3698 clementiam
905 3660 1072 3714 pauca
1119 3648 1184 3702 de
1226 3649 1410 3703 multis
1458 3651 1874 3723 perstringendo

293 3745 679 3788 memoramus.
704 3735 842 3790 Nam
867 3752 989 3792 cum
1011 3739 1267 3795 clericum
1284 3743 1572 3810 quemdam
1591 3745 1873 3800 Radulfum

290 3821 356 3874 ad
389 3824 739 3892 imperatoris
775 3838 955 3883 castra
997 3831 1310 3902 explorandi
1364 3837 1536 3906 gratia
1576 3848 1629 3892 et
1654 3839 1870 3893 auscul-

295 3913 442 3967 tandi
480 3917 706 3972 consilia
759 3933 940 3976 comes
970 3931 1047 3976 ut.
1094 3963 1108 3977 .
1151 3962 1165 3978 .
1210 3963 1226 3979 .
1270 3966 1283 3978 .
1324 3965 1339 3979 .
1383 3966 1397 3980 .
1443 3966 1460 3982 .
1495 3927 1566 3959 ³⁸²
1592 3929 1870 3996 misisset,

293 4001 492 4074 illeque
526 4021 584 4062 se
627 4017 967 4067 contractum
1010 4014 1259 4085 fingendo
1295 4019 1543 4075 scabellis
1583 4037 1775 4092 repens
1806 4025 1874 4079 ad

289 4092 635 4164 imperatoris
673 4098 1026 4157 elemosinam
1075 4105 1129 4160 in
1167 4110 1400 4164 tentorio
1434 4111 1577 4166 inter
1610 4127 1874 4183 pauperes

286 4186 662 4243 consedisset:
707 4190 937 4249 intuitus
975 4194 1250 4254 Johannes
1287 4204 1505 4272 agnovit
1549 4219 1670 4259 eum
1711 4207 1872 4262 sicuti

284 4276 459 4330 virum
491 4279 596 4334 sibi
620 4289 782 4338 antea
805 4294 1014 4342 notum.
1047 4288 1207 4345 Siluit
1240 4300 1446 4361 tamen,
1494 4297 1587 4351 sed
1632 4310 1753 4368 post
1776 4300 1873 4355 ali-

281 4379 446 4462 quam
476 4369 971 4462 deambulationem
1003 4395 1189 4438 coram
1213 4385 1537 4454 imperatore
1559 4399 1609 4444 et
1640 4393 1871 4462 optima-

1979 1917 2046 1971 ad
2091 1915 2452 1985 perturbanda
2507 1923 2686 1970 castra
2740 1913 3080 1984 imperatoris
3139 1914 3340 1983 egressi
3395 1900 3542 1966 sunt.

1979 2005 2191 2081 [(Gesta
2219 2007 2384 2062 Lietb.
2424 2007 2534 2076 15.)
2573 2005 2679 2062 Sed
2706 2022 2824 2061 litt)!
2851 2005 3168 2060 Lambertus
3204 2020 3384 2058 comes
3424 2003 3563 2058 Leu-

1978 2100 2151 2154 sensls
2179 2097 2496 2153 interfectus
2532 2096 2844 2168 occubuit],
2878 2096 3041 2151 ceteri
3075 2111 3203 2150 vero
3245 2096 3382 2166 fugm
3419 2109 3557 2164 prae.-

1979 2189 2118 2244 sidio
2159 2188 2260 2243 sibi
2305 2187 2684 2250 consulentes,
2734 2186 3068 2242 caedentibus
3114 2195 3262 2257 terga
3309 2185 3556 2240 hostibus

1978 2279 2161 2334 villam
2206 2280 2374 2349 ipsam
2418 2280 2623 2333 intrare
2651 2292 2758 2333 non
2789 2277 3032 2333 valentes
3071 2293 3136 2332 ac
3166 2275 3310 2330 velut
3342 2277 3478 2347 trepi
3504 2278 3565 2330 la:

1978 2371 2226 2427 volucres
2271 2380 2397 2426 ante
2429 2369 2623 2426 faciem
2665 2369 2941 2438 accipitris
2981 2368 3350 2438 diffugitutes,
3385 2368 3562 2437 fug-im

1963 2474 2134 2516 suam
2158 2475 2346 2516 versus
2376 2459 2680 2515 Toruaeum
2708 2458 2965 2529 dirigunt,
2988 2468 3044 2513 et
3065 2458 3133 2512 ab
3157 2458 3564 2526 insequentibus

1975 2553 2262 2624 oppressi,
2318 2553 2370 2607 in
2417 2554 2652 2623 quodam
2704 2551 3000 2620 municipio
3043 2549 3411 2604 includuntur.
3447 2549 3562 2618 Quo

1979 2644 2298 2713 perveniens
2322 2643 2650 2713 imperator,
2676 2641 2847 2711 posita
2869 2641 3012 2711 apud
3035 2641 3292 2695 Sanctum
3317 2639 3561 2693 Brixium

1971 2735 2262 2790 mansione
2297 2749 2393 2789 sua
2429 2733 2546 2805 [eos
2578 2733 2728 2803 gravi
2765 2731 3047 2788 obsidione
3072 2739 3128 2786 et
3163 2728 3305 2785 fame
3329 2730 3560 2784 constri-

1978 2839 2096 2886 ctos
2121 2829 2186 2883 ad
2209 2828 2536 2884 deditionem
2567 2826 2855 2897 compulit,
2905 2832 2961 2882 et
2991 2834 3244 2894 acceptos
3274 2838 3372 2892 per
3399 2836 3559 2892 erga-

1978 2921 2114 2976 stula
2155 2901 2386 2973 militum
2414 2933 2635 2972 suorum
2677 2917 2729 2971 in
2769 2916 3014 2972 custodia
3059 2912 3330 2985 reclusit]
3362 2911 3560 2982 Sicque

1980 3012 2150 3066 victor
2169 3010 2464 3065 oratorium
2495 3024 2651 3062 suum
2680 3007 2977 3078 ingressus,
3001 3006 3262 3076 hymnum
3294 3002 3364 3057 Te
3391 3002 3557 3056 Deum

1977 3101 2256 3155 laudamus
2278 3098 2692 3154 concinentibus
2724 3099 2826 3152 sibi
2868 3100 3005 3152 sacri
3038 3096 3248 3152 ordinis
3290 3093 3559 3148 ministris

1901 3156 1945 3216 C
1978 3193 2323 3250 devotissime
2353 3193 2680 3258 decantatis,
2713 3202 2892 3261 grates
2923 3191 3147 3248 Domino
3177 3189 3433 3245 exsolvit.

2045 3287 2134 3340 2|.
2179 3287 2330 3352 Quod
2362 3303 2450 3341 vas
2479 3302 2700 3340 aureum
2727 3285 2919 3338 nuncio
2956 3287 3168 3336 cuidam
3196 3282 3417 3336 dederit.
3457 3279 3558 3334 Fe-

1979 3387 2102 3432 runt
2124 3387 2178 3432 et
2203 3376 2348 3431 aliud
2374 3375 2727 3431 memorabile
2757 3389 2880 3428 eum
2909 3374 2982 3428 ibi
3017 3373 3232 3436 fecisse,
3260 3371 3402 3441 quod
3433 3385 3556 3424 cum

1975 3471 2194 3541 quidam
2245 3469 2450 3538 legatus
2499 3468 2566 3521 de
2610 3481 2780 3536 regno
2823 3465 2940 3536 ejus
2985 3465 3210 3520 veniens
3261 3462 3555 3524 nuntiaret,

1977 3578 2149 3633 nuper
2175 3571 2358 3616 natmn
2387 3560 2438 3615 ei
2469 3559 2662 3623 tilium,
2695 3558 2842 3612 illum
2868 3556 3116 3612 videlicet
3145 3554 3437 3610 Henrieum
3465 3554 3558 3622 qui

1973 3661 2094 3723 post
2119 3650 2510 3721 quinquaginta
2556 3663 2729 3704 annos
2771 3648 2823 3702 in
2868 3648 3010 3702 hanc
3062 3655 3261 3701 terram
3306 3644 3452 3700 venit
3493 3654 3552 3698 et

1973 3742 2197 3799 castella
2227 3741 2448 3806 Bulccn,
2485 3739 2754 3806 Sclusam,
2781 3739 2929 3810 lncy,
2959 3738 3203 3808 aliasque
3229 3735 3559 3791 munitiones

1965 3834 2243 3904 imperiali
2272 3834 2473 3888 virtute
2501 3832 2670 3888 diruit
2698 3863 2766 3871 —
2789 3847 2914 3886 eum
2951 3831 3054 3885 hoc
3080 3843 3300 3899 mquam
3328 3827 3557 3882 nuncia-

1972 3935 2075 3992 ret,
2102 3940 2319 3980 auream
2348 3939 2602 3994 cuppam,
2627 3937 2787 3992 quam
2820 3921 2886 3976 ab
2913 3920 3200 3975 bibendum
3232 3932 3394 3972 manu
3417 3915 3560 3972 forte

1974 4015 2211 4078 tenebat,
2235 4014 2282 4067 ei
2310 4015 2451 4068 dono
2477 4013 2736 4083 porrexit.
2769 4009 2994 4082 [(Gesta
3023 4009 3190 4063 Lietb.
3221 4007 3311 4077 M)
3340 4007 3408 4061 Et
3437 4021 3559 4076 per-

1973 4107 2109 4161 actis
2135 4105 2385 4160 omnibus
2415 4120 2536 4159 cum
2581 4104 2750 4175 gloria
2779 4104 2847 4156 ad
2886 4101 3135 4156 civitates
3173 4099 3322 4168 regni
3355 4099 3438 4152 sui
3470 4113 3557 4154 re-

1960 4196 2192 4251 ‘meavit.
2221 4195 2462 4250 Domnus
2509 4209 2636 4248 vero
2675 4194 2958 4264 episc0pus
2994 4190 3305 4244 Lietbertus
3329 4198 3555 4258 accepta

1967 4288 2228 4344 missione
2263 4287 2456 4343 urbem
2480 4302 2634 4342 suam
2665 4302 2787 4340 cum
2815 4285 2928 4340 suis
2959 4282 3232 4354 repetivit.

2039 4399 2128 4454 22.
2171 4399 2248 4454 De
2279 4399 2600 4469 profectione
2633 4399 2813 4452 domui
2848 4397 3073 4467 episcopi
3112 4393 3359 4448 Lietberti
3380 4394 3435 4447 in
3461 4392 3554 4447 1c-

281 4456 432 4558 tibus
451 4457 574 4528 ejus
610 4463 678 4558 ad
701 4463 974 4534 jacentem
1004 4474 1263 4538 accessit,
1293 4475 1532 4546 dansque
1559 4479 1607 4532 ei
1650 4456 1866 4537 manum
1898 4497 1945 4557 ι)
1972 4488 2219 4542 rusalem.
2252 4456 2357 4558 (ib.
2377 4456 2484 4554 '15,
2517 4488 2605 4554 ιε,
2630 4488 2722 4552 29,
2758 4487 2847 4550 50,
2875 4456 2989 4555 3t.)
3022 4456 3133 4538 Sed
3159 4497 3286 4537 ecce
3315 4482 3439 4537 dum
3483 4495 3552 4535 ex

283 4549 489 4615 erexit,
547 4561 603 4607 et
651 4555 706 4609 in
755 4571 1052 4629 conspectu
1111 4567 1352 4620 omnium
1406 4567 1560 4635 jubet
1605 4572 1870 4628 adsistere

283 4646 495 4694 rectum
519 4651 573 4696 et
587 4657 811 4701 currere
835 4663 1045 4705 sanum.
1064 4652 1264 4724 Stupor
1281 4658 1637 4727 apprehendit
1665 4661 1872 4717 intuen-

281 4735 367 4782 tes
391 4729 508 4818 ;7ﬁt
533 4747 783 4791 murmur
803 4739 1184 4799 admirantium
1213 4747 1367 4816 quasi
1400 4746 1544 4804 facto
1584 4751 1866 4818 miraculo,

284 4817 527 4910 et_ultra
569 4837 732 4892 quam
767 4827 916 4881 credi
953 4839 1128 4898 potest
1186 4835 1466 4892 admirans
1526 4817 1867 4910 imperator,

288 4907 414 4973 quid
447 4908 616 4966 lateat
644 4924 1054 4982 percunctatur.
1087 4921 1380 4994 Postquam
1403 4907 1748 4983 manifestata
1777 4944 1865 4984 res

291 5006 396 5088 est.
456 5003 737 5070 suspendii
792 5019 919 5062 rcus
978 5020 1032 5065 et
1084 5014 1275 5068 mortis
1321 5012 1615 5082 judicatur.
1673 5017 1868 5088 Virgas

292 5086 481 5142 allatas
501 5092 566 5142 ad
587 5107 647 5142 se
677 5096 1110 5142 susnendendnm
1143 5105 1256 5142 inca
1296 5105 1395 5142 eihi
1439 5117 1695 5142 unm-num
1717 5086 1842 5142 ἷηῖυι

1975 4577 2265 4632 occasione
2313 4577 2539 4633 Joannis
2585 4576 2988 4633 castellaturam
3053 4571 3403 4628 reclamantis
3458 4571 3554 4624 ad-

1974 4673 2193 4720 ventqu
2239 4666 2586 4736 imperatoris
2631 4667 2746 4721 vias
2777 4663 2892 4732 ejus
2936 4672 2992 4718 et
3021 4662 3202 4732 aliqua
3241 4671 3391 4732 gesta
3435 4660 3553 4728 ejus

1972 4755 2286 4812 describere
2313 4758 2645 4821 curavimus,
2675 4771 2703 4809 a
2744 4764 2892 4808 textu
2918 4763 3112 4823 empta:
3140 4752 3468 4807 narrationis
3497 4761 3553 4806 et

1970 4861 2000 4900 a
2040 4845 2207 4914 gestis
2243 4845 2426 4901 domui
2455 4844 2715 4901 Lietberti
2753 4843 2964 4914 longius
2994 4841 3206 4912 evagati
3238 4855 3444 4896 sumus.
3477 4840 3552 4893 De

1969 4951 2078 5006 qua
2107 4935 2453 4993 castellatura
2486 4938 2588 4992 hoc
2630 4935 2972 4991 solummodo
3000 4931 3376 4992 inserendum,
3407 4927 3550 4998 quod

1969 5041 2090 5083 eam
2116 5029 2403 5099 episcopus
2423 5027 2551 5084 licet
2573 5029 2774 5084 invitus
2801 5039 2856 5084 et
2881 5027 3178 5090 reluctans,
3205 5023 3298 5078 sed
3325 5031 3554 5092 cogente

2937 5132 3093 5142 ..η-..ονε
3133 5124 3312 5142 σοι’-την.
3343 5111 3432 5142 :llsl
3462 5113 3551 5142 A2.-

1969 5118 2296 5142 3M--_-n-_-
2335 5118 2520 5142 1..-....2
2562 5119 2829 5142 --.1.ιε.ι-..ε
