4026 5370
440 197 547 252 Ξόθ

1368 192 1636 249 APPEND
1698 193 1789 246 AD
1824 190 2047 248 GESTA
2086 190 2385 249 EPISCOP.
2426 191 2780 250 CAMERAC.‘

3593 200 3706 255 260

442 322 497 367 et
521 310 755 366 Joannes
786 320 890 366 tam
933 311 1089 368 donis
1114 327 1275 383 quam
1295 312 1454 366 minis
1478 311 1546 366 ab
1571 310 1898 378 imperatore
1924 324 2012 363 co—
2051 319 2089 371 Α
2120 308 2333 377 periens
2376 308 2661 364 ecclesiam
2715 308 2980 365 Dominiei
3023 310 3316 381 sepulchri,
3368 313 3697 370 Christianis

446 410 608 458 actus
649 404 844 457 exinde
882 403 1032 475 dezea
1064 405 1233 459 siluit.
1264 403 1361 457 His
1404 404 1474 457 ita
1503 402 1759 472 peractis,
1794 416 1916 456 cum
1940 401 2019 456 ci-

440 494 581 547 vitas
614 502 667 546 et
693 493 869 563 patria
900 494 1312 549 Cameracensis
1355 494 1455 548 sub
1488 492 1579 546 tali
1610 500 1823 546 rectore
1848 492 2018 545 abun-

440 581 626 637 dantia
648 584 800 655 pacis
829 594 884 637 et
913 585 1186 653 prosperis
1212 583 1429 638 floreret
1452 582 1781 653 augmentis,
1812 582 2020 650 episco-

440 690 541 743 pus
564 686 769 731 sanctae
795 677 1111 730 intentionis
1132 677 1329 730 ardore
1353 674 1765 728 llierosolimam
1792 674 2019 727 intendit

440 768 609 823 adire.
640 767 737 823 Cui
767 768 884 838 ejus
909 768 1179 824 devotioni
1208 783 1330 821 cum
1362 767 1619 821 resistere
1646 775 1840 821 conata
1868 764 2014 834 (504)

441 858 718 927 nequiret,
751 859 956 925 paratis
994 859 1327 927 sumptibus,
1362 858 1658 927 assumptis
1704 856 2014 922 comitibus,

442 950 643 1004 domno
668 949 878 1003 scilicet
898 947 1191 1005 Walchero
1222 950 1605 1005 archidiacono
1632 958 1686 1001 et
1709 949 1874 1003 curia:
1904 964 2019 1015 pre-

440 1039 657 1107 posito,
709 1039 931 1108 Hugone
979 1055 1197 1110 quoque
1244 1040 1524 1109 capellano
1578 1048 1762 1109 postea
1818 1050 2017 1094 sancta:

442 1124 621 1180 Maria:
649 1128 876 1193 decano,
906 1129 1061 1197 cujus
1084 1130 1433 1184 sanctitatem
1460 1137 1761 1183 monstrant
1783 1128 2015 1182 claustra

438 1218 821 1272 canoaicormn
862 1228 919 1274 et
962 1220 1329 1290 Aquicinense
1358 1220 1699 1280 crenobium,
1732 1219 2017 1274 Erlebaldo

320 1320 335 1330 ‘
430 1304 618 1375 judice
676 1321 735 1373 et
800 1310 1037 1365 civitatis
1085 1321 1477 1382 procuratore,
1527 1310 1809 1365 Erlebaldo
1850 1311 2016 1364 etiam

438 1401 627 1458 Bnheo
652 1404 897 1459 ecclesiae
925 1404 1142 1459 Sancta:
1174 1404 1362 1459 Crucis
1388 1405 1772 1465 iustauratore,
1789 1418 1887 1457 nec
1911 1418 2014 1456 non

436 1505 490 1547 et
513 1493 781 1550 Fnlehero
812 1494 1252 1563 archicapellano
1276 1507 1329 1549 et
1356 1496 1753 1549 Attrebatensis
1773 1496 2017 1551 ecclesiae

436 1582 803 1650 vicedomino,
835 1585 1064 1654 aliisque
1088 1585 1271 1639 multis
1298 1586 1572 1655 profectus
1599 1586 1771 1658 (505),
1804 1596 2012 1657 preter—

435 1672 623 1743 legens
669 1675 923 1730 civitates
972 1686 1027 1731 et
1077 1676 1311 1745 Oppida,
1368 1678 1621 1732 itinerum
1673 1676 2009 1742 discrimina,

435 1764 723 1820 barbaram
778 1783 941 1837 quam
984 1768 1167 1822 colunt
1215 1766 1355 1822 Huni
1411 1778 1707 1824 transmeat
1759 1771 2010 1840 patriam.

437 1852 692 1911 Transito
738 1857 920 1928 itaque
963 1860 1228 1925 Danubio,
1274 1860 1340 1913 ad
1387 1875 1567 1929 regem
1612 1860 2011 1914 Pannoniarum

434 1950 717 2016 pervenit;
771 1960 825 2005 et
876 1961 1281 2023 pretergressas
1334 1952 1451 2022 ejus
1504 1954 1773 2023 patriam,
1832 1962 2014 2008 vastas

437 2040 740 2111 ingreditur
761 2042 1099 2109 solitudines,
1117 2060 1253 2115 quas
1275 2049 1488 2100 deserta
1510 2045 1771 2114 Bulgaria:
1796 2054 2011 2110 vocant,

434 2151 678 2206 quasque
717 2137 1001 2193 latrunculi
1028 2139 1296 2211 Scythica:
1336 2143 1511 2209 gentis
1554 2138 1878 2193 inhabitant.
1922 2138 2009 2204 lli,

434 2226 697 2295 degentes
734 2243 886 2282 more
918 2228 1190 2293 ferarum,
1224 2230 1384 2284 nullis
1428 2238 1749 2285 coercentur
1783 2229 2007 2301 legibus,

434 2317 597 2372 nullis
634 2320 986 2375 continentur
1022 2322 1277 2386 urbibus;
1310 2322 1409 2375 sub
1449 2322 1539 2375 dio
1584 2329 1823 2382 manent.
1877 2331 2012 2391 quas

433 2422 540 2489 nox
574 2411 811 2478 coegerit
855 2411 1013 2465 sedes
1053 2411 1274 2475 habent,
1314 2420 1705 2480 prmtereuntes
1738 2410 2005 2474 obsident,

434 2500 627 2555 obvios
652 2504 1008 2570 interficiunt,
1032 2514 1247 2559 ceteros
1269 2506 1630 2574 depredantur
1661 2501 1829 2574 (506).

504 2591 595 2645 23.
640 2591 792 2657 Quod
827 2594 1050 2649 domnus
1080 2597 1351 2664 episcopus
1383 2594 1701 2665 Corynthmn
1725 2595 2004 2649 devenerit.

437 2676 543 2747 (Ib.
577 2679 665 2741 54,
693 2681 806 2751 35.)
840 2680 974 2735 Cum
1024 2683 1188 2751 igitur
1235 2685 1375 2739 inter
1424 2694 1501 2737 tot
1531 2685 1839 2739 mortiferas
1870 2684 2012 2737 fera-

436 2769 567 2824 lium
600 2772 830 2825 hostimn
864 2774 1089 2829 insidias
1129 2775 1359 2830 donnms
1384 2776 1683 2845 episcopus
1717 2776 1818 2830 sub
1861 2776 2010 2844 peri-

436 2862 558 2918 culo
611 2863 800 2917 mortis
857 2865 1102 2935 sociique
1151 2866 1269 2936 ejus
1318 2866 1513 2935 trepidi
1563 2866 1794 2935 pendulo
1848 2867 2010 2920 corde

435 2951 770 3017 transirent,
830 2966 1059 3023 septima
1108 2955 1195 3009 die
1234 2957 1376 3011 inter
1432 2956 1701 3010 condensa
1750 2956 2006 3010 silvamm

434 3041 622 3097 vident
666 3045 905 3100 cristatis
948 3045 1263 3115 vittatisque
1309 3046 1576 3115 capitibus
1616 3061 1680 3101 ac
1728 3046 2009 3101 seminudo

436 3145 664 3203 corpore
693 3133 855 3203 pallia
888 3136 1167 3190 trahentes
1193 3146 1249 3190 et
1276 3135 1671 3204 latas‘caligas;
1704 3136 2010 3205 pendebant

435 3238 501 3278 ex
530 3226 772 3282 humeris
798 3227 1066 3297 pharetrae
1090 3238 1143 3283 et
1170 3228 1322 3283 laxos
1344 3243 1503 3283 arcus
1526 3238 1579 3282 et
1606 3227 1817 3282 hastilia
1851 3226 2007 3298 longa

434 3314 700 3373 ferebant.
746 3319 954 3386 Quibus
997 3321 1129 3376 visis
1176 3331 1451 3377 terrentur
1494 3322 1693 3386 ceteri;
1743 3323 1835 3377 sed
1880 3320 2005 3391 quia

429 3407 607 3477 justus
640 3418 699 3465 ut
744 3409 829 3466 leo
871 3410 1126 3479 confidit,
1158 3413 1445 3483 episcopus
1488 3426 1547 3468 se
1577 3411 2010 3480 hilaretumag's

432 3496 699 3553 exhibuit.
730 3500 991 3557 Cerneres
1024 3503 1203 3571 itaque
1239 3502 1334 3558 Dei
1372 3512 1505 3555 nutu
1552 3517 1767 3557 omnem
1797 3501 2008 3556 illorum

434 3591 672 3646 furorem
696 3592 813 3646 viso
830 3593 1081 3662 episcopo
1108 3593 1243 3646 adeo
1268 3593 1568 3661 mitigatum
1601 3600 1838 3656 esse,ut,
1868 3589 2009 3659 quod

436 3680 582 3733 dictu
612 3681 811 3734 mirum
843 3690 945 3745 est,
982 3680 1100 3736 loco
1130 3682 1405 3746 cederent,
1433 3681 1573 3733 viam
1606 3680 2012 3735 transeuntibus

434 3769 833 3838 quodammodo
861 3772 1319 3826 demonstrarent.
1349 3770 1440 3825 Sic
1466 3770 1697 3824 donnms
1723 3770 2009 3838 episcopus

436 3860 680 3930 sociique
738 3858 855 3928 ejus
912 3860 1219 3915 lethiferam
1286 3861 1564 3931 regionem
1630 3859 2011 3928 latronumque

437 3952 707 4008 domicilia
748 3955 1094 4024 pertransivit
1120 3953 1425 4010 incolumis.
1468 3954 1746 4025 Ingressus
1792 3951 2009 4005 Dalma-

437 4042 568 4096 tiam
615 4042 855 4113 locisque
906 4045 1207 4114 peragratis
1258 4044 1311 4097 in
1352 4042 1549 4113 quibus
1601 4041 1732 4097 olim
1798 4040 2010 4095 Diocle-

437 4130 615 4185 tianus
645 4132 885 4187 thermas
913 4133 1229 4188 mdilicando
1274 4133 1486 4188 diversa
1532 4132 1724 4187 mortis
1755 4131 2014 4186 intulerat

436 4224 696 4295 supplicia
737 4226 936 4280 Christi
988 4227 1333 4290 martiribus,
1383 4240 1600 4280 cursum
1654 4224 1819 4278 llcct.'t
1865 4224 2012 4279 Isau-

440 4313 575 4365 riam
624 4328 829 4368 versus.
892 4314 1062 4382 Quam
1122 4316 1466 4384 preteriens,
1530 4314 1749 4369 devenit
1800 4313 2008 4385 Coryn-

424 4402 592 4477 thum
620 4402 724 4470 m;
783 4404 1000 4475 illicque
1055 4406 1278 4459 audiens
1328 4404 1584 4458 Demetrii
1644 4403 1817 4458 sancti
1872 4404 2011 4458 inter

441 4494 693 4549 martires
751 4496 978 4564 preclari
1034 4512 1230 4566 corpus
1283 4497 1606 4566 quiescere,
1662 4495 2006 4565 sepulclrmm

439 4584 683 4651 expetiit.

510 4673 599 4726 25.
645 4673 717 4729 De
748 4674 1009 4731 Fulchero
1034 4688 1315 4750 wgrozante
1339 4694 1501 4749 usque
1530 4676 1599 4733 ad
1621 4688 1854 4730 mortem.
1882 4673 2010 4731 lude

441 4778 766 4834 progressus
799 4766 887 4821 ubi
916 4767 984 4821 ad
1018 4766 1323 4823 Laoditiam
1364 4769 1534 4840 Syria:
1566 4766 1830 4837 pervenit,
1861 4782 2011 4820 com-

2119 401 2327 471 ejectis,
2353 417 2384 455 a
2422 416 2547 471 rege
2591 401 2995 457 Babiloniorum
3052 404 3314 460 violenter
3358 407 3692 469 obseratam,

2118 493 2367 562 viamque
2416 508 2745 563 paganorum
2788 502 2934 548 metu
2975 509 3073 564 per
3114 506 3315 550 terram
3363 497 3580 565 penitus
3612 496 3695 551 in-

2120 582 2428 646 terclusam,
2465 598 2561 651 per
2591 594 2699 638 tres
2748 600 2961 639 menses
3000 586 3050 638 in
3094 586 3281 639 eadem
3313 588 3536 643 civitate
3579 602 3697 643 rno-

2120 681 2269 727 ratus
2299 681 2402 727 est.
2435 672 2568 727 Cum
2593 682 2772 727 autem
2802 674 2963 727 eundi
2995 690 3092 743 per
3135 682 3335 729 terram
3362 676 3545 730 omnis
3571 692 3697 745 spes

2119 761 2295 816 ablata
2325 772 2490 829 esset,
2520 764 2728 817 marino
2756 765 2948 819 itinere
2975 766 3207 820 domnus
3240 766 3526 836 episcopus
3563 766 3695 823 Hie-

2096 854 2351 909 ‘rusalem
2387 856 2651 923 disposuit
2679 857 2849 911 adire.
2881 857 2962 910 Ad
2997 858 3138 926 quod
3176 859 3542 929 peragendum
3579 874 3697 913 ma-

2118 945 2300 1014 gistris
2347 946 2639 1015 inquisitis,
2690 948 2817 1001 dum
2866 960 3202 1004 armamenta
3252 951 3462 1004 navalia
3507 953 3697 1022 dispo-

2119 1045 2337 1096 nuntur.
2364 1036 2490 1091 dum
2514 1038 2763 1091 victualia
2789 1040 3091 1094 necessaria
3119 1051 3512 1110 praeparantur,
3538 1042 3698 1097 dom-

2118 1144 2220 1182 nus
2249 1128 2547 1183 Fulcberus
2572 1130 2947 1199 :ngritudinem
2979 1132 3267 1185 maximam
3298 1133 3549 1196 incurr't,
3575 1146 3698 1201 qua:

2119 1217 2293 1286 ipsum
2331 1220 2641 1291 episeopqu
2671 1236 2970 1289 comesque
3012 1223 3239 1278 comites
3290 1223 3439 1293 gravi
3482 1235 3698 1276 merore

2120 1310 2413 1364 concussit.
2446 1310 2690 1380 Cumque
2727 1327 2824 1381 per
2852 1313 2968 1367 dies
2995 1312 3221 1382 languor
3258 1327 3429 1381 usque
3454 1313 3521 1366 ad
3551 1327 3695 1366 mor-

2120 1406 2226 1452 tem
2255 1398 2749 1469 iugravesceret,et
2769 1400 2884 1469 jam
2912 1414 3098 1473 aptum
3122 1403 3448 1473 navigationi
3481 1414 3696 1472 tempus

2119 1498 2353 1555 adesset,
2400 1502 2636 1547 mentem
2690 1493 2963 1563 pontificis
3014 1504 3191 1549 metus
3240 1509 3363 1550 cum
3415 1495 3694 1549 desiderio

2121 1582 2445 1651 torquebat,
2498 1587 2825 1639 comitemne
2872 1586 3241 1641 fidelissimum
3297 1589 3576 1643 desereret
3624 1601 3694 1641 an

2045 1659 2086 1718 Β
2119 1678 2327 1739 tempus
2358 1674 2719 1744 navigationis
2740 1674 2981 1731 differret

2187 1760 2276 1814 25.
2319 1761 2592 1826 Quomodo
2634 1766 2751 1836 jam
2800 1770 2953 1822 morti
2997 1771 3266 1839 proximus
3305 1781 3546 1826 sanctum
3590 1773 3694 1825 An-

2114 1850 2292 1904 dream
2310 1852 2617 1908 invocat-erit
2643 1854 2956 1913 Fulcherus.
2986 1859 3091 1929 (lb.
3118 1860 3230 1931 36.)
3255 1859 3389 1915 Cum
3421 1875 3603 1915 autem
3627 1862 3695 1917 de

2117 1946 2221 1999 vita
2263 1945 2500 2015 jacentis
2525 1946 2635 2015 jam
2675 1950 2897 2004 ornnino
2928 1952 3325 2021 desperarctur,
3358 1961 3413 2006 et
3448 1967 3478 2005 a
3512 1955 3695 2008 nautis

2115 2037 2495 2091 advolantibus
2538 2040 2603 2092 ad
2638 2052 2851 2108 portum
2902 2043 3171 2112 proficisci
3220 2045 3504 2114 episcopus
3534 2058 3688 2112 cegc-

2114 2136 2297 2193 retur;
2344 2129 2531 2182 revisit
2567 2139 2745 2183 tamen
2789 2141 3049 2200 aegrotum
3085 2143 3141 2187 et
3186 2134 3328 2187 velut
3375 2134 3427 2189 iu
3477 2134 3693 2188 riiortuo

2114 2236 2341 2291 corpore
2372 2221 2623 2275 ultimum
2653 2224 3052 2292 quodammodo
3084 2226 3385 2281 trahentem
3416 2228 3692 2297 sp'ritum.

2114 2310 2283 2378 Quem
2332 2310 2489 2365 modo
2540 2327 2671 2367 voce
2719 2314 2879 2368 modo
2921 2314 3140 2369 nutibus
3176 2315 3506 2383 compellans
3559 2330 3692 2383 quo-

2114 2404 2507 2477 modocumque
2538 2413 2769 2474 poterat,
2802 2406 3115 2461 missionem
3145 2406 3379 2476 petebat.
3414 2406 3521 2461 Sed
3549 2422 3693 2477 aeger

2113 2494 2359 2561 quamvis
2384 2494 2495 2563 jam
2541 2494 2724 2549 seculo
2756 2496 3063 2549 traderetur
3106 2496 3295 2559 alteri,
3338 2510 3497 2551 voces
3527 2505 3693 2564 atque

2112 2583 2378 2654 singultus
2403 2599 2795 2653 recognoscens
2836 2586 3123 2654 pontificis,
3160 2594 3438 2655 resumpto
3469 2586 3693 2655 spiritu,

2104 2674 2298 2749 oculos
2330 2675 2571 2744 aperuit;
2608 2690 2839 2743 cumque
2863 2674 2933 2706 ³⁸³
2970 2676 3121 2746 gravi
3162 2676 3475 2730 diilicultate
3525 2676 3691 2729 verba

2111 2764 2381 2835 loquentis
2413 2766 2719 2835 intelligens
2741 2767 2994 2821 similiter
3012 2768 3140 2836 petit
3162 2778 3215 2821 et
3241 2768 3352 2837 ipse
3376 2766 3691 2821 missionem

2114 2864 2371 2925 tanquam
2400 2856 2492 2926 qui
2525 2857 2803 2910 recederet
2838 2873 2867 2909 a
2906 2856 3126 2910 saeculo.
3154 2856 3324 2922 Quem
3355 2854 3694 2910 venerabilis

2114 2945 2360 3014 pontifex.
2388 2961 2511 2999 cum
2544 2946 2795 3000 maximis
2841 2945 3091 3000 lamentis
3122 2954 3340 3014 totoque
3380 2945 3578 3000 mentis
3610 2943 3690 2997 af-

2113 3035 2255 3090 fectu
2303 3036 2412 3091 Deo
2461 3037 2867 3099 commendans,
2916 3045 3107 3089 sancto
3156 3034 3427 3090 commisit
3459 3036 3691 3088 Andrete

2110 3127 2353 3199 apostolo
2404 3137 2567 3198 atque
2624 3129 2872 3197 gloriosae
2930 3129 3127 3197 reginae
3176 3127 3360 3182 Mariae
3406 3127 3691 3197 genitricis

2112 3218 2208 3272 Dei
2248 3219 2456 3275 meritis
2509 3228 2564 3272 et
2610 3218 2879 3289 precibus.
2920 3216 3030 3271 Nec
3086 3217 3303 3277 mirum.
3358 3216 3503 3286 quod
3564 3230 3688 3270 eum

2111 3323 2272 3378 quem
2325 3308 2597 3377 diligebat.
2656 3307 2762 3361 illis
2818 3306 3141 3361 familiarius
3191 3306 3501 3375 deposuerit
3549 3320 3689 3374 quos

2111 3415 2222 3469 pra:
2259 3400 2456 3454 ceteris
2484 3398 2736 3453 omnibus
2777 3399 3035 3451 attentius
3066 3396 3365 3452 excolebat.
3412 3396 3541 3452 Post
3573 3398 3691 3453 hazc

2114 3489 2257 3545 velut
2285 3489 2532 3544 ultimum
2556 3490 2921 3545 valedicentes
2951 3496 3007 3543 et
3035 3489 3279 3544 osculum
3310 3489 3463 3559 pacis
3491 3490 3687 3543 dantes

2113 3580 2180 3633 ad
2209 3580 2460 3644 invicem,
2499 3580 2727 3634 domnus
2757 3579 3041 3650 episcopus
3067 3578 3353 3633 abscessit.

2178 3669 2266 3724 26.
2309 3668 2385 3723 De
2428 3670 2659 3749 lacrimis
2708 3681 2755 3725 et
2808 3687 2956 3740 prece
3005 3668 3278 3723 Fulcheri.
3321 3667 3460 3725 Hinc
3485 3681 3630 3738 aeger
3656 3683 3686 3719 a

2114 3762 2339 3816 medicis
2373 3762 2716 3833 desperatus,
2747 3778 2776 3816 a
2806 3762 3098 3817 comitibus
3130 3760 3440 3823 derelictus,
3471 3762 3563 3813 sed
3594 3759 3664 3813 be

2114 3854 2421 3909 nedictione
2463 3854 2703 3925 episcopi
2736 3852 3101 3919 refocillatus,
3132 3851 3688 3923 quantulumcumque

2114 3947 2421 4016 respiravit.
2463 3945 2667 4000 Dehinc
2710 3944 2853 4014 apud
2894 3960 2951 3998 se
2990 3942 3235 3998 recolens
3267 3942 3455 4003 verba,
3488 3939 3687 4008 quibus

2114 4053 2236 4093 eum
2279 4035 2523 4107 pontifex
2584 4045 2773 4090 sancto
2816 4034 3164 4090 commiserat
3194 4031 3421 4086 Andreae
3464 4027 3672 4098 quibus

2114 4143 2218 4197 que
2248 4126 2627 4196 imploraverat
2671 4135 2915 4181 sanctam
2961 4126 3056 4179 Dei
3103 4123 3423 4193 genitricem
3460 4134 3558 4190 pro
3605 4133 3685 4181 se,

2117 4220 2304 4273 intima
2343 4221 2521 4275 cordis
2550 4222 2771 4274 trahens
2802 4204 3055 4289 suspiria,
3087 4218 3325 4273 lacrimis
3351 4215 3560 4271 obortis
3588 4214 3686 4278 ait,

2119 4325 2177 4364 ut
2206 4311 2321 4382 ipse
2352 4313 2695 4381 postmodum
2732 4312 3031 4367 testabatur
3060 4328 3075 4365 :
3111 4329 3130 4363 ι
3158 4308 3201 4364 Ο
3228 4319 3413 4365 sancte
3445 4307 3686 4371 Anthea,

2113 4403 2266 4471 cujus
2309 4418 2393 4456 me
2437 4402 2614 4457 tutela:
2650 4403 2898 4457 dominus
2930 4417 3081 4457 meus
3119 4400 3425 4455 Liethertus
3472 4398 3689 4467 episco-

2110 4511 2210 4566 pus
2237 4496 2528 4559 commisit,
2572 4493 2834 4563 cujusque
2859 4494 3177 4547 memoriam
3203 4491 3255 4546 in
3286 4490 3515 4546 cenohio
3538 4488 3685 4557 quod

2111 4597 2193 4642 est
2220 4590 2358 4657 apud
2383 4586 2592 4641 Novum
2614 4584 2907 4643 Casrellum
2935 4586 3097 4640 situm
3125 4584 3325 4640 excolit
3348 4600 3364 4648 ;
3398 4584 3443 4637 si
3476 4592 3529 4637 tu
3562 4596 3691 4636 vere

2112 4690 2173 4730 es
2216 4673 2307 4731 ille
2352 4676 2601 4730 Andreas
2632 4677 2886 4740 decorus,
2931 4675 3103 4729 virilis
3149 4673 3427 4743 apostolus
3454 4670 3687 4731 Christi.

2115 4769 2322 4823 amicus
2353 4769 2462 4829 Dei.
2496 4783 2656 4838 quem
2698 4768 2959 4823 Dominus
3000 4767 3188 4822 dilexit
3219 4768 3271 4821 in
3302 4768 3524 4822 odorem
3556 4778 3687 4819 sua-

1752 4924 1985 4983 VARLE
2043 4926 2446 4985 LECTIONES.

511 5035 579 5067 ³⁸³
613 5035 969 5094 Chorinerum
1004 5037 1067 5093 V.
1107 5038 1269 5093 Lietb.
1346 5040 1717 5112 ““quumque
1747 5054 1870 5094 cum
1902 5054 2016 5105 cap.

1920 5146 2149 5206 NOTAE.

508 5254 654 5321 (ὅθι)
697 5252 784 5308 Sc.
818 5254 1028 5311 civitas.

508 5323 656 5370 {sum
700 5324 890 5370 ιοτνιιυ
918 5324 1203 5370 Dnminicm
1252 5322 1635 5370 Inmrnnrinnis
1687 5346 1826 5370 πηηη
1878 5330 1997 5370 Vin

2112 5257 2328 5313 Nullius
2374 5254 2565 5309 heresis
2607 5256 2875 5309 nominata
2926 5264 3102 5317 secta.
3167 5254 3366 5311 nullius
3417 5254 3683 5324 religionis

2108 5329 2285 5370 divina
2315 5327 2457 5370 enim
2483 5336 2752 5370 tenentur.-
2788 5335 2977 5370 lnmen.
3022 5328 3155 5370 sicut
3208 5341 3275 5370 ea:
3312 5341 3490 5370 eorum
3522 5326 3687 5370 inter.
