4026 5370
245 332 355 388 261

950 323 1268 383 CHRONIC.
1312 322 1369 378 S.
1414 314 1716 375 ANDREE
1756 307 2004 369 CASTRI
2041 307 2515 366 CAMERACESII.
2540 309 2739 363 —-LIB.
2778 309 2841 366 II.

3416 307 3522 364 162

246 444 477 510 vitatis',
531 450 827 508 succurre,
879 434 1071 495 festina
1100 480 1114 503 ,
1159 438 1456 499 miserere,
1505 420 1844 503 digitumque
1872 427 1919 485 Δ
1948 422 2127 492 pullus
2150 414 2423 487 maneret,
2452 432 2692 492 preceptt
2737 433 2796 477 ut
2839 421 3161 490 quantocius
3200 421 3521 477 vestimenta

250 550 406 593 tuom
439 538 731 606 intergeus
758 536 812 587 in
844 532 967 587 oleo
1004 528 1410 591 misericordiae,
1441 522 1717 597 genitricis
1747 519 1841 574 Dei

248 629 492 684 domina:
516 636 729 680 nostra:
755 634 956 678 sanctzr.
986 620 1165 675 Maria:
1191 618 1442 689 precibus
1471 615 1574 669 luis
1603 613 1840 666 animam

249 719 609 774 deﬁcientem
642 725 908 775 sustenta,
954 712 1287 767 laborantem
1313 708 1526 775 adjuva,
1562 718 1842 768 succurre,

247 810 431 864 amice
464 808 562 862 Dei
601 822 699 875 per
734 812 1001 861 secretum
1047 802 1248 857 Christi
1292 798 1556 869 magistri;
1589 797 1684 849 tui.
1723 793 1841 848 Iam

248 899 485 954 morior.
526 896 685 963 Quod
726 912 831 950 non
872 907 1084 965 possum
1128 908 1223 961 per
1262 905 1369 953 me,
1415 897 1645 942 matrem
1682 898 1844 955 posce

249 990 498 1060 pietatis,
536 988 795 1058 quatinus
841 986 971 1039 mihi
1017 984 1370 1046 subsidietur,
1407 996 1516 1035 nou
1560 979 1696 1033 meis
1731 992 1844 1033 me-

253 1080 402 1146 ritis,
428 1080 633 1149 quibus
670 1091 832 1146 ptena
864 1076 1054 1130 mortis
1086 1074 1332 1136 debetur,
1374 1071 1468 1126 sed
1496 1070 1613 1139 ejus
1640 1069 1729 1137 qui
1760 1082 1846 1122 me

250 1171 413 1225 vobis
442 1168 720 1225 commisit
745 1165 985 1221 lacrimis
1007 1174 1062 1220 et
1085 1163 1357 1234 precibus.
1393 1181 1410 1213 ι
1444 1160 1668 1216 Noctem
1696 1158 1841 1212 illam

252 1260 505 1332 pontifex
535 1260 689 1315 duxit
721 1260 1041 1321 insomnem,
1076 1272 1135 1311 se
1164 1269 1398 1323 suosque
1428 1252 1538 1307 Deo
1565 1265 1846 1307 commen-

253 1354 393 1408 dans
423 1351 716 1422 gemitibus
742 1348 936 1410 solitis.
968 1346 1217 1415 votisque
1244 1344 1573 1413 supplicibus
1601 1340 1841 1396 morien-

258 1444 339 1498 eis
365 1443 531 1497 amici
563 1441 865 1513 protelahat
893 1439 1079 1493 vitam.

329 1533 421 1588 27.
454 1532 534 1587 De
559 1531 887 1601 apparitione
910 1538 1106 1583 sancta:
1130 1525 1318 1580 Mariw
1338 1535 1382 1579 et
1405 1523 1575 1579 sancti
1602 1522 1841 1575 Andmr.

257 1624 447 1696 (Gesta
474 1623 641 1678 Lietb.
657 1620 775 1693 37.)
796 1620 1022 1690 Jamque
1038 1617 1433 1689 propinquabat
1455 1613 1630 1669 noctis
1652 1620 1843 1681 quarta

242 1717 471 1786 «rigilia,
511 1731 634 1770 cum
663 1714 863 1769 ceteris
889 1712 981 1782 qui
1024 1711 1075 1765 in
1113 1711 1274 1764 domo
1304 1717 1484 1774 erant,
1533 1707 1586 1759 in
1619 1720 1723 1774 qua
1753 1704 1845 1757 de-

259 1808 560 1863 cumbebat
603 1805 911 1875 languidus,
958 1802 1246 1872 soporatis,
1298 1802 1448 1855 visus
1494 1809 1579 1854 est
1626 1800 1846 1855 sibimet

237 1899 417 1969 .quasi
474 1896 842 1966 semivigilans
871 1892 1261 1960 :obdormiisse.
1309 1891 1376 1945 Et
1419 1906 1546 1946 ecce
1574 1892 1720 1946 videt
1768 1890 1849 1946 bi-

260 2005 362 2044 nos
386 1989 692 2043 daemonum
718 1986 942 2056 spiritus
974 1998 1159 2039 coram
1190 1997 1248 2037 se
1274 1990 1441 2044 stare,
1486 1979 1721 2036 ferreum
1756 1982 1848 2035 tri-

258 2080 480 2135 dentem
510 2078 1045 2147 llammivomamque
1072 2075 1220 2131 velut
1249 2075 1316 2130 de
1366 2074 1586 2129 fornace
1634 2082 1846 2128 erutam

244 2168 527 2233 ferentes,
552 2183 737 2236 quam,
786 2166 926 2220 sicut
956 2165 1096 2219 idem
1143 2164 1348 2228 retulit,
1382 2163 1571 2216 mortis
1599 2161 1845 2215 aculeum

262 2260 641 2315 nominabant.
673 2257 931 2312 Dicebant
955 2256 1101 2311 enim
1130 2269 1188 2309 se
1220 2254 1287 2308 ad
1332 2254 1436 2309 hoc
1471 2254 1752 2319 detulisse,
1787 2262 1847 2307 ut

260 2366 381 2405 eam
430 2349 581 2404 cordi
613 2348 730 2417 ejus
780 2347 1056 2417 alligereut
1080 2355 1135 2400 et
1176 2346 1255 2399 sic
1285 2344 1520 2398 animam
1552 2341 1841 2410 ejicerent.

266 2440 397 2508 Quis
438 2441 603 2493 timor
647 2438 758 2502 ille,
796 2437 967 2492 Deus!
1008 2436 1131 2506 quis
1175 2434 1348 2495 dolor,
1384 2450 1504 2503 qua:
1549 2432 1839 2501 angustim!

262 2532 547 2587 laborabat
575 2545 736 2601 regor,
771 2526 1051 2583 laborabat
1078 2536 1130 2581 et
1175 2525 1493 2589 deﬁciebat;
1543 2524 1846 2593 aspiciebat

267 2626 409 2680 ictus
442 2623 610 2678 ferire
658 2620 1007 2686 minantium,
1057 2617 1381 2688 penitusque
1426 2615 1843 2679 dissolvehatur,

264 2714 618 2784 singultiens;
648 2709 1062 2773 dissolvebatur,
1087 2718 1139 2762 et
1165 2708 1308 2762 inter
1337 2705 1602 2775 singultus
1632 2714 1842 2759 tantum

262 2805 494 2859 sonabat
520 2820 533 2856 :
559 2820 578 2852 ι
606 2803 807 2856 Sancta
832 2799 997 2869 Virgo
1026 2799 1317 2868 virginum,
1348 2797 1520 2851 Mater
1548 2796 1696 2859 Jesu,
1722 2810 1845 2851 san-

263 2904 346 2947 etc
373 2893 615 2948 Andrea.
640 2911 657 2944 ι
702 2891 758 2945 In
793 2892 895 2945 hoc
921 2898 1069 2944 tanto
1102 2899 1318 2958 tamque
1350 2888 1586 2942 terribili
1615 2886 1841 2942 tribula-

264 2986 429 3061 tionis
464 2984 717 3047 articulo,
774 2983 915 3038 inter
961 2981 1220 3052 caligines
1263 2990 1318 3036 et
1365 2982 1586 3035 umbras
1629 2981 1843 3045 mortis,

258 3078 463 3134 celitus
492 3076 827 3147 effulguraus
862 3074 1091 3129 irradiat
1134 3072 1314 3128 locum
1365 3088 1459 3126 sua
1498 3072 1843 3127 sanctissima

255 3169 543 3240 presentia
574 3167 724 3223 stella
750 3166 942 3232 maris,
974 3172 1148 3218 mater
1164 3163 1405 3234 pictatis,
1436 3159 1591 3230 cujus
1622 3169 1843 3231 precatu

262 3261 440 3330 pietas
468 3257 563 3312 Dei
593 3258 765 3327 parcit
798 3255 1140 3325 peccantium
1167 3251 1357 3321 culpis.
1382 3252 1573 3316 Adest,
1600 3253 1842 3322 inquam,

261 3365 386 3421 spes
436 3350 787 3414 miserorum,
833 3346 980 3401 salus
1030 3342 1309 3407 debilium,
1357 3342 1662 3399 dmmonum
1705 3341 1846 3397 forte

263 3443 592 3505 Iamcntum;
623 3439 803 3494 ferens
849 3438 1036 3492 dextra
1078 3450 1183 3506 qua
1226 3432 1499 3489 Christum
1530 3434 1724 3503 pannis
1761 3434 1845 3486 in-

261 3532 489 3588 volxens
539 3529 824 3584 reclinavit
871 3528 923 3581 in
968 3526 1263 3597 praesepio,
1303 3522 1530 3578 viviﬁcre
1576 3524 1754 3578 crucis
1778 3524 1848 3578 sio

262 3622 845 3694 gnutn,sinistrorsum
869 3617 1090 3672 acclinis
1124 3632 1288 3686 super
1310 3624 1555 3672 sanctum
1577 3615 1845 3669 Andream

263 3715 591 3786 apostolum.
626 3734 644 3766 ι
677 3713 833 3780 Quis,
870 3713 1075 3781 inquit,
1124 3710 1439 3780 nequissimi
1472 3708 1695 3779 spiritus
1724 3717 1849 3762 tan-

268 3818 357 3862 tus
393 3816 574 3863 terror
605 3806 771 3860 vestri
803 3802 1001 3858 furoris
1036 3812 1290 3872 tantaque
1318 3817 1411 3856 vos
1436 3801 1651 3871 generis
1681 3800 1852 3854 tenuit

256 3898 495 3953 'Fiducia
527 3896 715 3961 vestri,
754 3907 815 3950 ut
847 3910 942 3949 eos
971 3894 1061 3965 qui
1088 3893 1243 3949 nobis
1273 3891 1547 3948 commissi
1577 3899 1723 3955 sunt,
1762 3903 1853 3943 ro-

266 3991 350 4044 bis
396 3988 677 4043 vindicare
721 3987 940 4041 velitis?
988 3986 1125 4053 Quid
1177 3985 1327 4040 vobis
1378 3993 1433 4039 et
1476 3999 1640 4054 mgro,
1689 3995 1850 4052 quem

268 4082 412 4137 ﬁlius
457 4096 611 4135 meus
665 4078 846 4134 reddit
899 4078 1145 4147 sospitati
1193 4075 1353 4147 hujus
1399 4075 1573 4131 sancti
1623 4074 1852 4127 Audrea:

264 4176 554 4249 precibus?
598 4176 758 4229 Abite
789 4174 914 4228 hinc
945 4171 1291 4242 quantocius,
1322 4169 1497 4224 abite!
1531 4187 1548 4218 ι
1582 4166 1747 4236 Cujus
1783 4165 1849 4218 ad

273 4269 556 4339 imperium
587 4266 733 4322 dicto
760 4263 924 4318 citius
950 4268 1280 4317 evanescunt
1311 4258 1385 4314 illi
1411 4259 1710 4312 daemonum
1746 4255 1853 4324 spi-

269 4359 429 4413 ritus.

334 4449 423 4504 28.
463 4447 541 4503 De
576 4447 833 4517 sospitate
860 4461 951 4514 per
992 4452 1225 4497 sanctam
1259 4440 1487 4494 Mariam
1530 4449 1579 4493 et
1614 4447 1851 4493 sanctum

269 4538 532 4592 Andream
585 4535 852 4590 Fulcltero
900 4534 1125 4588 reddita.
1181 4531 1287 4601 (Ib.
1335 4531 1448 4598 '58.)
1498 4529 1649 4584 Tunc
1681 4540 1852 4584 mater

269 4630 481 4699 pietatis
522 4643 731 4699 aegrum
769 4626 1007 4697 respexit
1034 4623 1182 4678 vultu
1208 4622 1537 4689 serenitatis,
1561 4622 1712 4675 vultu
1744 4637 1850 4690 quo

270 4722 408 4777 inter
448 4723 809 4776 convivanles
854 4716 1175 4788 suggerebat
1226 4714 1456 4769 deﬁcere
1485 4714 1690 4777 vinum,
1738 4712 1848 4778 illo,

272 4812 505 4881 inquam,
540 4811 716 4877 vultu,
753 4822 862 4878 quo
900 4807 1171 4862 dolentem
1207 4804 1445 4873 respexit
1467 4802 1849 4873 TheOphilum,

271 4904 416 4957 vultu
445 4902 756 4959 dulcedinis
780 4910 837 4956 et
862 4900 1068 4971 gratiae,
1099 4914 1164 4954 eo
1194 4897 1415 4966 inquam
1450 4896 1599 4949 vultu
1631 4894 1843 4965 langui-

274 4992 391 5046 dum
424 4994 536 5064 jam
562 5007 728 5063 prs-ne
769 4998 1041 5044 mortuum
1087 4988 1389 5043 daemonum
1438 4984 1689 5040 manibus
1725 4997 1850 5037 erua

276 5089 380 5136 tum
416 5083 678 5155 respexit,
720 5090 779 5136 et
825 5089 886 5134 ut
933 5087 1179 5149 surgeret
1227 5077 1644 5148 pontiﬁcemque
1690 5090 1847 5131 suum

276 5184 581 5241 sequeretur
627 5169 955 5241 imperando
991 5169 1352 5240 signiﬁcavit;
1385 5169 1570 5239 sicque
1602 5166 1846 5222 recessit.

276 5261 570 5322 Recedente
602 5263 843 5327 visione,
877 5260 968 5330 qui
998 5261 1097 5316 sibi
1130 5261 1369 5316 dormire
1393 5261 1678 5317 videbatur
1705 5272 1848 5329 aeger

1945 510 2046 566 sibi
2081 509 2346 575 deferret,
2396 511 2601 580 vimque
2645 509 2954 579 pontificem
2999 519 3305 578 sequutum
3335 525 3521 567 ncces-

1946 600 2088 654 saria
2131 609 2324 654 cuncta
2374 608 2612 670 pararet.
2646 600 2739 654 Illo
2781 615 2903 654 eum
2947 611 3217 654 amentem
3268 609 3518 669 putante,

1946 695 2193 763 protinus
2241 695 2477 748 surrexit
2523 694 2657 761 ipse,
2716 694 2990 747 dominum
3040 692 3231 746 domus
3286 693 3519 757 vocavit,

1945 798 2202 858 quantum
2235 804 2332 857 pro
2372 788 2654 857 impendiis
2686 788 2786 840 sibi
2818 785 3028 841 collatis
3072 787 3332 841 debeatur
3375 801 3525 857 quae-

1946 880 2110 943 sivit,
2142 878 2465 947 computatis
2492 888 2545 933 et
2587 878 2832 942 redditis,
2866 892 3034 946 equos
3073 893 3201 931 suos
3240 892 3402 947 quam
3434 892 3524 932 ce-

1947 970 2131 1025 leriter
2172 970 2346 1039 parari
2383 968 2563 1037 jubet,
2615 984 2947 1039 puerumque
2982 967 3366 1037 suppellectilis
3409 983 3520 1022 sua:

1947 1063 2083 1117 nihil
2109 1061 2355 1117 oblivisci
2395 1070 2598 1116 monet.
2633 1060 2803 1126 Quem
2856 1075 2959 1114 non
3004 1060 3177 1113 solum
3210 1057 3526 1128 paterfami-

1948 1156 2069 1221 lias,
2097 1155 2148 1210 in
2175 1155 2329 1227 cujus
2353 1153 2587 1224 hospitio
2616 1162 2909 1217 manserat,
2935 1150 3518 1212 miraturincolumem,

1948 1247 2041 1302 sed
2087 1246 2264 1300 omnis
2312 1245 2511 1299 vicinia
2541 1243 2737 1313 gaudet
2783 1243 2950 1310 ipsius
2998 1242 3277 1311 sospitate.
3311 1240 3523 1295 Gaudet

1948 1352 2001 1396 et
2030 1346 2222 1395 cuncta
2265 1338 2460 1394 civitas
2490 1346 2545 1391 et
2581 1336 2878 1406 applaudit,
2919 1335 3173 1405 quoniam
3208 1349 3367 1404 quem
3402 1349 3517 1403 pre-

1949 1440 2105 1502 cepto
2151 1428 2465 1501 evangelico
2502 1435 2807 1482 statuerant
2852 1427 3172 1481 morientem
3211 1440 3334 1481 Sero
3372 1440 3527 1494 sepe-

1947 1528 2068 1592 lire,
2102 1526 2398 1582 cernebant
2427 1539 2584 1578 mane
2615 1522 2892 1577 velocibus
2915 1535 3123 1589 ,equum
3162 1534 3317 1572 suum
3350 1520 3523 1588 passi-

1949 1620 2050 1675 bus
2081 1619 2349 1673 emittere.
2381 1617 2500 1687 Ipse
2551 1632 2679 1671 vero
2726 1614 2936 1669 cunctis
2977 1612 3341 1682 quaerentibus
3370 1612 3525 1667 laetus

1948 1711 2239 1772 referebat,
2284 1718 2489 1779 quanta
2519 1708 2622 1762 sibi
2664 1723 2761 1778 per
2800 1722 2949 1760 suam
2983 1705 3268 1775 gloriosam
3301 1704 3529 1775 genitri-

1951 1819 2067 1859 cem
2095 1812 2452 1872 sanctumque
2478 1800 2749 1855 Andream
2778 1796 3077 1867 apostolum
3108 1795 3319 1864 fecisset
3346 1794 3528 1848 Domi-

1950 1913 2072 1951 nus.
2118 1896 2242 1951 Inde
2285 1895 2457 1965 gradu
2496 1892 2781 1954 citissimo,
2827 1905 2925 1944 suo
2966 1890 3255 1943 comitatus
3301 1886 3520 1950 cliente,

1949 1988 2174 2042 festinat
2203 1985 2461 2055 consequi
2492 1983 2830 2054 pontiﬁcem,
2868 1994 3026 2050 quem
3058 1980 3231 2050 pietas
3260 1989 3313 2034 et
3341 1978 3526 2048 provi-

1949 2077 2131 2133 dentia
2170 2076 2265 2131 Dei
2298 2076 2473 2130 adhuc
2503 2074 2782 2129 detinebat
2808 2072 2861 2125 in
2893 2071 3092 2126 littore.

2016 2196 2108 2251 99.
2148 2192 2255 2263 (Ib.
2285 2191 2401 2262 '59.)
2433 2191 2570 2245 Dum
2595 2204 2687 2258 per
2720 2188 2864 2239 littus
2894 2186 3162 2255 episcopus
3194 2183 3521 2247 deambulat,

1946 2284 2242 2338 Fulclrerus
2269 2298 2442 2351 sospes
2474 2281 2704 2334 advenit.
2756 2277 2848 2331 Sol
2878 2276 3044 2331 etiam
3081 2275 3331 2329 exoriens
3360 2274 3529 2329 crini-

1948 2375 2017 2429 tis
2048 2373 2217 2427 radiis
2241 2370 2478 2425 futuram
2508 2369 2757 2438 signabat
2790 2373 3195 2434 tempestatem;
3227 2364 3368 2431 quod
3400 2377 3525 2431 pro-

1946 2466 2052 2520 vidi
2086 2471 2264 2518 nautae
2292 2468 2549 2517 caventes
2585 2457 2907 2513 differebant
2936 2454 3356 2524 navigationem.
3380 2453 3526 2508 Inter

1946 2556 2060 2611 hmo
2091 2556 2224 2609 hora
2264 2554 2370 2609 diei
2404 2552 2586 2614 tertia,
2615 2550 2740 2604 dum
2775 2546 3015 2618 pontifex
3048 2547 3100 2600 in
3127 2546 3310 2600 littore
3339 2547 3524 2600 deam-

1944 2646 2140 2700 bulans
2169 2658 2353 2700 secum
2386 2640 2613 2697 deﬁeret
2642 2652 2829 2693 casum
2874 2635 3117 2691 derelicti
3157 2634 3349 2699 ﬁdelis,
3385 2650 3525 2688 nuu-

1945 2736 2123 2790 ciatur
2176 2736 2282 2789 eia
2336 2730 2829 2804 prospicientibus,
2884 2728 3141 2783 domuum
3200 2726 3541 2793 Fulelteruza

1946 2827 2151 2881 venire.
2176 2825 2362 2879 Primo
2383 2820 2744 2893 stupefactus,
2770 2818 2895 2873 dein
2922 2825 3157 2872 mentem
3181 2815 3523 2886 recolligens,

1946 2917 2171 2987 inquirit
2210 2915 2442 2986 qualiter
2471 2914 2522 2967 id
2548 2910 2794 2967 scirent?
2814 2909 2922 2963 Illis
2947 2905 3329 2970 referentibus,
3355 2918 3524 2974 equos

1943 3026 2080 3080 quos
2112 3008 2199 3063 ille
2225 3007 2469 3075 equitare
2516 3002 2725 3058 solebat
2755 3010 2809 3056 et
2838 3000 3161 3055 vestimenta
3191 2997 3310 3068 ejus
3342 3010 3399 3051 se
3431 3010 3525 3050 νεά

1871 3123 1916 3185 C
1951 3102 2150 3156 raeiter
2179 3082 2410 3162 vidisse,
2462 3096 2742 3165 suspirans
2780 3092 2897 3147 ait:
2958 3111 2975 3142 ι
3004 3091 3188 3146 Potest
3231 3104 3383 3155 esse;
3415 3103 3523 3142 non

1947 3203 2029 3250 est
2056 3192 2356 3247 Fulcherus
2377 3188 2471 3243 sed
2507 3186 2739 3241 fortasse
2776 3199 2908 3253 puer
2945 3182 3135 3250 ipsius,
3168 3182 3278 3251 qui,
3315 3178 3526 3249 sepulto

1948 3285 2191 3347 domino,
2230 3297 2328 3335 nos
2358 3278 2728 3350 prosequitur.
2759 3274 2895 3329 Nam
2924 3273 3249 3327 Fulcherum
3274 3270 3378 3325 nisi
3411 3267 3528 3323 sola

1950 3373 2043 3430 Dei
2076 3371 2363 3427 clementia
2389 3368 2503 3437 jam
2537 3384 2643 3421 non
2677 3379 2837 3436 spero
2881 3363 3084 3417 videre.
3132 3361 3384 3415 Attamen
3416 3372 3526 3414 non

1948 3463 2127 3519 diliido
2170 3462 2235 3516 de
2272 3458 2475 3514 Christi
2515 3454 2912 3517 misericordia,
2952 3466 3071 3521 qua:
3098 3449 3375 3505 sororibus
3407 3446 3528 3502 red-

1950 3554 2085 3610 didit
2132 3551 2428 3612 Lazarum,
2470 3547 2644 3600 vidua:
2689 3544 2907 3615 unicum
2946 3540 3133 3594 lilium.
3167 3556 3184 3590 ι
3233 3537 3365 3591 Dum
3410 3539 3526 3592 haec

1952 3659 2133 3699 secum
2160 3643 2531 3710 loquerentur,
2572 3643 2626 3689 et
2653 3633 2845 3689 intenti
2873 3632 3151 3687 venientes
3176 3628 3293 3684 illos
3319 3628 3527 3697 prospi-

1951 3740 2156 3797 cerent,
2183 3731 2334 3785 adest
2360 3726 2678 3782 Fulcherus.
2710 3722 2755 3779 Ο
2781 3730 3038 3793 quantum
3063 3718 3222 3774 fuerit
3248 3718 3523 3790 gaudium,

1950 3834 2154 3895 quanta
2180 3820 2361 3874 laetitia
2390 3817 2600 3873 noverit
2628 3828 2779 3870 mens
2812 3812 3068 3867 humana!
3104 3811 3243 3877 Quid
3272 3809 3530 3878 qualiter-

1952 3931 2017 3971 ve
2044 3911 2381 3982 contigisset,
2410 3907 2510 3963 sibi
2541 3921 2645 3960 non
2673 3910 2793 3958 erat
2832 3901 3039 3956 referre
3078 3900 3319 3962 licitum;
3348 3905 3530 3951 tantus

1952 4014 2072 4060 erat
2121 3999 2383 4055 tumultus
2442 4006 2606 4065 atque
2663 4002 2808 4048 tanta
2867 3990 3168 4059 frequentia
3216 4002 3336 4043 sese
3384 4001 3529 4041 com-

1951 4094 2202 4170 plexibus
2229 4093 2347 4163 ejus
2378 4088 2759 4161 ingerentium.
2789 4084 2895 4155 (Ib.
2920 4082 3033 4151 40.)
3064 4081 3301 4149 Recepto
3328 4079 3529 4133 comite

1947 4169 2100 4257 jussu
2135 4193 2424 4241 nautarum
2455 4182 2683 4235 domnus
2710 4174 2951 4247 pontifex
2987 4188 3178 4226 navem
3212 4169 3530 4225 conscendit

1955 4296 2075 4335 cum
2102 4278 2236 4334 suis.
2270 4274 2459 4329 Nauta:
2487 4270 2651 4326 remis
2677 4271 2960 4338 insurgunt
2995 4264 3121 4320 totis
3154 4263 3381 4326 viribus,

1955 4410 2309 4481 Prosequitur
2335 4419 2563 4474 surgens
2591 4418 2619 4457 a
2649 4399 2807 4471 puppi
2847 4404 3040 4451 ventus
3065 4403 3276 4449 euntes.

1956 4503 2230 4572 Linquunt
2258 4496 2518 4553 Laoditize
2547 4503 2732 4563 portus
2764 4489 3057 4558 pelagoque
3085 4484 3272 4539 volant

1955 4592 2283 4659 Crebrisque
2311 4588 2497 4655 legunt
2524 4583 2660 4637 freta
2688 4579 2900 4635 concita
2932 4576 3111 4630 terris.

1955 4684 2084 4741 Vela
2122 4682 2362 4754 pandunt
2386 4688 2441 4732 et
2464 4693 2596 4733 cava
2631 4675 2780 4728 trabe
2810 4672 3053 4726 curritur
3075 4682 3281 4739 :BQIIOI'.

1954 4776 2249 4844 Postquam
2279 4771 2449 4825 altum
2488 4767 2661 4822 tenuit
2694 4764 2848 4819 navis
2880 4779 2978 4818 nec
3004 4761 3113 4830 jam
3146 4758 3377 4828 amplius
3406 4756 3532 4810 ulla:

1954 4870 2232 4939 Appareut
2258 4874 2435 4925 terrm,
2469 4859 2665 4916 caelum
2698 4856 2934 4924 undique
2972 4863 3028 4909 et
3072 4850 3307 4919 undique
3333 4857 3534 4919 pontus

1950 4960 2061 5015 Illis
2083 4955 2365 5017 cmruleus,
2395 4966 2559 5021 supra
2589 4956 2749 5015 caput
2776 4947 2985 5001 adstitit
3010 4943 3181 4999 imber

1954 5051 2179 5106 Noctem
2216 5046 2577 5116 hyememque
2609 5041 2791 5094 ferens
2823 5049 2879 5094 et
2910 5033 3181 5095 inhorruit
3214 5030 3352 5082 umla
3385 5036 3541 5085 tene-

3316 5118 3481 5190 [l)ris.

1954 5232 2231 5291 Continuo
2257 5225 2540 5284 involvunt
2575 5223 2721 5282 venti
2758 5238 2912 5283 mare
2954 5226 3219 5295 nigraque
3245 5220 3478 5277 surgunt

1963 5326 2216 5370 Ennora.
