4026 5370
185 317 286 372 265

905 311 1223 369 CIIRONIC.
1269 310 1328 367 S.
1369 309 1672 364 ANDREA‘.
1711 307 1958 364 CASTlll
1997 306 2474 361 CAMERACESII.
2515 338 2582 346 —-
2614 306 2738 360 [.lll.
2778 307 2834 360 11.

3341 310 3446 367 266

188 444 300 482 rum
331 442 538 492 comes,
566 439 756 500 parata
795 443 899 484 nou
933 445 1095 500 parva
1129 428 1319 490 classe,
1346 435 1624 496 assumpta
1660 440 1771 478 ma-
1801 430 1850 488 Α
1875 426 2036 493 cepit,
2063 434 2117 479 et
2146 439 2312 492 usque
2340 425 2406 480 ad
2443 425 2744 479 Cassellum
2777 434 2976 478 terram
3006 425 3108 479 sibi
3138 425 3444 482 vindicavit.

185 535 282 591 gas
323 520 548 587 militia,
579 537 730 576 mare
765 522 1103 591 pertransiit.
1135 519 1236 586 Qui
1278 529 1440 575 terra:
1467 516 1765 587 applicans.

185 627 346 669 naves
372 627 567 668 omnes
603 614 822 683 penitus
859 613 1082 669 concedi
1112 612 1262 674 fecit,
1303 610 1514 666 scilicet
1546 623 1614 662 ne
1654 607 1771 663 suis

184 710 493 769 superesset
529 701 641 757 ulla
684 718 808 774 spes
855 701 1070 772 refugii.
1112 701 1300 772 Itaque
1336 715 1430 756 rex
1474 699 1768 769 Anglorum

185 790 471 858 lleroldus,
494 792 626 848 olim
649 803 840 849 contra
860 795 1160 865 predictum
1183 792 1433 847 comitem
1461 789 1769 845 Wilelmum

185 880 432 952 perjurus
455 911 528 924 --
553 899 682 938 nam
711 883 877 939 lilium
906 884 976 916 ³⁸⁸
1005 884 1124 954 ejus
1155 897 1214 938 se
1243 891 1593 952 accepturum
1617 879 1774 948 jura-

183 985 357 1038 verat,
387 985 518 1030 tunc
545 974 688 1031 forte
732 989 1015 1045 regressus
1044 989 1074 1028 a
1102 987 1237 1028 nece
1266 972 1453 1027 fratris
1481 971 1563 1027 sui
1593 969 1775 1025 Tosti-

181 1064 258 1128 ni,
281 1066 372 1134 qui
399 1067 672 1134 captanda
698 1075 906 1135 partem
931 1065 1080 1135 regni
1106 1065 1226 1136 ejus
1248 1073 1440 1118 contra
1461 1077 1585 1118 eum
1615 1075 1768 1116 arma

184 1167 558 1212 commoverat
580 1187 652 1197 —
680 1167 810 1212 tunc
849 1156 1069 1226 inquam
1119 1155 1354 1211 sinistris
1389 1154 1601 1209 excitus
1637 1168 1774 1207 nun-

186 1247 302 1310 ciis,
333 1247 566 1304 collecta
606 1249 812 1319 ingenti
857 1249 1012 1318 capia
1053 1247 1348 1318 Anglorum
1401 1243 1771 1301 Nortvicorum

179 1338 247 1389 ad
275 1340 508 1407 pre!ium
539 1353 768 1410 paratus
797 1351 983 1396 contra
1027 1340 1390 1404 Normannos,
1417 1339 1509 1409 qui
1533 1339 1644 1407 jam
1669 1338 1772 1393 sibi

187 1437 292 1482 tres
343 1429 679 1485 munitiones
733 1445 900 1502 prope
955 1432 1107 1486 littus
1162 1430 1329 1484 maris
1387 1435 1772 1492 extraxerant,

185 1521 549 1590 progreditur.
578 1522 719 1589 Quid
749 1522 948 1577 multa?
990 1522 1124 1576 inito
1149 1520 1447 1576 certamine
1477 1518 1772 1572 Normanni

185 1612 418 1667 victores
449 1613 715 1676 existunt.
748 1613 906 1685 Angli
939 1622 1086 1684 terga
1117 1621 1356 1676 vertunt,
1387 1611 1618 1665 maxima
1649 1623 1774 1680 pars

190 1702 473 1774 utrobique
506 1704 732 1772 interit;
780 1721 877 1760 rex
912 1719 1128 1775 quoque
1162 1703 1426 1759 llcroldus
1457 1701 1774 1756 interfectus

1871 515 1941 569 lis
1961 514 2180 579 auditis,
2207 516 2364 569 vidua
2396 516 2672 571 comitissa
2700 515 2978 581 Ricbildis,
3007 533 3167 586 quam
3191 519 3448 574 defuncto

1872 607 2180 662 Hermanuo
2210 607 2376 677 priori
2409 608 2604 663 marito
2639 623 2801 678 supra
2847 608 3084 664 diximus
3126 611 3193 678 (c.
3230 610 3318 678 l2)
3351 627 3448 666 uu-

1871 701 2044 771 psisse
2073 701 2258 756 comiti
2293 701 2572 765 Balduino,
2603 700 2848 757 collectis
2883 701 3069 756 multis
3095 703 3164 734 '“
3190 704 3450 758 exerciti-

1872 791 1975 846 bus
2013 806 2135 847 cum
2183 790 2392 846 duobus
2444 793 2773 862 supradictis
2817 792 2943 848 filiis
2969 791 3230 848 Balduino
3270 803 3324 848 et
3352 794 3451 848 Ar-

1874 881 2045 946 nullo,
2068 893 2258 952 parato
2279 899 2494 953 quoque
2523 867 2648 953 reg'c
2677 884 2920 940 Francite
2960 884 3012 940 iu
3043 885 3158 954 ejus
3189 885 3449 942 auxilium

1874 972 2142 1043 Philippo,
2172 989 2236 1029 eo
2271 976 2513 1044 procedit
2541 975 2710 1047 (512).
2758 977 2895 1042 Quid
2937 976 3128 1047 plura?
3159 979 3454 1035 commisso

1874 1063 2058 1132 pralio
2086 1062 2240 1135 (Feb.
2271 1065 2381 1135 22),
2417 1065 2574 1120 Friso
2602 1067 2809 1121 validus
2831 1069 3012 1123 animo
3044 1077 3100 1123 et
3144 1069 3311 1125 armis
3353 1085 3450 1125 seu

1875 1152 2148 1209 ferocibus
2193 1156 2358 1210 sociis
2409 1156 2638 1225 primam
2679 1157 2848 1212 aciem
2887 1158 3321 1214 adversariorum
3351 1176 3450 1214 au-

1875 1245 2063 1301 dacter
2099 1247 2407 1317 irrumpens
2440 1249 2716 1314 contrivit,
2748 1260 2958 1307 ceteros
2991 1268 3141 1320 vero,
3169 1253 3455 1310 interfecto

1875 1346 2070 1406 nepote
2100 1353 2199 1393 suo
2232 1338 2458 1393 Aruulfo
2494 1339 2545 1393 in
2591 1341 2762 1409 prima
2798 1339 2930 1397 ﬂore
2957 1343 3333 1400 adulescentia:
3357 1360 3455 1415 po-

1875 1432 1982 1486 sito
2006 1440 2062 1486 et
2090 1433 2318 1486 necdum
2349 1433 2554 1487 militia:
2576 1433 2761 1488 usibus
2791 1444 2940 1505 apto,
2968 1436 3239 1508 multaque
3272 1448 3456 1506 strage

1877 1532 2129 1594 peracta.
2169 1524 2223 1578 in
2269 1530 2450 1594 fugam
2497 1524 2776 1595 compulit.
2815 1525 2932 1595 Ipse
2966 1527 3129 1580 etiam
3171 1543 3262 1583 rex
3303 1518 3454 1583 frena

1876 1617 2038 1670 vertit
2066 1625 2121 1672 et
2151 1617 2304 1670 abiit.
2352 1616 2591 1672 Tandem
2623 1619 2736 1687 ipse
2779 1618 2932 1673 Friso
2957 1631 3148 1690 captus
3187 1637 3216 1675 a
3259 1623 3458 1678 comite

1877 1706 2189 1770 Eustachio,
2227 1707 2367 1775 apud
2404 1708 2663 1762 Sanctum
2699 1708 3068 1764 Audomarutn
3109 1711 3162 1764 iu
3211 1713 3457 1766 custodia

189 1798 468 1865 occubuit;
503 1800 692 1869 sicque
724 1817 906 1857 comes
932 1800 1214 1857 Wilelmus
1243 1815 1465 1872 regnum
1497 1800 1770 1863 obtinens,
1806 1797 1848 1856 Β
1877 1806 2155 1862 servatur;
2188 1797 2281 1852 sed
2329 1812 2435 1852 non
2469 1801 2637 1852 nmlto
2663 1808 2784 1868 post
2813 1798 3235 1856 Flandreusibus
3264 1803 3316 1857 vi
3347 1819 3461 1856 ma-

188 1887 271 1941 die
311 1891 617 1948 nativitatis
643 1894 855 1949 Domini
901 1895 954 1950 in
997 1893 1271 1968 Londonia
1317 1893 1535 1963 ungitur
1588 1893 1642 1948 in
1689 1889 1776 1948 re-

191 1994 325 2048 gem.

254 2074 343 2128 35.
382 2074 461 2129 De
495 2076 662 2144 prclio
712 2077 853 2147 apud
898 2075 1187 2131 Casscllunt
1225 2076 1386 2147 facta.
1422 2077 1544 2148 (An.
1594 2077 1772 2148 l07l.)

191 2163 391 2220 Bellum
418 2181 638 2238 quoque
675 2168 729 2223 in
751 2167 1006 2224 Flandria
1031 2179 1242 2239 gestum
1277 2169 1419 2239 apud
1446 2169 1626 2223 villam
1657 2185 1777 2240 qua:

190 2267 268 2310 cst
290 2256 612 2324 Cassellutn,
635 2275 701 2314 ex
729 2275 836 2330 quo
861 2271 1040 2316 cetera
1065 2261 1202 2316 bella
1227 2261 1652 2332 circumquaque
1675 2277 1776 2331 per

194 2357 366 2402 terras
392 2358 451 2402 et
479 2351 648 2404 multa
692 2350 832 2404 mala
875 2350 1225 2420 pullularunt,
1252 2351 1340 2405 hic
1373 2351 1591 2421 dignum
1620 2352 1778 2406 duxi-

192 2454 306 2493 mus
348 2440 722 2496 iusereudum.
770 2442 1062 2496 Rotbertus
1109 2456 1363 2512 namque,
1401 2442 1494 2511 qui
1531 2450 1586 2496 et
1621 2441 1778 2496 Friso

193 2534 387 2597 dictus,
419 2550 520 2606 pro
549 2550 615 2590 eo
644 2535 790 2607 quod
832 2535 884 2590 in
926 2535 1096 2590 Frisia
1140 2545 1224 2591 est
1266 2536 1522 2598 nutritus.
1553 2534 1779 2589 audiens

189 2626 445 2682 comitem
485 2626 809 2682 Balduinum
855 2627 1077 2682 fratrem
1120 2643 1276 2684 suum
1306 2628 1508 2683 obiisse
1545 2633 1604 2680 et
1644 2626 1780 2680 duos

189 2717 331 2773 filios
364 2719 693 2775 Balduiuum
739 2729 797 2774 et
832 2719 1114 2776 Arnulfum
1159 2721 1386 2776 heredes
1411 2730 1533 2790 post
1564 2735 1623 2774 se
1656 2719 1780 2773 reli-

189 2809 393 2875 quisse,
423 2810 726 2880 dolensque
760 2811 920 2865 nimis
949 2826 1007 2866 se
1028 2810 1348 2880 jamdudum
1387 2811 1534 2865 omni
1573 2812 1780 2867 honore

193 2896 463 2953 Flandritn
485 2913 514 2952 a
537 2912 692 2969 patre
716 2914 813 2954 suo
838 2909 891 2955 et
917 2899 1085 2955 fratre
1105 2901 1379 2955 exclusum
1403 2901 1617 2971 penitus
1636 2914 1777 2964 esse,

193 2990 314 3056 quia
365 2990 620 3046 videlicet
661 3006 784 3045 eum
823 3007 927 3046 non
971 2991 1208 3062 legitime
1253 3001 1572 3062 conceptum
1615 2990 1782 3047 fuisse

192 3081 627 3151 suspicabatur:
679 3099 784 3138 non
831 3084 950 3137 tulit
997 3083 1251 3147 ulterius,
1299 3084 1393 3138 scd
1445 3083 1583 3138 clam
1623 3084 1782 3139 Flan-

193 3170 423 3226 dreuses
451 3187 578 3228 oras
619 3172 916 3243 ingressus,
946 3173 1304 3241 quorumdam
1346 3188 1578 3242 nequam
1608 3174 1780 3228 burni-

1876 1903 1980 1958 gna
2019 1887 2299 1954 liberatus,
2343 1890 2659 1945 comitatum
2708 1892 2872 1947 t0tius
2913 1892 3181 1949 Flaudria:
3209 1904 3462 1964 potenter

1875 1979 2125 2034 obtinuit.

1944 2065 2036 2120 51.
2077 2067 2153 2121 De
2175 2069 2412 2124 donariis
2441 2071 2620 2124 domui
2641 2071 2887 2127 Lietberti
2909 2076 2978 2128 ad
2999 2075 3269 2130 ecclesiam
3291 2079 3463 2133 sancti

1877 2158 2118 2214 Andrcte.
2170 2160 2311 2216 Ecce
2359 2161 2486 2216 dum
2539 2174 2689 2229 gesta
2749 2165 3134 2234 imperatorum
3187 2184 3282 2224 seu
3335 2185 3463 2240 pro-

1877 2248 2104 2304 ductiori
2147 2265 2398 2306 sermone
2448 2255 2847 2324 prosequimur,
2881 2271 2909 2309 a
2949 2259 3226 2327 proposito
3269 2271 3462 2330 emptae

1877 2342 2202 2398 narrationis
2269 2343 2481 2414 longius
2560 2347 2770 2418 evagati
2853 2364 3061 2404 smnus.
3153 2351 3250 2406 llis
3329 2366 3461 2424 ergo

1876 2434 2114 2499 omissis,
2146 2436 2212 2488 ad
2263 2436 2444 2490 domni
2493 2437 2752 2492 Lietberli
2793 2455 2952 2509 quam
2997 2457 3122 2510 erga
3170 2444 3459 2499 ecclesiam

1882 2526 2020 2580 hanc
2078 2526 2251 2580 tenuit
2308 2525 2686 2584 liberalitatem
2747 2535 3277 2588 counnemorandam
3325 2551 3462 2607 pan-

1881 2618 2046 2687 lisper
2109 2619 2346 2672 animum
2399 2620 2754 2677 intendamus.
2798 2621 2932 2677 Nam
2991 2625 3272 2680 eaaltaria
3330 2627 3463 2682 allo-

1880 2707 1966 2762 dia
2014 2717 2069 2762 et
2120 2717 2298 2762 cetera
2352 2710 2612 2764 beneficia
2669 2727 2789 2781 qua:
2837 2714 3083 2780 contulit,
3123 2731 3302 2771 nonne
3349 2717 3465 2772 btet:

1882 2801 2084 2870 scripta
2155 2811 2282 2855 sunt
2351 2802 2403 2855 in
2472 2803 2752 2874 privilegio
2812 2807 2957 2875 quod
3031 2817 3157 2864 ante
3222 2809 3466 2880 quinque

1882 2906 2054 2947 annos
2135 2893 2316 2948 obitus
2386 2894 2469 2948 sui
2543 2895 2597 2950 in
2676 2897 2912 2967 capitulo
2977 2907 3163 2954 nostro
3235 2902 3462 2958 veniens

1883 2985 2225 3040 corroborari
2256 2984 2418 3040 fecit?
2451 2987 2636 3044 Altare
2661 3003 2790 3044 vero
2817 2990 2885 3045 de
2913 2989 3164 3047 Lambris
3192 2994 3467 3062 quomodo

1886 3077 2043 3132 nobis
2091 3078 2436 3147 provenerit,
2479 3077 2612 3134 libet
2653 3082 2839 3150 paucis
2881 3082 3114 3152 aperire.
3147 3083 3282 3138 Cum
3325 3086 3468 3156 apud

1890 3169 2248 3226 llainoenscm
2283 3171 2614 3226 comitissam
2647 3173 2969 3238 llicbi‘ldem,
3003 3185 3232 3233 matrem
3273 3179 3470 3235 Amul-

199 3275 324 3315 num
372 3260 514 3317 dolis
549 3261 758 3333 aliquas
802 3261 1133 3319 munitiones
1162 3273 1217 3319 et
1248 3263 1473 3318 castella
1511 3279 1782 3334 occupare
1809 3261 1855 3323 C
1887 3262 1974 3334 pbi
2003 3278 2164 3331 quem
2195 3262 2246 3316 iu
2275 3263 2459 3332 praelio
2481 3263 2804 3322 Cassellensi
2837 3282 2867 3321 a
2895 3278 3090 3339 patruo
3122 3286 3219 3326 suo
3237 3271 3470 3330 Frisone

1497 3398 1728 3453 νΑιιιΑῖ
1767 3399 1780 3454 1

1886 3395 2167 3454 ZTIONES.
3356 3404 3414 3432 κ

271 3491 341 3528 ³⁸⁵
377 3492 544 3545 lilium
571 3510 704 3562 rop..

277 3563 343 3601 ⁸⁸⁸
383 3565 549 3617 nullis
578 3582 692 3634 cap.

1733 3653 1962 3710 NOTIE.

204 3772 298 3823 sibi
321 3770 474 3838 fecit;
495 3772 630 3840 quod
653 3773 806 3827 certis
828 3773 1005 3826 diebus
1036 3788 1280 3834 revisens,
1307 3780 1354 3824 et
1385 3770 1551 3839 primo
1575 3766 1786 3836 quidem

201 3841 422 3919 desuper
450 3843 770 3919 incumbens,
803 3843 1033 3898 lacrimis
1063 3852 1108 3896 et
1139 3842 1413 3919 gemitibus
1449 3840 1643 3919 {ossam
1673 3854 1789 3919 uer-

205 3908 478 3978 {uudebag
511 3911 697 3964 deinde
722 3928 857 3979 pauc
895 3918 970 3966 vel
1008 3908 1165 3966 carne
1193 3911 1269 3964 vel
1295 3911 1413 3964 aliis
1444 3908 1654 3963 cibariis
1683 3909 1786 3960 im-

204 3979 389 4048 plebat.
415 3997 535 4045 quis
557 3982 869 4050 pauperibus
889 3982 1093 4050 erogari
1113 3997 1236 4036 mox
1257 3979 1502 4050 faciebat.

271 4000 389 4039 ruat.
415 4000 535 4045 qui:
557 4000 869 4048 pauperibus
889 4000 974 4036 ero
1012 4000 1092 4034 art
1113 4000 1236 4036 mox
1257 4000 1502 4050 lacteum.

271 4050 422 4120 (512)
469 4051 584 4105 Vita
619 4049 792 4106 Lielb.
825 4052 893 4105 58
923 4071 932 4106 :
965 4000 1067 4108 gul
1100 4050 1536 4120 Flandrensibus,
1563 4065 1787 4119 quorum

200 4121 319 4174 dolo
334 4119 588 4174 Robertus
611 4121 699 4174 ille
720 4120 1005 4178 Flandr.'as
1034 4124 1339 4182 intraverat.
1357 4119 1533 4174 dolose
1552 4136 1790 4189 pugnan-

203 4193 335 4245 tibus
365 4202 413 4244 et
447 4202 590 4260 terga
628 4193 958 4257 vertentibus,
988 4194 1096 4262 ipse
1132 4207 1261 4259 puer
1306 4189 1564 4259 Arnulfus
1593 4190 1788 4262 occidi-

203 4274 319 4324 tur;
348 4277 457 4331 quo
490 4271 718 4333 tn_ortuo,
745 4260 1030 4333 fugataque
1064 4270 1418 4333 matre,totus
1447 4260 1781 4333 inore/tiam-

203 4342 282 4410 tus
318 4329 472 4386 cessit
512 4329 757 4414 Roberto.
785 4329 902 4413 [loc
941 4329 1128 4414 eventu
1169 4331 1288 4414 belli
1311 4330 1483 4413 .nimis
1514 4330 1784 4414 επεν-πται,

201 4401 252 4453 in
278 4411 485 4454 tantam
515 4403 753 4470 prorupit
781 4403 1064 4465 insaniam,
1096 4412 1149 4456 ut
1180 4402 1508 4454 dominatum
1532 4401 1783 4470 Cantem—

199 4487 338 4523 ccnar
393 4471 619 4542 civitatis
668 4469 883 4537 imperio
929 4474 1190 4542 preripere
1236 4471 1380 4542 vellet
1433 4469 1692 4542 imperiali
1739 4480 1787 4522 et

201 4556 308 4592 sua:
345 4541 650 4594 submittere
680 4541 886 4595 ditioni.
925 4540 1077 4597 Unde
1099 4542 1310 4596 collecto
1347 4540 1602 4610 frequenti
1639 4556 1788 4594 exer-

202 4610 324 4682 citu,
350 4611 502 4664 villus
531 4611 728 4664 civitati
757 4615 1023 4681 proximas
1054 4610 1397 4682 depopulans,
1431 4619 1787 4682 pereundum

203 4680 444 4733 viciniam
481 4680 856 4735 bacchabatur.
888 4683 1039 4749 Quod
1079 4680 1206 4736 dum
1251 4698 1353 4735 non
1382 4680 1558 4744 semel,
1590 4681 1679 4736 sed
1711 4682 1788 4734 bis

200 4753 479 4824 annuatim
525 4751 759 4824 faceret,
791 4763 1053 4824 tottnnque
1090 4753 1520 4807 Camerarensem
1563 4753 1788 4824 patrium

199 4823 403 4894 penitus
463 4820 517 4874 ia
567 4819 903 4894 solitudinem
952 4819 1234 4894 redigeret,
1287 4823 1508 4894 (latinius
1557 4819 1790 4894 pontifex

202 4906 289 4956 per
317 4893 669 4944 internuntios
705 4909 825 4946 eum
867 4909 1002 4962 sazpe
1046 4892 1422 4956 commonebat,
1453 4901 1501 4945 et
1532 4901 1589 4944 ut
1617 4892 1681 4945 ab
1714 4893 1790 4943 in-

198 4972 346 5032 cepto
367 4962 661 5021 desisteret.
692 4980 831 5017 nunc
852 4980 1000 5031 prece
1023 4981 1160 5018 nunc
1183 4963 1348 5032 pretio
1372 4963 1562 5031 swpius
1584 4963 1788 5032 orabat.

206 5028 315 5104 Scit
341 5048 404 5104 ne
439 5033 646 5104 quidem
684 5028 874 5086 audire
903 5034 1103 5098 valens,
1135 5028 1274 5104 fastu
1303 5028 1560 5102 superbiat
1588 5030 1792 5088 secula-

208 5101 275 5173 ris
299 5102 516 5169 inﬂatus
547 5103 850 5156 minabatur
873 5121 977 5157 non
999 5101 1149 5158 modo
1179 5122 1211 5158 a
1241 5101 1596 5157 devastatione
1618 5105 1792 5173 regio:

209 5172 285 5223 Iis
316 5186 420 5224 non
446 5188 668 5244 cessare,
698 5173 788 5227 sed
820 5175 988 5243 ipsam
1018 5190 1216 5244 quoque
1245 5173 1526 5241 civitatem,
1557 5175 1656 5228 nisi
1681 5172 1793 5226 sibi

205 5243 594 5316 eain_rcdd3eret
638 5244 937 5313 episcopus.
969 5243 1037 5316 ad
1073 5243 1322 5299 nichilum
1363 5244 1611 5316 redigere.
1647 5244 1795 5316 lnter

207 5311 300 5363 lios
330 5309 614 5368 laboriosos
648 5309 768 5368 uitta
797 5309 1040 5367 mortalis
1077 5316 1291 5370 sudores
1310 5354 1326 5370 .
1355 5309 1495 5368 inter
1511 5315 1796 5370 orescripta

1892 3768 2124 3841 maxime
2156 3770 2405 3834 exercitu,
2433 3769 2569 3823 velut
2596 3789 2661 3824 ex
2686 3773 2958 3841 improviso
2985 3776 3053 3828 ad
3077 3778 3337 3833 ciuitatem
3372 3783 3475 3835 ud~

1890 3838 2061 3917 uolat,
2113 3849 2378 3917 (diuquam
2431 3838 3012 3917 expugnaturus__eam.
3051 3847 3220 3917 Quod
3270 3849 3469 3917 factum

1889 3907 2112 3986 domnus
2149 3909 2398 3986 ηοριιξῖελξΔ
2420 3907 2722 3986 gravissime
2751 3915 2889 3975 tulit,
2923 3925 2971 3967 et
3006 3907 3142 3969 ultra
3171 3907 3327 3986 quam
3367 3923 3474 3976 dici

1889 3979 2328 4057 potestjndoluit.
2359 3977 2589 4049 Precepit
2619 3986 2928 4057 quantocius
2960 3996 3014 4057 ut
3046 3977 3270 4057 inlecta
3301 4004 3477 4057 gesta-

1890 4049 2024 4130 toria
2058 4046 2340 4130 levaretur",
2370 4059 2417 4130 et
2453 4046 2545 4119 per
2572 4046 2771 4130 medias
2801 4058 2939 4107 acies
2973 4055 3282 4130 bellatorum
3301 4046 3476 4130 "usque

1890 4117 1960 4200 ad
1989 4119 2271 4200 tentorium
2309 4117 2728 4200 ipsiusutyranni
2754 4134 3072 4200 portaretur.
3101 4125 3284 4200 Tantis
3311 4117 3478 4200 siq'ui-

1891 4187 2008 4242 dem
2041 4188 2288 4256 podagra:
2323 4187 2588 4244 doloribus
2626 4187 2932 4260 angebatur,
2960 4205 3012 4247 ut
3050 4194 3194 4249 nullo
3230 4187 3383 4252 modo
3421 4202 3476 4254 in

1889 4261 2042 4326 pedes
2071 4259 2353 4336 subsistere
2373 4270 2562 4336 posset.
2607 4259 2826 4336 Delatus
2848 4279 2913 4336 ea:
2937 4267 3187 4319 sententia
3217 4282 3378 4336 usque
3406 4270 3476 4322 atl

1893 4331 2172 4404 tentorium
2210 4330 2434 4392 cornitis,
2475 4341 2748 4401 postquam
2781 4333 2906 4386 vidit
2945 4351 3086 4398 eunt,
3125 4330 3355 4404 graviter
3390 4355 3476 4392 tn-

1895 4399 2133 4469 fremuit,
2181 4408 2228 4451 ct
2279 4416 2396 4452 cum
2454 4399 2644 4469 magna
2698 4404 2968 4457 sereritate
3024 4399 3266 4460 scelestos
3315 4425 3478 4462 ausus

1893 4469 2292 4542 presumptionis
2323 4469 2434 4538 ejus
2466 4472 2767 4540 increpavit,
2801 4485 2956 4542 utque
2987 4476 3050 4530 de
3083 4487 3221 4528 terra
3253 4477 3480 4533 domina:

1894 4556 2005 4614 sua:
2040 4538 2226 4614 Maria:
2256 4540 2557 4614 discederet,
2589 4538 2903 4614 auctoritate
2930 4546 3220 4614 pontiﬁcali
3255 4564 3482 4603 commo-

1896 4611 2030 4663 nuit.
2059 4611 2357 4686 S‘uusenim
2384 4613 2766 4686 parrocltianus
2795 4611 3006 4677 erat,‘in
3033 4611 3287 4686 quantum
3309 4623 3480 4672 conti-

1895 4692 2036 4753 tatus
2068 4679 2420 4753 Alrebutensis
2447 4681 2552 4753 sibi
2583 4684 2816 4745 cedebat,
2850 4679 3099 4753 quoniam
3134 4687 3482 4742 Cameracen-

1896 4752 1967 4804 sis
1997 4760 2043 4827 et
2074 4750 2423 4827 Atrebatensis
2451 4752 2666 4805 ecclesia
2695 4763 2831 4827 tunc.
2849 4750 3093 4826 tenuioris
3122 4759 3210 4810 uni
3243 4761 3481 4827 ponti/iri

1896 4822 2130 4896 parebat.
2169 4820 2298 4896 Quo
2329 4839 2432 4875 non
2472 4833 2710 4896 curante,
2741 4824 2831 4896 sed
2863 4820 3032 4882 mente
3059 4820 3280 4896 superba
3312 4820 3485 4896 ponti-

1897 4893 2012 4961 ﬁcis
2035 4891 2423 4961 obiurgationes
2440 4894 2592 4962 quasi
2611 4894 2852 4962 qua'dam
2876 4896 3082 4953 ludicra
3104 4891 3482 4961 subsannante,

1897 4963 2134 5040 pontifex
2158 4964 2396 5040 manibus
2422 4978 2531 5040 sese
2554 4974 2873 5040 sustentans,
2904 4968 3179 5040 resumptis
3209 4969 3400 5040 viribus
3432 4972 3487 5023 in

1900 5031 2270 5106 lecto_resetlit,
2301 5043 2357 5085 ut
2392 5031 2489 5106 sibi
2519 5035 2662 5106 virga
2691 5039 2978 5103 pastoralis
3007 5031 3124 5095 cuin
3149 5037 3286 5092 stola
3314 5057 3489 5094 sacer-

1902 5104 2065 5156 dotali
2089 5103 2440 5176 porrigerctnr
2466 5103 2757 5173 imperarit.
2796 5106 3001 5172 Quibus
3038 5111 3264 5176 acceptis
3300 5109 3491 5176 imprc-

1901 5177 2211 5236 sentiurum,
2234 5175 2473 5239 protinus
2495 5176 2666 5243 ipsum
2688 5179 2929 5235 comitem
2957 5199 3075 5239 cum
3098 5175 3241 5234 omni
3264 5175 3494 5233 exercitu

1899 5245 2014 5314 ejus
2043 5259 2200 5313 usque
2230 5243 2300 5294 ad
2331 5245 2747 5313 satisfactionem
2779 5248 3272 5310 excommunicauit.
3308 5247 3494 5301 Videas

1901 5331 2071 5367 comes
2105 5323 2307 5365 tantam
2346 5315 2400 5366 in
2433 5319 2544 5370 viro
2579 5319 2670 5370 Dei
2701 5321 2888 5370 mentis
2915 5336 2964 5370 ρι
3003 5318 3220 5370 institue
3259 5327 3495 5370 constan-
