4026 5370
556 344 661 408 267

1488 351 1779 406 API’END.
1825 349 1913 403 AI)
1953 348 2175 403 GES'I‘A
2220 343 2519 401 EPISlZOP.
2560 344 2907 401 CAMERAC.

3714 344 3818 403 EGB

534 463 791 539 (diximus
845 462 1223 531 interemptum
1248 502 1260 525 ,
1318 461 1548 515 domnus
1603 461 1769 514 abbas
1832 458 2139 512 Waldricus
2170 462 2215 519 Α
2245 460 2397 509 drqu
2426 469 2618 524 papam
2650 453 3044 510 llildebrandus
3078 495 3091 519 ,
3131 457 3221 524 qui
3266 464 3319 510 et
3365 456 3658 528 Gregorius
3706 455 3818 521 VII,

556 572 662 611 non
706 570 928 626 parvam
956 555 1188 624 gratiam
1221 562 1274 608 et
1303 553 1476 607 locum
1518 552 1719 606 intima:
1758 548 2137 604 familiaritatis

552 648 827 703 obtineret
857 663 870 700 :
902 645 989 700 illa
1022 662 1080 702 se
1110 645 1179 700 ab
1207 645 1504 714 eo‘smpius
1531 644 1736 699 visitari
1766 642 2135 714 congaudens,

554 740 758 796 salubri
802 741 920 813 ejus
955 740 1184 796 consilio
1229 738 1542 808 frequenter
1580 738 1852 802 utebatur,
1885 746 1939 792 et
1977 746 2138 806 prout

554 835 822 891 secularis
874 850 1005 890 cura
1060 832 1439 904 permittebat,
1495 831 1713 886 monitis
1772 830 1890 899 eius
1947 844 2137 899 parere

553 928 849 985 nitebatur.
889 894 1098 981 Interea
1131 924 1350 993 quidam
1380 894 1648 993 I’togerus,
1682 921 1900 975 famosae
1945 919 2138 974 nobili-

557 1023 684 1077 tatis
734 1021 993 1083 clericus,
1040 1019 1240 1087 quippe
1296 1015 1481 1071 Sancti
1526 1014 1818 1069 Audomari
1856 1022 1911 1068 et
1948 1012 2137 1068 Sancti

532 1113 733 1169 ‘Amati
768 1112 1063 1167 Duaceusis
1093 1108 1421 1180 propositus,
1462 1107 1633 1176 ipsius
1663 1107 1956 1162 comitisste
1988 1105 2138 1161 obse-

555 1208 698 1278 quiis
739 1206 972 1261 llaleliter
1016 1202 1365 1267 inscrviebat,
1403 1210 1457 1256 et
1501 1209 1694 1257 cuncta
1739 1200 1856 1269 ejus
1898 1199 2132 1271 negotia,

555 1310 742 1371 utpote
796 1300 963 1355 totius
1012 1307 1334 1368 procurator
1386 1295 1581 1358 curiae,
1636 1293 1974 1364 disponebat.
2033 1292 2136 1358 Qui

556 1394 735 1448 domui
784 1391 998 1447 abbatis
1068 1388 1328 1460 paulatim
1390 1396 1447 1441 ct
1510 1385 1732 1441 silenter
1785 1384 2137 1441 considerans

556 1485 949 1542 continentiam
988 1491 1043 1537 et
1082 1496 1178 1551 per
1219 1480 1400 1535 omnia
1447 1478 1754 1550 religiosam
1802 1477 2138 1549 perpendens

554 1580 671 1648 ejus
712 1593 831 1635 esse
877 1578 1063 1640 vitam,
1093 1574 1281 1645 majori
1321 1572 1515 1628 affectu
1551 1573 1598 1627 ei
1639 1571 1917 1627 adluerere
1952 1570 2133 1639 coepit,

530 1673 689 1741 adeo
724 1681 781 1725 ut
811 1669 977 1724 multa
1003 1667 1226 1722 donaria
1253 1675 1305 1721 et
1328 1666 1550 1735 tapetia,
1582 1681 1700 1735 quae
1732 1665 1784 1718 in
1812 1663 2138 1734 presbiterio

556 1766 791 1834 pendere
838 1749 1107 1824 solebant,
1157 1761 1286 1830 quin
1331 1760 1492 1814 etiam
1545 1759 1719 1814 altare
1758 1758 1826 1813 de
1868 1757 2134 1824 Lambris,

556 1858 757 1911 domno
797 1855 1052 1924 episcopo
1084 1851 1359 1906 Lietberto
1387 1850 1685 1921 gaudenter
1713 1856 2011 1914 annuente;
2046 1862 2135 1903 ec-

556 1947 736 2002 clesiae
766 1955 961 2001 nosti-:2
992 1942 1278 2005 cenferret,
1313 1950 1369 1996 et
1410 1942 1462 1996 in
1509 1940 1743 2011 capitulo
1774 1939 2018 2007 veniens,
2054 1954 2137 1995 so-

556 2040 809 2095 cietatem
853 2036 1082 2091 fratrum
1131 2043 1187 2090 et
1228 2041 1286 2088 ut
1341 2033 1750 2088 anniversarias
1793 2031 1974 2086 obitus
2020 2027 2137 2098 ejus

554 2120 709 2194 dies,
743 2143 905 2199 quem
954 2127 1162 2198 agimus
1197 2125 1265 2180 I3
1307 2125 1423 2179 Kal.
1470 2124 1635 2190 Junii,
1676 2137 1889 2193 semper
1934 2120 2135 2178 celebri

557 2222 818 2279 memoria
854 2228 1106 2292 ageretur
1141 2217 1470 2290 impetrarit.

558 2322 564 2331 '
651 2316 740 2371 55.
777 2314 850 2369 De
877 2312 998 2368 villa
1030 2312 1286 2367 Lambris.
1335 2310 1419 2384 (G.
1460 2329 1541 2382 ep.
1570 2310 1720 2366 Cum.
1752 2326 1813 2377 tt,
1845 2309 1959 2382 2|.)
2001 2308 2137 2376 Quia

557 2424 686 2465 vero
723 2406 993 2479 praedicta:
1036 2404 1175 2459 villa:
1200 2446 1214 2471 ,
1266 2404 1317 2460 id
1347 2413 1430 2459 est
1459 2403 1727 2469 Lambris,
1761 2404 1961 2458 mentio
1992 2401 2137 2459 facta

560 2505 672 2565 est,
715 2496 819 2552 hoc
869 2494 1147 2551 sciendum
1194 2493 1337 2563 quod
1384 2493 1543 2550 fiscus
1589 2492 1784 2565 regalis
1829 2492 2010 2558 fuerit,
2045 2494 2141 2547 sed

558 2594 802 2660 tempore
826 2584 1083 2656 Stephani
1107 2586 1343 2657 episcopi
1370 2602 1399 2641 a
1427 2585 1623 2642 Carolo
1652 2601 1779 2655 rege
1805 2585 2138 2641 Francorum

558 2686 762 2733 sancta:
792 2675 979 2730 Mariae
1029 2676 1258 2731 donatus
1289 2676 1379 2730 sit.
1425 2676 1480 2730 In
1522 2676 1634 2746 ipsa
1685 2685 1864 2730 autem
1897 2674 2017 2729 villa
2048 2690 2141 2730 rex

557 2766 936 2823 Childebertus
978 2764 1117 2820 forte
1156 2764 1395 2835 sepultus
1430 2774 1531 2819 est.
1574 2765 1675 2832 Qui
1720 2780 1840 2819 cum
1888 2765 1952 2817 ad
1991 2764 2138 2819 obsi-

559 2859 796 2913 dendum
832 2856 1058 2911 fratrem
1100 2870 1282 2920 suum,
1330 2855 1421 2925 qui
1472 2864 1597 2910 tunc
1626 2854 1882 2924 temporis
1912 2852 2141 2908 Tornaci

559 2944 896 3011 morabatur,
937 2945 1018 3000 ire
1046 2955 1284 3015 pararet,
1318 2945 1508 3000 beatus
1543 2943 1843 3000 Germanus
1871 2943 2143 2999 Parisien-

560 3037 636 3093 sis
675 3037 960 3108 episcopus
987 3049 1216 3107 presago
1261 3036 1451 3106 Spiritu
1485 3036 1817 3106 predixerat,
1845 3051 1951 3091 non
1983 3051 2142 3106 posse

2241 543 2538 599 Ilotuauam
2571 545 2752 599 sedem
2791 546 3027 614 suscepit
3059 545 3169 617 (an.
3209 546 3389 618 1075).
3417 546 3537 614 Hie,
3577 548 3697 602 zelo
3727 550 3824 603 do-

2242 648 2359 687 mus
2404 634 2616 687 Domini
2677 632 3133 700 ferventissimus,
3161 636 3326 690 multa
3373 637 3593 691 decreta
3650 636 3820 692 dedit.

2242 722 2416 793 Super
2447 724 2889 779 incontinentiam
2922 725 3344 793 presbiterorum
3371 727 3672 783 sententias
3701 741 3824 797 pro-

2242 815 2526 885 mulgavit,
2573 830 2641 869 ne
2670 816 2793 885 quis
2838 815 3046 871 scilicet
3093 817 3287 872 missas
3329 833 3516 873 eorum
3560 818 3821 884 audiret;

2242 907 2334 962 lilii
2363 925 2547 964 eorum
2594 924 2779 964 saeros
2806 909 3027 964 ordines
3070 910 3217 965 nullo
3247 908 3405 978 unedo
3432 911 3822 981 perciperent;

2240 1000 2588 1055 investituras
2631 1000 3125 1056 ecclesiasticarum
3180 1002 3500 1071 dignitatum
3542 1001 3613 1056 de
3662 1016 3827 1055 manu

2241 1092 2362 1147 laici
2397 1092 2573 1148 nullus
2601 1094 2822 1147 onmiuo
2850 1095 3149 1165 perciperet
3178 1111 3193 1160 ;
3228 1095 3319 1165 qui
3355 1094 3659 1165 transgredi
3705 1110 3827 1163 pre-

2240 1197 2498 1254 sumcret,
2544 1189 2718 1243 sacris
2747 1189 3025 1243 ordinibus
3060 1189 3284 1245 omnino
3335 1189 3664 1259 privaretur.
3707 1187 3828 1254 Qua

2242 1280 2307 1335 de
2336 1296 2391 1334 re
2419 1295 2526 1335 non
2556 1280 2727 1335 solum
2762 1281 2902 1335 inter
2930 1296 3052 1335 cum
3092 1291 3145 1335 et
3177 1282 3554 1350 imperatorem
3602 1279 3828 1350 grandis

2240 1378 2429 1423 exorta
2455 1377 2537 1424 est
2560 1370 2860 1433 contentio,
2891 1385 3073 1424 verum
3101 1370 3265 1424 etiam
3291 1385 3385 1439 per
3410 1371 3596 1424 orbem
3624 1370 3828 1424 exinde

2239 1474 2404 1530 grave
2430 1460 2741 1515 scandalum
2769 1470 2952 1516 sancta
2983 1463 3202 1531 pertulit
3231 1463 3495 1518 Ecclesia.
3528 1462 3661 1530 Qua:
3696 1479 3831 1519 eon-

2243 1553 2501 1637 troversia
2533 1568 2702 1622 usque
2745 1554 2810 1608 ad
2842 1566 3080 1625 tempora
3111 1555 3307 1610 Caliin
3346 1571 3499 1627 papae
3541 1565 3665 1626 post
3695 1562 3826 1613 eum

2241 1643 2417 1710 quarti
2452 1644 2768 1711 permansit.
3567 1645 3570 1649 ’

2239 1766 2243 1771 ‘
2310 1756 2396 1811 57.
2432 1756 2505 1810 De
2542 1757 2682 1811 obitu
2718 1757 2896 1811 damni
2936 1757 3197 1813 Lietberti.
3249 1759 3497 1815 Remensi
3538 1757 3829 1829 metropoli

2240 1856 2362 1918 post
2383 1847 2667 1902 Widouem
2694 1848 2985 1905 Gervasius
3008 1852 3305 1920 prelicitur,
3334 1853 3417 1907 vir
3439 1868 3570 1908 sane
3596 1861 3833 1922 utraque

2237 1940 2465 1995 scientia
2506 1939 2770 2010 preditus,
2817 1941 2909 2010 qui
2940 1942 3101 1997 rebus
3144 1943 3352 1999 bellicis
3401 1959 3625 2014 operam
3666 1944 3827 2006 dans,
3876 1948 3889 1959 ‘

2237 2031 2457 2086 militari
2510 2047 2668 2086 manu
2723 2031 2954 2086 maxime
3004 2032 3230 2103 patriam
3291 2047 3495 2103 suaque
3546 2033 3828 2087 tuebatur.

2238 2120 2338 2176 llic
2369 2121 2512 2175 inter
2540 2131 2718 2176 cetera
2763 2122 2996 2192 ingentis
3027 2123 3272 2192 corporis
3309 2138 3527 2177 cervum
3573 2122 3833 2176 conflati-

2239 2217 2342 2270 lem
2379 2215 2684 2285 caprinum,
2726 2216 2818 2286 qui
2865 2216 3124 2270 hat-tenus
3155 2219 3207 2269 in
3241 2217 3387 2271 curia
3422 2214 3827 2284 archiepisc0pi

2238 2316 2390 2363 stans
2421 2309 2682 2375 cernitur,
2704 2324 2867 2377 opere
2886 2308 3029 2364 fusili
3058 2308 3173 2363 fieri
3199 2323 3295 2365 sua
3319 2319 3437 2363 arte
3467 2308 3830 2379 excogitavit.

2240 2402 2295 2457 In
2328 2412 2546 2473 pectore
2579 2402 2738 2472 hujus
2768 2403 2914 2458 cervi
2947 2402 3210 2457 hactenus
3246 2402 3298 2457 hi
3328 2418 3514 2458 versus
3540 2402 3831 2475 leguntur:

2316 2512 2453 2567 Dum
2487 2513 2941 2569 Cenomannorum
2968 2515 3134 2570 saltus
3167 2515 3391 2571 lustrare
3413 2515 3610 2570 solebat
3682 2571 3687 2576 ,

2272 2602 2279 2609 ο
2311 2581 2612 2655 Qervasius,
2652 2601 2825 2638 cervos
2857 2597 2965 2639 tum
2995 2587 3304 2655 sume-ient”
3332 2587 3571 2639 habebat.

2314 2652 2493 2719 Hune,
2523 2670 2719 2708 memor
2747 2665 2801 2708 ut
2836 2658 3021 2726 patria:
3058 2652 3129 2710 'sit
3166 2673 3385 2727 semper,
3419 2656 3657 2711 condidit
3686 2670 3831 2711 aere.

2246 2765 2286 2838 [(
2306 2763 2421 2819 Vita
2452 2765 2618 2819 Lietb.
2648 2766 2718 2820 22
2749 2767 2892 2839 sqq.)
2921 2768 3157 2823 Domnus
3204 2768 3507 2823 Lietbertus
3555 2777 3677 2838 post
3707 2785 3837 2840 gra»

2242 2857 2491 2912 vissimas
2522 2857 2894 2915 iufestationes
2917 2876 3051 2931 quas
3079 2862 3146 2916 ab
3173 2860 3394 2932 [Iugone
3425 2861 3744 2925 castellauo,
3768 2862 3837 2917 de

2244 2966 2349 3020 quo
2375 2951 2538 3005 multa
2573 2950 2901 3037 referuntur,
2934 2969 3219 3024 perpessus
3245 2965 3400 3009 es1—
3428 2972 3551 3009 nam
3579 2965 3635 3010 et
3669 2957 3737 3008 ab
3768 2971 3839 3010 eo

2246 3050 2453 3110 captus,
2485 3041 2766 3097 interfecto
2800 3044 3049 3099 WiboHo
3077 3046 3388 3115 praeposito,
3416 3055 3470 3100 et
3498 3046 3548 3099 in
3577 3048 3832 3101 custodia

561 3144 621 3185 se
645 3135 1079 3184 consummatum
1109 3127 1187 3180 ire
1218 3124 1505 3180 illiusmodi
1532 3125 1828 3195 negetium,
1854 3126 1898 3181 si
1929 3141 2140 3196 germa-
2170 3166 2214 3226 ε
2248 3132 2477 3201 positus,
2511 3134 2603 3186 sed
2634 3150 2730 3202 per
2765 3133 3064 3189 ltichildem
3090 3135 3419 3190 contitissam
3453 3135 3717 3191 liberatus
3746 3146 3833 3191 est

560 3230 646 3276 ua:
691 3220 810 3275 neci
855 3234 921 3275 eo
970 3219 1162 3289 spiritu
1210 3218 1535 3273 intenderet.
1585 3219 1681 3274 Hic
1727 3228 1908 3274 autem
1960 3218 2137 3273 verbis

561 3311 911 3375 surdescens,
942 3309 1137 3380 exequi
1190 3316 1345 3379 parat
1392 3309 1731 3378 dispositum.
1766 3309 1872 3363 Sed
1904 3323 1969 3363 ne
2000 3309 2139 3363 beati

559 3402 832 3474 pontiﬁcis
853 3403 1062 3456 irritum
1087 3401 1351 3456 habeatur
1374 3403 1703 3471 presagium,
1735 3403 1784 3455 in
1811 3401 1924 3477 ipso
1950 3400 2141 3479 itinere

563 3502 741 3549 morte
790 3500 1104 3569 preventus,
1161 3492 1212 3545 in
1254 3492 1492 3561 predicta
1550 3493 1672 3547 villa
1723 3493 1968 3548 Lambris
2017 3493 2143 3547 sub-

563 3596 819 3643 terratur.

632 3603 819 3640 rratur.

632 3680 721 3734 36.
753 3678 829 3732 De
852 3603 1220 3732 JUit’debrando
1250 3678 1527 3732 venerabili
1556 3696 1712 3748 papa.
1748 3680 1878 3734 Post
1910 3672 2144 3735 Alexan-

2243 3254 2312 3262 ——
2346 3224 2560 3277 tandem
2595 3225 2744 3278 senio
2772 3224 2941 3279 fessus
2971 3236 3023 3280 et
3063 3224 3155 3281 Dei
3189 3226 3411 3280 servitio
3449 3227 3708 3296 fatigatus
3735 3243 3841 3296 per

2246 3315 2536 3370 triennium
2582 3316 2728 3387 gravi
2762 3317 3016 3387 languore
3045 3318 3348 3388 eegrotavit,
3384 3318 3476 3373 sed
3520 3319 3836 3373 ministerio

2248 3407 2430 3462 domui
2464 3407 2714 3462 Waldrici
2742 3426 3011 3478 nunquam
3041 3426 3227 3464 curere
3252 3411 3440 3464 voluit.
3473 3410 3658 3480 Itaque
3687 3426 3839 3465 anno

2250 3501 2590 3571 episcopatus
2627 3503 2705 3554 sui
2732 3501 2885 3566 26‘0,
2918 3504 2982 3556 10
3010 3501 3128 3556 Kal.
3157 3501 3283 3557 Julii
3335 3503 3539 3573 (l076),
3595 3503 3831 3558 astanti-

2252 3592 2353 3645 bus
2381 3601 2435 3647 et
2460 3594 2740 3649 orautilms
2791 3594 3028 3660 clericis,
3085 3593 3312 3649 feliciter
3345 3594 3485 3649 diem
3516 3594 3715 3650 clausit
3743 3610 3838 3650 ex-

2254 3683 2535 3754 tremum]

1825 3800 1999 3856 FINIS
2030 3800 2318 3857 SECUNDI
2355 3802 2556 3856 LIBRI.

1036 3975 1374 4039 TERTIUS
1406 3975 1538 4042 III:
1572 3977 1800 4038 ulBER
1834 3978 2011 4052 EST;
2048 3978 2529 4040 PRAECEDENS
2570 3980 2985 4044 PROLOGUS
3036 3983 3171 4044 HIC
3220 3985 3386 4046 EST.

638 4162 912 4218 IIaclenus
934 4162 999 4218 de
1023 4164 1189 4235 gestis
1216 4165 1376 4219 trium
1406 4166 1804 4236 episcoporum,
1832 4165 2013 4220 domui
2038 4168 2147 4223 sci-

565 4252 694 4309 licet
716 4253 942 4319 Erluiui,
962 4253 1211 4320 Gerardi,
1238 4255 1515 4322 Lietberti,
1538 4257 1714 4328 aliqua
1742 4258 2148 4329 perstringendo

2254 4168 2627 4238 exequendum
2681 4178 2764 4224 cst
2824 4171 3148 4239 promissum
3196 4186 3363 4241 opus,
3393 4179 3445 4227 et
3480 4172 3547 4225 ad
3600 4187 3667 4227 ea
3714 4188 3841 4243 qua:

2246 4248 2632 4312 'nostra'aztate
2682 4259 2877 4327 partim
2932 4259 3162 4314 vidimus
3206 4272 3261 4313 et
3311 4260 3649 4326 audivimus,
3701 4262 3839 4316 diri-

565 4348 737 4417 tnagis
777 4363 939 4418 quam
968 4349 1338 4407 enumerando
1369 4351 1790 4421 descripsimus;
1822 4364 1878 4408 et
1922 4362 1980 4408 ut
2025 4369 2151 4425 poe-
2250 4349 2421 4420 gelida
2449 4351 2748 4404 estoralio-

565 4446 741 4493 tarum
794 4440 913 4494 libri
968 4439 1183 4505 ferunt,
1232 4457 1393 4496 aurea
1454 4445 1850 4513 quodammodo
1902 4462 2023 4516 qua:
2093 4447 2145 4502 in

571 4528 627 4582 in
679 4529 868 4584 diebus
916 4545 1101 4585 eorum
1150 4541 1305 4585 erant
1346 4532 1523 4587 secula
1572 4536 2065 4591 rememoravimus.
2093 4536 2149 4591 lu

569 4635 678 4687 quo
706 4632 867 4689 opere
898 4622 1092 4692 dignus
1122 4622 1253 4677 mihi
1283 4622 1469 4678 videor
1492 4626 1893 4695 redargutione,
1922 4628 2014 4696 qui
2039 4635 2151 4681 tan-

568 4718 746 4767 torum
793 4713 1028 4767 virorum
1067 4714 1202 4769 vitas
1243 4723 1297 4768 ct
1341 4725 1494 4769 actus
1527 4716 1889 4786 qualicunque
1934 4718 2148 4788 scripto

2324 4441 2375 4493 1.
2409 4439 2480 4493 De
2507 4440 2696 4493 domno
2730 4438 2964 4493 Cerardo
2991 4442 3227 4510 episcopo
3273 4442 3519 4497 secundo.
3571 4441 3842 4495 Defuncto

2255 4533 2530 4588 Lietberto
2556 4534 2808 4603 episcopo
2838 4533 2948 4605 (an.
2999 4535 3156 4606 1076)
3185 4545 3240 4590 et
3288 4537 3339 4590 in
3371 4535 3600 4590 ecclesia
3646 4534 3841 4590 Sancti

2254 4625 2568 4697 Sepulchri,
2612 4642 2774 4696 quant
2819 4627 2933 4696 ipse
2985 4643 3016 4681 a
3062 4627 3228 4681 fundo
3276 4627 3664 4691 :edilicaverat,
3713 4642 3840 4681 eum

2253 4716 2485 4769 maxima
2514 4714 2645 4770 eleri
2688 4714 2962 4785 plebisque
3007 4716 3392 4771 lamentatione
3440 4716 3697 4771 decenter
3747 4730 3839 4770 se-

571 4803 876 4874 presumpsi
904 4815 1182 4860 annotare.
1209 4805 1430 4862 Constat
1454 4807 1596 4861 enim
1624 4809 1875 4877 quoniam
1901 4810 1993 4879 qui
2027 4810 2151 4864 talia
2183 4785 2228 4840 D
2256 4806 2422 4877 pulto,
2455 4808 2705 4861 convenit
2739 4810 2987 4864 universa
3022 4808 3233 4872 civitas,
3265 4816 3320 4862 et
3344 4809 3599 4863 domuum
3631 4805 3839 4862 Gerar—

572 4894 718 4963 agit,
769 4910 877 4949 non
924 4897 1095 4949 solum
1145 4896 1429 4967 imperitia:
1476 4915 1588 4954 sum
1631 4909 1684 4953 et
1733 4901 2152 4970 presumptionis

571 4982 766 5037 vitium
797 4992 1055 5051 ostentat,
1088 4986 1181 5040 sed
1228 4995 1281 5040 et
1310 5002 1499 5043 eorum
1531 4989 1597 5043 de
1623 4989 1816 5059 quibus
1845 4988 1989 5057 loqui
2021 4989 2151 5044 niti-

574 5086 683 5122 lnr-
715 5079 898 5122 verbis
944 5079 1138 5122 inanti:
1187 5079 1370 5122 Inndne
1421 5080 1671 5122 nhcrnrnl
1744 5081 1874 5122 Nam
1917 5096 2014 5122 nm
2064 5095 2128 5122 an

2256 4898 2404 4963 dum,
2435 4889 2849 4953 Bracbatensem
2897 4899 3361 4963 archidiaconum,
3393 4898 3693 4969 supradicti
3722 4900 3844 4968 epi-

2255 4986 2402 5056 scopi
2449 4988 2706 5042 Lietberti
2763 5002 2961 5058 genere
3004 4989 3396 5059 propinquum,
3452 4989 3615 5043 totius
3658 4989 3844 5058 plebis

2256 5092 2479 5122 assensu
2508 5075 2760 5122 electum-
2806 5077 2870 5122 ml
2910 5078 3289 5122 imnnmtnrnm
3321 5080 3579 5122 dirimtnl.
3612 5079 3712 5122 nni
3742 5095 3846 5122 ne-
