  <div class='ocr_page' id='page_1' title='image "/cluster/home/n/w/nwhite01/storage/ocr_20150623/149/hvd.32044015473770/140.png"; bbox 0 0 4026 5370; ppageno 0'>
   <div class='ocr_carea' id='block_1_1' title="bbox 203 320 316 378">
    <p class='ocr_par' dir='ltr' id='par_1_1' title="bbox 203 320 316 378">
     <span class='ocr_line' id='line_1_1' title="bbox 203 320 316 378; baseline 0 0"><span class='ocrx_word' id='word_1_1' title='bbox 203 320 316 378; x_wconf 63' lang='grc' dir='ltr'><strong>ἓϐΊ</strong></span> 
     </span>
    </p>
   </div>
   <div class='ocr_carea' id='block_1_2' title="bbox 921 321 2824 384">
    <p class='ocr_par' dir='ltr' id='par_1_2' title="bbox 921 321 2824 384">
     <span class='ocr_line' id='line_1_2' title="bbox 921 321 2824 384; baseline 0.003 -8"><span class='ocrx_word' id='word_1_2' title='bbox 921 321 1240 378; x_wconf 72' lang='lat' dir='ltr'><strong>CIIRONIC.</strong></span> <span class='ocrx_word' id='word_1_3' title='bbox 1287 323 1344 376; x_wconf 81' lang='lat' dir='ltr'><strong>S.</strong></span> <span class='ocrx_word' id='word_1_4' title='bbox 1387 321 1688 378; x_wconf 70' lang='grc' dir='ltr'><strong>ΑΝυΙὶΕᾸΞ</strong></span> <span class='ocrx_word' id='word_1_5' title='bbox 1729 322 1976 378; x_wconf 63' lang='lat' dir='ltr'><strong>(lASTlil</strong></span> <span class='ocrx_word' id='word_1_6' title='bbox 2013 324 2558 382; x_wconf 66' lang='lat' dir='ltr'><strong>(IAMERACIiSIl.-</strong></span> <span class='ocrx_word' id='word_1_7' title='bbox 2589 327 2712 382; x_wconf 79' lang='lat' dir='ltr'><strong>LIB.</strong></span> <span class='ocrx_word' id='word_1_8' title='bbox 2743 329 2824 384; x_wconf 86' lang='grc'><strong>111.</strong></span> 
     </span>
    </p>
   </div>
   <div class='ocr_carea' id='block_1_3' title="bbox 3404 333 3512 388">
    <p class='ocr_par' dir='ltr' id='par_1_3' title="bbox 3404 333 3512 388">
     <span class='ocr_line' id='line_1_3' title="bbox 3404 333 3512 388; baseline 0 -1"><span class='ocrx_word' id='word_1_9' title='bbox 3404 333 3512 388; x_wconf 73' lang='grc' dir='ltr'><strong>2ἵο</strong></span> 
     </span>
    </p>
   </div>
   <div class='ocr_carea' id='block_1_4' title="bbox 207 439 3512 514">
    <p class='ocr_par' dir='ltr' id='par_1_4' title="bbox 207 439 3512 514">
     <span class='ocr_line' id='line_1_4' title="bbox 207 439 3512 514; baseline 0.002 -20"><span class='ocrx_word' id='word_1_10' title='bbox 207 443 356 496; x_wconf 66' lang='lat' dir='ltr'><strong>ditus</strong></span> <span class='ocrx_word' id='word_1_11' title='bbox 397 457 512 498; x_wconf 86' lang='lat' dir='ltr'><strong>non</strong></span> <span class='ocrx_word' id='word_1_12' title='bbox 543 451 662 496; x_wconf 86' lang='lat' dir='ltr'><strong>erat</strong></span> <span class='ocrx_word' id='word_1_13' title='bbox 689 473 758 482; x_wconf 95' lang='lat'><strong>—</strong></span> <span class='ocrx_word' id='word_1_14' title='bbox 783 441 1034 496; x_wconf 77' lang='lat' dir='ltr'><strong>baculum</strong></span> <span class='ocrx_word' id='word_1_15' title='bbox 1083 441 1404 510; x_wconf 81' lang='lat' dir='ltr'><strong>pastoralem</strong></span> <span class='ocrx_word' id='word_1_16' title='bbox 1449 449 1502 494; x_wconf 88' lang='lat' dir='ltr'><strong>et</strong></span> <span class='ocrx_word' id='word_1_17' title='bbox 1551 439 1804 494; x_wconf 86' lang='lat' dir='ltr'><strong>annulum</strong></span> <span class='ocrx_word' id='word_1_18' title='bbox 1839 447 1882 500; x_wconf 70' lang='grc' dir='ltr'><strong>Λ</strong></span> <span class='ocrx_word' id='word_1_19' title='bbox 1913 441 2249 494; x_wconf 85' lang='lat' dir='ltr'><strong>credulitatis</strong></span> <span class='ocrx_word' id='word_1_20' title='bbox 2273 445 2608 498; x_wconf 86' lang='lat' dir='ltr'><strong>sanctionem</strong></span> <span class='ocrx_word' id='word_1_21' title='bbox 2637 461 2734 514; x_wconf 89' lang='lat' dir='ltr'><strong>per</strong></span> <span class='ocrx_word' id='word_1_22' title='bbox 2763 445 2944 498; x_wconf 83' lang='lat' dir='ltr'><strong>omnia</strong></span> <span class='ocrx_word' id='word_1_23' title='bbox 2991 443 3296 514; x_wconf 81' lang='lat' dir='ltr'><strong>profitetur.</strong></span> <span class='ocrx_word' id='word_1_24' title='bbox 3347 449 3512 502; x_wconf 80' lang='lat' dir='ltr'><strong>Cum-</strong></span> 
     </span>
    </p>
   </div>
   <div class='ocr_carea' id='block_1_5' title="bbox 207 533 1806 604">
    <p class='ocr_par' dir='ltr' id='par_1_5' title="bbox 207 533 1806 604">
     <span class='ocr_line' id='line_1_5' title="bbox 207 533 1806 604; baseline -0.001 -16"><span class='ocrx_word' id='word_1_25' title='bbox 207 535 548 603; x_wconf 83' lang='lat' dir='ltr'><strong>accepisset.</strong></span> <span class='ocrx_word' id='word_1_26' title='bbox 599 533 772 600; x_wconf 84' lang='lat' dir='ltr'><strong>Quum</strong></span> <span class='ocrx_word' id='word_1_27' title='bbox 820 549 950 604; x_wconf 76' lang='lat' dir='ltr'><strong>ergo</strong></span> <span class='ocrx_word' id='word_1_28' title='bbox 983 533 1212 587; x_wconf 86' lang='lat' dir='ltr'><strong>domnus</strong></span> <span class='ocrx_word' id='word_1_29' title='bbox 1245 533 1518 588; x_wconf 84' lang='lat' dir='ltr'><strong>Gerardus</strong></span> <span class='ocrx_word' id='word_1_30' title='bbox 1567 533 1666 586; x_wconf 87' lang='lat' dir='ltr'><strong>hac</strong></span> <span class='ocrx_word' id='word_1_31' title='bbox 1713 534 1806 586; x_wconf 87' lang='lat' dir='ltr'><strong>oh-</strong></span> 
     </span>
    </p>
   </div>
   <div class='ocr_carea' id='block_1_6' title="bbox 201 625 1817 697">
    <p class='ocr_par' dir='ltr' id='par_1_6' title="bbox 201 625 1817 697">
     <span class='ocr_line' id='line_1_6' title="bbox 201 625 1817 697; baseline -0.001 -17"><span class='ocrx_word' id='word_1_32' title='bbox 201 625 452 697; x_wconf 87' lang='lat' dir='ltr'><strong>jectione</strong></span> <span class='ocrx_word' id='word_1_33' title='bbox 488 627 818 680; x_wconf 86' lang='lat' dir='ltr'><strong>constrictus</strong></span> <span class='ocrx_word' id='word_1_34' title='bbox 865 625 1096 694; x_wconf 79' lang='lat' dir='ltr'><strong>insignia</strong></span> <span class='ocrx_word' id='word_1_35' title='bbox 1149 625 1472 694; x_wconf 86' lang='lat' dir='ltr'><strong>episc0palia</strong></span> <span class='ocrx_word' id='word_1_36' title='bbox 1527 625 1622 696; x_wconf 86' lang='lat' dir='ltr'><strong>ipsi</strong></span> <span class='ocrx_word' id='word_1_37' title='bbox 1669 641 1817 694; x_wconf 69' lang='lat' dir='ltr'><strong>palnc</strong></span> 
     </span>
    </p>
   </div>
   <div class='ocr_carea' id='block_1_7' title="bbox 207 717 1814 786">
    <p class='ocr_par' dir='ltr' id='par_1_7' title="bbox 207 717 1814 786">
     <span class='ocr_line' id='line_1_7' title="bbox 207 717 1814 786; baseline 0.002 -18"><span class='ocrx_word' id='word_1_38' title='bbox 207 717 570 780; x_wconf 89' lang='lat' dir='ltr'><strong>reddidisset,</strong></span> <span class='ocrx_word' id='word_1_39' title='bbox 617 725 672 770; x_wconf 91' lang='lat' dir='ltr'><strong>et</strong></span> <span class='ocrx_word' id='word_1_40' title='bbox 713 732 810 786; x_wconf 89' lang='lat' dir='ltr'><strong>pro</strong></span> <span class='ocrx_word' id='word_1_41' title='bbox 861 717 963 770; x_wconf 88' lang='lat' dir='ltr'><strong>hac</strong></span> <span class='ocrx_word' id='word_1_42' title='bbox 1021 717 1248 772; x_wconf 88' lang='lat' dir='ltr'><strong>comites</strong></span> <span class='ocrx_word' id='word_1_43' title='bbox 1297 717 1412 782; x_wconf 79' lang='lat' dir='ltr'><strong>ejus</strong></span> <span class='ocrx_word' id='word_1_44' title='bbox 1467 718 1814 786; x_wconf 78' lang='lat' dir='ltr'><strong>maximeque</strong></span> 
     </span>
    </p>
   </div>
   <div class='ocr_carea' id='block_1_8' title="bbox 206 805 1809 876">
    <p class='ocr_par' dir='ltr' id='par_1_8' title="bbox 206 805 1809 876">
     <span class='ocr_line' id='line_1_8' title="bbox 206 805 1809 876; baseline 0.002 -18"><span class='ocrx_word' id='word_1_45' title='bbox 206 805 446 860; x_wconf 75' lang='lat' dir='ltr'><strong>Alardus</strong></span> <span class='ocrx_word' id='word_1_46' title='bbox 493 807 912 862; x_wconf 74' lang='lat' dir='ltr'><strong>archidiaconus</strong></span> <span class='ocrx_word' id='word_1_47' title='bbox 963 817 1016 861; x_wconf 93' lang='lat' dir='ltr'><strong>et</strong></span> <span class='ocrx_word' id='word_1_48' title='bbox 1061 809 1384 876; x_wconf 74' lang='lat' dir='ltr'><strong>propositus,</strong></span> <span class='ocrx_word' id='word_1_49' title='bbox 1417 823 1576 876; x_wconf 90' lang='lat' dir='ltr'><strong>quem</strong></span> <span class='ocrx_word' id='word_1_50' title='bbox 1619 819 1809 876; x_wconf 86' lang='lat' dir='ltr'><strong>postea</strong></span> 
     </span>
    </p>
   </div>
   <div class='ocr_carea' id='block_1_9' title="bbox 209 899 1810 969">
    <p class='ocr_par' dir='ltr' id='par_1_9' title="bbox 209 899 1810 969">
     <span class='ocr_line' id='line_1_9' title="bbox 209 899 1810 969; baseline 0.001 -17"><span class='ocrx_word' id='word_1_51' title='bbox 209 915 544 954; x_wconf 87' lang='lat' dir='ltr'><strong>conversum</strong></span> <span class='ocrx_word' id='word_1_52' title='bbox 579 899 860 954; x_wconf 77' lang='lat' dir='ltr'><strong>Martiauis</strong></span> <span class='ocrx_word' id='word_1_53' title='bbox 885 900 1032 969; x_wconf 76' lang='grc'><strong>(515)</strong></span> <span class='ocrx_word' id='word_1_54' title='bbox 1073 900 1304 954; x_wconf 79' lang='lat' dir='ltr'><strong>vidimus</strong></span> <span class='ocrx_word' id='word_1_55' title='bbox 1335 900 1606 964; x_wconf 77' lang='lat' dir='ltr'><strong>abbatem,</strong></span> <span class='ocrx_word' id='word_1_56' title='bbox 1639 900 1810 954; x_wconf 90' lang='lat' dir='ltr'><strong>nimio</strong></span> 
     </span>
    </p>
   </div>
   <div class='ocr_carea' id='block_1_10' title="bbox 209 987 1814 1058">
    <p class='ocr_par' dir='ltr' id='par_1_10' title="bbox 209 987 1814 1058">
     <span class='ocr_line' id='line_1_10' title="bbox 209 987 1814 1058; baseline -0.002 -14"><span class='ocrx_word' id='word_1_57' title='bbox 209 1005 428 1044; x_wconf 83' lang='lat' dir='ltr'><strong>merere</strong></span> <span class='ocrx_word' id='word_1_58' title='bbox 453 987 838 1052; x_wconf 70' lang='lat' dir='ltr'><strong>afficerentur;</strong></span> <span class='ocrx_word' id='word_1_59' title='bbox 871 990 1086 1044; x_wconf 78' lang='lat' dir='ltr'><strong>tandem</strong></span> <span class='ocrx_word' id='word_1_60' title='bbox 1111 1005 1246 1058; x_wconf 87' lang='lat' dir='ltr'><strong>papa</strong></span> <span class='ocrx_word' id='word_1_61' title='bbox 1275 989 1568 1044; x_wconf 88' lang='lat' dir='ltr'><strong>miseratus</strong></span> <span class='ocrx_word' id='word_1_62' title='bbox 1587 999 1814 1058; x_wconf 87' lang='lat' dir='ltr'><strong>precatu</strong></span> 
     </span>
    </p>
   </div>
   <div class='ocr_carea' id='block_1_11' title="bbox 211 1079 1812 1148">
    <p class='ocr_par' dir='ltr' id='par_1_11' title="bbox 211 1079 1812 1148">
     <span class='ocr_line' id='line_1_11' title="bbox 211 1079 1812 1148; baseline 0 -16"><span class='ocrx_word' id='word_1_63' title='bbox 211 1093 436 1132; x_wconf 86' lang='lat' dir='ltr'><strong>suorum</strong></span> <span class='ocrx_word' id='word_1_64' title='bbox 467 1087 526 1132; x_wconf 88' lang='lat' dir='ltr'><strong>et</strong></span> <span class='ocrx_word' id='word_1_65' title='bbox 563 1079 920 1132; x_wconf 82' lang='lat' dir='ltr'><strong>cardinalimn</strong></span> <span class='ocrx_word' id='word_1_66' title='bbox 945 1121 960 1140; x_wconf 89' lang='lat'><strong>,</strong></span> <span class='ocrx_word' id='word_1_67' title='bbox 999 1079 1232 1148; x_wconf 75' lang='lat' dir='ltr'><strong>gratiam</strong></span> <span class='ocrx_word' id='word_1_68' title='bbox 1279 1095 1432 1134; x_wconf 86' lang='lat' dir='ltr'><strong>suam</strong></span> <span class='ocrx_word' id='word_1_69' title='bbox 1483 1079 1532 1132; x_wconf 90' lang='lat' dir='ltr'><strong>ei</strong></span> <span class='ocrx_word' id='word_1_70' title='bbox 1563 1079 1812 1144; x_wconf 77' lang='lat' dir='ltr'><strong>contulit,</strong></span> 
     </span>
    </p>
   </div>
   <div class='ocr_carea' id='block_1_12' title="bbox 211 1169 1810 1240">
    <p class='ocr_par' dir='ltr' id='par_1_12' title="bbox 211 1169 1810 1240">
     <span class='ocr_line' id='line_1_12' title="bbox 211 1169 1810 1240; baseline 0.003 -18"><span class='ocrx_word' id='word_1_71' title='bbox 211 1179 264 1222; x_wconf 79' lang='lat' dir='ltr'><strong>et</strong></span> <span class='ocrx_word' id='word_1_72' title='bbox 297 1171 742 1224; x_wconf 87' lang='lat' dir='ltr'><strong>consecrandum</strong></span> <span class='ocrx_word' id='word_1_73' title='bbox 773 1170 840 1223; x_wconf 89' lang='lat' dir='ltr'><strong>ad</strong></span> <span class='ocrx_word' id='word_1_74' title='bbox 871 1169 1150 1240; x_wconf 67' lang='lat' dir='ltr'><strong>llugouem</strong></span> <span class='ocrx_word' id='word_1_75' title='bbox 1193 1171 1258 1224; x_wconf 89' lang='lat' dir='ltr'><strong>de</strong></span> <span class='ocrx_word' id='word_1_76' title='bbox 1307 1171 1418 1224; x_wconf 86' lang='lat' dir='ltr'><strong>Diis</strong></span> <span class='ocrx_word' id='word_1_77' title='bbox 1449 1169 1618 1240; x_wconf 57' lang='grc'><strong>(514),</strong></span> <span class='ocrx_word' id='word_1_78' title='bbox 1651 1187 1810 1226; x_wconf 87' lang='lat' dir='ltr'><strong>vene-</strong></span> 
     </span>
    </p>
   </div>
   <div class='ocr_carea' id='block_1_13' title="bbox 213 1259 1814 1330">
    <p class='ocr_par' dir='ltr' id='par_1_13' title="bbox 213 1259 1814 1330">
     <span class='ocr_line' id='line_1_13' title="bbox 213 1259 1814 1330; baseline 0.003 -19"><span class='ocrx_word' id='word_1_79' title='bbox 213 1259 440 1313; x_wconf 77' lang='lat' dir='ltr'><strong>rabilem</strong></span> <span class='ocrx_word' id='word_1_80' title='bbox 495 1259 748 1330; x_wconf 79' lang='lat' dir='ltr'><strong>Lugduni</strong></span> <span class='ocrx_word' id='word_1_81' title='bbox 781 1261 1246 1330; x_wconf 77' lang='lat' dir='ltr'><strong>archiepiscopum</strong></span> <span class='ocrx_word' id='word_1_82' title='bbox 1303 1271 1358 1314; x_wconf 92' lang='lat' dir='ltr'><strong>et</strong></span> <span class='ocrx_word' id='word_1_83' title='bbox 1411 1262 1576 1316; x_wconf 87' lang='lat' dir='ltr'><strong>totius</strong></span> <span class='ocrx_word' id='word_1_84' title='bbox 1628 1261 1814 1316; x_wconf 73' lang='lat' dir='ltr'><strong>Uallia:</strong></span> 
     </span>
    </p>
   </div>
   <div class='ocr_carea' id='block_1_14' title="bbox 207 1349 1814 1418">
    <p class='ocr_par' dir='ltr' id='par_1_14' title="bbox 207 1349 1814 1418">
     <span class='ocr_line' id='line_1_14' title="bbox 207 1349 1814 1418; baseline 0.003 -17"><span class='ocrx_word' id='word_1_85' title='bbox 207 1351 480 1418; x_wconf 76' lang='lat' dir='ltr'><strong>legatione</strong></span> <span class='ocrx_word' id='word_1_86' title='bbox 527 1351 796 1415; x_wconf 85' lang='lat' dir='ltr'><strong>ftmctum,</strong></span> <span class='ocrx_word' id='word_1_87' title='bbox 827 1351 1143 1404; x_wconf 70' lang='lat' dir='ltr'><strong>transmisit.</strong></span> <span class='ocrx_word' id='word_1_88' title='bbox 1193 1351 1232 1402; x_wconf 78' lang='grc' dir='ltr'><strong>Λ</strong></span> <span class='ocrx_word' id='word_1_89' title='bbox 1277 1365 1382 1418; x_wconf 87' lang='lat' dir='ltr'><strong>quo</strong></span> <span class='ocrx_word' id='word_1_90' title='bbox 1431 1349 1496 1404; x_wconf 89' lang='lat' dir='ltr'><strong>de</strong></span> <span class='ocrx_word' id='word_1_91' title='bbox 1535 1367 1682 1406; x_wconf 89' lang='lat' dir='ltr'><strong>more</strong></span> <span class='ocrx_word' id='word_1_92' title='bbox 1725 1369 1814 1406; x_wconf 83' lang='lat' dir='ltr'><strong>ec-</strong></span> 
     </span>
    </p>
   </div>
   <div class='ocr_carea' id='block_1_15' title="bbox 209 1439 1814 1510">
    <p class='ocr_par' dir='ltr' id='par_1_15' title="bbox 209 1439 1814 1510">
     <span class='ocr_line' id='line_1_15' title="bbox 209 1439 1814 1510; baseline 0.003 -17"><span class='ocrx_word' id='word_1_93' title='bbox 209 1439 522 1494; x_wconf 86' lang='lat' dir='ltr'><strong>clesiastico</strong></span> <span class='ocrx_word' id='word_1_94' title='bbox 553 1441 812 1496; x_wconf 80' lang='lat' dir='ltr'><strong>decenter</strong></span> <span class='ocrx_word' id='word_1_95' title='bbox 845 1451 1214 1506; x_wconf 83' lang='lat' dir='ltr'><strong>consecratus,</strong></span> <span class='ocrx_word' id='word_1_96' title='bbox 1259 1456 1516 1510; x_wconf 80' lang='lat' dir='ltr'><strong>prospere</strong></span> <span class='ocrx_word' id='word_1_97' title='bbox 1547 1457 1670 1494; x_wconf 89' lang='lat' dir='ltr'><strong>cum</strong></span> <span class='ocrx_word' id='word_1_98' title='bbox 1703 1443 1814 1498; x_wconf 87' lang='lat' dir='ltr'><strong>suis</strong></span> 
     </span>
    </p>
   </div>
   <div class='ocr_carea' id='block_1_16' title="bbox 207 1532 954 1601">
    <p class='ocr_par' dir='ltr' id='par_1_16' title="bbox 207 1532 954 1601">
     <span class='ocr_line' id='line_1_16' title="bbox 207 1532 954 1601; baseline 0 -17"><span class='ocrx_word' id='word_1_99' title='bbox 207 1532 576 1600; x_wconf 73' lang='lat' dir='ltr'><strong>gaudentibus</strong></span> <span class='ocrx_word' id='word_1_100' title='bbox 613 1533 954 1601; x_wconf 84' lang='lat' dir='ltr'><strong>rcpatriavit.</strong></span> 
     </span>
    </p>
   </div>
   <div class='ocr_carea' id='block_1_17' title="bbox 279 1621 1810 1696">
    <p class='ocr_par' dir='ltr' id='par_1_17' title="bbox 279 1621 1810 1696">
     <span class='ocr_line' id='line_1_17' title="bbox 279 1621 1810 1696; baseline 0.004 -22"><span class='ocrx_word' id='word_1_101' title='bbox 279 1623 330 1674; x_wconf 62' lang='lat'><strong>“2..</strong></span> <span class='ocrx_word' id='word_1_102' title='bbox 375 1621 457 1674; x_wconf 81' lang='lat' dir='ltr'><strong>De</strong></span> <span class='ocrx_word' id='word_1_103' title='bbox 485 1624 778 1678; x_wconf 74' lang='lat' dir='ltr'><strong>vastatione</strong></span> <span class='ocrx_word' id='word_1_104' title='bbox 807 1623 1078 1677; x_wconf 79' lang='lat' dir='ltr'><strong>Cameraci</strong></span> <span class='ocrx_word' id='word_1_105' title='bbox 1138 1625 1246 1678; x_wconf 75' lang='lat' dir='ltr'><strong>Nec</strong></span> <span class='ocrx_word' id='word_1_106' title='bbox 1299 1627 1468 1680; x_wconf 87' lang='lat' dir='ltr'><strong>multo</strong></span> <span class='ocrx_word' id='word_1_107' title='bbox 1500 1637 1620 1696; x_wconf 81' lang='lat' dir='ltr'><strong>post</strong></span> <span class='ocrx_word' id='word_1_108' title='bbox 1650 1642 1810 1680; x_wconf 87' lang='lat' dir='ltr'><strong>causa</strong></span> 
     </span>
    </p>
   </div>
   <div class='ocr_carea' id='block_1_18' title="bbox 207 1715 1808 1786">
    <p class='ocr_par' dir='ltr' id='par_1_18' title="bbox 207 1715 1808 1786">
     <span class='ocr_line' id='line_1_18' title="bbox 207 1715 1808 1786; baseline 0.001 -17"><span class='ocrx_word' id='word_1_109' title='bbox 207 1715 410 1778; x_wconf 70' lang='lat' dir='ltr'><strong>extitit,</strong></span> <span class='ocrx_word' id='word_1_110' title='bbox 437 1731 548 1784; x_wconf 87' lang='lat' dir='ltr'><strong>qua</strong></span> <span class='ocrx_word' id='word_1_111' title='bbox 573 1716 782 1770; x_wconf 87' lang='lat' dir='ltr'><strong>curiam</strong></span> <span class='ocrx_word' id='word_1_112' title='bbox 815 1717 1158 1786; x_wconf 77' lang='lat' dir='ltr'><strong>imperatoris</strong></span> <span class='ocrx_word' id='word_1_113' title='bbox 1203 1719 1354 1772; x_wconf 83' lang='lat' dir='ltr'><strong>adire</strong></span> <span class='ocrx_word' id='word_1_114' title='bbox 1397 1735 1520 1774; x_wconf 89' lang='lat' dir='ltr'><strong>eum</strong></span> <span class='ocrx_word' id='word_1_115' title='bbox 1547 1719 1808 1786; x_wconf 79' lang='lat' dir='ltr'><strong>oportuit.</strong></span> 
     </span>
    </p>
   </div>
   <div class='ocr_carea' id='block_1_19' title="bbox 1923 532 3510 608">
    <p class='ocr_par' dir='ltr' id='par_1_19' title="bbox 1923 532 3510 608">
     <span class='ocr_line' id='line_1_19' title="bbox 1923 532 3510 608; baseline 0.008 -26"><span class='ocrx_word' id='word_1_116' title='bbox 1923 545 2026 598; x_wconf 88' lang='lat' dir='ltr'><strong>que</strong></span> <span class='ocrx_word' id='word_1_117' title='bbox 2051 532 2116 584; x_wconf 85' lang='lat' dir='ltr'><strong>ad</strong></span> <span class='ocrx_word' id='word_1_118' title='bbox 2141 533 2566 588; x_wconf 81' lang='lat' dir='ltr'><strong>confirmandum</strong></span> <span class='ocrx_word' id='word_1_119' title='bbox 2595 535 2858 590; x_wconf 89' lang='lat' dir='ltr'><strong>Dominici</strong></span> <span class='ocrx_word' id='word_1_120' title='bbox 2881 539 3207 592; x_wconf 79' lang='lat' dir='ltr'><strong>sacramenti</strong></span> <span class='ocrx_word' id='word_1_121' title='bbox 3239 539 3510 608; x_wconf 83' lang='lat' dir='ltr'><strong>particeps</strong></span> 
     </span>
    </p>
   </div>
   <div class='ocr_carea' id='block_1_20' title="bbox 1925 623 3511 700">
    <p class='ocr_par' dir='ltr' id='par_1_20' title="bbox 1925 623 3511 700">
     <span class='ocr_line' id='line_1_20' title="bbox 1925 623 3511 700; baseline 0.005 -24"><span class='ocrx_word' id='word_1_122' title='bbox 1925 623 2038 676; x_wconf 82' lang='lat' dir='ltr'><strong>fieri</strong></span> <span class='ocrx_word' id='word_1_123' title='bbox 2065 626 2132 678; x_wconf 92' lang='lat' dir='ltr'><strong>ab</strong></span> <span class='ocrx_word' id='word_1_124' title='bbox 2171 625 2425 695; x_wconf 78' lang='lat' dir='ltr'><strong>episeopo</strong></span> <span class='ocrx_word' id='word_1_125' title='bbox 2453 637 2782 694; x_wconf 83' lang='lat' dir='ltr'><strong>moneretur,</strong></span> <span class='ocrx_word' id='word_1_126' title='bbox 2829 631 3042 700; x_wconf 81' lang='lat' dir='ltr'><strong>refugit,</strong></span> <span class='ocrx_word' id='word_1_127' title='bbox 3079 632 3264 688; x_wconf 85' lang='lat' dir='ltr'><strong>dicens</strong></span> <span class='ocrx_word' id='word_1_128' title='bbox 3293 649 3320 686; x_wconf 90' lang='lat' dir='ltr'><strong>a</strong></span> <span class='ocrx_word' id='word_1_129' title='bbox 3359 633 3511 688; x_wconf 86' lang='lat' dir='ltr'><strong>nullo</strong></span> 
     </span>
    </p>
   </div>
   <div class='ocr_carea' id='block_1_21' title="bbox 1919 713 3509 792">
    <p class='ocr_par' dir='ltr' id='par_1_21' title="bbox 1919 713 3509 792">
     <span class='ocr_line' id='line_1_21' title="bbox 1919 713 3509 792; baseline 0.008 -28"><span class='ocrx_word' id='word_1_130' title='bbox 1919 713 2174 766; x_wconf 77' lang='lat' dir='ltr'><strong>abbatum</strong></span> <span class='ocrx_word' id='word_1_131' title='bbox 2215 729 2312 768; x_wconf 90' lang='lat' dir='ltr'><strong>ncc</strong></span> <span class='ocrx_word' id='word_1_132' title='bbox 2343 717 2684 772; x_wconf 82' lang='lat' dir='ltr'><strong>sacerdomm</strong></span> <span class='ocrx_word' id='word_1_133' title='bbox 2717 735 2816 772; x_wconf 89' lang='lat' dir='ltr'><strong>nec</strong></span> <span class='ocrx_word' id='word_1_134' title='bbox 2841 719 3004 774; x_wconf 86' lang='lat' dir='ltr'><strong>etiam</strong></span> <span class='ocrx_word' id='word_1_135' title='bbox 3042 721 3110 774; x_wconf 86' lang='lat' dir='ltr'><strong>ab</strong></span> <span class='ocrx_word' id='word_1_136' title='bbox 3153 721 3268 790; x_wconf 89' lang='lat' dir='ltr'><strong>ipso</strong></span> <span class='ocrx_word' id='word_1_137' title='bbox 3297 738 3509 792; x_wconf 81' lang='lat' dir='ltr'><strong>episco-</strong></span> 
     </span>
    </p>
   </div>
   <div class='ocr_carea' id='block_1_22' title="bbox 1919 803 3506 878">
    <p class='ocr_par' dir='ltr' id='par_1_22' title="bbox 1919 803 3506 878">
     <span class='ocr_line' id='line_1_22' title="bbox 1919 803 3506 878; baseline 0.01 -24"><span class='ocrx_word' id='word_1_138' title='bbox 1919 819 1986 871; x_wconf 88' lang='lat' dir='ltr'><strong>po</strong></span> <span class='ocrx_word' id='word_1_139' title='bbox 2019 803 2119 856; x_wconf 88' lang='lat' dir='ltr'><strong>hoc</strong></span> <span class='ocrx_word' id='word_1_140' title='bbox 2145 820 2204 858; x_wconf 88' lang='lat' dir='ltr'><strong>se</strong></span> <span class='ocrx_word' id='word_1_141' title='bbox 2239 819 2639 876; x_wconf 75' lang='lat' dir='ltr'><strong>percepturam,</strong></span> <span class='ocrx_word' id='word_1_142' title='bbox 2672 813 2814 878; x_wconf 80' lang='lat' dir='ltr'><strong>quod</strong></span> <span class='ocrx_word' id='word_1_143' title='bbox 2843 823 2938 866; x_wconf 86' lang='lat' dir='ltr'><strong>aut</strong></span> <span class='ocrx_word' id='word_1_144' title='bbox 2978 811 3236 868; x_wconf 83' lang='lat' dir='ltr'><strong>Simonia:</strong></span> <span class='ocrx_word' id='word_1_145' title='bbox 3263 825 3357 870; x_wconf 89' lang='lat' dir='ltr'><strong>aut</strong></span> <span class='ocrx_word' id='word_1_146' title='bbox 3405 817 3506 870; x_wconf 86' lang='lat' dir='ltr'><strong>ali-</strong></span> 
     </span>
    </p>
   </div>
   <div class='ocr_carea' id='block_1_23' title="bbox 1920 892 3504 962">
    <p class='ocr_par' dir='ltr' id='par_1_23' title="bbox 1920 892 3504 962">
     <span class='ocr_line' id='line_1_23' title="bbox 1920 892 3504 962; baseline 0.011 -18"><span class='ocrx_word' id='word_1_147' title='bbox 1920 892 2072 960; x_wconf 82' lang='lat' dir='ltr'><strong>cujus</strong></span> <span class='ocrx_word' id='word_1_148' title='bbox 2100 895 2340 948; x_wconf 80' lang='lat' dir='ltr'><strong>avaritia:</strong></span> <span class='ocrx_word' id='word_1_149' title='bbox 2364 913 2498 950; x_wconf 74' lang='lat' dir='ltr'><strong>noxa</strong></span> <span class='ocrx_word' id='word_1_150' title='bbox 2531 899 2778 952; x_wconf 74' lang='lat' dir='ltr'><strong>adstricti</strong></span> <span class='ocrx_word' id='word_1_151' title='bbox 2813 911 3146 956; x_wconf 79' lang='lat' dir='ltr'><strong>tenerentur.</strong></span> <span class='ocrx_word' id='word_1_152' title='bbox 3181 904 3296 958; x_wconf 81' lang='lat' dir='ltr'><strong>iiiis</strong></span> <span class='ocrx_word' id='word_1_153' title='bbox 3325 908 3504 962; x_wconf 88' lang='lat' dir='ltr'><strong>verbis</strong></span> 
     </span>
    </p>
   </div>
   <div class='ocr_carea' id='block_1_24' title="bbox 1921 986 3512 1058">
    <p class='ocr_par' dir='ltr' id='par_1_24' title="bbox 1921 986 3512 1058">
     <span class='ocr_line' id='line_1_24' title="bbox 1921 986 3512 1058; baseline 0.009 -22"><span class='ocrx_word' id='word_1_154' title='bbox 1921 999 2109 1037; x_wconf 88' lang='lat' dir='ltr'><strong>omnes</strong></span> <span class='ocrx_word' id='word_1_155' title='bbox 2143 986 2192 1038; x_wconf 90' lang='lat' dir='ltr'><strong>in</strong></span> <span class='ocrx_word' id='word_1_156' title='bbox 2223 987 2303 1038; x_wconf 68' lang='lat' dir='ltr'><strong>ita</strong></span> <span class='ocrx_word' id='word_1_157' title='bbox 2337 990 2612 1052; x_wconf 90' lang='lat' dir='ltr'><strong>commoti,</strong></span> <span class='ocrx_word' id='word_1_158' title='bbox 2663 991 3156 1058; x_wconf 75' lang='lat' dir='ltr'><strong>pro&#39;beresiarcha</strong></span> <span class='ocrx_word' id='word_1_159' title='bbox 3203 1012 3326 1052; x_wconf 89' lang='lat' dir='ltr'><strong>cum</strong></span> <span class='ocrx_word' id='word_1_160' title='bbox 3371 998 3512 1054; x_wconf 82' lang='lat' dir='ltr'><strong>iudi-</strong></span> 
     </span>
    </p>
   </div>
   <div class='ocr_carea' id='block_1_25' title="bbox 1919 1077 3510 1152">
    <p class='ocr_par' dir='ltr' id='par_1_25' title="bbox 1919 1077 3510 1152">
     <span class='ocr_line' id='line_1_25' title="bbox 1919 1077 3510 1152; baseline 0.01 -24"><span class='ocrx_word' id='word_1_161' title='bbox 1919 1085 2043 1128; x_wconf 86' lang='lat' dir='ltr'><strong>cant</strong></span> <span class='ocrx_word' id='word_1_162' title='bbox 2079 1077 2308 1138; x_wconf 83' lang='lat' dir='ltr'><strong>haberi;</strong></span> <span class='ocrx_word' id='word_1_163' title='bbox 2343 1087 2399 1132; x_wconf 91' lang='lat' dir='ltr'><strong>ct</strong></span> <span class='ocrx_word' id='word_1_164' title='bbox 2443 1079 2514 1132; x_wconf 87' lang='lat' dir='ltr'><strong>ita</strong></span> <span class='ocrx_word' id='word_1_165' title='bbox 2547 1080 2842 1136; x_wconf 68' lang='lat' dir='ltr'><strong>(iiSt&#39;t&#39;SSUIII</strong></span> <span class='ocrx_word' id='word_1_166' title='bbox 2883 1092 2984 1138; x_wconf 85' lang='lat' dir='ltr'><strong>est.</strong></span> <span class='ocrx_word' id='word_1_167' title='bbox 3019 1085 3249 1152; x_wconf 80' lang='lat' dir='ltr'><strong>Quidam</strong></span> <span class='ocrx_word' id='word_1_168' title='bbox 3285 1103 3414 1144; x_wconf 91' lang='lat' dir='ltr'><strong>vero</strong></span> <span class='ocrx_word' id='word_1_169' title='bbox 3443 1092 3510 1144; x_wconf 79' lang='lat' dir='ltr'><strong>de</strong></span> 
     </span>
    </p>
   </div>
   <div class='ocr_carea' id='block_1_26' title="bbox 1921 1165 3504 1238">
    <p class='ocr_par' dir='ltr' id='par_1_26' title="bbox 1921 1165 3504 1238">
     <span class='ocr_line' id='line_1_26' title="bbox 1921 1165 3504 1238; baseline 0.011 -21"><span class='ocrx_word' id='word_1_170' title='bbox 1921 1165 2186 1220; x_wconf 62' lang='lat' dir='ltr'><strong>ministris</strong></span> <span class='ocrx_word' id='word_1_171' title='bbox 2233 1169 2466 1238; x_wconf 77' lang='lat' dir='ltr'><strong>episcopi</strong></span> <span class='ocrx_word' id='word_1_172' title='bbox 2498 1179 2552 1224; x_wconf 90' lang='lat' dir='ltr'><strong>et</strong></span> <span class='ocrx_word' id='word_1_173' title='bbox 2599 1171 2686 1224; x_wconf 87' lang='lat' dir='ltr'><strong>alii</strong></span> <span class='ocrx_word' id='word_1_174' title='bbox 2733 1172 2883 1228; x_wconf 84' lang='lat' dir='ltr'><strong>multi</strong></span> <span class='ocrx_word' id='word_1_175' title='bbox 2933 1174 3259 1230; x_wconf 85' lang='lat' dir='ltr'><strong>deducentes</strong></span> <span class='ocrx_word' id='word_1_176' title='bbox 3299 1192 3420 1234; x_wconf 90' lang='lat' dir='ltr'><strong>cum</strong></span> <span class='ocrx_word' id='word_1_177' title='bbox 3451 1181 3504 1234; x_wconf 94' lang='lat' dir='ltr'><strong>in</strong></span> 
     </span>
    </p>
   </div>
   <div class='ocr_carea' id='block_1_27' title="bbox 1917 1256 3500 1336">
    <p class='ocr_par' dir='ltr' id='par_1_27' title="bbox 1917 1256 3500 1336">
     <span class='ocr_line' id='line_1_27' title="bbox 1917 1256 3500 1336; baseline 0.011 -30"><span class='ocrx_word' id='word_1_178' title='bbox 1917 1256 2184 1325; x_wconf 78' lang='lat' dir='ltr'><strong>quoddam</strong></span> <span class='ocrx_word' id='word_1_179' title='bbox 2224 1259 2494 1328; x_wconf 75' lang='lat' dir='ltr'><strong>tugurium</strong></span> <span class='ocrx_word' id='word_1_180' title='bbox 2547 1261 2828 1326; x_wconf 88' lang='lat' dir='ltr'><strong>inducunt,</strong></span> <span class='ocrx_word' id='word_1_181' title='bbox 2887 1274 2940 1320; x_wconf 86' lang='lat' dir='ltr'><strong>et</strong></span> <span class='ocrx_word' id='word_1_182' title='bbox 2987 1283 3090 1320; x_wconf 90' lang='lat' dir='ltr'><strong>non</strong></span> <span class='ocrx_word' id='word_1_183' title='bbox 3125 1269 3500 1336; x_wconf 81' lang='lat' dir='ltr'><strong>reluctantem,</strong></span> 
     </span>
    </p>
   </div>
   <div class='ocr_carea' id='block_1_28' title="bbox 1918 1348 3503 1428">
    <p class='ocr_par' dir='ltr' id='par_1_28' title="bbox 1918 1348 3503 1428">
     <span class='ocr_line' id='line_1_28' title="bbox 1918 1348 3503 1428; baseline 0.011 -28"><span class='ocrx_word' id='word_1_184' title='bbox 1918 1348 2008 1400; x_wconf 85' lang='lat' dir='ltr'><strong>sed</strong></span> <span class='ocrx_word' id='word_1_185' title='bbox 2043 1349 2364 1418; x_wconf 90' lang='lat' dir='ltr'><strong>intrepidum</strong></span> <span class='ocrx_word' id='word_1_186' title='bbox 2396 1359 2470 1416; x_wconf 88' lang='lat' dir='ltr'><strong>et,</strong></span> <span class='ocrx_word' id='word_1_187' title='bbox 2505 1361 2562 1406; x_wconf 88' lang='lat' dir='ltr'><strong>ut</strong></span> <span class='ocrx_word' id='word_1_188' title='bbox 2593 1353 2766 1420; x_wconf 84' lang='lat' dir='ltr'><strong>aiunt,</strong></span> <span class='ocrx_word' id='word_1_189' title='bbox 2793 1357 2844 1408; x_wconf 87' lang='lat' dir='ltr'><strong>in</strong></span> <span class='ocrx_word' id='word_1_190' title='bbox 2877 1357 3121 1412; x_wconf 86' lang='lat' dir='ltr'><strong>oratione</strong></span> <span class='ocrx_word' id='word_1_191' title='bbox 3145 1369 3503 1428; x_wconf 85' lang='lat' dir='ltr'><strong>prostratum,</strong></span> 
     </span>
    </p>
   </div>
   <div class='ocr_carea' id='block_1_29' title="bbox 1917 1441 3507 1517">
    <p class='ocr_par' dir='ltr' id='par_1_29' title="bbox 1917 1441 3507 1517">
     <span class='ocr_line' id='line_1_29' title="bbox 1917 1441 3507 1517; baseline 0.009 -25"><span class='ocrx_word' id='word_1_192' title='bbox 1917 1441 2134 1495; x_wconf 82' lang='lat' dir='ltr'><strong>admoto</strong></span> <span class='ocrx_word' id='word_1_193' title='bbox 2163 1443 2282 1513; x_wconf 69' lang='lat' dir='ltr'><strong>igne</strong></span> <span class='ocrx_word' id='word_1_194' title='bbox 2315 1460 2436 1498; x_wconf 90' lang='lat' dir='ltr'><strong>cum</strong></span> <span class='ocrx_word' id='word_1_195' title='bbox 2473 1445 2686 1513; x_wconf 81' lang='lat' dir='ltr'><strong>tugurio</strong></span> <span class='ocrx_word' id='word_1_196' title='bbox 2738 1445 3168 1502; x_wconf 73' lang='lat' dir='ltr'><strong>combusscrunt.</strong></span> <span class='ocrx_word' id='word_1_197' title='bbox 3205 1449 3303 1517; x_wconf 84' lang='lat' dir='ltr'><strong>Qui</strong></span> <span class='ocrx_word' id='word_1_198' title='bbox 3335 1453 3507 1508; x_wconf 89' lang='lat' dir='ltr'><strong>multa</strong></span> 
     </span>
    </p>
   </div>
   <div class='ocr_carea' id='block_1_30' title="bbox 1917 1529 3503 1610">
    <p class='ocr_par' dir='ltr' id='par_1_30' title="bbox 1917 1529 3503 1610">
     <span class='ocr_line' id='line_1_30' title="bbox 1917 1529 3503 1610; baseline 0.012 -30"><span class='ocrx_word' id='word_1_199' title='bbox 1917 1529 2122 1584; x_wconf 80' lang='lat' dir='ltr'><strong>fecerat</strong></span> <span class='ocrx_word' id='word_1_200' title='bbox 2149 1542 2199 1586; x_wconf 89' lang='lat' dir='ltr'><strong>et</strong></span> <span class='ocrx_word' id='word_1_201' title='bbox 2230 1533 2510 1598; x_wconf 87' lang='lat' dir='ltr'><strong>docuerat,</strong></span> <span class='ocrx_word' id='word_1_202' title='bbox 2553 1535 2640 1588; x_wconf 90' lang='lat' dir='ltr'><strong>hic</strong></span> <span class='ocrx_word' id='word_1_203' title='bbox 2687 1536 2812 1590; x_wconf 82' lang='lat' dir='ltr'><strong>finis</strong></span> <span class='ocrx_word' id='word_1_204' title='bbox 2843 1535 2978 1604; x_wconf 86' lang='lat' dir='ltr'><strong>ejus.</strong></span> <span class='ocrx_word' id='word_1_205' title='bbox 3033 1539 3254 1596; x_wconf 83' lang='lat' dir='ltr'><strong>Plurimi</strong></span> <span class='ocrx_word' id='word_1_206' title='bbox 3302 1553 3503 1610; x_wconf 84' lang='lat' dir='ltr'><strong>tamen,</strong></span> 
     </span>
    </p>
   </div>
   <div class='ocr_carea' id='block_1_31' title="bbox 1915 1621 3504 1704">
    <p class='ocr_par' dir='ltr' id='par_1_31' title="bbox 1915 1621 3504 1704">
     <span class='ocr_line' id='line_1_31' title="bbox 1915 1621 3504 1704; baseline 0.01 -32"><span class='ocrx_word' id='word_1_207' title='bbox 1915 1621 2003 1690; x_wconf 86' lang='lat' dir='ltr'><strong>qui</strong></span> <span class='ocrx_word' id='word_1_208' title='bbox 2036 1621 2084 1675; x_wconf 91' lang='lat' dir='ltr'><strong>ei</strong></span> <span class='ocrx_word' id='word_1_209' title='bbox 2113 1623 2476 1690; x_wconf 72' lang='lat' dir='ltr'><strong>adita-serant,</strong></span> <span class='ocrx_word' id='word_1_210' title='bbox 2504 1625 2568 1680; x_wconf 90' lang='lat' dir='ltr'><strong>de</strong></span> <span class='ocrx_word' id='word_1_211' title='bbox 2592 1627 2803 1704; x_wconf 80' lang='lat' dir='ltr'><strong>ossibus</strong></span> <span class='ocrx_word' id='word_1_212' title='bbox 2827 1638 2879 1682; x_wconf 90' lang='lat' dir='ltr'><strong>et</strong></span> <span class='ocrx_word' id='word_1_213' title='bbox 2911 1629 3130 1697; x_wconf 85' lang='lat' dir='ltr'><strong>pulvere</strong></span> <span class='ocrx_word' id='word_1_214' title='bbox 3161 1631 3276 1700; x_wconf 91' lang='lat' dir='ltr'><strong>cjus</strong></span> <span class='ocrx_word' id='word_1_215' title='bbox 3303 1633 3504 1704; x_wconf 90' lang='lat' dir='ltr'><strong>aliquid</strong></span> 
     </span>
    </p>
   </div>
   <div class='ocr_carea' id='block_1_32' title="bbox 1917 1703 3506 1792">
    <p class='ocr_par' dir='ltr' id='par_1_32' title="bbox 1917 1703 3506 1792">
     <span class='ocr_line' id='line_1_32' title="bbox 1917 1703 3506 1792; baseline 0.011 -31"><span class='ocrx_word' id='word_1_216' title='bbox 1917 1711 2020 1764; x_wconf 80' lang='lat' dir='ltr'><strong>sibi</strong></span> <span class='ocrx_word' id='word_1_217' title='bbox 2059 1713 2355 1782; x_wconf 80' lang='lat' dir='ltr'><strong>rapiebant.</strong></span> <span class='ocrx_word' id='word_1_218' title='bbox 2397 1713 2473 1768; x_wconf 89' lang='lat' dir='ltr'><strong>De</strong></span> <span class='ocrx_word' id='word_1_219' title='bbox 2527 1703 2676 1784; x_wconf 86' lang='lat' dir='ltr'><strong>cujus</strong></span> <span class='ocrx_word' id='word_1_220' title='bbox 2719 1727 2868 1772; x_wconf 88' lang='lat' dir='ltr'><strong>secta</strong></span> <span class='ocrx_word' id='word_1_221' title='bbox 2899 1734 2995 1786; x_wconf 86' lang='lat' dir='ltr'><strong>per</strong></span> <span class='ocrx_word' id='word_1_222' title='bbox 3042 1722 3292 1789; x_wconf 69' lang='lat' dir='ltr'><strong>quaedam</strong></span> <span class='ocrx_word' id='word_1_223' title='bbox 3313 1703 3506 1792; x_wconf 83' lang='lat' dir='ltr'><strong>oppida</strong></span> 
     </span>
    </p>
   </div>
   <div class='ocr_carea' id='block_1_33' title="bbox 205 1785 3508 1878">
    <p class='ocr_par' dir='ltr' id='par_1_33' title="bbox 205 1785 3508 1878">
     <span class='ocr_line' id='line_1_33' title="bbox 205 1785 3508 1878; baseline 0.009 -37"><span class='ocrx_word' id='word_1_224' title='bbox 205 1807 248 1858; x_wconf 65' lang='grc' dir='ltr'>Α</span> <span class='ocrx_word' id='word_1_225' title='bbox 285 1821 392 1874; x_wconf 66' lang='lat' dir='ltr'><strong>qua</strong></span> <span class='ocrx_word' id='word_1_226' title='bbox 423 1807 672 1872; x_wconf 56' lang='lat' dir='ltr'><strong>rediens,</strong></span> <span class='ocrx_word' id='word_1_227' title='bbox 708 1823 830 1860; x_wconf 67' lang='lat' dir='ltr'><strong>cum</strong></span> <span class='ocrx_word' id='word_1_228' title='bbox 865 1785 928 1860; x_wconf 13' lang='lat' dir='ltr'><strong>aid</strong></span> <span class='ocrx_word' id='word_1_229' title='bbox 979 1809 1234 1878; x_wconf 61' lang='lat' dir='ltr'><strong>oppidum</strong></span> <span class='ocrx_word' id='word_1_230' title='bbox 1283 1809 1422 1878; x_wconf 62' lang='lat' dir='ltr'><strong>quod</strong></span> <span class='ocrx_word' id='word_1_231' title='bbox 1473 1819 1554 1864; x_wconf 61' lang='grc' dir='ltr'><strong>ρει</strong></span> <span class='ocrx_word' id='word_1_232' title='bbox 1581 1785 1814 1864; x_wconf 60' lang='lat' dir='ltr'><strong>Laubias</strong></span> <span class='ocrx_word' id='word_1_233' title='bbox 1847 1785 1888 1844; x_wconf 80' lang='grc' dir='ltr'><strong>Β</strong></span> <span class='ocrx_word' id='word_1_234' title='bbox 1917 1799 2070 1854; x_wconf 91' lang='lat' dir='ltr'><strong>multi</strong></span> <span class='ocrx_word' id='word_1_235' title='bbox 2097 1813 2312 1856; x_wconf 87' lang='lat' dir='ltr'><strong>manent</strong></span> <span class='ocrx_word' id='word_1_236' title='bbox 2335 1819 2503 1874; x_wconf 85' lang='lat' dir='ltr'><strong>usque</strong></span> <span class='ocrx_word' id='word_1_237' title='bbox 2527 1805 2720 1860; x_wconf 89' lang='lat' dir='ltr'><strong>adhuc.</strong></span> <span class='ocrx_word' id='word_1_238' title='bbox 2749 1807 2808 1860; x_wconf 78' lang='lat' dir='ltr'><strong>Et</strong></span> <span class='ocrx_word' id='word_1_239' title='bbox 2835 1807 2952 1876; x_wconf 78' lang='lat' dir='ltr'><strong>ejus</strong></span> <span class='ocrx_word' id='word_1_240' title='bbox 2975 1811 3190 1866; x_wconf 89' lang='lat' dir='ltr'><strong>nomine</strong></span> <span class='ocrx_word' id='word_1_241' title='bbox 3212 1823 3508 1870; x_wconf 79' lang='lat' dir='ltr'><strong>censentur</strong></span> 
     </span>
    </p>
   </div>
   <div class='ocr_carea' id='block_1_34' title="bbox 209 1899 1812 1968">
    <p class='ocr_par' dir='ltr' id='par_1_34' title="bbox 209 1899 1812 1968">
     <span class='ocr_line' id='line_1_34' title="bbox 209 1899 1812 1968; baseline 0.002 -16"><span class='ocrx_word' id='word_1_242' title='bbox 209 1900 546 1964; x_wconf 87' lang='lat' dir='ltr'><strong>devenisset,</strong></span> <span class='ocrx_word' id='word_1_243' title='bbox 581 1899 944 1954; x_wconf 79' lang='lat' dir='ltr'><strong>minciaturei</strong></span> <span class='ocrx_word' id='word_1_244' title='bbox 979 1901 1124 1954; x_wconf 85' lang='lat' dir='ltr'><strong>cives</strong></span> <span class='ocrx_word' id='word_1_245' title='bbox 1169 1901 1592 1956; x_wconf 83' lang='lat' dir='ltr'><strong>Cameracenses</strong></span> <span class='ocrx_word' id='word_1_246' title='bbox 1623 1901 1812 1968; x_wconf 80' lang='lat' dir='ltr'><strong>conju-</strong></span> 
     </span>
    </p>
   </div>
   <div class='ocr_carea' id='block_1_35' title="bbox 207 1991 1812 2062">
    <p class='ocr_par' dir='ltr' id='par_1_35' title="bbox 207 1991 1812 2062">
     <span class='ocr_line' id='line_1_35' title="bbox 207 1991 1812 2062; baseline 0.001 -16"><span class='ocrx_word' id='word_1_247' title='bbox 207 1993 424 2048; x_wconf 78' lang='lat' dir='ltr'><strong>ratione</strong></span> <span class='ocrx_word' id='word_1_248' title='bbox 455 1991 598 2048; x_wconf 88' lang='lat' dir='ltr'><strong>facta</strong></span> <span class='ocrx_word' id='word_1_249' title='bbox 627 1993 893 2048; x_wconf 82' lang='lat' dir='ltr'><strong>statuisse</strong></span> <span class='ocrx_word' id='word_1_250' title='bbox 923 1996 1066 2062; x_wconf 77' lang='lat' dir='ltr'><strong>quod</strong></span> <span class='ocrx_word' id='word_1_251' title='bbox 1101 1994 1278 2048; x_wconf 90' lang='lat' dir='ltr'><strong>nullus</strong></span> <span class='ocrx_word' id='word_1_252' title='bbox 1305 1995 1354 2050; x_wconf 91' lang='lat' dir='ltr'><strong>ei</strong></span> <span class='ocrx_word' id='word_1_253' title='bbox 1387 1995 1624 2050; x_wconf 89' lang='lat' dir='ltr'><strong>intrandi</strong></span> <span class='ocrx_word' id='word_1_254' title='bbox 1679 1995 1812 2050; x_wconf 87' lang='lat' dir='ltr'><strong>civi-</strong></span> 
     </span>
    </p>
   </div>
   <div class='ocr_carea' id='block_1_36' title="bbox 211 2083 1810 2156">
    <p class='ocr_par' dir='ltr' id='par_1_36' title="bbox 211 2083 1810 2156">
     <span class='ocr_line' id='line_1_36' title="bbox 211 2083 1810 2156; baseline 0.004 -20"><span class='ocrx_word' id='word_1_255' title='bbox 211 2093 382 2136; x_wconf 86' lang='lat' dir='ltr'><strong>tatem</strong></span> <span class='ocrx_word' id='word_1_256' title='bbox 414 2085 639 2138; x_wconf 85' lang='lat' dir='ltr'><strong>daretur</strong></span> <span class='ocrx_word' id='word_1_257' title='bbox 667 2083 842 2138; x_wconf 89' lang='lat' dir='ltr'><strong>locus.</strong></span> <span class='ocrx_word' id='word_1_258' title='bbox 875 2084 944 2140; x_wconf 90' lang='lat' dir='ltr'><strong>lis</strong></span> <span class='ocrx_word' id='word_1_259' title='bbox 993 2085 1194 2140; x_wconf 88' lang='lat' dir='ltr'><strong>auditis</strong></span> <span class='ocrx_word' id='word_1_260' title='bbox 1223 2087 1574 2156; x_wconf 88' lang='lat' dir='ltr'><strong>perturbatus</strong></span> <span class='ocrx_word' id='word_1_261' title='bbox 1601 2087 1810 2156; x_wconf 87' lang='lat' dir='ltr'><strong>episco-</strong></span> 
     </span>
    </p>
   </div>
   <div class='ocr_carea' id='block_1_37' title="bbox 207 2175 1804 2250">
    <p class='ocr_par' dir='ltr' id='par_1_37' title="bbox 207 2175 1804 2250">
     <span class='ocr_line' id='line_1_37' title="bbox 207 2175 1804 2250; baseline 0.006 -25"><span class='ocrx_word' id='word_1_262' title='bbox 207 2191 334 2242; x_wconf 87' lang='lat' dir='ltr'><strong>pus.</strong></span> <span class='ocrx_word' id='word_1_263' title='bbox 392 2175 520 2244; x_wconf 89' lang='lat' dir='ltr'><strong>quid</strong></span> <span class='ocrx_word' id='word_1_264' title='bbox 569 2175 718 2250; x_wconf 79' lang='lat' dir='ltr'><strong>facto</strong></span> <span class='ocrx_word' id='word_1_265' title='bbox 767 2193 904 2246; x_wconf 90' lang='lat' dir='ltr'><strong>opus</strong></span> <span class='ocrx_word' id='word_1_266' title='bbox 953 2178 1044 2244; x_wconf 92' lang='lat' dir='ltr'><strong>sit,</strong></span> <span class='ocrx_word' id='word_1_267' title='bbox 1103 2177 1288 2234; x_wconf 87' lang='lat' dir='ltr'><strong>animo</strong></span> <span class='ocrx_word' id='word_1_268' title='bbox 1335 2189 1570 2234; x_wconf 85' lang='lat' dir='ltr'><strong>tractare</strong></span> <span class='ocrx_word' id='word_1_269' title='bbox 1623 2181 1804 2250; x_wconf 66' lang='lat' dir='ltr'><strong>erepit.</strong></span> 
     </span>
    </p>
   </div>
   <div class='ocr_carea' id='block_1_38' title="bbox 211 2263 1810 2338">
    <p class='ocr_par' dir='ltr' id='par_1_38' title="bbox 211 2263 1810 2338">
     <span class='ocr_line' id='line_1_38' title="bbox 211 2263 1810 2338; baseline 0.006 -22"><span class='ocrx_word' id='word_1_270' title='bbox 211 2263 420 2318; x_wconf 67' lang='lat' dir='ltr'><strong>Deinde</strong></span> <span class='ocrx_word' id='word_1_271' title='bbox 455 2266 630 2320; x_wconf 88' lang='lat' dir='ltr'><strong>accita</strong></span> <span class='ocrx_word' id='word_1_272' title='bbox 677 2283 784 2322; x_wconf 91' lang='lat' dir='ltr'><strong>non</strong></span> <span class='ocrx_word' id='word_1_273' title='bbox 822 2283 986 2337; x_wconf 82' lang='lat' dir='ltr'><strong>parva</strong></span> <span class='ocrx_word' id='word_1_274' title='bbox 1036 2269 1334 2324; x_wconf 87' lang='lat' dir='ltr'><strong>amicorqu</strong></span> <span class='ocrx_word' id='word_1_275' title='bbox 1383 2271 1558 2338; x_wconf 84' lang='lat' dir='ltr'><strong>copia,</strong></span> <span class='ocrx_word' id='word_1_276' title='bbox 1613 2273 1810 2326; x_wconf 73' lang='lat' dir='ltr'><strong>cernit-3</strong></span> 
     </span>
    </p>
   </div>
   <div class='ocr_carea' id='block_1_39' title="bbox 207 2355 1809 2428">
    <p class='ocr_par' dir='ltr' id='par_1_39' title="bbox 207 2355 1809 2428">
     <span class='ocr_line' id='line_1_39' title="bbox 207 2355 1809 2428; baseline 0.007 -23"><span class='ocrx_word' id='word_1_277' title='bbox 207 2369 428 2424; x_wconf 89' lang='lat' dir='ltr'><strong>quoque</strong></span> <span class='ocrx_word' id='word_1_278' title='bbox 478 2355 748 2412; x_wconf 85' lang='lat' dir='ltr'><strong>Balduino</strong></span> <span class='ocrx_word' id='word_1_279' title='bbox 791 2359 989 2428; x_wconf 79' lang='grc'><strong>(515),</strong></span> <span class='ocrx_word' id='word_1_280' title='bbox 1034 2373 1223 2414; x_wconf 89' lang='lat' dir='ltr'><strong>versus</strong></span> <span class='ocrx_word' id='word_1_281' title='bbox 1284 2359 1642 2416; x_wconf 81' lang='lat' dir='ltr'><strong>Cameracum</strong></span> <span class='ocrx_word' id='word_1_282' title='bbox 1695 2361 1809 2416; x_wconf 83' lang='lat' dir='ltr'><strong>vias</strong></span> 
     </span>
    </p>
   </div>
   <div class='ocr_carea' id='block_1_40' title="bbox 208 2445 1810 2524">
    <p class='ocr_par' dir='ltr' id='par_1_40' title="bbox 208 2445 1810 2524">
     <span class='ocr_line' id='line_1_40' title="bbox 208 2445 1810 2524; baseline 0.007 -27"><span class='ocrx_word' id='word_1_283' title='bbox 208 2445 476 2517; x_wconf 77' lang='lat' dir='ltr'><strong>dirigunt.</strong></span> <span class='ocrx_word' id='word_1_284' title='bbox 527 2447 666 2516; x_wconf 84' lang='lat' dir='ltr'><strong>Quid</strong></span> <span class='ocrx_word' id='word_1_285' title='bbox 713 2449 920 2520; x_wconf 89' lang='lat' dir='ltr'><strong>plura?</strong></span> <span class='ocrx_word' id='word_1_286' title='bbox 967 2451 1482 2522; x_wconf 81' lang='lat' dir='ltr'><strong>Appmpiuquautes</strong></span> <span class='ocrx_word' id='word_1_287' title='bbox 1529 2453 1702 2524; x_wconf 87' lang='lat' dir='ltr'><strong>portis</strong></span> <span class='ocrx_word' id='word_1_288' title='bbox 1756 2464 1810 2510; x_wconf 90' lang='lat' dir='ltr'><strong>et</strong></span> 
     </span>
    </p>
   </div>
   <div class='ocr_carea' id='block_1_41' title="bbox 210 2537 1810 2614">
    <p class='ocr_par' dir='ltr' id='par_1_41' title="bbox 210 2537 1810 2614">
     <span class='ocr_line' id='line_1_41' title="bbox 210 2537 1810 2614; baseline 0.007 -25"><span class='ocrx_word' id='word_1_289' title='bbox 210 2537 320 2591; x_wconf 86' lang='lat' dir='ltr'><strong>illis</strong></span> <span class='ocrx_word' id='word_1_290' title='bbox 347 2539 418 2593; x_wconf 89' lang='lat' dir='ltr'><strong>ad</strong></span> <span class='ocrx_word' id='word_1_291' title='bbox 447 2539 808 2596; x_wconf 83' lang='lat' dir='ltr'><strong>resistendum</strong></span> <span class='ocrx_word' id='word_1_292' title='bbox 838 2543 1065 2612; x_wconf 87' lang='lat' dir='ltr'><strong>paratis,</strong></span> <span class='ocrx_word' id='word_1_293' title='bbox 1103 2543 1226 2598; x_wconf 89' lang='lat' dir='ltr'><strong>dolo</strong></span> <span class='ocrx_word' id='word_1_294' title='bbox 1264 2545 1522 2600; x_wconf 83' lang='lat' dir='ltr'><strong>simulant</strong></span> <span class='ocrx_word' id='word_1_295' title='bbox 1561 2544 1810 2614; x_wconf 88' lang='lat' dir='ltr'><strong>jurantes</strong></span> 
     </span>
    </p>
   </div>
   <div class='ocr_carea' id='block_1_42' title="bbox 211 2633 1810 2704">
    <p class='ocr_par' dir='ltr' id='par_1_42' title="bbox 211 2633 1810 2704">
     <span class='ocr_line' id='line_1_42' title="bbox 211 2633 1810 2704; baseline 0.006 -22"><span class='ocrx_word' id='word_1_296' title='bbox 211 2645 272 2684; x_wconf 89' lang='lat' dir='ltr'><strong>se</strong></span> <span class='ocrx_word' id='word_1_297' title='bbox 303 2646 428 2685; x_wconf 88' lang='lat' dir='ltr'><strong>cum</strong></span> <span class='ocrx_word' id='word_1_298' title='bbox 461 2647 594 2702; x_wconf 87' lang='lat' dir='ltr'><strong>pace</strong></span> <span class='ocrx_word' id='word_1_299' title='bbox 625 2633 846 2700; x_wconf 85' lang='lat' dir='ltr'><strong>venire;</strong></span> <span class='ocrx_word' id='word_1_300' title='bbox 877 2643 930 2688; x_wconf 86' lang='lat' dir='ltr'><strong>et</strong></span> <span class='ocrx_word' id='word_1_301' title='bbox 971 2634 1050 2688; x_wconf 89' lang='lat' dir='ltr'><strong>sic</strong></span> <span class='ocrx_word' id='word_1_302' title='bbox 1087 2635 1336 2704; x_wconf 86' lang='lat' dir='ltr'><strong>permissi</strong></span> <span class='ocrx_word' id='word_1_303' title='bbox 1385 2635 1614 2704; x_wconf 90' lang='lat' dir='ltr'><strong>intrare,</strong></span> <span class='ocrx_word' id='word_1_304' title='bbox 1645 2637 1810 2692; x_wconf 80' lang='lat' dir='ltr'><strong>citius</strong></span> 
     </span>
    </p>
   </div>
   <div class='ocr_carea' id='block_1_43' title="bbox 211 2721 1808 2799">
    <p class='ocr_par' dir='ltr' id='par_1_43' title="bbox 211 2721 1808 2799">
     <span class='ocr_line' id='line_1_43' title="bbox 211 2721 1808 2799; baseline 0.006 -26"><span class='ocrx_word' id='word_1_305' title='bbox 211 2721 374 2774; x_wconf 79' lang='lat' dir='ltr'><strong>ﬁdem</strong></span> <span class='ocrx_word' id='word_1_306' title='bbox 403 2733 682 2792; x_wconf 84' lang='lat' dir='ltr'><strong>rumpunt,</strong></span> <span class='ocrx_word' id='word_1_307' title='bbox 715 2723 906 2779; x_wconf 82' lang='lat' dir='ltr'><strong>domos</strong></span> <span class='ocrx_word' id='word_1_308' title='bbox 935 2727 1192 2780; x_wconf 88' lang='lat' dir='ltr'><strong>invadunt</strong></span> <span class='ocrx_word' id='word_1_309' title='bbox 1217 2767 1232 2791; x_wconf 90' lang='lat'><strong>,</strong></span> <span class='ocrx_word' id='word_1_310' title='bbox 1270 2726 1488 2782; x_wconf 85' lang='lat' dir='ltr'><strong>cellaria</strong></span> <span class='ocrx_word' id='word_1_311' title='bbox 1527 2728 1808 2799; x_wconf 82' lang='lat' dir='ltr'><strong>diripiunt,</strong></span> 
     </span>
    </p>
   </div>
   <div class='ocr_carea' id='block_1_44' title="bbox 209 2811 1808 2888">
    <p class='ocr_par' dir='ltr' id='par_1_44' title="bbox 209 2811 1808 2888">
     <span class='ocr_line' id='line_1_44' title="bbox 209 2811 1808 2888; baseline 0.005 -22"><span class='ocrx_word' id='word_1_312' title='bbox 209 2811 416 2866; x_wconf 88' lang='lat' dir='ltr'><strong>scrinia</strong></span> <span class='ocrx_word' id='word_1_313' title='bbox 449 2811 826 2884; x_wconf 78' lang='lat' dir='ltr'><strong>confringant,</strong></span> <span class='ocrx_word' id='word_1_314' title='bbox 860 2825 914 2868; x_wconf 92' lang='lat' dir='ltr'><strong>et</strong></span> <span class='ocrx_word' id='word_1_315' title='bbox 956 2817 1138 2870; x_wconf 86' lang='lat' dir='ltr'><strong>omnia</strong></span> <span class='ocrx_word' id='word_1_316' title='bbox 1183 2817 1474 2888; x_wconf 88' lang='lat' dir='ltr'><strong>direptioni</strong></span> <span class='ocrx_word' id='word_1_317' title='bbox 1509 2819 1808 2886; x_wconf 83' lang='lat' dir='ltr'><strong>tradentes,</strong></span> 
     </span>
    </p>
   </div>
   <div class='ocr_carea' id='block_1_45' title="bbox 207 2889 1802 2982">
    <p class='ocr_par' dir='ltr' id='par_1_45' title="bbox 207 2889 1802 2982">
     <span class='ocr_line' id='line_1_45' title="bbox 207 2889 1802 2982; baseline 0.005 -22"><span class='ocrx_word' id='word_1_318' title='bbox 207 2921 438 2972; x_wconf 85' lang='lat' dir='ltr'><strong>aurum,</strong></span> <span class='ocrx_word' id='word_1_319' title='bbox 469 2889 770 2978; x_wconf 77' lang='lat' dir='ltr'><strong>argentum,</strong></span> <span class='ocrx_word' id='word_1_320' title='bbox 821 2924 967 2976; x_wconf 85' lang='lat' dir='ltr'><strong>vasa,</strong></span> <span class='ocrx_word' id='word_1_321' title='bbox 1021 2919 1222 2976; x_wconf 77' lang='lat' dir='ltr'><strong>vestes,</strong></span> <span class='ocrx_word' id='word_1_322' title='bbox 1259 2919 1316 2966; x_wconf 85' lang='lat' dir='ltr'><strong>et</strong></span> <span class='ocrx_word' id='word_1_323' title='bbox 1363 2912 1618 2982; x_wconf 87' lang='lat' dir='ltr'><strong>quicquid</strong></span> <span class='ocrx_word' id='word_1_324' title='bbox 1659 2911 1802 2968; x_wconf 87' lang='lat' dir='ltr'><strong>dele-</strong></span> 
     </span>
    </p>
   </div>
   <div class='ocr_carea' id='block_1_46' title="bbox 215 2999 1810 3062">
    <p class='ocr_par' dir='ltr' id='par_1_46' title="bbox 215 2999 1810 3062">
     <span class='ocr_line' id='line_1_46' title="bbox 215 2999 1810 3062; baseline 0.004 -10"><span class='ocrx_word' id='word_1_325' title='bbox 215 2999 424 3054; x_wconf 89' lang='lat' dir='ltr'><strong>ctabile</strong></span> <span class='ocrx_word' id='word_1_326' title='bbox 453 3009 574 3054; x_wconf 90' lang='lat' dir='ltr'><strong>erat</strong></span> <span class='ocrx_word' id='word_1_327' title='bbox 601 2999 930 3062; x_wconf 84' lang='lat' dir='ltr'><strong>auferentes,</strong></span> <span class='ocrx_word' id='word_1_328' title='bbox 963 3002 1210 3056; x_wconf 87' lang='lat' dir='ltr'><strong>certatim</strong></span> <span class='ocrx_word' id='word_1_329' title='bbox 1241 3001 1572 3056; x_wconf 86' lang='lat' dir='ltr'><strong>multimodis</strong></span> <span class='ocrx_word' id='word_1_330' title='bbox 1599 3005 1810 3058; x_wconf 88' lang='lat' dir='ltr'><strong>onerati</strong></span> 
     </span>
    </p>
   </div>
   <div class='ocr_carea' id='block_1_47' title="bbox 1917 1893 3142 1972">
    <p class='ocr_par' dir='ltr' id='par_1_47' title="bbox 1917 1893 3142 1972">
     <span class='ocr_line' id='line_1_47' title="bbox 1917 1893 3142 1972; baseline 0.01 -26"><span class='ocrx_word' id='word_1_331' title='bbox 1917 1893 2135 1948; x_wconf 66' lang='lat' dir='ltr'><strong>textrini</strong></span> <span class='ocrx_word' id='word_1_332' title='bbox 2166 1895 2343 1964; x_wconf 90' lang='lat' dir='ltr'><strong>operis</strong></span> <span class='ocrx_word' id='word_1_333' title='bbox 2375 1895 2582 1950; x_wconf 88' lang='lat' dir='ltr'><strong>lucrum</strong></span> <span class='ocrx_word' id='word_1_334' title='bbox 2623 1909 2940 1955; x_wconf 83' lang='lat' dir='ltr'><strong>exercentes</strong></span> <span class='ocrx_word' id='word_1_335' title='bbox 2971 1903 3142 1972; x_wconf 74' lang='lat'><strong>(51(3).</strong></span> 
     </span>
    </p>
   </div>
   <div class='ocr_carea' id='block_1_48' title="bbox 1983 2005 3507 2076">
    <p class='ocr_par' dir='ltr' id='par_1_48' title="bbox 1983 2005 3507 2076">
     <span class='ocr_line' id='line_1_48' title="bbox 1983 2005 3507 2076; baseline 0.01 -17"><span class='ocrx_word' id='word_1_336' title='bbox 1983 2007 2036 2059; x_wconf 69' lang='grc'><strong>4.</strong></span> <span class='ocrx_word' id='word_1_337' title='bbox 2063 2005 2140 2060; x_wconf 84' lang='lat' dir='ltr'><strong>De</strong></span> <span class='ocrx_word' id='word_1_338' title='bbox 2177 2009 2506 2076; x_wconf 68' lang='lat' dir='ltr'><strong>Aquicinensi</strong></span> <span class='ocrx_word' id='word_1_339' title='bbox 2541 2011 2790 2066; x_wconf 73' lang='lat' dir='ltr'><strong>cmnobio.</strong></span> <span class='ocrx_word' id='word_1_340' title='bbox 2825 2011 2938 2067; x_wconf 86' lang='lat' dir='ltr'><strong>Sub</strong></span> <span class='ocrx_word' id='word_1_341' title='bbox 2971 2013 3160 2070; x_wconf 86' lang='lat' dir='ltr'><strong>iisdem</strong></span> <span class='ocrx_word' id='word_1_342' title='bbox 3213 2017 3322 2072; x_wconf 89' lang='lat' dir='ltr'><strong>fere</strong></span> <span class='ocrx_word' id='word_1_343' title='bbox 3369 2029 3507 2074; x_wconf 90' lang='lat' dir='ltr'><strong>tem-</strong></span> 
     </span>
    </p>
   </div>
   <div class='ocr_carea' id='block_1_49' title="bbox 1913 2097 3506 2180">
    <p class='ocr_par' dir='ltr' id='par_1_49' title="bbox 1913 2097 3506 2180">
     <span class='ocr_line' id='line_1_49' title="bbox 1913 2097 3506 2180; baseline 0.01 -30"><span class='ocrx_word' id='word_1_344' title='bbox 1913 2097 2134 2166; x_wconf 89' lang='lat' dir='ltr'><strong>pOrihus</strong></span> <span class='ocrx_word' id='word_1_345' title='bbox 2162 2099 2272 2168; x_wconf 84' lang='lat' dir='ltr'><strong>(an.</strong></span> <span class='ocrx_word' id='word_1_346' title='bbox 2327 2099 2484 2170; x_wconf 81' lang='grc'><strong>1079)</strong></span> <span class='ocrx_word' id='word_1_347' title='bbox 2522 2102 2626 2155; x_wconf 88' lang='lat' dir='ltr'><strong>duo</strong></span> <span class='ocrx_word' id='word_1_348' title='bbox 2663 2101 2762 2154; x_wconf 86' lang='lat' dir='ltr'><strong>viri</strong></span> <span class='ocrx_word' id='word_1_349' title='bbox 2795 2117 2992 2172; x_wconf 82' lang='lat' dir='ltr'><strong>genere</strong></span> <span class='ocrx_word' id='word_1_350' title='bbox 3020 2105 3246 2168; x_wconf 81' lang='lat' dir='ltr'><strong>nobiles,</strong></span> <span class='ocrx_word' id='word_1_351' title='bbox 3283 2107 3506 2180; x_wconf 64' lang='grc' dir='ltr'><strong>δίδοται</strong></span> 
     </span>
    </p>
   </div>
   <div class='ocr_carea' id='block_1_50' title="bbox 1913 2191 3504 2260">
    <p class='ocr_par' dir='ltr' id='par_1_50' title="bbox 1913 2191 3504 2260">
     <span class='ocr_line' id='line_1_50' title="bbox 1913 2191 3504 2260; baseline 0.007 -14"><span class='ocrx_word' id='word_1_352' title='bbox 1913 2193 1978 2246; x_wconf 90' lang='lat' dir='ltr'><strong>de</strong></span> <span class='ocrx_word' id='word_1_353' title='bbox 2015 2191 2212 2256; x_wconf 88' lang='lat' dir='ltr'><strong>Lohes,</strong></span> <span class='ocrx_word' id='word_1_354' title='bbox 2245 2193 2518 2250; x_wconf 83' lang='lat' dir='ltr'><strong>Walterus</strong></span> <span class='ocrx_word' id='word_1_355' title='bbox 2551 2195 2692 2250; x_wconf 74' lang='lat' dir='ltr'><strong>titius</strong></span> <span class='ocrx_word' id='word_1_356' title='bbox 2723 2196 2992 2260; x_wconf 86' lang='lat' dir='ltr'><strong>Ursionis.</strong></span> <span class='ocrx_word' id='word_1_357' title='bbox 3023 2215 3146 2254; x_wconf 91' lang='lat' dir='ltr'><strong>cum</strong></span> <span class='ocrx_word' id='word_1_358' title='bbox 3173 2202 3336 2256; x_wconf 86' lang='lat' dir='ltr'><strong>sociis</strong></span> <span class='ocrx_word' id='word_1_359' title='bbox 3363 2203 3504 2256; x_wconf 81' lang='lat' dir='ltr'><strong>mul—</strong></span> 
     </span>
    </p>
   </div>
   <div class='ocr_carea' id='block_1_51' title="bbox 1915 2285 3504 2366">
    <p class='ocr_par' dir='ltr' id='par_1_51' title="bbox 1915 2285 3504 2366">
     <span class='ocr_line' id='line_1_51' title="bbox 1915 2285 3504 2366; baseline 0.006 -28"><span class='ocrx_word' id='word_1_360' title='bbox 1915 2285 2004 2350; x_wconf 89' lang='lat' dir='ltr'><strong>tis,</strong></span> <span class='ocrx_word' id='word_1_361' title='bbox 2051 2285 2238 2340; x_wconf 88' lang='lat' dir='ltr'><strong>relicta</strong></span> <span class='ocrx_word' id='word_1_362' title='bbox 2267 2287 2510 2342; x_wconf 67' lang='lat' dir='ltr'><strong>smculari</strong></span> <span class='ocrx_word' id='word_1_363' title='bbox 2545 2291 2733 2344; x_wconf 91' lang='lat' dir='ltr'><strong>militia</strong></span> <span class='ocrx_word' id='word_1_364' title='bbox 2783 2291 2912 2356; x_wconf 81' lang='lat' dir='ltr'><strong>Deo,</strong></span> <span class='ocrx_word' id='word_1_365' title='bbox 2941 2293 3176 2348; x_wconf 81' lang='lat' dir='ltr'><strong>militare</strong></span> <span class='ocrx_word' id='word_1_366' title='bbox 3223 2293 3504 2366; x_wconf 80' lang='lat' dir='ltr'><strong>diSposne-</strong></span> 
     </span>
    </p>
   </div>
   <div class='ocr_carea' id='block_1_52' title="bbox 1913 2377 3503 2454">
    <p class='ocr_par' dir='ltr' id='par_1_52' title="bbox 1913 2377 3503 2454">
     <span class='ocr_line' id='line_1_52' title="bbox 1913 2377 3503 2454; baseline 0.006 -24"><span class='ocrx_word' id='word_1_367' title='bbox 1913 2387 2078 2442; x_wconf 90' lang='lat' dir='ltr'><strong>runt;</strong></span> <span class='ocrx_word' id='word_1_368' title='bbox 2113 2388 2168 2432; x_wconf 89' lang='lat' dir='ltr'><strong>et</strong></span> <span class='ocrx_word' id='word_1_369' title='bbox 2199 2377 2376 2432; x_wconf 89' lang='lat' dir='ltr'><strong>locum</strong></span> <span class='ocrx_word' id='word_1_370' title='bbox 2407 2383 2674 2448; x_wconf 85' lang='lat' dir='ltr'><strong>quendam</strong></span> <span class='ocrx_word' id='word_1_371' title='bbox 2703 2391 2976 2437; x_wconf 86' lang='lat' dir='ltr'><strong>secretum</strong></span> <span class='ocrx_word' id='word_1_372' title='bbox 3024 2385 3268 2454; x_wconf 73' lang='lat' dir='ltr'><strong>reiigioni</strong></span> <span class='ocrx_word' id='word_1_373' title='bbox 3317 2395 3503 2454; x_wconf 79' lang='lat' dir='ltr'><strong>aptum</strong></span> 
     </span>
    </p>
   </div>
   <div class='ocr_carea' id='block_1_53' title="bbox 1911 2465 3498 2542">
    <p class='ocr_par' dir='ltr' id='par_1_53' title="bbox 1911 2465 3498 2542">
     <span class='ocr_line' id='line_1_53' title="bbox 1911 2465 3498 2542; baseline 0.008 -22"><span class='ocrx_word' id='word_1_374' title='bbox 1911 2481 2072 2534; x_wconf 84' lang='lat' dir='ltr'><strong>super</strong></span> <span class='ocrx_word' id='word_1_375' title='bbox 2097 2465 2321 2522; x_wconf 82' lang='lat' dir='ltr'><strong>lscharb</strong></span> <span class='ocrx_word' id='word_1_376' title='bbox 2347 2469 2494 2538; x_wconf 79' lang='grc'><strong>(517)</strong></span> <span class='ocrx_word' id='word_1_377' title='bbox 2545 2469 2788 2534; x_wconf 80' lang='lat' dir='ltr'><strong>fluvium,</strong></span> <span class='ocrx_word' id='word_1_378' title='bbox 2826 2487 2965 2542; x_wconf 88' lang='lat' dir='ltr'><strong>aqua</strong></span> <span class='ocrx_word' id='word_1_379' title='bbox 2997 2475 3260 2542; x_wconf 85' lang='lat' dir='ltr'><strong>cinctum,</strong></span> <span class='ocrx_word' id='word_1_380' title='bbox 3291 2477 3357 2530; x_wconf 86' lang='lat' dir='ltr'><strong>ad</strong></span> <span class='ocrx_word' id='word_1_381' title='bbox 3399 2479 3498 2532; x_wconf 83' lang='lat' dir='ltr'><strong>ha-</strong></span> 
     </span>
    </p>
   </div>
   <div class='ocr_carea' id='block_1_54' title="bbox 1911 2557 3498 2638">
    <p class='ocr_par' dir='ltr' id='par_1_54' title="bbox 1911 2557 3498 2638">
     <span class='ocr_line' id='line_1_54' title="bbox 1911 2557 3498 2638; baseline 0.009 -28"><span class='ocrx_word' id='word_1_382' title='bbox 1911 2557 2192 2614; x_wconf 88' lang='lat' dir='ltr'><strong>bitandum</strong></span> <span class='ocrx_word' id='word_1_383' title='bbox 2220 2559 2554 2630; x_wconf 76' lang='lat' dir='ltr'><strong>delegerunt.</strong></span> <span class='ocrx_word' id='word_1_384' title='bbox 2593 2562 2718 2618; x_wconf 87' lang='lat' dir='ltr'><strong>Inde</strong></span> <span class='ocrx_word' id='word_1_385' title='bbox 2749 2565 3006 2620; x_wconf 85' lang='lat' dir='ltr'><strong>domuum</strong></span> <span class='ocrx_word' id='word_1_386' title='bbox 3051 2569 3362 2638; x_wconf 79' lang='lat' dir='ltr'><strong>episcopum</strong></span> <span class='ocrx_word' id='word_1_387' title='bbox 3389 2569 3498 2624; x_wconf 83' lang='lat' dir='ltr'><strong>Ge-</strong></span> 
     </span>
    </p>
   </div>
   <div class='ocr_carea' id='block_1_55' title="bbox 1915 2650 3496 2728">
    <p class='ocr_par' dir='ltr' id='par_1_55' title="bbox 1915 2650 3496 2728">
     <span class='ocr_line' id='line_1_55' title="bbox 1915 2650 3496 2728; baseline 0.009 -26"><span class='ocrx_word' id='word_1_388' title='bbox 1915 2650 2133 2704; x_wconf 88' lang='lat' dir='ltr'><strong>rardum</strong></span> <span class='ocrx_word' id='word_1_389' title='bbox 2153 2651 2452 2718; x_wconf 86' lang='lat' dir='ltr'><strong>Cameraci,</strong></span> <span class='ocrx_word' id='word_1_390' title='bbox 2478 2655 2602 2722; x_wconf 88' lang='lat' dir='ltr'><strong>quia</strong></span> <span class='ocrx_word' id='word_1_391' title='bbox 2625 2655 2776 2711; x_wconf 84' lang='lat' dir='ltr'><strong>locus</strong></span> <span class='ocrx_word' id='word_1_392' title='bbox 2793 2656 2881 2711; x_wconf 88' lang='lat' dir='ltr'><strong>ille</strong></span> <span class='ocrx_word' id='word_1_393' title='bbox 2907 2658 3024 2728; x_wconf 88' lang='lat' dir='ltr'><strong>ejus</strong></span> <span class='ocrx_word' id='word_1_394' title='bbox 3036 2669 3152 2713; x_wconf 87' lang='lat' dir='ltr'><strong>erat</strong></span> <span class='ocrx_word' id='word_1_395' title='bbox 3175 2662 3496 2728; x_wconf 74' lang='lat' dir='ltr'><strong>parrochim.</strong></span> 
     </span>
    </p>
   </div>
   <div class='ocr_carea' id='block_1_56' title="bbox 1913 2745 3502 2810">
    <p class='ocr_par' dir='ltr' id='par_1_56' title="bbox 1913 2745 3502 2810">
     <span class='ocr_line' id='line_1_56' title="bbox 1913 2745 3502 2810; baseline 0.01 -16"><span class='ocrx_word' id='word_1_396' title='bbox 1913 2750 2212 2809; x_wconf 75' lang='lat' dir='ltr'><strong>expetunt,</strong></span> <span class='ocrx_word' id='word_1_397' title='bbox 2275 2753 2332 2798; x_wconf 92' lang='lat' dir='ltr'><strong>et</strong></span> <span class='ocrx_word' id='word_1_398' title='bbox 2389 2745 2664 2800; x_wconf 87' lang='lat' dir='ltr'><strong>habitandi</strong></span> <span class='ocrx_word' id='word_1_399' title='bbox 2711 2749 2986 2803; x_wconf 88' lang='lat' dir='ltr'><strong>licentiam</strong></span> <span class='ocrx_word' id='word_1_400' title='bbox 3048 2760 3101 2806; x_wconf 85' lang='lat' dir='ltr'><strong>et</strong></span> <span class='ocrx_word' id='word_1_401' title='bbox 3151 2757 3502 2810; x_wconf 85' lang='lat' dir='ltr'><strong>construendi</strong></span> 
     </span>
    </p>
   </div>
   <div class='ocr_carea' id='block_1_57' title="bbox 1913 2829 3497 2906">
    <p class='ocr_par' dir='ltr' id='par_1_57' title="bbox 1913 2829 3497 2906">
     <span class='ocr_line' id='line_1_57' title="bbox 1913 2829 3497 2906; baseline 0.009 -22"><span class='ocrx_word' id='word_1_402' title='bbox 1913 2829 2198 2886; x_wconf 83' lang='lat' dir='ltr'><strong>ecclesiam</strong></span> <span class='ocrx_word' id='word_1_403' title='bbox 2227 2833 2294 2888; x_wconf 88' lang='lat' dir='ltr'><strong>ab</strong></span> <span class='ocrx_word' id='word_1_404' title='bbox 2321 2849 2386 2888; x_wconf 92' lang='lat' dir='ltr'><strong>eo</strong></span> <span class='ocrx_word' id='word_1_405' title='bbox 2413 2835 2730 2906; x_wconf 89' lang='lat' dir='ltr'><strong>deposcunt.</strong></span> <span class='ocrx_word' id='word_1_406' title='bbox 2769 2839 2860 2894; x_wconf 88' lang='lat' dir='ltr'><strong>Ille</strong></span> <span class='ocrx_word' id='word_1_407' title='bbox 2900 2849 3080 2896; x_wconf 88' lang='lat' dir='ltr'><strong>autem</strong></span> <span class='ocrx_word' id='word_1_408' title='bbox 3131 2859 3238 2899; x_wconf 90' lang='lat' dir='ltr'><strong>non</strong></span> <span class='ocrx_word' id='word_1_409' title='bbox 3289 2855 3497 2900; x_wconf 87' lang='lat' dir='ltr'><strong>tantum</strong></span> 
     </span>
    </p>
   </div>
   <div class='ocr_carea' id='block_1_58' title="bbox 1914 2925 3503 3003">
    <p class='ocr_par' dir='ltr' id='par_1_58' title="bbox 1914 2925 3503 3003">
     <span class='ocr_line' id='line_1_58' title="bbox 1914 2925 3503 3003; baseline 0.01 -27"><span class='ocrx_word' id='word_1_410' title='bbox 1914 2939 2036 2994; x_wconf 73' lang='lat' dir='ltr'><strong>qua:</strong></span> <span class='ocrx_word' id='word_1_411' title='bbox 2059 2925 2314 2993; x_wconf 85' lang='lat' dir='ltr'><strong>petebant</strong></span> <span class='ocrx_word' id='word_1_412' title='bbox 2353 2927 2564 2992; x_wconf 84' lang='lat' dir='ltr'><strong>annuit,</strong></span> <span class='ocrx_word' id='word_1_413' title='bbox 2619 2931 2710 2984; x_wconf 87' lang='lat' dir='ltr'><strong>sed</strong></span> <span class='ocrx_word' id='word_1_414' title='bbox 2743 2932 2906 2986; x_wconf 86' lang='lat' dir='ltr'><strong>etiam</strong></span> <span class='ocrx_word' id='word_1_415' title='bbox 2959 2933 3174 3003; x_wconf 88' lang='lat' dir='ltr'><strong>adjutor</strong></span> <span class='ocrx_word' id='word_1_416' title='bbox 3215 2952 3402 2992; x_wconf 89' lang='lat' dir='ltr'><strong>eorum</strong></span> <span class='ocrx_word' id='word_1_417' title='bbox 3447 2949 3503 2992; x_wconf 84' lang='lat' dir='ltr'><strong>et</strong></span> 
     </span>
    </p>
   </div>
   <div class='ocr_carea' id='block_1_59' title="bbox 1915 3019 3502 3092">
    <p class='ocr_par' dir='ltr' id='par_1_59' title="bbox 1915 3019 3502 3092">
     <span class='ocr_line' id='line_1_59' title="bbox 1915 3019 3502 3092; baseline 0.009 -22"><span class='ocrx_word' id='word_1_418' title='bbox 1915 3027 2237 3085; x_wconf 87' lang='lat' dir='ltr'><strong>cooperator</strong></span> <span class='ocrx_word' id='word_1_419' title='bbox 2267 3019 2707 3088; x_wconf 65' lang='lat' dir='ltr'><strong>aedificationum,</strong></span> <span class='ocrx_word' id='word_1_420' title='bbox 2737 3039 2856 3092; x_wconf 76' lang='lat' dir='ltr'><strong>qua:</strong></span> <span class='ocrx_word' id='word_1_421' title='bbox 2882 3027 3165 3082; x_wconf 86' lang='lat' dir='ltr'><strong>monachis</strong></span> <span class='ocrx_word' id='word_1_422' title='bbox 3195 3039 3378 3084; x_wconf 89' lang='lat' dir='ltr'><strong>essent</strong></span> <span class='ocrx_word' id='word_1_423' title='bbox 3405 3032 3502 3084; x_wconf 84' lang='lat' dir='ltr'><strong>ha-</strong></span> 
     </span>
    </p>
   </div>
   <div class='ocr_carea' id='block_1_60' title="bbox 217 3091 3502 3194">
    <p class='ocr_par' dir='ltr' id='par_1_60' title="bbox 217 3091 3502 3194">
     <span class='ocr_line' id='line_1_60' title="bbox 217 3091 3502 3194; baseline 0.007 -44"><span class='ocrx_word' id='word_1_424' title='bbox 217 3091 430 3158; x_wconf 75' lang='lat' dir='ltr'><strong>spoliis.</strong></span> <span class='ocrx_word' id='word_1_425' title='bbox 471 3091 762 3160; x_wconf 82' lang='lat' dir='ltr'><strong>multisque</strong></span> <span class='ocrx_word' id='word_1_426' title='bbox 795 3091 1104 3146; x_wconf 88' lang='lat' dir='ltr'><strong>hominibus</strong></span> <span class='ocrx_word' id='word_1_427' title='bbox 1125 3093 1318 3162; x_wconf 88' lang='lat' dir='ltr'><strong>captis,</strong></span> <span class='ocrx_word' id='word_1_428' title='bbox 1361 3095 1426 3148; x_wconf 90' lang='lat' dir='ltr'><strong>ad</strong></span> <span class='ocrx_word' id='word_1_429' title='bbox 1455 3109 1550 3148; x_wconf 88' lang='lat' dir='ltr'><strong>sua</strong></span> <span class='ocrx_word' id='word_1_430' title='bbox 1581 3095 1810 3164; x_wconf 83' lang='lat' dir='ltr'><strong>quisque</strong></span> <span class='ocrx_word' id='word_1_431' title='bbox 1841 3134 1884 3194; x_wconf 59' lang='grc' dir='ltr'>Ω</span> <span class='ocrx_word' id='word_1_432' title='bbox 1915 3106 2085 3170; x_wconf 85' lang='lat' dir='ltr'><strong>biles,</strong></span> <span class='ocrx_word' id='word_1_433' title='bbox 2131 3123 2252 3162; x_wconf 89' lang='lat' dir='ltr'><strong>esse</strong></span> <span class='ocrx_word' id='word_1_434' title='bbox 2301 3109 2484 3179; x_wconf 73' lang='lat' dir='ltr'><strong>cwpit.</strong></span> <span class='ocrx_word' id='word_1_435' title='bbox 2532 3110 2686 3182; x_wconf 83' lang='lat' dir='ltr'><strong>llugo</strong></span> <span class='ocrx_word' id='word_1_436' title='bbox 2733 3091 2950 3184; x_wconf 77' lang='lat' dir='ltr'><strong>quoque</strong></span> <span class='ocrx_word' id='word_1_437' title='bbox 2999 3115 3238 3171; x_wconf 77' lang='lat' dir='ltr'><strong>dccaims</strong></span> <span class='ocrx_word' id='word_1_438' title='bbox 3289 3117 3502 3172; x_wconf 76' lang='lat' dir='ltr'><strong>Sancta:</strong></span> 
     </span>
    </p>
   </div>
   <div class='ocr_carea' id='block_1_61' title="bbox 217 3176 3498 3278">
    <p class='ocr_par' dir='ltr' id='par_1_61' title="bbox 217 3176 3498 3278">
     <span class='ocr_line' id='line_1_61' title="bbox 217 3176 3498 3278; baseline 0.008 -39"><span class='ocrx_word' id='word_1_439' title='bbox 217 3179 578 3249; x_wconf 75' lang='lat' dir='ltr'><strong>rcpctlarllul-</strong></span> <span class='ocrx_word' id='word_1_440' title='bbox 608 3179 678 3234; x_wconf 80' lang='grc' dir='ltr'><strong>Ει</strong></span> <span class='ocrx_word' id='word_1_441' title='bbox 709 3181 790 3234; x_wconf 75' lang='lat' dir='ltr'><strong>Sic</strong></span> <span class='ocrx_word' id='word_1_442' title='bbox 822 3181 1052 3235; x_wconf 75' lang='lat' dir='ltr'><strong>domnus</strong></span> <span class='ocrx_word' id='word_1_443' title='bbox 1079 3180 1352 3238; x_wconf 67' lang='lat' dir='ltr'><strong>Gcral‘dlb&#39;</strong></span> <span class='ocrx_word' id='word_1_444' title='bbox 1399 3183 1450 3236; x_wconf 77' lang='lat' dir='ltr'><strong>ill</strong></span> <span class='ocrx_word' id='word_1_445' title='bbox 1481 3199 1578 3238; x_wconf 70' lang='lat' dir='ltr'><strong>sua</strong></span> <span class='ocrx_word' id='word_1_446' title='bbox 1608 3183 1813 3240; x_wconf 67' lang='grc' dir='ltr'><strong>ιὈίοοίι·</strong></span> <span class='ocrx_word' id='word_1_447' title='bbox 1843 3176 1884 3196; x_wconf 58' lang='grc' dir='ltr'>υ</span> <span class='ocrx_word' id='word_1_448' title='bbox 1917 3197 2098 3254; x_wconf 66' lang='lat' dir='ltr'><strong>Maria!</strong></span> <span class='ocrx_word' id='word_1_449' title='bbox 2121 3201 2268 3256; x_wconf 89' lang='lat' dir='ltr'><strong>omni</strong></span> <span class='ocrx_word' id='word_1_450' title='bbox 2297 3217 2424 3256; x_wconf 89' lang='lat' dir='ltr'><strong>cura</strong></span> <span class='ocrx_word' id='word_1_451' title='bbox 2459 3213 2674 3274; x_wconf 88' lang='lat' dir='ltr'><strong>totoque</strong></span> <span class='ocrx_word' id='word_1_452' title='bbox 2697 3207 2878 3262; x_wconf 89' lang='lat' dir='ltr'><strong>animo</strong></span> <span class='ocrx_word' id='word_1_453' title='bbox 2905 3224 2971 3262; x_wconf 90' lang='lat' dir='ltr'><strong>eo</strong></span> <span class='ocrx_word' id='word_1_454' title='bbox 3001 3210 3168 3278; x_wconf 66' lang='lat' dir='ltr'><strong>cwpit</strong></span> <span class='ocrx_word' id='word_1_455' title='bbox 3197 3211 3498 3276; x_wconf 82' lang='lat' dir='ltr'><strong>intendere,</strong></span> 
     </span>
    </p>
   </div>
   <div class='ocr_carea' id='block_1_62' title="bbox 215 3274 498 3328">
    <p class='ocr_par' dir='ltr' id='par_1_62' title="bbox 215 3274 498 3328">
     <span class='ocr_line' id='line_1_62' title="bbox 215 3274 498 3328; baseline 0 -2"><span class='ocrx_word' id='word_1_456' title='bbox 215 3282 302 3328; x_wconf 85' lang='lat' dir='ltr'><strong>tur</strong></span> <span class='ocrx_word' id='word_1_457' title='bbox 345 3274 498 3328; x_wconf 88' lang='lat' dir='ltr'><strong>sede.</strong></span> 
     </span>
    </p>
   </div>
   <div class='ocr_carea' id='block_1_63' title="bbox 281 3385 1812 3458">
    <p class='ocr_par' dir='ltr' id='par_1_63' title="bbox 281 3385 1812 3458">
     <span class='ocr_line' id='line_1_63' title="bbox 281 3385 1812 3458; baseline 0.001 -17"><span class='ocrx_word' id='word_1_458' title='bbox 281 3388 336 3441; x_wconf 81' lang='lat'><strong>&#39;5.</strong></span> <span class='ocrx_word' id='word_1_459' title='bbox 389 3385 470 3440; x_wconf 84' lang='lat' dir='ltr'><strong>De</strong></span> <span class='ocrx_word' id='word_1_460' title='bbox 526 3388 752 3456; x_wconf 84' lang='lat' dir='ltr'><strong>quodam</strong></span> <span class='ocrx_word' id='word_1_461' title='bbox 799 3387 1005 3442; x_wconf 79' lang='lat' dir='ltr'><strong>homine</strong></span> <span class='ocrx_word' id='word_1_462' title='bbox 1055 3387 1363 3442; x_wconf 70' lang='lat' dir='ltr'><strong>Raanihrdo.</strong></span> <span class='ocrx_word' id='word_1_463' title='bbox 1415 3389 1650 3458; x_wconf 75' lang='lat' dir='ltr'><strong>Contigit</strong></span> <span class='ocrx_word' id='word_1_464' title='bbox 1693 3397 1812 3458; x_wconf 76' lang='lat' dir='ltr'><strong>post</strong></span> 
     </span>
    </p>
   </div>
   <div class='ocr_carea' id='block_1_64' title="bbox 216 3478 1808 3548">
    <p class='ocr_par' dir='ltr' id='par_1_64' title="bbox 216 3478 1808 3548">
     <span class='ocr_line' id='line_1_64' title="bbox 216 3478 1808 3548; baseline 0 -16"><span class='ocrx_word' id='word_1_465' title='bbox 216 3478 334 3532; x_wconf 64' lang='lat' dir='ltr'><strong>haec</strong></span> <span class='ocrx_word' id='word_1_466' title='bbox 363 3479 677 3548; x_wconf 88' lang='lat' dir='ltr'><strong>episcopum</strong></span> <span class='ocrx_word' id='word_1_467' title='bbox 731 3479 799 3533; x_wconf 83' lang='lat' dir='ltr'><strong>ad</strong></span> <span class='ocrx_word' id='word_1_468' title='bbox 851 3480 1028 3534; x_wconf 85' lang='lat' dir='ltr'><strong>villam</strong></span> <span class='ocrx_word' id='word_1_469' title='bbox 1075 3479 1353 3544; x_wconf 89' lang='lat' dir='ltr'><strong>Lambras,</strong></span> <span class='ocrx_word' id='word_1_470' title='bbox 1389 3495 1507 3548; x_wconf 77' lang='lat' dir='ltr'><strong>qua:</strong></span> <span class='ocrx_word' id='word_1_471' title='bbox 1555 3489 1682 3534; x_wconf 91' lang='lat' dir='ltr'><strong>tunc</strong></span> <span class='ocrx_word' id='word_1_472' title='bbox 1727 3481 1808 3534; x_wconf 79' lang='lat' dir='ltr'><strong>sui</strong></span> 
     </span>
    </p>
   </div>
   <div class='ocr_carea' id='block_1_65' title="bbox 215 3570 1811 3640">
    <p class='ocr_par' dir='ltr' id='par_1_65' title="bbox 215 3570 1811 3640">
     <span class='ocr_line' id='line_1_65' title="bbox 215 3570 1811 3640; baseline 0.004 -22"><span class='ocrx_word' id='word_1_473' title='bbox 215 3570 350 3640; x_wconf 78' lang='lat' dir='ltr'><strong>juris</strong></span> <span class='ocrx_word' id='word_1_474' title='bbox 397 3579 536 3636; x_wconf 89' lang='lat' dir='ltr'><strong>erat,</strong></span> <span class='ocrx_word' id='word_1_475' title='bbox 581 3571 890 3636; x_wconf 88' lang='lat' dir='ltr'><strong>devenisse,</strong></span> <span class='ocrx_word' id='word_1_476' title='bbox 919 3579 972 3625; x_wconf 90' lang='lat' dir='ltr'><strong>et</strong></span> <span class='ocrx_word' id='word_1_477' title='bbox 1013 3571 1086 3626; x_wconf 88' lang='lat' dir='ltr'><strong>ibi</strong></span> <span class='ocrx_word' id='word_1_478' title='bbox 1129 3571 1516 3640; x_wconf 87' lang='lat' dir='ltr'><strong>aliquantulum</strong></span> <span class='ocrx_word' id='word_1_479' title='bbox 1567 3575 1811 3624; x_wconf 77' lang='lat' dir='ltr'><strong>demora-</strong></span> 
     </span>
    </p>
   </div>
   <div class='ocr_carea' id='block_1_66' title="bbox 219 3661 1805 3728">
    <p class='ocr_par' dir='ltr' id='par_1_66' title="bbox 219 3661 1805 3728">
     <span class='ocr_line' id='line_1_66' title="bbox 219 3661 1805 3728; baseline 0.001 -13"><span class='ocrx_word' id='word_1_480' title='bbox 219 3674 330 3716; x_wconf 89' lang='lat' dir='ltr'><strong>tum</strong></span> <span class='ocrx_word' id='word_1_481' title='bbox 353 3677 492 3717; x_wconf 88' lang='lat' dir='ltr'><strong>esse.</strong></span> <span class='ocrx_word' id='word_1_482' title='bbox 525 3661 622 3718; x_wconf 91' lang='lat' dir='ltr'><strong>Ubi</strong></span> <span class='ocrx_word' id='word_1_483' title='bbox 646 3679 770 3718; x_wconf 89' lang='lat' dir='ltr'><strong>cum</strong></span> <span class='ocrx_word' id='word_1_484' title='bbox 797 3663 848 3718; x_wconf 91' lang='lat' dir='ltr'><strong>ei</strong></span> <span class='ocrx_word' id='word_1_485' title='bbox 877 3679 908 3718; x_wconf 90' lang='lat' dir='ltr'><strong>a</strong></span> <span class='ocrx_word' id='word_1_486' title='bbox 933 3666 1280 3718; x_wconf 89' lang='lat' dir='ltr'><strong>narrantibus</strong></span> <span class='ocrx_word' id='word_1_487' title='bbox 1305 3664 1610 3718; x_wconf 88' lang='lat' dir='ltr'><strong>intimatum</strong></span> <span class='ocrx_word' id='word_1_488' title='bbox 1637 3673 1805 3728; x_wconf 86' lang='lat' dir='ltr'><strong>esset,</strong></span> 
     </span>
    </p>
   </div>
   <div class='ocr_carea' id='block_1_67' title="bbox 219 3759 1808 3830">
    <p class='ocr_par' dir='ltr' id='par_1_67' title="bbox 219 3759 1808 3830">
     <span class='ocr_line' id='line_1_67' title="bbox 219 3759 1808 3830; baseline 0.003 -20"><span class='ocrx_word' id='word_1_489' title='bbox 219 3759 494 3812; x_wconf 84' lang='lat' dir='ltr'><strong>hominem</strong></span> <span class='ocrx_word' id='word_1_490' title='bbox 557 3760 846 3829; x_wconf 82' lang='lat' dir='ltr'><strong>quemdam</strong></span> <span class='ocrx_word' id='word_1_491' title='bbox 922 3761 1138 3814; x_wconf 87' lang='lat' dir='ltr'><strong>nomine</strong></span> <span class='ocrx_word' id='word_1_492' title='bbox 1202 3759 1597 3826; x_wconf 84' lang='lat' dir='ltr'><strong>Ramihrdum,</strong></span> <span class='ocrx_word' id='word_1_493' title='bbox 1667 3761 1808 3830; x_wconf 88' lang='lat' dir='ltr'><strong>apud</strong></span> 
     </span>
    </p>
   </div>
   <div class='ocr_carea' id='block_1_68' title="bbox 219 3850 1807 3920">
    <p class='ocr_par' dir='ltr' id='par_1_68' title="bbox 219 3850 1807 3920">
     <span class='ocr_line' id='line_1_68' title="bbox 219 3850 1807 3920; baseline 0.004 -18"><span class='ocrx_word' id='word_1_494' title='bbox 219 3850 523 3917; x_wconf 64' lang='lat' dir='ltr'><strong>proximam</strong></span> <span class='ocrx_word' id='word_1_495' title='bbox 549 3851 726 3906; x_wconf 82' lang='lat' dir='ltr'><strong>villam</strong></span> <span class='ocrx_word' id='word_1_496' title='bbox 751 3867 872 3920; x_wconf 70' lang='lat' dir='ltr'><strong>qua:</strong></span> <span class='ocrx_word' id='word_1_497' title='bbox 894 3861 976 3906; x_wconf 85' lang='lat' dir='ltr'><strong>est</strong></span> <span class='ocrx_word' id='word_1_498' title='bbox 1000 3851 1260 3906; x_wconf 75' lang='lat' dir='ltr'><strong>Schercm</strong></span> <span class='ocrx_word' id='word_1_499' title='bbox 1287 3861 1612 3918; x_wconf 73' lang='lat' dir='ltr'><strong>innuentem,</strong></span> <span class='ocrx_word' id='word_1_500' title='bbox 1639 3855 1807 3908; x_wconf 88' lang='lat' dir='ltr'><strong>multa</strong></span> 
     </span>
    </p>
   </div>
   <div class='ocr_carea' id='block_1_69' title="bbox 219 3941 1805 4014">
    <p class='ocr_par' dir='ltr' id='par_1_69' title="bbox 219 3941 1805 4014">
     <span class='ocr_line' id='line_1_69' title="bbox 219 3941 1805 4014; baseline 0.006 -24"><span class='ocrx_word' id='word_1_501' title='bbox 219 3951 404 4009; x_wconf 86' lang='lat' dir='ltr'><strong>preter</strong></span> <span class='ocrx_word' id='word_1_502' title='bbox 435 3941 594 3996; x_wconf 82' lang='lat' dir='ltr'><strong>fidem</strong></span> <span class='ocrx_word' id='word_1_503' title='bbox 646 3943 1030 4014; x_wconf 82' lang='lat' dir='ltr'><strong>dugmatisarc,</strong></span> <span class='ocrx_word' id='word_1_504' title='bbox 1063 3955 1120 3998; x_wconf 89' lang='lat' dir='ltr'><strong>et</strong></span> <span class='ocrx_word' id='word_1_505' title='bbox 1160 3943 1274 4012; x_wconf 86' lang='lat' dir='ltr'><strong>jam</strong></span> <span class='ocrx_word' id='word_1_506' title='bbox 1305 3945 1405 3998; x_wconf 87' lang='lat' dir='ltr'><strong>sub</strong></span> <span class='ocrx_word' id='word_1_507' title='bbox 1434 3944 1676 4000; x_wconf 79' lang='lat' dir='ltr'><strong>doctrina</strong></span> <span class='ocrx_word' id='word_1_508' title='bbox 1711 3963 1805 4000; x_wconf 88' lang='lat' dir='ltr'><strong>sua</strong></span> 
     </span>
    </p>
   </div>
   <div class='ocr_carea' id='block_1_70' title="bbox 223 4029 1806 4104">
    <p class='ocr_par' dir='ltr' id='par_1_70' title="bbox 223 4029 1806 4104">
     <span class='ocr_line' id='line_1_70' title="bbox 223 4029 1806 4104; baseline 0.007 -23"><span class='ocrx_word' id='word_1_509' title='bbox 223 4029 422 4084; x_wconf 75' lang='lat' dir='ltr'><strong>nuiltos</strong></span> <span class='ocrx_word' id='word_1_510' title='bbox 489 4032 786 4100; x_wconf 89' lang='lat' dir='ltr'><strong>discipulos</strong></span> <span class='ocrx_word' id='word_1_511' title='bbox 843 4033 1241 4102; x_wconf 78' lang='lat' dir='ltr'><strong>maximamque</strong></span> <span class='ocrx_word' id='word_1_512' title='bbox 1299 4035 1584 4104; x_wconf 71' lang='lat' dir='ltr'><strong>utriusque</strong></span> <span class='ocrx_word' id='word_1_513' title='bbox 1647 4051 1806 4092; x_wconf 83' lang='lat' dir='ltr'><strong>sexus</strong></span> 
     </span>
    </p>
   </div>
   <div class='ocr_carea' id='block_1_71' title="bbox 221 4121 1806 4193">
    <p class='ocr_par' dir='ltr' id='par_1_71' title="bbox 221 4121 1806 4193">
     <span class='ocr_line' id='line_1_71' title="bbox 221 4121 1806 4193; baseline 0.004 -19"><span class='ocrx_word' id='word_1_514' title='bbox 221 4121 432 4188; x_wconf 87' lang='lat' dir='ltr'><strong>plebem</strong></span> <span class='ocrx_word' id='word_1_515' title='bbox 467 4123 570 4176; x_wconf 90' lang='lat' dir='ltr'><strong>sibi</strong></span> <span class='ocrx_word' id='word_1_516' title='bbox 619 4135 1042 4178; x_wconf 88' lang='lat' dir='ltr'><strong>consentaneam</strong></span> <span class='ocrx_word' id='word_1_517' title='bbox 1095 4125 1488 4193; x_wconf 84' lang='lat' dir='ltr'><strong>adquisivissc:</strong></span> <span class='ocrx_word' id='word_1_518' title='bbox 1519 4135 1644 4180; x_wconf 89' lang='lat' dir='ltr'><strong>tunc</strong></span> <span class='ocrx_word' id='word_1_519' title='bbox 1690 4128 1806 4181; x_wconf 88' lang='lat' dir='ltr'><strong>sine</strong></span> 
     </span>
    </p>
   </div>
   <div class='ocr_carea' id='block_1_72' title="bbox 223 4211 1807 4284">
    <p class='ocr_par' dir='ltr' id='par_1_72' title="bbox 223 4211 1807 4284">
     <span class='ocr_line' id='line_1_72' title="bbox 223 4211 1807 4284; baseline 0.005 -20"><span class='ocrx_word' id='word_1_520' title='bbox 223 4228 370 4266; x_wconf 85' lang='lat' dir='ltr'><strong>mora</strong></span> <span class='ocrx_word' id='word_1_521' title='bbox 397 4211 686 4269; x_wconf 85' lang='lat' dir='ltr'><strong>adductum</strong></span> <span class='ocrx_word' id='word_1_522' title='bbox 715 4215 781 4269; x_wconf 89' lang='lat' dir='ltr'><strong>de</strong></span> <span class='ocrx_word' id='word_1_523' title='bbox 819 4215 926 4269; x_wconf 87' lang='lat' dir='ltr'><strong>vita</strong></span> <span class='ocrx_word' id='word_1_524' title='bbox 951 4227 1006 4271; x_wconf 90' lang='lat' dir='ltr'><strong>et</strong></span> <span class='ocrx_word' id='word_1_525' title='bbox 1055 4217 1122 4271; x_wconf 89' lang='lat' dir='ltr'><strong>de</strong></span> <span class='ocrx_word' id='word_1_526' title='bbox 1151 4216 1397 4272; x_wconf 82' lang='lat' dir='ltr'><strong>doctrina</strong></span> <span class='ocrx_word' id='word_1_527' title='bbox 1449 4216 1568 4284; x_wconf 87' lang='lat' dir='ltr'><strong>ejus</strong></span> <span class='ocrx_word' id='word_1_528' title='bbox 1619 4219 1807 4272; x_wconf 83' lang='lat' dir='ltr'><strong>scisci-</strong></span> 
     </span>
    </p>
   </div>
   <div class='ocr_carea' id='block_1_73' title="bbox 225 4305 1804 4376">
    <p class='ocr_par' dir='ltr' id='par_1_73' title="bbox 225 4305 1804 4376">
     <span class='ocr_line' id='line_1_73' title="bbox 225 4305 1804 4376; baseline 0.006 -20"><span class='ocrx_word' id='word_1_529' title='bbox 225 4313 362 4368; x_wconf 85' lang='lat' dir='ltr'><strong>tans,</strong></span> <span class='ocrx_word' id='word_1_530' title='bbox 389 4321 516 4359; x_wconf 88' lang='lat' dir='ltr'><strong>cum</strong></span> <span class='ocrx_word' id='word_1_531' title='bbox 559 4321 680 4360; x_wconf 90' lang='lat' dir='ltr'><strong>eum</strong></span> <span class='ocrx_word' id='word_1_532' title='bbox 725 4306 794 4360; x_wconf 88' lang='lat' dir='ltr'><strong>ad</strong></span> <span class='ocrx_word' id='word_1_533' title='bbox 841 4305 1052 4375; x_wconf 85' lang='lat' dir='ltr'><strong>objecta</strong></span> <span class='ocrx_word' id='word_1_534' title='bbox 1101 4309 1424 4376; x_wconf 86' lang='lat' dir='ltr'><strong>respondere</strong></span> <span class='ocrx_word' id='word_1_535' title='bbox 1472 4308 1700 4372; x_wconf 84' lang='lat' dir='ltr'><strong>videret,</strong></span> <span class='ocrx_word' id='word_1_536' title='bbox 1739 4311 1804 4365; x_wconf 81' lang='lat' dir='ltr'><strong>ad</strong></span> 
     </span>
    </p>
   </div>
   <div class='ocr_carea' id='block_1_74' title="bbox 223 4395 1804 4468">
    <p class='ocr_par' dir='ltr' id='par_1_74' title="bbox 223 4395 1804 4468">
     <span class='ocr_line' id='line_1_74' title="bbox 223 4395 1804 4468; baseline 0.005 -22"><span class='ocrx_word' id='word_1_537' title='bbox 223 4395 400 4448; x_wconf 85' lang='lat' dir='ltr'><strong>sedem</strong></span> <span class='ocrx_word' id='word_1_538' title='bbox 451 4395 900 4451; x_wconf 71' lang='lat' dir='ltr'><strong>(latuerat-ensem</strong></span> <span class='ocrx_word' id='word_1_539' title='bbox 956 4398 1196 4466; x_wconf 87' lang='lat' dir='ltr'><strong>pertrahi</strong></span> <span class='ocrx_word' id='word_1_540' title='bbox 1249 4413 1372 4453; x_wconf 86' lang='lat' dir='ltr'><strong>eum</strong></span> <span class='ocrx_word' id='word_1_541' title='bbox 1417 4397 1589 4468; x_wconf 79' lang='lat' dir='ltr'><strong>jubet,</strong></span> <span class='ocrx_word' id='word_1_542' title='bbox 1629 4409 1683 4452; x_wconf 85' lang='lat' dir='ltr'><strong>nt</strong></span> <span class='ocrx_word' id='word_1_543' title='bbox 1732 4397 1804 4456; x_wconf 78' lang='lat' dir='ltr'><strong>ibi</strong></span> 
     </span>
    </p>
   </div>
   <div class='ocr_carea' id='block_1_75' title="bbox 1911 3294 3500 3372">
    <p class='ocr_par' dir='ltr' id='par_1_75' title="bbox 1911 3294 3500 3372">
     <span class='ocr_line' id='line_1_75' title="bbox 1911 3294 3500 3372; baseline 0.007 -27"><span class='ocrx_word' id='word_1_544' title='bbox 1911 3294 2221 3360; x_wconf 85' lang='lat' dir='ltr'><strong>pecuniam,</strong></span> <span class='ocrx_word' id='word_1_545' title='bbox 2245 3295 2436 3349; x_wconf 81' lang='lat' dir='ltr'><strong>altaria</strong></span> <span class='ocrx_word' id='word_1_546' title='bbox 2451 3306 2744 3368; x_wconf 88' lang='lat' dir='ltr'><strong>ceteraque</strong></span> <span class='ocrx_word' id='word_1_547' title='bbox 2763 3303 3360 3372; x_wconf 70' lang='lat' dir='ltr'><strong>necessarialargiendo</strong></span> <span class='ocrx_word' id='word_1_548' title='bbox 3387 3313 3500 3357; x_wconf 88' lang='lat' dir='ltr'><strong>toto</strong></span> 
     </span>
    </p>
   </div>
   <div class='ocr_carea' id='block_1_76' title="bbox 1915 3383 3498 3452">
    <p class='ocr_par' dir='ltr' id='par_1_76' title="bbox 1915 3383 3498 3452">
     <span class='ocr_line' id='line_1_76' title="bbox 1915 3383 3498 3452; baseline 0.008 -18"><span class='ocrx_word' id='word_1_549' title='bbox 1915 3383 2108 3438; x_wconf 72' lang='lat' dir='ltr'><strong>affectu</strong></span> <span class='ocrx_word' id='word_1_550' title='bbox 2141 3385 2471 3452; x_wconf 86' lang='lat' dir='ltr'><strong>ministrare,</strong></span> <span class='ocrx_word' id='word_1_551' title='bbox 2506 3387 2640 3440; x_wconf 89' lang='lat' dir='ltr'><strong>adeo</strong></span> <span class='ocrx_word' id='word_1_552' title='bbox 2669 3401 2724 3441; x_wconf 92' lang='lat' dir='ltr'><strong>ut</strong></span> <span class='ocrx_word' id='word_1_553' title='bbox 2757 3390 2808 3443; x_wconf 89' lang='lat' dir='ltr'><strong>in</strong></span> <span class='ocrx_word' id='word_1_554' title='bbox 2837 3393 2984 3446; x_wconf 90' lang='lat' dir='ltr'><strong>brevi</strong></span> <span class='ocrx_word' id='word_1_555' title='bbox 3029 3393 3180 3448; x_wconf 91' lang='lat' dir='ltr'><strong>locus</strong></span> <span class='ocrx_word' id='word_1_556' title='bbox 3205 3395 3290 3448; x_wconf 86' lang='lat' dir='ltr'><strong>ille</strong></span> <span class='ocrx_word' id='word_1_557' title='bbox 3327 3411 3354 3448; x_wconf 90' lang='lat' dir='ltr'><strong>a</strong></span> <span class='ocrx_word' id='word_1_558' title='bbox 3389 3395 3498 3449; x_wconf 70' lang='lat' dir='ltr'><strong>Dea</strong></span> 
     </span>
    </p>
   </div>
   <div class='ocr_carea' id='block_1_77' title="bbox 1915 3475 3492 3554">
    <p class='ocr_par' dir='ltr' id='par_1_77' title="bbox 1915 3475 3492 3554">
     <span class='ocr_line' id='line_1_77' title="bbox 1915 3475 3492 3554; baseline 0.007 -26"><span class='ocrx_word' id='word_1_559' title='bbox 1915 3475 2250 3538; x_wconf 85' lang='lat' dir='ltr'><strong>sublimatus,</strong></span> <span class='ocrx_word' id='word_1_560' title='bbox 2283 3477 2510 3532; x_wconf 87' lang='lat' dir='ltr'><strong>ecclesia</strong></span> <span class='ocrx_word' id='word_1_561' title='bbox 2543 3479 2756 3536; x_wconf 88' lang='lat' dir='ltr'><strong>clericis</strong></span> <span class='ocrx_word' id='word_1_562' title='bbox 2777 3483 3070 3553; x_wconf 82' lang='lat' dir='ltr'><strong>probisquc</strong></span> <span class='ocrx_word' id='word_1_563' title='bbox 3101 3485 3232 3540; x_wconf 88' lang='lat' dir='ltr'><strong>viris</strong></span> <span class='ocrx_word' id='word_1_564' title='bbox 3265 3485 3492 3554; x_wconf 87' lang='lat' dir='ltr'><strong>replere-</strong></span> 
     </span>
    </p>
   </div>
   <div class='ocr_carea' id='block_1_78' title="bbox 1917 3570 3491 3648">
    <p class='ocr_par' dir='ltr' id='par_1_78' title="bbox 1917 3570 3491 3648">
     <span class='ocr_line' id='line_1_78' title="bbox 1917 3570 3491 3648; baseline 0.01 -30"><span class='ocrx_word' id='word_1_565' title='bbox 1917 3575 2020 3630; x_wconf 84' lang='lat' dir='ltr'><strong>tur,</strong></span> <span class='ocrx_word' id='word_1_566' title='bbox 2048 3577 2102 3622; x_wconf 91' lang='lat' dir='ltr'><strong>et</strong></span> <span class='ocrx_word' id='word_1_567' title='bbox 2123 3570 2364 3624; x_wconf 88' lang='lat' dir='ltr'><strong>studiose</strong></span> <span class='ocrx_word' id='word_1_568' title='bbox 2387 3586 2449 3625; x_wconf 90' lang='lat' dir='ltr'><strong>ac</strong></span> <span class='ocrx_word' id='word_1_569' title='bbox 2469 3571 2716 3642; x_wconf 84' lang='lat' dir='ltr'><strong>religiose</strong></span> <span class='ocrx_word' id='word_1_570' title='bbox 2741 3577 2974 3630; x_wconf 81' lang='lat' dir='ltr'><strong>servitus</strong></span> <span class='ocrx_word' id='word_1_571' title='bbox 3003 3578 3096 3631; x_wconf 86' lang='lat' dir='ltr'><strong>Dci</strong></span> <span class='ocrx_word' id='word_1_572' title='bbox 3123 3579 3192 3633; x_wconf 91' lang='lat' dir='ltr'><strong>ibi</strong></span> <span class='ocrx_word' id='word_1_573' title='bbox 3219 3592 3491 3648; x_wconf 81' lang='lat' dir='ltr'><strong>ageretur.</strong></span> 
     </span>
    </p>
   </div>
   <div class='ocr_carea' id='block_1_79' title="bbox 1914 3657 3496 3732">
    <p class='ocr_par' dir='ltr' id='par_1_79' title="bbox 1914 3657 3496 3732">
     <span class='ocr_line' id='line_1_79' title="bbox 1914 3657 3496 3732; baseline 0.008 -23"><span class='ocrx_word' id='word_1_574' title='bbox 1914 3657 2042 3724; x_wconf 65' lang='lat' dir='ltr'><strong>Quae</strong></span> <span class='ocrx_word' id='word_1_575' title='bbox 2069 3663 2416 3732; x_wconf 78' lang='lat' dir='ltr'><strong>congregatio</strong></span> <span class='ocrx_word' id='word_1_576' title='bbox 2445 3663 2494 3716; x_wconf 89' lang='lat' dir='ltr'><strong>in</strong></span> <span class='ocrx_word' id='word_1_577' title='bbox 2538 3673 2744 3718; x_wconf 81' lang='lat' dir='ltr'><strong>tantum</strong></span> <span class='ocrx_word' id='word_1_578' title='bbox 2791 3665 2884 3720; x_wconf 88' lang='lat' dir='ltr'><strong>Dei</strong></span> <span class='ocrx_word' id='word_1_579' title='bbox 2935 3675 3066 3720; x_wconf 85' lang='lat' dir='ltr'><strong>nutu</strong></span> <span class='ocrx_word' id='word_1_580' title='bbox 3120 3669 3388 3728; x_wconf 79' lang='lat' dir='ltr'><strong>excrevit.</strong></span> <span class='ocrx_word' id='word_1_581' title='bbox 3435 3679 3496 3722; x_wconf 85' lang='lat' dir='ltr'><strong>ut</strong></span> 
     </span>
    </p>
   </div>
   <div class='ocr_carea' id='block_1_80' title="bbox 1912 3747 3494 3813">
    <p class='ocr_par' dir='ltr' id='par_1_80' title="bbox 1912 3747 3494 3813">
     <span class='ocr_line' id='line_1_80' title="bbox 1912 3747 3494 3813; baseline 0.009 -14"><span class='ocrx_word' id='word_1_582' title='bbox 1912 3747 2072 3800; x_wconf 86' lang='lat' dir='ltr'><strong>etiam</strong></span> <span class='ocrx_word' id='word_1_583' title='bbox 2120 3749 2347 3804; x_wconf 89' lang='lat' dir='ltr'><strong>domnus</strong></span> <span class='ocrx_word' id='word_1_584' title='bbox 2393 3751 2621 3807; x_wconf 83' lang='lat' dir='ltr'><strong>Alardns</strong></span> <span class='ocrx_word' id='word_1_585' title='bbox 2659 3754 3047 3810; x_wconf 78' lang='lat' dir='ltr'><strong>llasnoniensis</strong></span> <span class='ocrx_word' id='word_1_586' title='bbox 3077 3759 3376 3813; x_wconf 80' lang='lat' dir='ltr'><strong>monachus</strong></span> <span class='ocrx_word' id='word_1_587' title='bbox 3401 3761 3494 3812; x_wconf 91' lang='lat' dir='ltr'><strong>ab-</strong></span> 
     </span>
    </p>
   </div>
   <div class='ocr_carea' id='block_1_81' title="bbox 1911 3837 3496 3920">
    <p class='ocr_par' dir='ltr' id='par_1_81' title="bbox 1911 3837 3496 3920">
     <span class='ocr_line' id='line_1_81' title="bbox 1911 3837 3496 3920; baseline 0.009 -30"><span class='ocrx_word' id='word_1_588' title='bbox 1911 3837 2008 3892; x_wconf 90' lang='lat' dir='ltr'><strong>bas</strong></span> <span class='ocrx_word' id='word_1_589' title='bbox 2033 3839 2106 3892; x_wconf 85' lang='lat' dir='ltr'><strong>ibi</strong></span> <span class='ocrx_word' id='word_1_590' title='bbox 2137 3841 2510 3909; x_wconf 82' lang='lat' dir='ltr'><strong>preiicerctur,</strong></span> <span class='ocrx_word' id='word_1_591' title='bbox 2559 3853 2610 3898; x_wconf 92' lang='lat' dir='ltr'><strong>et</strong></span> <span class='ocrx_word' id='word_1_592' title='bbox 2643 3846 2850 3902; x_wconf 88' lang='lat' dir='ltr'><strong>nobiles</strong></span> <span class='ocrx_word' id='word_1_593' title='bbox 2892 3849 3092 3918; x_wconf 87' lang='lat' dir='ltr'><strong>quique</strong></span> <span class='ocrx_word' id='word_1_594' title='bbox 3121 3865 3386 3920; x_wconf 80' lang='lat' dir='ltr'><strong>pagenses</strong></span> <span class='ocrx_word' id='word_1_595' title='bbox 3411 3851 3496 3904; x_wconf 72' lang='lat' dir='ltr'><strong>vei</strong></span> 
     </span>
    </p>
   </div>
   <div class='ocr_carea' id='block_1_82' title="bbox 1911 3929 3492 4006">
    <p class='ocr_par' dir='ltr' id='par_1_82' title="bbox 1911 3929 3492 4006">
     <span class='ocr_line' id='line_1_82' title="bbox 1911 3929 3492 4006; baseline 0.011 -23"><span class='ocrx_word' id='word_1_596' title='bbox 1911 3943 1976 3983; x_wconf 67' lang='lat' dir='ltr'><strong>ex</strong></span> <span class='ocrx_word' id='word_1_597' title='bbox 2009 3929 2128 3984; x_wconf 76' lang='lat' dir='ltr'><strong>aliis</strong></span> <span class='ocrx_word' id='word_1_598' title='bbox 2159 3933 2450 4000; x_wconf 83' lang='lat' dir='ltr'><strong>provinciis</strong></span> <span class='ocrx_word' id='word_1_599' title='bbox 2480 3935 2674 3990; x_wconf 65' lang='lat' dir='ltr'><strong>saeculo</strong></span> <span class='ocrx_word' id='word_1_600' title='bbox 2701 3940 3100 4006; x_wconf 77' lang='lat' dir='ltr'><strong>renuaciaates,</strong></span> <span class='ocrx_word' id='word_1_601' title='bbox 3131 3941 3203 3996; x_wconf 89' lang='lat' dir='ltr'><strong>ibi</strong></span> <span class='ocrx_word' id='word_1_602' title='bbox 3235 3941 3335 3996; x_wconf 88' lang='lat' dir='ltr'><strong>sub</strong></span> <span class='ocrx_word' id='word_1_603' title='bbox 3367 3957 3492 4002; x_wconf 84' lang='lat' dir='ltr'><strong>nor-</strong></span> 
     </span>
    </p>
   </div>
   <div class='ocr_carea' id='block_1_83' title="bbox 1911 4025 3497 4100">
    <p class='ocr_par' dir='ltr' id='par_1_83' title="bbox 1911 4025 3497 4100">
     <span class='ocr_line' id='line_1_83' title="bbox 1911 4025 3497 4100; baseline 0.008 -26"><span class='ocrx_word' id='word_1_604' title='bbox 1911 4037 1996 4076; x_wconf 84' lang='lat' dir='ltr'><strong>ma</strong></span> <span class='ocrx_word' id='word_1_605' title='bbox 2023 4033 2222 4078; x_wconf 64' lang='lat' dir='ltr'><strong>saneea</strong></span> <span class='ocrx_word' id='word_1_606' title='bbox 2254 4025 2528 4096; x_wconf 77' lang='lat' dir='ltr'><strong>religionis</strong></span> <span class='ocrx_word' id='word_1_607' title='bbox 2555 4029 2902 4084; x_wconf 79' lang='lat' dir='ltr'><strong>confluerent.</strong></span> <span class='ocrx_word' id='word_1_608' title='bbox 2936 4031 3046 4085; x_wconf 90' lang='lat' dir='ltr'><strong>lloc</strong></span> <span class='ocrx_word' id='word_1_609' title='bbox 3092 4033 3276 4100; x_wconf 85' lang='lat' dir='ltr'><strong>itaque</strong></span> <span class='ocrx_word' id='word_1_610' title='bbox 3305 4047 3497 4088; x_wconf 70' lang='lat' dir='ltr'><strong>(teno-</strong></span> 
     </span>
    </p>
   </div>
   <div class='ocr_carea' id='block_1_84' title="bbox 1909 4112 3488 4188">
    <p class='ocr_par' dir='ltr' id='par_1_84' title="bbox 1909 4112 3488 4188">
     <span class='ocr_line' id='line_1_84' title="bbox 1909 4112 3488 4188; baseline 0.006 -22"><span class='ocrx_word' id='word_1_611' title='bbox 1909 4112 2058 4166; x_wconf 83' lang='lat' dir='ltr'><strong>bium</strong></span> <span class='ocrx_word' id='word_1_612' title='bbox 2110 4129 2278 4182; x_wconf 85' lang='lat' dir='ltr'><strong>usque</strong></span> <span class='ocrx_word' id='word_1_613' title='bbox 2325 4115 2484 4172; x_wconf 86' lang='lat' dir='ltr'><strong>hodie</strong></span> <span class='ocrx_word' id='word_1_614' title='bbox 2531 4120 2692 4174; x_wconf 83' lang='lat' dir='ltr'><strong>rebus</strong></span> <span class='ocrx_word' id='word_1_615' title='bbox 2739 4121 2918 4174; x_wconf 63' lang='lat' dir='ltr'><strong>saeculi</strong></span> <span class='ocrx_word' id='word_1_616' title='bbox 2967 4122 3284 4188; x_wconf 84' lang='lat' dir='ltr'><strong>dilatatum,</strong></span> <span class='ocrx_word' id='word_1_617' title='bbox 3339 4123 3488 4178; x_wconf 88' lang='lat' dir='ltr'><strong>omni</strong></span> 
     </span>
    </p>
   </div>
   <div class='ocr_carea' id='block_1_85' title="bbox 1908 4203 3490 4281">
    <p class='ocr_par' dir='ltr' id='par_1_85' title="bbox 1908 4203 3490 4281">
     <span class='ocr_line' id='line_1_85' title="bbox 1908 4203 3490 4281; baseline 0.007 -24"><span class='ocrx_word' id='word_1_618' title='bbox 1908 4203 2066 4258; x_wconf 74' lang='lat' dir='ltr'><strong>ﬂoret</strong></span> <span class='ocrx_word' id='word_1_619' title='bbox 2095 4206 2374 4276; x_wconf 80' lang='lat' dir='ltr'><strong>religione,</strong></span> <span class='ocrx_word' id='word_1_620' title='bbox 2403 4217 2458 4263; x_wconf 85' lang='lat' dir='ltr'><strong>et</strong></span> <span class='ocrx_word' id='word_1_621' title='bbox 2491 4210 2912 4281; x_wconf 83' lang='lat' dir='ltr'><strong>circumquaque</strong></span> <span class='ocrx_word' id='word_1_622' title='bbox 2942 4216 3270 4268; x_wconf 84' lang='lat' dir='ltr'><strong>monasteria</strong></span> <span class='ocrx_word' id='word_1_623' title='bbox 3321 4214 3490 4269; x_wconf 85' lang='lat' dir='ltr'><strong>multa</strong></span> 
     </span>
    </p>
   </div>
   <div class='ocr_carea' id='block_1_86' title="bbox 1909 4298 2681 4357">
    <p class='ocr_par' dir='ltr' id='par_1_86' title="bbox 1909 4298 2681 4357">
     <span class='ocr_line' id='line_1_86' title="bbox 1909 4298 2681 4357; baseline 0.009 -7"><span class='ocrx_word' id='word_1_624' title='bbox 1909 4298 2213 4354; x_wconf 87' lang='lat' dir='ltr'><strong>sanctitatis</strong></span> <span class='ocrx_word' id='word_1_625' title='bbox 2239 4299 2474 4356; x_wconf 87' lang='lat' dir='ltr'><strong>illustrat</strong></span> <span class='ocrx_word' id='word_1_626' title='bbox 2497 4303 2681 4357; x_wconf 89' lang='lat' dir='ltr'><strong>odore.</strong></span> 
     </span>
    </p>
   </div>
   <div class='ocr_carea' id='block_1_87' title="bbox 1919 4409 3486 4470">
    <p class='ocr_par' dir='ltr' id='par_1_87' title="bbox 1919 4409 3486 4470">
     <span class='ocr_line' id='line_1_87' title="bbox 1919 4409 3486 4470; baseline 0.004 -6"><span class='ocrx_word' id='word_1_627' title='bbox 1919 4431 1922 4434; x_wconf 69' lang='grc'><strong>’</strong></span> <span class='ocrx_word' id='word_1_628' title='bbox 1980 4411 2032 4464; x_wconf 87' lang='grc'><strong>5.</strong></span> <span class='ocrx_word' id='word_1_629' title='bbox 2074 4409 2152 4464; x_wconf 87' lang='lat' dir='ltr'><strong>De</strong></span> <span class='ocrx_word' id='word_1_630' title='bbox 2208 4413 2348 4466; x_wconf 66' lang='lat' dir='ltr'><strong>enim</strong></span> <span class='ocrx_word' id='word_1_631' title='bbox 2407 4415 2586 4468; x_wconf 84' lang='lat' dir='ltr'><strong>domui</strong></span> <span class='ocrx_word' id='word_1_632' title='bbox 2649 4416 2906 4469; x_wconf 77' lang='lat' dir='ltr'><strong>Waldrici</strong></span> <span class='ocrx_word' id='word_1_633' title='bbox 2961 4417 3184 4470; x_wconf 82' lang='lat' dir='ltr'><strong>abbatis.</strong></span> <span class='ocrx_word' id='word_1_634' title='bbox 3245 4415 3486 4470; x_wconf 74' lang='lat' dir='ltr'><strong>Rexerat</strong></span> 
     </span>
    </p>
   </div>
   <div class='ocr_carea' id='block_1_88' title="bbox 221 4475 3488 4580">
    <p class='ocr_par' dir='ltr' id='par_1_88' title="bbox 221 4475 3488 4580">
     <span class='ocr_line' id='line_1_88' title="bbox 221 4475 3488 4580; baseline 0.008 -42"><span class='ocrx_word' id='word_1_635' title='bbox 221 4499 380 4553; x_wconf 83' lang='lat' dir='ltr'><strong>super</strong></span> <span class='ocrx_word' id='word_1_636' title='bbox 407 4488 492 4541; x_wconf 88' lang='lat' dir='ltr'><strong>his</strong></span> <span class='ocrx_word' id='word_1_637' title='bbox 519 4489 726 4556; x_wconf 85' lang='lat' dir='ltr'><strong>plenius</strong></span> <span class='ocrx_word' id='word_1_638' title='bbox 749 4489 1130 4544; x_wconf 87' lang='lat' dir='ltr'><strong>discuteretur.</strong></span> <span class='ocrx_word' id='word_1_639' title='bbox 1160 4491 1318 4544; x_wconf 84' lang='lat' dir='ltr'><strong>Certo</strong></span> <span class='ocrx_word' id='word_1_640' title='bbox 1341 4491 1522 4560; x_wconf 87' lang='lat' dir='ltr'><strong>itaque</strong></span> <span class='ocrx_word' id='word_1_641' title='bbox 1547 4492 1634 4547; x_wconf 90' lang='lat' dir='ltr'><strong>die</strong></span> <span class='ocrx_word' id='word_1_642' title='bbox 1659 4495 1805 4548; x_wconf 62' lang='grc' dir='ltr'><strong>θερίδ-</strong></span> <span class='ocrx_word' id='word_1_643' title='bbox 1839 4475 1882 4534; x_wconf 80' lang='grc' dir='ltr'>υ</span> <span class='ocrx_word' id='word_1_644' title='bbox 1914 4501 2142 4557; x_wconf 88' lang='lat' dir='ltr'><strong>domnus</strong></span> <span class='ocrx_word' id='word_1_645' title='bbox 2164 4504 2330 4560; x_wconf 86' lang='lat' dir='ltr'><strong>abbas</strong></span> <span class='ocrx_word' id='word_1_646' title='bbox 2363 4506 2667 4562; x_wconf 82' lang='lat' dir='ltr'><strong>Waldricns</strong></span> <span class='ocrx_word' id='word_1_647' title='bbox 2706 4510 2992 4563; x_wconf 82' lang='lat' dir='ltr'><strong>ecclesiam</strong></span> <span class='ocrx_word' id='word_1_648' title='bbox 3029 4512 3170 4564; x_wconf 87' lang='lat' dir='ltr'><strong>hanc</strong></span> <span class='ocrx_word' id='word_1_649' title='bbox 3205 4509 3350 4580; x_wconf 80' lang='lat'><strong>(518)</strong></span> <span class='ocrx_word' id='word_1_650' title='bbox 3394 4527 3488 4564; x_wconf 89' lang='lat' dir='ltr'><strong>au-</strong></span> 
     </span>
    </p>
   </div>
   <div class='ocr_carea' id='block_1_89' title="bbox 223 4577 1802 4652">
    <p class='ocr_par' dir='ltr' id='par_1_89' title="bbox 223 4577 1802 4652">
     <span class='ocr_line' id='line_1_89' title="bbox 223 4577 1802 4652; baseline 0.006 -24"><span class='ocrx_word' id='word_1_651' title='bbox 223 4577 288 4629; x_wconf 90' lang='lat' dir='ltr'><strong>tis</strong></span> <span class='ocrx_word' id='word_1_652' title='bbox 323 4578 610 4636; x_wconf 86' lang='lat' dir='ltr'><strong>abbatibus</strong></span> <span class='ocrx_word' id='word_1_653' title='bbox 659 4591 714 4636; x_wconf 88' lang='lat' dir='ltr'><strong>et</strong></span> <span class='ocrx_word' id='word_1_654' title='bbox 763 4581 980 4636; x_wconf 87' lang='lat' dir='ltr'><strong>clericis</strong></span> <span class='ocrx_word' id='word_1_655' title='bbox 1025 4583 1377 4651; x_wconf 78' lang='lat' dir='ltr'><strong>Sapientibus.</strong></span> <span class='ocrx_word' id='word_1_656' title='bbox 1423 4585 1716 4652; x_wconf 87' lang='lat' dir='ltr'><strong>productus</strong></span> <span class='ocrx_word' id='word_1_657' title='bbox 1751 4586 1802 4652; x_wconf 84' lang='lat' dir='ltr'><strong>in</strong></span> 
     </span>
    </p>
   </div>
   <div class='ocr_carea' id='block_1_90' title="bbox 221 4670 1804 4742">
    <p class='ocr_par' dir='ltr' id='par_1_90' title="bbox 221 4670 1804 4742">
     <span class='ocr_line' id='line_1_90' title="bbox 221 4670 1804 4742; baseline 0.005 -20"><span class='ocrx_word' id='word_1_658' title='bbox 221 4670 394 4726; x_wconf 84' lang='lat' dir='ltr'><strong>medio</strong></span> <span class='ocrx_word' id='word_1_659' title='bbox 445 4673 512 4728; x_wconf 90' lang='lat' dir='ltr'><strong>de</strong></span> <span class='ocrx_word' id='word_1_660' title='bbox 551 4673 654 4728; x_wconf 63' lang='lat' dir='ltr'><strong>[ille</strong></span> <span class='ocrx_word' id='word_1_661' title='bbox 701 4674 972 4728; x_wconf 86' lang='lat' dir='ltr'><strong>catholica</strong></span> <span class='ocrx_word' id='word_1_662' title='bbox 1013 4675 1336 4742; x_wconf 82' lang='lat' dir='ltr'><strong>exquiritur.</strong></span> <span class='ocrx_word' id='word_1_663' title='bbox 1389 4673 1493 4728; x_wconf 84' lang='lat' dir='ltr'><strong>Sed</strong></span> <span class='ocrx_word' id='word_1_664' title='bbox 1547 4676 1632 4731; x_wconf 87' lang='lat' dir='ltr'><strong>ille</strong></span> <span class='ocrx_word' id='word_1_665' title='bbox 1665 4693 1804 4730; x_wconf 78' lang='lat' dir='ltr'><strong>verre</strong></span> 
     </span>
    </p>
   </div>
   <div class='ocr_carea' id='block_1_91' title="bbox 1913 4595 3495 4674">
    <p class='ocr_par' dir='ltr' id='par_1_91' title="bbox 1913 4595 3495 4674">
     <span class='ocr_line' id='line_1_91' title="bbox 1913 4595 3495 4674; baseline 0.007 -29"><span class='ocrx_word' id='word_1_666' title='bbox 1913 4595 1996 4647; x_wconf 89' lang='lat' dir='ltr'><strong>nis</strong></span> <span class='ocrx_word' id='word_1_667' title='bbox 2036 4595 2123 4660; x_wconf 77' lang='grc'><strong>56,</strong></span> <span class='ocrx_word' id='word_1_668' title='bbox 2170 4613 2338 4666; x_wconf 83' lang='lat' dir='ltr'><strong>seque</strong></span> <span class='ocrx_word' id='word_1_669' title='bbox 2393 4600 2516 4654; x_wconf 89' lang='lat' dir='ltr'><strong>boni</strong></span> <span class='ocrx_word' id='word_1_670' title='bbox 2549 4603 2727 4670; x_wconf 82' lang='lat' dir='ltr'><strong>operis</strong></span> <span class='ocrx_word' id='word_1_671' title='bbox 2779 4604 3081 4672; x_wconf 83' lang='lat' dir='ltr'><strong>exemplum</strong></span> <span class='ocrx_word' id='word_1_672' title='bbox 3131 4603 3359 4658; x_wconf 86' lang='lat' dir='ltr'><strong>subditis</strong></span> <span class='ocrx_word' id='word_1_673' title='bbox 3399 4619 3495 4674; x_wconf 87' lang='lat' dir='ltr'><strong>per</strong></span> 
     </span>
    </p>
   </div>
   <div class='ocr_carea' id='block_1_92' title="bbox 1910 4687 3491 4761">
    <p class='ocr_par' dir='ltr' id='par_1_92' title="bbox 1910 4687 3491 4761">
     <span class='ocr_line' id='line_1_92' title="bbox 1910 4687 3491 4761; baseline 0.008 -26"><span class='ocrx_word' id='word_1_674' title='bbox 1910 4687 2088 4738; x_wconf 85' lang='lat' dir='ltr'><strong>omnia</strong></span> <span class='ocrx_word' id='word_1_675' title='bbox 2134 4687 2447 4757; x_wconf 46' lang='lat' dir='ltr'><strong>pri-buccae</strong></span> <span class='ocrx_word' id='word_1_676' title='bbox 2495 4691 2798 4759; x_wconf 68' lang='lat' dir='ltr'><strong>multasque</strong></span> <span class='ocrx_word' id='word_1_677' title='bbox 2845 4693 3231 4761; x_wconf 77' lang='lat' dir='ltr'><strong>possessiones,</strong></span> <span class='ocrx_word' id='word_1_678' title='bbox 3275 4692 3491 4758; x_wconf 85' lang='lat' dir='ltr'><strong>altaria,</strong></span> 
     </span>
    </p>
   </div>
   <div class='ocr_carea' id='block_1_93' title="bbox 1751 4787 1978 4848">
    <p class='ocr_par' dir='ltr' id='par_1_93' title="bbox 1751 4787 1978 4848">
     <span class='ocr_line' id='line_1_93' title="bbox 1751 4787 1978 4848; baseline 0.04 -8"><span class='ocrx_word' id='word_1_679' title='bbox 1751 4787 1978 4848; x_wconf 68' lang='grc' dir='ltr'><strong>ΝΟΤίΕ.</strong></span> 
     </span>
    </p>
   </div>
   <div class='ocr_carea' id='block_1_94' title="bbox 293 4897 867 4972">
    <p class='ocr_par' dir='ltr' id='par_1_94' title="bbox 293 4897 867 4972">
     <span class='ocr_line' id='line_1_94' title="bbox 293 4897 867 4972; baseline 0.002 -21"><span class='ocrx_word' id='word_1_680' title='bbox 293 4897 438 4972; x_wconf 45' lang='grc' dir='ltr'><strong>(ἓξ)</strong></span> <span class='ocrx_word' id='word_1_681' title='bbox 471 4899 867 4972; x_wconf 59' lang='lat' dir='ltr'><strong>biarchieunes.</strong></span> 
     </span>
    </p>
   </div>
   <div class='ocr_carea' id='block_1_95' title="bbox 287 4967 1798 5039">
    <p class='ocr_par' dir='ltr' id='par_1_95' title="bbox 287 4967 1798 5039">
     <span class='ocr_line' id='line_1_95' title="bbox 287 4967 1798 5039; baseline 0.002 -18"><span class='ocrx_word' id='word_1_682' title='bbox 287 4967 436 5034; x_wconf 74' lang='lat' dir='ltr'><strong>(5M)</strong></span> <span class='ocrx_word' id='word_1_683' title='bbox 477 4969 572 5023; x_wconf 85' lang='lat' dir='ltr'><strong>Die</strong></span> <span class='ocrx_word' id='word_1_684' title='bbox 606 4985 672 5024; x_wconf 91' lang='lat' dir='ltr'><strong>eu</strong></span> <span class='ocrx_word' id='word_1_685' title='bbox 709 4969 1016 5038; x_wconf 82' lang='lat' dir='ltr'><strong>Danphiné.</strong></span> <span class='ocrx_word' id='word_1_686' title='bbox 1055 4969 1130 5023; x_wconf 83' lang='lat' dir='ltr'><strong>Ita</strong></span> <span class='ocrx_word' id='word_1_687' title='bbox 1182 4971 1328 5025; x_wconf 85' lang='lat' dir='ltr'><strong>enim</strong></span> <span class='ocrx_word' id='word_1_688' title='bbox 1377 4969 1606 5034; x_wconf 66' lang='lat' dir='ltr'><strong>correxi,</strong></span> <span class='ocrx_word' id='word_1_689' title='bbox 1655 4971 1798 5039; x_wconf 88' lang='lat' dir='ltr'><strong>quoi</strong></span> 
     </span>
    </p>
   </div>
   <div class='ocr_carea' id='block_1_96' title="bbox 225 5039 1230 5110">
    <p class='ocr_par' dir='ltr' id='par_1_96' title="bbox 225 5039 1230 5110">
     <span class='ocr_line' id='line_1_96' title="bbox 225 5039 1230 5110; baseline 0.004 -19"><span class='ocrx_word' id='word_1_690' title='bbox 225 5039 370 5110; x_wconf 71' lang='lat' dir='ltr'><strong>copia</strong></span> <span class='ocrx_word' id='word_1_691' title='bbox 390 5039 646 5110; x_wconf 68' lang='lat' dir='ltr'><strong>habebat</strong></span> <span class='ocrx_word' id='word_1_692' title='bbox 665 5056 686 5093; x_wconf 84' lang='lat'><strong>:</strong></span> <span class='ocrx_word' id='word_1_693' title='bbox 718 5039 1000 5110; x_wconf 64' lang='lat' dir='ltr'><strong>fingentem</strong></span> <span class='ocrx_word' id='word_1_694' title='bbox 1021 5039 1230 5096; x_wconf 72' lang='lat' dir='ltr'><strong>(Ediis.</strong></span> 
     </span>
    </p>
   </div>
   <div class='ocr_carea' id='block_1_97' title="bbox 290 5108 754 5177">
    <p class='ocr_par' dir='ltr' id='par_1_97' title="bbox 290 5108 754 5177">
     <span class='ocr_line' id='line_1_97' title="bbox 290 5108 754 5177; baseline 0 -15"><span class='ocrx_word' id='word_1_695' title='bbox 290 5108 442 5177; x_wconf 79' lang='lat' dir='ltr'><strong>t5l5)</strong></span> <span class='ocrx_word' id='word_1_696' title='bbox 465 5108 754 5164; x_wconf 74' lang='lat' dir='ltr'><strong>Monteusi.</strong></span> 
     </span>
    </p>
   </div>
   <div class='ocr_carea' id='block_1_98' title="bbox 1903 4891 3494 4966">
    <p class='ocr_par' dir='ltr' id='par_1_98' title="bbox 1903 4891 3494 4966">
     <span class='ocr_line' id='line_1_98' title="bbox 1903 4891 3494 4966; baseline 0.007 -26"><span class='ocrx_word' id='word_1_697' title='bbox 1903 4891 2128 4966; x_wconf 76' lang='lat' dir='ltr'><strong>cundum</strong></span> <span class='ocrx_word' id='word_1_698' title='bbox 2164 4911 2288 4966; x_wconf 72' lang='lat' dir='ltr'><strong>esse</strong></span> <span class='ocrx_word' id='word_1_699' title='bbox 2341 4897 2582 4954; x_wconf 76' lang='lat' dir='ltr'><strong>videtur.</strong></span> <span class='ocrx_word' id='word_1_700' title='bbox 2639 4895 3024 4966; x_wconf 64' lang='lat' dir='ltr'><strong>fraternitatem</strong></span> <span class='ocrx_word' id='word_1_701' title='bbox 3075 4905 3220 4948; x_wconf 83' lang='lat' dir='ltr'><strong>luam</strong></span> <span class='ocrx_word' id='word_1_702' title='bbox 3273 4895 3494 4951; x_wconf 77' lang='lat' dir='ltr'><strong>sollicite</strong></span> 
     </span>
    </p>
   </div>
   <div class='ocr_carea' id='block_1_99' title="bbox 1904 4961 3496 5039">
    <p class='ocr_par' dir='ltr' id='par_1_99' title="bbox 1904 4961 3496 5039">
     <span class='ocr_line' id='line_1_99' title="bbox 1904 4961 3496 5039; baseline 0.005 -27"><span class='ocrx_word' id='word_1_703' title='bbox 1904 4961 2062 5039; x_wconf 70' lang='lat' dir='ltr'><strong>laujns</strong></span> <span class='ocrx_word' id='word_1_704' title='bbox 2099 4965 2170 5017; x_wconf 86' lang='lat' dir='ltr'><strong>rei</strong></span> <span class='ocrx_word' id='word_1_705' title='bbox 2215 4970 2478 5039; x_wconf 61' lang='lat' dir='ltr'><strong>irritarent</strong></span> <span class='ocrx_word' id='word_1_706' title='bbox 2512 4961 2772 5039; x_wconf 62' lang='lat' dir='ltr'><strong>inquirere</strong></span> <span class='ocrx_word' id='word_1_707' title='bbox 2817 4967 3156 5020; x_wconf 81' lang='lat' dir='ltr'><strong>admonemus</strong></span> <span class='ocrx_word' id='word_1_708' title='bbox 3185 4982 3227 5039; x_wconf 89' lang='lat'><strong>,&#39;__</strong></span> <span class='ocrx_word' id='word_1_709' title='bbox 3249 4976 3296 5019; x_wconf 82' lang='lat' dir='ltr'><strong>et</strong></span> <span class='ocrx_word' id='word_1_710' title='bbox 3326 4967 3370 5020; x_wconf 79' lang='lat' dir='ltr'><strong>si</strong></span> <span class='ocrx_word' id='word_1_711' title='bbox 3409 4985 3496 5022; x_wconf 73' lang='lat' dir='ltr'><strong>eos</strong></span> 
     </span>
    </p>
   </div>
   <div class='ocr_carea' id='block_1_100' title="bbox 1905 5033 3497 5107">
    <p class='ocr_par' dir='ltr' id='par_1_100' title="bbox 1905 5033 3497 5107">
     <span class='ocr_line' id='line_1_100' title="bbox 1905 5033 3497 5107; baseline 0.004 -23"><span class='ocrx_word' id='word_1_712' title='bbox 1905 5033 1973 5084; x_wconf 81' lang='lat' dir='ltr'><strong>ad</strong></span> <span class='ocrx_word' id='word_1_713' title='bbox 2003 5043 2202 5107; x_wconf 67' lang='lat' dir='ltr'><strong>tantum</strong></span> <span class='ocrx_word' id='word_1_714' title='bbox 2226 5033 2786 5107; x_wconf 69' lang='lat' dir='ltr'><strong>crudeliteteuiimpias</strong></span> <span class='ocrx_word' id='word_1_715' title='bbox 2810 5053 2996 5091; x_wconf 81' lang='lat' dir='ltr'><strong>manus</strong></span> <span class='ocrx_word' id='word_1_716' title='bbox 3020 5036 3314 5107; x_wconf 67' lang='lat' dir='ltr'><strong>extendisse</strong></span> <span class='ocrx_word' id='word_1_717' title='bbox 3335 5053 3497 5104; x_wconf 88' lang='lat' dir='ltr'><strong>agno-</strong></span> 
     </span>
    </p>
   </div>
   <div class='ocr_carea' id='block_1_101' title="bbox 1905 5102 3500 5164">
    <p class='ocr_par' dir='ltr' id='par_1_101' title="bbox 1905 5102 3500 5164">
     <span class='ocr_line' id='line_1_101' title="bbox 1905 5102 3500 5164; baseline 0.004 -10"><span class='ocrx_word' id='word_1_718' title='bbox 1905 5102 2058 5161; x_wconf 72' lang='lat' dir='ltr'><strong>veris.</strong></span> <span class='ocrx_word' id='word_1_719' title='bbox 2093 5107 2158 5157; x_wconf 77' lang='lat' dir='ltr'><strong>ab</strong></span> <span class='ocrx_word' id='word_1_720' title='bbox 2185 5105 2398 5160; x_wconf 67' lang='lat' dir='ltr'><strong>introitu</strong></span> <span class='ocrx_word' id='word_1_721' title='bbox 2423 5117 2472 5158; x_wconf 62' lang='grc' dir='ltr'><em>ελ</em></span> <span class='ocrx_word' id='word_1_722' title='bbox 2495 5112 2638 5164; x_wconf 75' lang='grc' dir='ltr'><strong>οτηηὶ</strong></span> <span class='ocrx_word' id='word_1_723' title='bbox 2665 5102 3028 5162; x_wconf 72' lang='lat' dir='ltr'><strong>communione</strong></span> <span class='ocrx_word' id='word_1_724' title='bbox 3060 5103 3292 5160; x_wconf 76' lang='lat' dir='ltr'><strong>ecclesia:</strong></span> <span class='ocrx_word' id='word_1_725' title='bbox 3315 5102 3500 5160; x_wconf 64' lang='lat' dir='ltr'><strong>aucto-</strong></span> 
     </span>
    </p>
   </div>
  </div>
