4026 5370
494 345 600 399 ἘἩ

1436 320 1721 381 ΑΡΡΕΝῘ).
1766 318 1856 372 AD
1893 312 2116 370 GESTA
2159 307 2460 364 EPISCOP.
2503 303 2852 359 CAMERAC.

3656 292 3766 348 ’272

506 455 721 518 allodia,
755 463 854 506 suo
879 446 1056 502 studio
1078 440 1428 513 adquisierat.
1463 431 1892 506 Supervenicnte
1923 428 2085 500 igitur
2116 432 2157 490 Α
2192 422 2563 493 predationem
2591 419 2814 474 multam
2845 417 3059 481 fecisse,
3091 423 3146 470 et
3191 421 3348 484 capta
3384 411 3550 484 preda
3597 410 3766 480 pluri-

507 545 614 606 die,
637 516 744 611 quo
767 537 945 594 divina
978 534 1149 604 pietas
1174 545 1296 586 eum
1325 527 1392 582 ab
1414 522 1671 580 :crumnis
1695 517 1876 574 szcculi
1904 516 2084 586 dispo-

508 608 673 692 nebat
715 631 948 702 eripere,
982 627 1159 684 subita
1190 620 1479 691 corripitur
1506 612 1858 686 aegritudine;
1903 617 1957 663 et
1999 608 2083 662 de-

507 729 694 785 cidens
717 724 771 779 in
799 699 1020 786 lectum,
1045 713 1355 773 convocatis
1387 707 1643 765 fratribus
1669 712 1792 776 post
1833 699 2085 758 salutaris

508 819 714 874 monita
768 808 1163 870 exhortationis
1218 804 1464 860 ultimum
1515 797 1844 860 valedicens,
1894 795 2088 865 plenus

508 909 718 964 dierum
750 918 890 958 anno
920 899 1016 956 Dei
1047 895 1246 954 Christi
1296 891 1450 954 1085,
1505 887 1684 944 Idibus
1723 885 1893 950 Junii,
1945 884 2087 940 diem

509 997 703 1055 clausit
724 1005 1047 1052 extremum.
1077 1001 1132 1045 et
1155 988 1208 1042 in
1230 985 1410 1041 medio
1432 981 1674 1039 ecclesia:
1696 979 1953 1052 sepelitur
1965 993 2088 1035 cum

511 1080 1155 1143 maxima-lamentatione
1180 1076 1407 1130 fratrum
1437 1082 1493 1128 et
1517 1072 1767 1128 aliorum.

576 1178 633 1233 6.
657 1175 735 1230 De
755 1173 1000 1230 electione
1019 1168 1220 1224 abbatis
1241 1164 1514 1236 Cui/)‘ridi.
1554 1161 1951 1218 Convenicnles
1973 1160 2087 1215 fra-

511 1279 624 1326 tres
671 1269 738 1323 ad
777 1264 1084 1337 eligendum
1133 1261 1405 1323 abbatem,
1437 1265 1693 1329 quattuor
1723 1256 1788 1311 de
1832 1254 1944 1310 suis
1991 1255 2089 1310 eli-

513 1371 668 1435 gunt,
699 1370 754 1416 et
779 1374 875 1416 eos
904 1372 1028 1412 cum
1057 1352 1250 1409 baculo
1291 1349 1548 1423 paStorali
1581 1349 1648 1405 ad
1675 1348 1985 1419 episcopum
2013 1347 2092 1402 di-

512 1456 715 1525 rigunt,
740 1459 800 1506 ut
825 1449 1147 1517 cuicumque
1189 1458 1376 1500 eorum
1426 1442 1698 1497 abbatiam
1729 1440 1902 1502 daret,
1926 1439 2091 1494 ceteri

517 1547 823 1602 laudarent.
852 1543 923 1596 At
971 1540 1060 1594 ille
1094 1537 1360 1609 ejusmodi
1402 1533 1720 1591 electionem
1759 1531 2095 1604 perpendens

515 1652 621 1691 non
648 1649 767 1690 esse
792 1629 1148 1703 probabilem,
1165 1625 1394 1692 distulit,
1419 1632 1473 1680 et
1495 1622 1730 1694 acceptis
1750 1621 1980 1676 induciis
2002 1634 2095 1677 eos

516 1727 693 1782 redire
727 1721 989 1793 precepit.
1021 1719 1242 1775 interim
1271 1717 1502 1772 domnus
1543 1713 1740 1769 Petrus
1768 1711 1935 1768 abbas
1975 1710 2092 1766 Bel-

516 1816 763 1872 vacensis
785 1829 882 1886 pro
913 1812 1080 1868 fratre
1103 1825 1203 1865 suo
1228 1809 1423 1864 domno
1445 1804 1730 1871 Guill‘rido,
1754 1813 1808 1859 ct
1827 1803 1944 1875 ejus
1968 1803 2093 1875 peti-
2133 1797 2171 1853 li

519 1908 666 1963 tione
718 1905 1001 1976 episcopus
1053 1898 1462 1958 Laudunensis.
1505 1894 1840 1967 precatorias
1888 1892 2099 1948 litteras

519 1997 716 2051 domno
741 1992 982 2050 Gerardo
1027 1989 1281 2060 episcopo
1311 1985 1754 2041 transmiserunt.
1787 1981 1940 2052 Hugo
1966 1997 2100 2052 quo-

517 2100 625 2156 que
647 2083 973 2142 castellanus
1004 2080 1152 2152 (5l9)
1179 2094 1300 2134 cum
1346 2076 1467 2132 aliis
1497 2074 1679 2130 multis
1716 2088 1816 2144 pro
1845 2073 1946 2128 hoc
1984 2071 2101 2142 ipso

523 2185 771 2246 precator
806 2173 1069 2239 accessit;
1122 2181 1179 2234 et
1228 2170 1336 2224 hiis
1381 2168 1653 2222 animatus
1700 2163 1952 2236 precibus
1989 2162 2103 2233 epi-

521 2281 720 2337 scopus
736 2263 999 2320 Geraldus
1018 2260 1268 2317 abbatiali
1285 2258 1548 2330 dignitate
1575 2254 1906 2311 sublimavit.
1931 2252 2102 2321 Quam

522 2359 615 2413 ille
642 2365 945 2428 susceptam
973 2369 1072 2425 per
1100 2353 1306 2421 aliquot
1331 2363 1502 2405 annos
1535 2357 1792 2403 strennue
1823 2344 1984 2410 rexit,
2011 2344 2104 2399 sed

523 2457 710 2518 postea
743 2445 1016 2504 continuis
1067 2439 1473 2498 imminentibus
1524 2436 1733 2508 guerris
1778 2444 1834 2490 et
1871 2433 2106 2489 maxime

521 2539 672 2595 fame
718 2552 935 2608 magna,
959 2533 1189 2591 ecclesia
1219 2534 1335 2588 haec
1374 2528 1622 2586 devoluta
1656 2537 1742 2584 est
1778 2526 2103 2598 paupertati.

601 2631 653 2685 7.
689 2630 763 2685 De
789 2629 921 2684 bello
961 2627 1102 2698 apud
1131 2625 1309 2682 villam
1338 2623 1668 2679 Castenerias
1699 2621 1860 2691 facta.
1916 2621 1970 2674 lu
2016 2619 2107 2674 illo

533 2733 776 2793 tempore
806 2720 948 2790 apud
995 2718 1345 2773 Cameracum
1401 2716 1543 2770 inter
1570 2713 1846 2768 Oilardum
1897 2710 2106 2782 precia-

532 2829 650 2869 rum
674 2811 901 2867 militem
933 2818 989 2866 et
1017 2807 1318 2863 Iohannem
1359 2803 1574 2861 Ottonis
1613 2802 1800 2865 filium,
1852 2816 1951 2872 pro
1978 2814 2109 2870 qua—

530 2903 656 2956 dam
687 2901 809 2956 villa
839 2899 1092 2955 Vinciaco
1119 2894 1628 2970 t520),gravissima
1649 2902 1839 2948 exorta
1870 2900 1954 2947 est
1976 2907 2108 2948 con-

529 2991 721 3056 tentio,
748 2990 880 3045 adeo
908 2996 968 3042 ut
997 2987 1065 3041 ab
1097 2985 1326 3040 invicem
1354 2982 1611 3054 separati,
1638 2979 1776 3035 alter
1815 2994 2024 3044 eorum,
2057 2978 2110 3034 id

527 3093 612 3139 cst
649 3080 942 3144 Johannes,
971 3093 1093 3134 cum
1118 3075 1395 3131 Fulchone
1445 3079 1638 3143 nepote
1687 3086 1785 3125 suo
1831 3069 2108 3125 Cameraci

2190 517 2398 586 tuisque
2444 515 2614 585 captis
2653 512 2982 576 hominibus,
3013 522 3272 579 prospero
3300 519 3556 562 successu
3601 502 3768 558 citius

2189 623 2449 665 remeare.
2481 606 2642 662 Forte
2667 603 2858 660 mulier
2885 602 3152 672 quaedam,
3175 598 3420 669 conjugis
3448 596 3530 652 sui
3559 595 3771 664 captio-

2191 713 2314 754 nem
2373 696 2610 767 gravitcr
2657 694 2780 765 plus
2826 706 2982 762 :cquo
3022 690 3210 746 dolens
3255 699 3312 744 et
3370 686 3514 742 acuti
3566 683 3774 739 doloris

2191 791 2500 862 impatiens,
2531 804 2693 860 quam
2741 786 2956 842 concito
2993 798 3154 840 cursu
3190 789 3402 852 poterat
3425 778 3536 834 sola
3569 790 3772 846 scque-

2189 885 2369 939 batur.
2402 881 2508 938 Sed
2537 895 2643 936 non
2675 887 2791 934 erat
2818 876 2978 932 facile
3033 884 3093 930 ut
3127 879 3570 942 consequeretur.
3604 869 3778 939 Igitur

2191 972 2444 1028 inclinata
2494 969 2608 1040 jam
2660 969 2768 1034 die,
2820 966 3135 1022 imminente
3185 976 3436 1033 vespera,
3487 975 3596 1016 nox
3626 959 3774 1014 facta

2191 1074 2329 1131 erat,
2350 1079 2474 1121 eum
2509 1063 2595 1118 illa
2620 1063 2925 1134 proximam
2954 1059 3144 1115 silvam
3163 1056 3476 1120 deveniens,
3502 1068 3774 1124 nusquam

2191 1156 2444 1228 progredi
2503 1154 2692 1211 valeas
2721 1194 2738 1220 ,
2796 1165 3054 1224 oppressa
3111 1149 3320 1206 scilicet
3381 1148 3558 1203 noctis
3623 1155 3780 1201 tene-

2193 1250 2328 1315 bris,
2404 1263 2617 1304 merore
2654 1256 2708 1302 et
2754 1244 3070 1301 lassitudine
3113 1242 3377 1312 corporis,
3429 1255 3490 1296 se
3541 1239 3645 1294 sub
3691 1252 3780 1292 re-

2193 1353 2346 1413 perta
2413 1343 2614 1398 arbore
2678 1339 2881 1396 lassata
2944 1337 3128 1393 volens
3189 1335 3528 1406 requiescere
3599 1345 3779 1387 mem-

2195 1438 2290 1488 bra
2335 1474 2345 1487 .
2394 1474 2408 1488 .
2453 1472 2466 1487 .
2510 1431 2606 1487 ³⁸⁷.

2264 1525 2316 1582 9.
2363 1525 2436 1581 De
2456 1521 2781 1592 apparitione
2811 1519 3029 1592 maligni
3055 1517 3294 1590 spiritus.
3332 1514 3458 1570 “me
3486 1513 3578 1568 diu
3610 1511 3787 1569 semi-

2195 1615 2426 1686 vigilans
2473 1612 2745 1682 jacuerat,
2790 1626 2915 1666 cum
2966 1615 3192 1680 repente
3239 1605 3507 1676 malignus
3552 1603 3786 1675 spiritus

2199 1706 2300 1761 sub
2332 1705 2510 1774 aliqua
2540 1702 2737 1759 visibili
2768 1699 2950 1772 specie
2981 1713 3168 1756 coram
3215 1712 3278 1753 ea
3309 1697 3556 1760 adstans,
3607 1704 3663 1750 et
3717 1702 3784 1749 ut

2203 1802 2317 1873 ipsa
2358 1799 2514 1855 nobis
2550 1807 2734 1868 postea
2790 1794 2992 1856 retulit,
3043 1790 3196 1862 quasi
3243 1803 3468 1860 cappam
3517 1801 3680 1842 unam
3726 1784 3786 1839 in

2203 1907 2365 1946 manu
2391 1889 2663 1957 deferens,
2688 1887 2863 1942 induit
2887 1899 3031 1948 eam,
3069 1891 3125 1938 et
3155 1881 3236 1937 sic
3269 1895 3388 1936 eam
3418 1893 3487 1933 ex
3518 1887 3633 1932 toto
3661 1890 3788 1947 pos-

2203 1981 2361 2037 sedit.
2397 1979 2488 2036 llla
2515 1994 2638 2034 mox
2680 1978 2848 2035 ell'era
2876 1984 2930 2032 et
2957 1974 3041 2031 sui
3066 1973 3290 2030 omnino
3320 1970 3501 2027 nescia
3542 1968 3785 2040 prosilit,

2203 2080 2259 2126 et
2306 2070 2450 2141 quod
2499 2068 2770 2138 reliquum
2799 2076 2919 2123 erat
2972 2063 3167 2129 noctis,
3217 2062 3408 2118 silvam
3464 2073 3787 2130 peragrans.

2207 2161 2424 2216 tandem
2448 2174 2608 2216 mane
2632 2158 2779 2214 facto
2798 2172 2830 2214 e
2855 2156 2988 2214 silva
3023 2155 3387 2226 pregreditur.
3419 2152 3630 2222 Diuque
3650 2165 3789 2221 vaga

2205 2265 2306 2320 per
2330 2263 2492 2321 agros
2521 2249 2855 2312 discurrens,
2886 2245 2955 2301 ab
2983 2243 3173 2300 incolis
3216 2241 3612 2313 comprehensa
3652 2239 3791 2310 liga-

2208 2353 2316 2408 tur,
2349 2350 2404 2398 et
2430 2342 2602 2412 magis
2633 2340 2822 2396 ferinis
2850 2352 3012 2411 quam
3043 2336 3296 2393 humanis
3342 2333 3564 2390 vocibus
3619 2331 3793 2386 incla-

2207 2435 2433 2500 mitans,
2456 2433 2524 2489 ad
2556 2434 2656 2488 hoc
2680 2430 3062 2487 monasterium
3089 2426 3408 2486 verberibus
3429 2427 3633 2500 agitata
3667 2439 3796 2496 per-

2207 2525 2442 2580 ducitur.

2278 2618 2366 2671 10.
2404 2615 2480 2671 De
2515 2615 2821 2670 liberatione
2849 2612 3082 2690 mulieris
3105 2612 3464 2666 dwmoniaem.
3497 2609 3629 2676 Qure
3662 2609 3794 2662 dum

2209 2708 2486 2764 liminibus
2541 2707 2783 2762 ecclesiae
2859 2706 3288 2778 propinquaret,
3351 2703 3497 2758 velut
3548 2703 3796 2757 immane

2209 2797 2552 2870 precipitium
2587 2812 2907 2868 precavens,
2941 2798 3310 2860 retrocedere,
3347 2805 3402 2850 et
3445 2811 3512 2850 ne
3561 2795 3803 2849 intraret

2213 2899 2323 2944 toto
2364 2889 2559 2944 annisu
2603 2889 2892 2955 reluctari;
2923 2889 3017 2943 sed
3069 2904 3097 2940 τι
3145 2887 3489 2958 presentibus
3536 2886 3800 2957 impulsa,

2213 2982 2378 3036 immo
2399 2980 2567 3044 illata,
2599 2981 2656 3035 in
2681 2981 2862 3035 medio
2890 2978 3070 3049 templi
3117 2993 3302 3048 sparso
3328 2979 3590 3034 stramine
3631 2978 3804 3031 collu-

2213 3083 2386 3128 catur.
2429 3073 2612 3143 ibique
2654 3072 2902 3142 quamvis
2947 3072 3137 3127 stricte
3185 3071 3378 3142 ligata,
3411 3069 3807 3125 miserabiliter

530 3188 778 3239 manens,
815 3172 947 3227 bella
975 3178 1211 3241 pararet;
1237 3167 1375 3222 alter
1399 3181 1546 3232 vero,
1571 3165 1622 3220 id
1644 3173 1726 3220 est
1755 3163 2028 3229 O.lardus,
2054 3165 2105 3217 in
2139 3151 2182 3209 Ε
2217 3165 2320 3220 huc
2350 3164 2584 3233 illucque
2603 3162 2967 3218 volutabatur.
2989 3160 3219 3216 Horrida
3252 3157 3807 3224 facies,ﬂammantcs

535 3269 677 3321 hanc
725 3265 907 3318 villam
947 3262 1096 3332 (52l)
1143 3260 1389 3325 veniens,
1443 3256 1840 3312 conductorum
1882 3253 2112 3310 militum

533 3357 633 3412 sibi
661 3356 870 3427 copiam
893 3354 1223 3408 adsumeret.
1260 3349 1506 3417 Quadam
1537 3356 1720 3402 autem
1760 3346 1848 3403 die
1875 3357 2114 3416 tempore

535 3447 745 3506 messis,
763 3459 885 3500 eum
912 3443 1036 3498 hinc
1057 3451 1221 3512 atque
1244 3438 1388 3495 illinc
1409 3439 1610 3508 egressi
1635 3437 1703 3492 ad
1719 3437 1901 3494 villam
1929 3435 2112 3492 Caste-

536 3538 716 3593 nerias
747 3533 896 3607 (522)
927 3533 1206 3590 venientes
1250 3531 1353 3586 sibi
1393 3529 1727 3595 obviassent,
1759 3530 1952 3584 armati
1989 3543 2117 3584 con-

537 3627 886 3699 grediuntur;
907 3631 981 3688 et,
1001 3623 1292 3678 commisso
1307 3621 1455 3692 gravi
1480 3619 1672 3691 prelio,
1699 3620 1850 3690 pauci
1870 3635 1933 3674 ex
1962 3630 2117 3689 parte

537 3720 764 3786 Oilardi,
791 3720 884 3774 sed
918 3718 1072 3772 multi
1099 3732 1164 3771 ex
1195 3715 1575 3770 Cameracensi
1604 3715 1852 3769 exercitu
1892 3727 2118 3768 corrue-

542 3821 687 3868 runt.
711 3812 922 3866 lbertus
951 3822 1164 3879 quoque
1193 3822 1359 3878 nepos
1401 3805 1663 3876 episcopi,
1692 3816 1748 3860 et
1769 3805 1888 3860 Ado
1917 3804 1984 3859 de
2016 3802 2118 3857 Be-

541 3903 626 3958 leu
660 3901 836 3973 (5'23),
868 3898 1069 3969 egregii
1097 3897 1220 3964 viri,
1249 3896 1518 3952 interfecti
1555 3904 1719 3961 sunt;
1754 3894 1958 3950 Fulcho
1983 3907 2120 3962 quo-

540 4009 646 4064 que
669 4008 792 4050 cum
819 3989 1003 4046 multis
1033 3989 1258 4045 famosis
1279 3987 1411 4043 viris
1440 3995 1634 4057 captus
1667 3994 1773 4042 est.
1810 3985 1876 4040 Et
1920 3985 1998 4040 sic
2028 3983 2118 4040 0i-

541 4086 726 4141 lardus
750 4082 1036 4139 victoriam
1059 4080 1304 4151 adeptus.
1321 4080 1562 4153 gaudens
1591 4079 1838 4143 recessit,
1869 4087 1924 4133 et
1951 4076 2119 4146 spolia

541 4189 713 4246 equos
737 4182 791 4229 et
823 4172 1068 4242 captivos
1097 4170 1362 4226 militibus
1405 4171 1517 4225 suis
1562 4169 1865 4240 largissime
1917 4167 2117 4223 divisit.

543 4267 610 4321 Et
640 4265 942 4336 prcdictum
995 4262 1351 4326 Fulchonem,
1381 4261 1649 4316 sororium
1697 4273 1878 4322 suum,
1926 4259 1980 4313 in
2033 4273 2122 4314 ca-

542 4357 726 4427 ptioue
755 4369 897 4409 anno
923 4368 1030 4408 uno
1061 4352 1323 4416 detinuit;
1352 4352 1445 4406 sed
1477 4361 1663 4420 postea
1691 4364 1786 4420 per
1811 4350 2121 4420 episcopum

2214 3257 2381 3319 oculi,
2435 3257 2719 3312 horrorem
2762 3255 3162 3326 quodammodo
3212 3253 3544 3308 intuentibus
3588 3253 3812 3323 ingere-

2218 3348 2368 3401 bant.
2431 3344 2565 3401 Nam
2609 3353 2666 3402 et
2707 3361 2804 3402 ore
2857 3359 3114 3416 spumans
3143 3341 3810 3414 linguamquedentibus

2220 3439 2511 3494 masticans
2532 3437 2884 3508 sanguineam
2908 3435 3132 3491 salivam
3167 3435 3220 3488 in
3248 3434 3573 3504 aspicientes
3591 3445 3810 3501 expue-

2219 3531 2331 3594 hat,
2377 3537 2436 3584 ut
2459 3537 2646 3600 aperte
2673 3527 2898 3583 daretur
2939 3527 3157 3598 agnosci
3207 3525 3454 3581 exterius
3507 3539 3614 3594 quo
3645 3523 3812 3577 babi-

2220 3629 2396 3674 latore
2419 3627 2712 3676 vexaretur
2741 3617 2989 3672 interius.
3027 3615 3135 3672 Nos
3181 3631 3312 3672 vero
3349 3617 3486 3670 diris
3527 3613 3644 3682 ejus
3689 3615 3810 3669 cla-

2220 3707 2460 3763 moribus
2482 3716 2539 3763 et
2567 3708 2796 3779 strepitu
2821 3707 2965 3779 vulgi
2999 3707 3378 3764 concurrentis
3403 3705 3657 3775 permoti,
3681 3713 3813 3775 post

2221 3799 2429 3871 aliquot
2472 3801 2639 3856 horas
2671 3802 3023 3868 accessimus;
3053 3810 3110 3856 et
3159 3801 3381 3872 maligni
3427 3800 3598 3856 hostis
3645 3799 3701 3854 in
3739 3814 3812 3854 ea

2222 3892 2609 3948 habitationem
2658 3897 3080 3964 pcrpeudtntes,
3112 3895 3382 3965 simulque
3414 3894 3534 3963 ejus
3576 3894 3814 3950 calami-

2222 3982 2317 4036 tati
2348 3983 2762 4054 compatientes,
2803 3985 3064 4054 prolatam
3101 4001 3298 4057 aquam
3347 3985 3587 4056 reliquiis
3630 3986 3811 4040 sancti

2221 4072 2453 4130 Andrete
2501 4085 2817 4130 reverenter
2859 4077 3214 4148 signavimus.
3263 4087 3321 4134 et
3368 4076 3684 4135 sumendam
3716 4076 3806 4132 ori

2194 4164 2338 4233 ejus
2369 4164 2682 4221 obtulimus.
2723 4165 2812 4220 illa
2866 4182 3016 4233 vero,
3070 4183 3134 4223 ac
3181 4170 3229 4223 si
3279 4169 3620 4226 mortiferum
3666 4168 3805 4239 quid

2223 4257 2546 4321 abhorrens,
2576 4267 2836 4326 quantum
2864 4259 3038 4328 potuit
3065 4274 3094 4314 a
3127 4274 3187 4315 se
3218 4260 3560 4330 indignanter
3585 4258 3815 4328 repulit.

2225 4346 2330 4402 Sed
2358 4348 2637 4402 adstantes
2675 4348 2940 4417 supinata:
2967 4349 3126 4418 eique
3168 4351 3360 4405 dentes
3400 4350 3687 4419 srringenti
3720 4350 3814 4403 in-

543 4459 598 4502 et
625 4447 1018 4528 Theodericum
1053 4445 1120 4501 de
1158 4445 1388 4499 Avesnis
1428 4443 1767 4509 concordati,
1798 4442 1958 4496 amici
1997 4457 2120 4512 per-
2149 4485 2202 4545 Β
2226 4446 2436 4492 stanter
2481 4437 2564 4493 ori
2616 4436 2733 4508 ejus
2783 4437 3072 4495 infundere
3118 4450 3422 4511 ccepcrunt,
3472 4443 3642 4496 donec
3688 4439 3813 4511 ipsa

547 4547 883 4593 manserunt.

620 4631 671 4684 8.
703 4629 791 4698 .De
819 4630 1037 4684 muliere
1075 4645 1106 4682 a
1139 4628 1380 4682 demonio
1413 4638 1616 4682 vexata.
1642 4627 1792 4694 Quod
1820 4637 1999 4682 autem
2024 4631 2123 4684 sub

548 4721 835 4780 occasione
885 4720 1114 4789 predicti
1144 4718 1349 4775 Oilardi
1395 4718 1482 4773 hic
1528 4719 1761 4774 vidimus
1808 4720 2120 4789 contigisse,

549 4807 751 4863 nemini
781 4808 852 4862 sit
871 4821 1160 4863 onerosum
1179 4807 1263 4860 vel
1295 4807 1472 4870 legere
1499 4805 1582 4859 vel
1605 4806 1812 4860 audire.
1832 4805 1931 4862 ilic
1955 4807 2123 4876 siqui-

552 4898 673 4952 dem
697 4913 820 4952 cum
845 4895 1044 4950 virtute
1071 4895 1272 4949 militia:
1288 4897 1708 4964 circumquaque
1735 4893 1973 4950 famosus
1993 4895 2122 4948 viri-

550 4989 650 5043 bus
675 4995 729 5042 et
751 4985 918 5041 armis
951 4984 1398 5040 Cameracensem
1431 4992 1672 5039 tueretur
1700 4984 1951 5054 patriam,
1992 4999 2124 5038 con-

2227 4527 2523 4584 anhelitum
2587 4530 2894 4592 retrahens.
2943 4529 3337 4601 aliquantulum
3386 4549 3451 4588 ex
3507 4534 3620 4602 ipsa
3663 4547 3814 4602 aqua

2229 4625 2530 4693 perciperet
2553 4625 2607 4680 in
2643 4634 2859 4698 gutture
2885 4640 2950 4682 ac
2978 4625 3284 4698 deglutiret.
3311 4627 3429 4694 Quo
3453 4626 3592 4681 facto
3616 4641 3817 4682 eerne-

2229 4726 2315 4766 res
2362 4713 2413 4765 in
2463 4723 2737 4769 momento
2765 4715 2904 4770 sicut
2938 4716 3116 4787 ignem
3169 4717 3410 4784 extingui
3446 4730 3609 4785 aqua,
3636 4724 3817 4770 totum

2231 4802 2467 4857 furorem
2528 4803 2644 4873 ejus
2698 4809 2919 4859 oiuriino
2980 4809 3283 4876 mitigatum
3335 4806 3693 4866 dcferbuisse.
3761 4816 3821 4860 et

2231 4895 2403 4966 ipsam
2435 4895 2582 4950 velut
2623 4897 2849 4952 alteram
2879 4898 3148 4958 affectam.
3188 4907 3242 4970 et
3282 4898 3397 4968 jam
3444 4899 3819 4964 immutatam,

2231 4987 2335 5041 leni
2362 4986 2532 5049 vultu,
2567 4987 2775 5042 blandis
2800 4987 2972 5042 oculis
3003 5003 3102 5040 nos
3135 4990 3549 5061 respicientem,
3579 4996 3635 5043 et
3665 4985 3818 5043 lenta
