4026 5370
186 310 284 365 375

184 524 405 565 cessare
431 519 765 582 poteramus,
790 518 984 588 quippe
1012 522 1104 591 qui
1131 522 1369 577 divinam
1390 524 1618 595 gratiam
1644 540 1761 596 pre.

184 610 395 656 sentem
448 604 520 659 ibi
566 609 779 664 meritis
826 612 998 667 sancti
1060 614 1289 684 apostoli
1342 626 1618 687 operatam
1648 634 1766 676 esse

186 690 523 751 videbamus.
556 696 814 756 Protinus
841 702 954 769 illa,
971 703 1145 760 soluta
1165 720 1197 760 a
1218 706 1469 773 vinculis,
1495 710 1656 781 erigit
1683 724 1762 775 se,

183 792 516 852 ctquassata
552 791 795 845 membra
822 803 1157 863 sustentans,
1189 799 1516 866 pedetentim
1546 816 1766 872 gressus

185 889 400 930 movere
427 878 616 948 coepit,
644 882 918 941 admirans
959 887 1099 944 unde
1120 888 1228 944 huc
1252 890 1484 957 venerit,
1524 892 1608 948 vel
1645 895 1767 964 quis

184 979 299 1017 eam
323 965 502 1021 desub
524 970 725 1028 arbore
752 973 955 1043 tulerit,
988 988 1083 1033 aut
1131 980 1402 1050 quomodo
1449 997 1643 1054 cappa,
1699 986 1766 1040 de

183 1072 285 1127 qua
310 1074 484 1131 supra
509 1062 772 1133 diximus,
808 1076 972 1124 exuta
1012 1067 1195 1127 fuerit.
1254 1072 1362 1128 Sed
1405 1074 1474 1130 ab
1526 1075 1631 1131 hiis
1674 1077 1764 1147 qui

184 1149 411 1205 aderant
441 1167 567 1223 qua:
590 1155 735 1211 circa
769 1171 827 1213 se
853 1169 1005 1227 gesta
1036 1172 1195 1218 erant
1227 1164 1432 1220 certius
1472 1181 1765 1237 agnoceus,

182 1249 232 1294 et
259 1241 327 1295 al
364 1257 428 1297 se
457 1241 773 1314 plenissime
802 1266 1039 1318 reversa,
1061 1264 1186 1310 ante
1215 1254 1386 1312 altare
1433 1272 1556 1314 cum
1607 1259 1768 1315 lacri-

184 1329 281 1386 mis
334 1336 730 1402 prosternitur,
783 1348 838 1393 et
877 1356 936 1398 se
986 1344 1235 1399 ancillam
1284 1347 1457 1403 sancti
1509 1348 1560 1403 in
1610 1359 1765 1405 aeter-

183 1435 304 1472 num
336 1436 465 1478 esse
498 1425 735 1481 devovit.
770 1430 849 1485 Ac
896 1441 1083 1501 postea
1127 1432 1331 1491 refecta
1357 1436 1480 1492 cibo
1528 1468 1593 1477 —
1641 1453 1765 1493 nam

184 1510 233 1563 in
269 1512 460 1571 triduo
491 1516 628 1572 nihil
667 1519 845 1576 victus
881 1534 1189 1594 sumpserat
1218 1556 1289 1567 -—
1314 1536 1530 1598 recepto
1554 1544 1767 1600 quoque

182 1602 398 1671 marito,
432 1608 680 1677 gaudens
707 1619 764 1665 et
787 1626 922 1666 sana
950 1616 1212 1671 remeavit
1238 1616 1305 1672 ad
1339 1618 1579 1688 propria.

250 1691 339 1746 ll.
385 1693 469 1749 De
496 1696 768 1753 discordis
793 1701 937 1771 rrgnt'
963 1712 1011 1756 et
1035 1705 1335 1759 sacerdotii.
1376 1704 1769 1763 Hildebrandus

183 1798 314 1852 papa
345 1782 614 1841 Romana:
641 1789 756 1843 sedi
792 1804 914 1846 cum
941 1792 1088 1848 omni
1123 1793 1379 1865 religione
1426 1794 1754 1865 presidebat.
1794 1795 1839 1854 Β

184 1873 283 1928 Sed
310 1874 623 1946 imperator
650 1876 917 1937 Henricus
960 1881 1219 1940 Romana:
1256 1884 1517 1941 Ecclesiae
1576 1894 1632 1943 et
1674 1887 1759 1942 de-

184 1968 343 2025 cretis
365 1970 688 2041 apostolicis
711 1976 1041 2031 concordare
1062 1977 1311 2045 nolebat;
1348 1980 1519 2036 immo
1549 1994 1766 2036 excom-

184 2059 491 2116 niuuicatus
520 2077 716 2119 omnes
756 2066 1000 2123 subditos
1039 2081 1193 2139 papae
1215 2069 1498 2141 episcopos
1532 2071 1769 2142 graviter

185 2149 597 2221 insequebatur.
627 2151 762 2209 Nam
786 2163 842 2211 et
873 2165 1252 2216 antecessores
1277 2174 1407 2216 suos
1452 2161 1651 2217 talibus
1678 2161 1769 2217 de-

184 2242 344 2297 cretis
370 2258 676 2315 numquam
704 2248 1046 2305 consensisse
1066 2251 1306 2321 dicebat,
1333 2254 1458 2324 quia
1480 2262 1535 2309 et
1561 2253 1770 2325 episco-

186 2330 317 2399 palia
351 2332 591 2404 insignia
619 2335 769 2390 omni
803 2346 1041 2408 tempore
1065 2339 1359 2397 dedissent.
1379 2342 1633 2399 Preterea
1661 2342 1769 2398 ela-

186 2430 291 2473 min
320 2437 451 2476 eum
485 2422 723 2479 faciebat
753 2426 1009 2495 victoria,
1037 2445 1143 2500 qua
1164 2430 1455 2488 Rodullum
1479 2434 1766 2504 quendam,

186 2526 339 2581 quem
366 2510 616 2569 Saxones
645 2514 746 2570 sibi
782 2526 970 2572 contra
1012 2534 1134 2574 eum
1178 2535 1358 2593 regem
1405 2521 1768 2592 prefeceraut,

187 2614 305 2658 ante
330 2619 514 2662 annos
544 2607 894 2677 quamplures
927 2610 980 2666 in
1015 2611 1158 2667 bello
1203 2614 1570 2670 interfecerat.
1598 2614 1771 2670 Filius

184 2708 402 2764 quoque
429 2694 551 2766 ejus
578 2695 843 2755 llcnricus
862 2699 1076 2767 juvenis
1111 2712 1166 2758 et
1196 2687 1461 2760 marcbisa
1502 2703 1772 2761 Μειιιιίιάἰε

185 2784 503 2856 fxequenter
540 2788 590 2844 ei
628 2791 1027 2863 quamplurima
1080 2794 1215 2849 bella
1272 2798 1556 2866 parabant.
1608 2797 1773 2870 lthur

188 2887 298 2943 post
328 2876 610 2948 prefatum
640 2878 1061 2937 llildebraudum
1094 2883 1231 2949 Odn,
1284 2887 1375 2957 qui
1424 2897 1478 2943 et
1529 2888 1773 2944 Urbanus

188 2967 237 3019 in
263 2966 523 3022 Romana
556 2969 686 3025 sede
718 2973 1001 3040 sueressit,
1027 2975 1109 3029 vir
1138 2977 1585 3046 sapientissimus,
1623 2979 1772 3050 prius

190 3058 479 3117 Emensis
507 3062 826 3130 canonicus,
844 3074 1028 3135 postea
1055 3065 1428 3126 Cluniacensis
1455 3072 1769 3137 monachus,

189 3148 309 3202 dein
343 3163 488 3219 papa
517 3115 873 3208 est'etl‘ccttisr.
901 3152 998 3209 llic
1023 3169 1120 3224 per
1157 3158 1341 3212 omnia
1371 3115 1771 3228 predecessoris
1800 3147 1841 3207 (ἶ
1878 3115 2510 3228 Tffmﬁnf?’

189 3238 266 3293 sui
297 3240 360 3294 in
389 3240 776 3299 ecclesiacticis
797 3245 1167 3303 sanctionibus
1185 3256 1401 3306 secutus
1420 3258 1505 3305 est
1526 3251 1770 3321 vestigia.

190 3327 515 3385 Remeusem
552 3345 680 3389 vero
706 3333 992 3391 ecclesiam
1031 3345 1153 3407 post
1177 3336 1495 3394 Gervasium
1545 3340 1767 3395 Raimil-

190 3421 313 3486 dus,
346 3419 688 3479 Turonensis
724 3424 967 3485 ecclesiae
1002 3437 1210 3493 custos,
1258 3428 1499 3500 regebat.
1537 3428 1773 3485 Domnus

196 3527 321 3567 vero
376 3512 656 3569 Gerardus
700 3515 1077 3573 Cameraceusi
1117 3520 1257 3576 bene
1303 3519 1630 3591 presidebat.
1682 3520 1780 3575 Pa-

194 3604 353 3658 triam
390 3613 577 3661 autem
604 3605 723 3677 ejus
754 3607 909 3664 miles
935 3607 1214 3676 Oilardus,
1257 3625 1419 3681 quem
1457 3625 1621 3682 supra
1664 3626 1777 3667 me—

195 3696 551 3763 moravimus,
579 3696 783 3752 virtute
808 3713 906 3753 sua
932 3708 987 3754 et
1015 3700 1301 3771 prudentia
1336 3710 1583 3771 pacatam
1614 3702 1774 3756 tituli-

195 3799 297 3853 que
332 3795 392 3841 et
423 3786 733 3855 opulentam
769 3786 1024 3843 faciebat.
1079 3787 1185 3844 Sed
1227 3792 1496 3859 quomodo
1542 3790 1625 3847 vel
1670 3782 1777 3862 quo

197 3875 496 3931 infortunio
525 3885 734 3932 tantum
757 3877 1097 3935 defensorem
1124 3880 1275 3949 plebs
1298 3881 1562 3949 amiserit,
1592 3883 1778 3953 paucis

201 3967 579 4023 intimandum.

268 4060 358 4114 η.
400 4060 479 4115 De
508 4073 669 4117 morte
691 4062 919 4118 Oilardi.
945 4062 1042 4120 llic
1074 4064 1253 4134 itaque
1279 4080 1400 4121 cum
1432 4067 1665 4136 quadam
1691 4065 1779 4120 die

203 4149 267 4202 de
295 4150 448 4204 curia
479 4149 793 4209 Flaudrensi
830 4162 1219 4219 reverteretur,
1261 4163 1316 4208 et
1353 4165 1554 4209 terram
1600 4153 1781 4225 Hugo—

206 4241 286 4292 nis
332 4240 637 4307 castellani,
672 4254 862 4313 postea
917 4245 1168 4300 monachi
1218 4243 1391 4316 (524),
1444 4244 1779 4315 pertransire

206 4330 386 4395 \ellet,
421 4331 623 4403 Symon
673 4333 815 4389 filius
869 4334 1041 4403 ipsius
1098 4334 1336 4407 llngonis
1381 4350 1505 4390 cum
1559 4333 1778 4389 militari

208 4434 360 4473 manu
393 4434 516 4474 eum
542 4431 885 4492 prosecutus,
927 4422 981 4477 in
1030 4422 1311 4479 ecelesiola
1355 4422 1498 4478 villae
1547 4438 1668 4493 qua:
1697 4433 1781 4478 est

208 4506 412 4574 Cbaun,
444 4524 567 4564 cum
603 4525 711 4566 uno
745 4520 955 4565 tantum
987 4512 1185 4567 comite
1209 4543 1278 4552 -—
1308 4527 1431 4567 nam
1473 4513 1664 4577 ceteri,
1695 4529 1779 4569 re-

212 4596 330 4654 licto
352 4613 439 4667 eo,
464 4599 686 4671 dispersi
713 4601 1027 4675 fugerant—
1064 4601 1301 4669 inclusit,
1338 4611 1393 4659 et
1422 4603 1557 4657 mira
1583 4604 1783 4658 virtute

212 4688 383 4757 gladio
433 4702 785 4763 pugnantem,
850 4692 1040 4767 clypeo
1094 4710 1153 4750 se
1198 4704 1566 4767 protegentem
1614 4696 1784 4753 donec

219 4781 511 4838 ferientium
561 4783 759 4840 ictibus
806 4784 1059 4840 concisus
1093 4801 1124 4841 e
1180 4784 1433 4841 manibus
1487 4787 1782 4852 laberetur,

220 4873 390 4928 inultis
413 4873 722 4930 confossum
748 4874 1063 4931 vulneribus
1093 4875 1383 4931 interfecit.
1411 4876 1609 4949 Sicque
1643 4894 1787 4933 mor-

223 4971 330 5019 tuus
352 4965 562 5022 delatus
587 4967 654 5022 ad
687 4981 811 5031 nos,
835 4968 887 5021 in
920 4966 1158 5024 claustro
1182 4978 1367 5026 nostro
1392 4973 1655 5041 sepultus,
1686 4974 1787 5027 sub

224 5071 479 5113 marmore
527 5058 804 5114 clauditur
841 5073 969 5113 uno.
1022 5057 1117 5114 llic
1166 5059 1287 5117 linis
1317 5060 1453 5129 ejus,
1497 5063 1647 5119 omni
1695 5079 1787 5133 pas

227 5151 327 5204 tria:
372 5151 652 5208 dolendus.
709 5151 794 5205 Ab
854 5151 971 5218 ipso
1029 5150 1189 5206 etiam
1264 5151 1529 5212 habemus
1592 5154 1783 5210 allodia

225 5241 397 5306 multa,
428 5259 548 5313 qua:
596 5242 929 5299 hereditarie
973 5242 1295 5309 possidebat,
1350 5243 1416 5299 de
1469 5244 1787 5304 lelediolauis

882 318 1200 376 CIIRONIC.
1237 322 1296 378 S.
1339 323 1644 381 ANDREA‘I
1681 328 1932 384 CASTRI
1973 331 2454 392 CAMEIlACESlI.
2485 368 2547 377 -
2579 336 2702 392 LIB.
2732 336 2816 391 ιιι.

186 435 349 476 voces
376 419 557 477 laudis
576 424 879 493 emittente,
901 444 1001 487 nec
1018 446 1051 486 a
1073 430 1320 488 laudibus
1344 448 1442 489 nec
1464 452 1491 487 a
1526 435 1763 492 lacrimis
1793 447 1836 501 Α

3335 334 3436 389 2η

1938 443 2022 497 l5.
2062 443 2138 498 De
2173 445 2326 517 plaga
2361 448 2679 524 ardentium.
2725 449 2883 503 Anno
2922 446 3015 505 Dei
3043 445 3244 502 Christi
3278 446 3434 511 1089,

1867 532 2064 589 celebri
2096 537 2354 591 memoria
2388 537 2584 607 ubique
2610 548 2876 593 terrarum
2911 537 3165 602 innotuit,
3196 544 3248 591 et
3284 537 3438 592 libris

1867 625 2148 682 annalibus
2181 630 2434 684 traditum
2481 629 2828 696 describitur,
2877 644 3000 685 cum
3044 627 3192 696 justo
3238 627 3334 683 Dei
3384 637 3440 684 et

1867 728 2053 787 aperto
2074 718 2301 787 judicio,
2332 723 2567 792 peccatis
2595 724 2843 793 superba:
2873 722 3041 794 plebis
3068 722 3434 790 exigentibus.

1867 810 2008 866 sicut
2050 812 2190 882 ignis
2228 815 2307 869 ira
2343 816 2436 871 Dei
2466 818 2845 872 exardesceret
2879 816 2931 871 in
2976 815 3062 870 his
3105 813 3435 888 regionibus,

1868 904 2104 959 maxime
2148 905 2493 964 Bracbatensi
2531 918 2557 963 :‘
2601 908 2926 966 miserabilis
2970 908 3123 980 plaga
3173 906 3316 964 facta
3356 917 3440 963 cst

1868 996 2204 1063 ardentium,
2258 1000 2310 1056 in
2356 1002 2549 1071 quibus
2597 1002 3014 1075 restinguendis,
3062 1003 3114 1057 in
3165 1002 3438 1073 plerisque

1868 1098 2069 1144 sanctae
2091 1088 2183 1145 Dei
2214 1092 2494 1161 genitricis
2522 1095 2790 1161 ecclesiis,
2823 1104 2880 1149 et
2909 1093 3143 1149 maxime
3181 1093 3434 1154 Tornac-i.

1868 1178 1972 1245 piis
1992 1180 2109 1250 ejus
2136 1183 2346 1239 meritis
2369 1194 2423 1237 et
2446 1184 2675 1254 gloriosa
2708 1187 3097 1241 intercessione
3127 1184 3270 1241 facta
3312 1195 3439 1241 sunt

1869 1272 2124 1338 praeclara
2147 1275 2426 1329 miracula.
2462 1272 2611 1333 Tunc
2639 1294 2707 1333 ex
2731 1278 2960 1334 diversis
2987 1287 3142 1333 terra:
3169 1279 3435 1348 partibus,

1871 1380 1976 1420 non
2019 1365 2192 1422 solum
2232 1368 2420 1425 vicinis
2467 1369 2560 1425 sed
2607 1379 2663 1425 et
2716 1370 2875 1440 longe
2938 1370 3127 1440 positis
3169 1378 3225 1426 et
3274 1370 3438 1425 etiam

1871 1460 2271 1526 transmarinis,
2319 1461 2468 1532 plebs
2499 1462 2911 1520 innumerabilis
2955 1463 3237 1533 utriusque
3276 1478 3438 1518 sexus

1870 1550 1937 1604 ad
1963 1552 2245 1609 ecclesiam
2278 1554 2678 1612 Tornaccusem
2712 1555 3017 1613 conﬂuebat
3062 1555 3274 1625 pavida.
3302 1554 3438 1610 Nam

1870 1644 2011 1712 quod
2055 1644 2120 1699 de
2161 1645 2336 1701 aliena
2379 1664 2543 1706 carne
2570 1649 2808 1713 videbat,
2842 1647 2944 1702 hoc
2985 1645 3354 1715 unusquisque
3383 1645 3437 1700 in

1871 1751 1928 1790 se
1963 1736 2079 1791 ﬁeri
2129 1739 2361 1808 pendulo
2400 1742 2563 1798 corde
2600 1742 2907 1798 verebatur.
2943 1739 3271 1794 Intrantibus
3311 1753 3440 1793 vero

1869 1827 2038 1896 ipsam
2063 1831 2347 1888 ecclesiam
2376 1833 2587 1904 plenam
2618 1833 2803 1905 utique
2836 1833 3233 1905 languentibus,
3256 1839 3443 1902 stupor

1870 1918 2059 1991 ingens
2105 1930 2156 1979 et
2202 1923 2535 1981 lacrimabile
2580 1926 2745 1982 fiebat
2791 1924 3177 1997 spectaculum,
3218 1938 3443 1980 cernere

1869 2012 2079 2068 scilicet
2096 2013 2228 2071 alios
2250 2014 2555 2073 miserando
2577 2016 2775 2085 gemitu
2789 2016 3064 2088 rugientes
3087 2015 3263 2070 adhuc
3286 2013 3441 2085 plaga

1871 2104 2010 2175 ignis
2057 2108 2295 2177 graviter
2324 2108 2577 2173 cruciari,
2611 2108 2836 2164 aliorum
2875 2123 3005 2163 vero
3052 2107 3265 2176 pedum,
3310 2118 3443 2174 quo-

1874 2198 2119 2253 rumdam
2149 2209 2331 2256 autem
2355 2202 2628 2263 tibiarum,
2658 2214 2831 2271 usque
2870 2199 2936 2254 ad
2969 2212 3139 2270 genua
3166 2196 3246 2251 vel
3275 2211 3443 2265 usque

1872 2288 1937 2343 ad
1962 2304 2128 2346 coxas
2155 2293 2488 2362 consumptis
2520 2292 2795 2353 carnibus,
2828 2306 2951 2347 ossa
2988 2291 3137 2345 arida
3179 2288 3438 2358 pendere;

1871 2382 2134 2450 quosdam
2165 2394 2344 2440 autem
2389 2385 2501 2455 jam
2550 2385 2817 2439 extinctos
2859 2381 3006 2437 velut
3048 2392 3291 2445 truncos,
3339 2379 3443 2435 huc

1873 2474 2106 2546 ichque
2128 2476 2327 2543 jacere,
2369 2485 2425 2531 et
2466 2491 2729 2547 nusquam
2770 2475 2870 2529 nisi
2907 2482 3150 2544 portatos
3192 2472 3441 2544 progredi

1875 2566 2072 2623 valere.
2115 2568 2220 2624 Sed
2263 2567 2330 2624 de
2368 2568 2453 2624 bis
2488 2582 2585 2639 pro
2616 2578 2857 2638 tempore
2888 2565 3000 2635 jam
3045 2566 3181 2622 satis
3215 2566 3440 2629 dictum,

1872 2657 2119 2726 quamvis
2149 2673 2247 2728 pro
2294 2659 2397 2715 hac
2426 2657 2509 2713 vel
2549 2656 2651 2712 alia
2694 2667 2845 2729 peste
2890 2672 3104 2728 semper
3145 2665 3200 2711 et
3246 2655 3445 2726 ubique

1874 2748 2243 2814 metuendum,
2274 2759 2328 2804 et
2357 2749 2533 2804 divina
2565 2748 2766 2817 judicia
2807 2748 2964 2804 nobis
3008 2746 3213 2819 iugiter
3262 2745 3443 2801 immi-

1875 2853 2004 2895 nere
2040 2839 2109 2895 sit
2136 2843 2486 2898 credendum.

1946 2932 2031 2987 14.
2057 2932 2133 2989 De
2153 2936 2380 3005 quadam
2402 2936 2616 2989 muliere
2655 2934 2736 2989 hic
2764 2942 2951 2989 sanata
2978 2932 3041 2988 ab
3072 2932 3208 3004 igne.
3241 2931 3441 2987 Eodem

1876 3034 2116 3096 tempore
2166 3026 2358 3081 mulier
2403 3026 2670 3096 qumdam,
2714 3023 2956 3095 predicto
2985 3024 3104 3094 igne
3145 3024 3196 3079 in
3226 3022 3447 3078 summi—

2557 3116 2621 3172 ad
2670 3115 2870 3171 ostium
2911 3114 3079 3170 nostri
3134 3112 3445 3169 monasterii

1872 3224 2035 3264 curru
2061 3209 2317 3265 subvecta
2357 3209 2672 3281 deponitur;
2703 3216 2758 3262 et
2804 3206 3087 3262 lacrimosa
3116 3203 3345 3276 suSpiria
3369 3204 3450 3258 di-

1878 3300 1953 3355 ris
1979 3302 2247 3370 permixta
2270 3302 2597 3357 clamoribus
2621 3300 2899 3363 emittens,
2927 3312 3147 3353 suorum
3176 3296 3445 3357 manibus,

1877 3392 2171 3448 comitante
2202 3393 2357 3450 turba
2382 3393 2569 3459 multa,
2596 3406 2809 3446 —nam
2844 3388 2912 3444 de
2954 3389 3114 3445 simili
3145 3401 3300 3457 ptena
3344 3386 3446 3441 sibi
3480 3436 3483 3439 γ

1876 3482 2105 3553 quisque
2134 3484 2451 3551 timebat,-—
2473 3499 2638 3555 prope
2665 3482 2837 3538 altare
2884 3480 3055 3536 sancti
3077 3478 3302 3534 Androm
3331 3474 3444 3531 col-

1878 3571 2105 3629 locatur.
2146 3572 2192 3631 0
2237 3574 2323 3631 cui
2369 3585 2475 3631 tam
2512 3589 2735 3631 saxeum
2775 3580 2964 3641 pectus
3004 3578 3222 3638 tamque
3269 3564 3447 3621 ferrea

1876 3681 2031 3721 mens
2057 3675 2183 3722 tunc
2212 3667 2393 3723 inesse
2421 3676 2620 3739 posset,
2652 3679 2813 3736 quem
2832 3663 2904 3719 illi
2930 3662 3105 3728 ﬂetus,
3134 3658 3207 3715 illi
3238 3658 3449 3715 dolores

1881 3759 2091 3815 miserae
2118 3758 2362 3817 mulieris
2384 3769 2631 3817 sanctum
2655 3754 2953 3829 apostolum
2971 3754 3172 3826 iugiter
3196 3752 3449 3807 invocan-

1880 3849 1971 3911 tis,
2001 3848 2085 3905 vel
2114 3865 2283 3920 usque
2310 3852 2377 3907 ad
2407 3850 2658 3907 lacrimas
2693 3863 2800 3904 non
2829 3845 3168 3903 emollirent?
3199 3842 3333 3898 Nam
3361 3839 3450 3896 cui
3494 3926 3495 3929 η

1878 3939 2111 3995 humana
2134 3941 2369 4010 presidia
2389 3940 2536 3997 nullo
2559 3938 2717 3995 modo
2743 3945 2993 4009 poterant
3012 3933 3318 3997 subvenire,
3346 3932 3451 3986 hoc
3492 4004 3495 4007 _

1879 4029 2053 4085 solum
2097 4033 2337 4088 restabat
2380 4032 2652 4094 solatium,
2684 4045 2782 4100 pro
2818 4043 2880 4084 ea
2930 4034 3233 4098 respectum
3258 4022 3451 4079 divina:

1880 4123 2095 4194 pietatis
2109 4124 2419 4195 implorare.
2434 4123 2587 4179 Tunc
2607 4121 2939 4192 antiquiores
2952 4118 3225 4174 seniorum
3241 4123 3452 4170 nostro-

1884 4232 1999 4271 rum
2012 4231 2132 4271 cum
2149 4216 2449 4273 reverentia
2463 4214 2716 4284 reliquias
2728 4211 2899 4268 sancti
2913 4209 3142 4263 Andreae
3157 4204 3447 4275 accipiunt.

1882 4320 1936 4363 et
1959 4309 2133 4364 locum
2169 4308 2271 4364 diri
2302 4307 2537 4362 vulneris
2563 4322 2626 4362 ex
2650 4306 2730 4361 eis
2765 4304 3059 4374 signantes,
3109 4307 3191 4352 ter
3227 4295 3451 4366 pedibus

1883 4401 1998 4470 ejus
2031 4402 2246 4457 modum
2273 4399 2451 4455 crucis
2478 4394 2943 4453 circumtulerunt.
2971 4389 3124 4457 Quod
3153 4395 3211 4442 ut
3251 4386 3450 4485 factum

1884 4504 1989 4558 est,
2013 4493 2097 4548 illa
2125 4490 2380 4561 paulatim
2402 4505 2431 4543 a
2452 4486 2779 4544 clamoribus
2800 4484 3111 4552 quiescens,
3144 4483 3451 4531 summatim

1889 4586 2001 4641 visa
2035 4594 2119 4642 est
2146 4582 2412 4648 dormire;
2444 4580 2686 4650 viditque
2713 4578 2888 4631 virum
2917 4572 3069 4629 canis
3094 4567 3333 4625 crinibus
3359 4565 3452 4619 dc-

1885 4694 2095 4743 corum,
2122 4676 2279 4732 hilari
2308 4684 2362 4730 et
2388 4672 2682 4730 reverenda
2724 4667 2880 4733 facie,
2915 4672 3061 4720 veste
3089 4674 3303 4734 quoque
3327 4672 3457 4711 can-

1888 4771 2009 4828 dida
2032 4767 2136 4826 sibi
2165 4767 2454 4833 adsistere,
2484 4774 2539 4820 et
2564 4764 2699 4820 sicut
2723 4768 2883 4816 antea
2913 4755 3175 4828 reliquiis,
3209 4750 3458 4808 similiter

1887 4864 2076 4920 eodem
2106 4861 2266 4918 modo
2296 4860 2470 4917 locum
2500 4855 2700 4913 doloris
2728 4869 2890 4909 manu
2919 4866 3017 4908 sua
3045 4850 3280 4920 signare,
3305 4852 3363 4898 et
3382 4842 3460 4897 sic

1888 4971 2102 5013 omnem
2133 4954 2382 5009 ardorem
2422 4950 2716 5007 extinctum
2755 4960 2896 5002 esse.
2929 4943 3048 4999 Mox
3076 4940 3163 4997 illa
3203 4935 3461 4996 excitata,

1895 5049 2175 5104 abeuntem
2203 5046 2356 5114 sequi
2380 5050 2590 5106 conata,
2614 5038 2885 5095 exclamat
2912 5050 3043 5092 voce
3084 5043 3276 5100 magna
3336 5039 3463 5126 San-

1893 5150 2037 5197 ctum
2068 5139 2340 5194 Andream
2370 5136 2581 5199 adesse,
2607 5140 2662 5189 et
2689 5146 2796 5187 non
2828 5130 3031 5186 fallitur
3072 5126 3278 5193 integre
3308 5124 3467 5174 resti-

1894 5243 2026 5289 tuta.
2080 5230 2161 5284 Ad
2210 5230 2351 5286 hanc
2397 5226 2770 5283 concurrimus
2813 5237 3023 5289 omnes,
3053 5228 3107 5275 et
3130 5215 3268 5271 ultra

3128 5316 3204 5328 ορ,
