4026 5370
515 208 622 266 275

1448 207 1740 263 APPEND.
1775 207 1866 262 AD
1910 205 2133 261 GESTA
2176 204 2476 264 EPiSGOP.
2521 208 2863 265 CAMERAC.

3672 198 3780 268 276'

508 332 616 386 tius
639 334 1061 399 perscrut‘amur.
1103 326 1173 381 At
1202 325 1287 380 illa
1318 326 1578 382 v'cionem
1622 334 1898 398 gratanter
1937 340 2082 377 com-
2111 325 2157 380 Λ
2188 320 2589 388 Cameracensi,
2617 326 2761 378 oumi
2799 325 3080 379 defensore
3114 324 3352 390 viduata,
3399 342 3518 397 quae
3554 344 3782 385 enume-

420 452 431 463 ι
506 406 973 483 ιπθηιοταηεξῡεο
992 427 1046 472 et
1074 429 1259 473 sancto
1286 420 1527 487 apostolo
1548 427 1854 487 sancteque
1886 415 2086 470 Μυρι-

506 511 646 567 lendi
687 510 873 566 laudes
894 518 950 565 et
977 512 1181 581 gratias
1226 513 1435 582 agebat.
1485 508 1591 564 Sed
1620 510 1767 579 plebs
1790 513 2083 564 Occurrens

503 611 734 674 quantas
762 618 860 673 pre
897 603 1093 673 gaudio
1135 603 1389 657 lacrimas
1425 602 1642 664 fuderit.
1683 610 1738 657 et
1767 614 1969 671 quanto
1991 601 2080 670 ju~

503 699 612 753 hilo
661 712 883 768 ymnum
931 694 1001 749 Te
1064 694 1228 749 Deum
1275 696 1554 749 laudamus
1601 696 1879 762 cecinerit,
1909 697 2081 766 magis

502 788 830 845 credendum
859 801 1018 856 quam
1048 802 1296 842 sermone
1326 789 1690 858 pandendum.
2035 825 2047 835 .
2088 796 2095 803 ·

573 879 661 935 15.
698 879 776 933 De
807 880 1035 948 quodam
1083 880 1245 949 fratre
1279 880 1506 934 Alberto.
1551 879 1719 949 Hujus
1757 881 1833 935 rei
1863 888 2079 950 specta-

500 973 623 1030 culo
648 972 917 1026 intererat
959 980 1013 1025 et
1061 971 1405 1025 ministrabat
1446 972 1662 1041 quidam
1698 970 1866 1027 frater
1897 983 2081 1029 noster

496 1070 770 1135 Albertus,
803 1079 986 1140 utpote
1017 1085 1294 1125 sacrorum
1321 1083 1569 1122 vasorum
1615 1079 1795 1125 custos
1824 1083 1878 1125 et
1906 1072 2080 1126 eccle-

496 1168 591 1221 sia:
622 1166 901 1230 minister;
949 1166 1039 1234 qui
1072 1164 1210 1233 quod
1252 1163 1555 1217 monachali
1604 1165 1958 1232 pretendebat
1985 1167 2080 1221 ba-

494 1260 632 1324 bitu,
660 1259 785 1313 vita:
808 1268 861 1311 et
889 1273 1097 1313 morum
1136 1258 1404 1327 probitate
1432 1257 1754 1326 complebat,
1786 1268 1946 1327 prout
1973 1261 2078 1313 hu-

493 1372 654 1410 mano
677 1356 883 1423 judicio
913 1359 994 1410 vel
1026 1358 1361 1427 experientia
1394 1368 1569 1427 potest
1597 1362 1959 1430 comprobari.
2005 1365 2077 1418 De

492 1449 646 1518 cujus
671 1451 1087 1505 conversatione
1124 1467 1292 1521 pauca
1338 1462 1393 1505 et
1425 1467 1528 1505 non
1564 1466 1757 1507 cuncta
1792 1448 1910 1524 qua:
1943 1457 2076 1510 vidi-

491 1558 637 1607 mus,
669 1542 872 1596 nemini
900 1543 968 1597 sit
991 1558 1276 1598 onerosum
1304 1545 1347 1598 si
1375 1545 1459 1599 hic
1486 1547 1721 1599 breviter
1755 1547 2072 1603 inseramus.

493 1634 594 1690 llic
638 1636 900 1704 siquidem
932 1635 1033 1689 sub
1061 1637 1256 1691 deamo
1287 1636 1482 1691 abbate
1515 1636 1790 1691 Waldrico
1833 1638 2074 1692 habitum

490 1727 660 1781 nostri
692 1726 896 1781 ordinis
926 1729 1182 1796 suscepit.
1232 1729 1366 1784 Dein
1416 1730 1651 1799 psalmos
1684 1730 1894 1799 aliquos
1924 1733 2076 1784 addi-

487 1836 669 1884 scens,
703 1830 756 1875 et
786 1821 837 1875 in
867 1822 982 1876 dies
1012 1823 1077 1876 ad
1114 1823 1333 1877 meliora
1360 1823 1674 1892 proﬁciens,
1702 1826 1918 1878 tandem
1950 1840 2073 1879 rasa

488 1914 679 1968 altaris
716 1921 951 1969 tractare
990 1924 1045 1967 et
1094 1904 1397 1985 hujusnmdi
1451 1916 1726 1983 obsequiis
1767 1915 1950 1984 jussus
1993 1927 2075 1971 est

487 2007 785 2062 deservire.
821 2007 920 2061 llic
945 2017 1128 2062 custos
1155 2009 1267 2062 oris
1308 2009 1390 2061 sui
1435 2017 1489 2061 et
1517 2017 1857 2078 contemptor
1879 2024 2070 2077 corpo-

486 2101 564 2153 ris
593 2100 697 2163 sui,
734 2110 882 2153 veste
910 2100 1123 2155 cilicina
1153 2115 1324 2168 usque
1356 2101 1422 2153 ad
1474 2100 1610 2154 talos
1655 2101 1843 2155 subtus
1884 2102 2071 2155 uteba-

485 2204 601 2258 tur;
639 2208 668 2246 a
700 2180 824 2247 vino
855 2194 1076 2248 omnino
1126 2201 1181 2244 et
1223 2192 1357 2247 cibis
1404 2191 1725 2247 lautioribus
1771 2193 2067 2259 abstinens,

483 2298 625 2353 pane
651 2294 941 2341 contentus
964 2286 1313 2348 servitorum,
1345 2288 1649 2354 portionem
1681 2301 1833 2345 suam
1871 2290 1980 2344 vini
2017 2301 2071 2346 et

482 2378 816 2449 reliquarum
844 2394 1095 2434 escarum
1143 2379 1410 2449 languidis
1455 2390 1509 2435 et
1561 2382 1791 2437 infirmis
1820 2393 2070 2452 exporta-

481 2473 595 2525 bat.
625 2471 845 2526 Certmn
873 2471 987 2539 ejus
1014 2471 1213 2525 lectum
1242 2484 1334 2526 aut
1357 2474 1443 2526 vix
1468 2483 1560 2527 aut
1586 2473 1890 2530 nullatenus
1917 2477 2066 2545 quis-

483 2578 644 2633 quam
682 2577 911 2619 noscere
940 2564 1158 2632 quibat;
1211 2568 1303 2619 sed
1333 2573 1457 2619 ante
1496 2567 1709 2630 altaria,
1743 2570 2068 2639 ubicumque

485 2669 707 2709 somnus
738 2655 821 2708 vel
858 2653 1119 2708 lassitudo
1156 2656 1401 2725 corporis
1442 2658 1724 2726 congiuset.
1766 2671 2067 2728 prostratus

482 2746 632 2801 humi
660 2747 995 2815 quiescebat.
1047 2746 1146 2802 Ubi
1192 2748 1357 2802 etiam
1398 2762 1614 2805 sanctos
1665 2752 1936 2820 apostolos
1961 2752 2067 2807 Pe-

482 2847 628 2891 trum
655 2836 1008 2891 etAndream
1054 2835 1153 2891 sibi
1204 2838 1518 2907 apparuisse
1567 2848 1619 2893 et
1665 2844 1908 2908 quaedam
1964 2841 2099 2917 sibi

482 2928 707 2994 dixisse,
745 2928 812 2983 de
854 2927 1049 2996 quibus
1095 2944 1200 2984 non
1252 2940 1334 2984 est
1385 2930 1692 2997 dicendum,
1725 2944 1822 3002 per
1855 2935 2063 3004 singula

481 3022 574 3076 uni
603 3037 669 3077 ex
697 3020 956 3077 fratribus
982 3022 1183 3077 nostris
1207 3022 1485 3079 confessus
1509 3033 1612 3088 est,
1641 3025 1838 3079 domno
1860 3027 2065 3083 scilicet
2094 3014 2138 3075 C

481 3111 708 3179 Dodoni,
766 3114 1137 3184 compatriotre
1181 3122 1237 3171 et
1266 3106 1668 3172 familiarisimo
1713 3118 1854 3184 sibi,
1902 3136 2061 3189 quem

478 3215 671 3276 postea
714 3207 963 3262 abbatem
990 3215 1042 3262 et
1073 3211 1421 3266 construendi
1449 3212 1630 3281 Operis
1675 3211 1851 3283 hujus
1880 3216 2061 3286 templi

478 3307 889 3370 procuratorem
932 3299 1242 3355 habuimus.
1292 3302 1429 3370 Quid
1469 3304 1740 3370 referam,
1792 3306 2059 3376 prefatum

475 3394 754 3449 Albertum
805 3394 1000 3465 saepius
1051 3396 1338 3453 fasciculos
1383 3398 1649 3470 lignorum
1697 3413 1856 3459 noctu
1905 3408 2062 3477 ostiis

475 3501 776 3555 pauperum
805 3487 1137 3556 apposuisse,
1176 3491 1307 3544 etin
1333 3491 1417 3546 via
1440 3491 1595 3563 lupos
1622 3510 1744 3550 eum
1784 3498 2061 3554 multoties

479 3577 766 3632 comitatos
789 3578 984 3634 fuisse?
1012 3579 1329 3636 Audivimus
1358 3597 1479 3637 eum
1523 3587 1684 3640 etiam
1714 3587 1881 3645 fuisse
1925 3607 2059 3646 con-

480 3669 709 3735 fessum,
737 3670 859 3739 quia
898 3671 1024 3725 dum
1068 3673 1296 3742 quadam
1344 3685 1503 3732 nocte
1539 3679 1604 3735 de
1630 3679 2058 3739 Waldoniscuria

481 3762 751 3832 quendam
779 3762 925 3818 solus
954 3764 1006 3818 in
1038 3764 1278 3822 humeris
1303 3771 1618 3826 crucifixum
1667 3774 1903 3841 afferret,
1943 3792 2058 3832 om-

477 3868 576 3909 nes
613 3855 834 3911 arbores
881 3871 1038 3912 secus
1082 3858 1224 3914 viam
1272 3876 1328 3917 se
1366 3864 1414 3918 ei
1447 3865 1766 3934 inclinasse;
1806 3856 2056 3929 nimirum

479 3944 604 4013 quia
665 3961 959 4032 congruum
989 3960 1125 4033 .erat
1166 3951 1439 4011 Creatoris
1485 3956 1702 4027 imagini
1749 3970 2057 4019 creaturam

476 4040 771 4107 prosterni.
822 4039 928 4097 Sed
977 4058 1044 4098 ne
1086 4045 1205 4115 plus
1254 4048 1790 4119 verbaprotrabam,
1843 4056 2058 4111 tandem

479 4128 766 4200 impetrata
791 4148 821 4187 a
843 4134 1041 4191 domno
1063 4138 1316 4209 episcopo
1338 4138 1577 4197 Gerardo
1617 4153 1673 4219 et
1699 4145 1934 4215 capitulo
1963 4162 2058 4201 no-

477 4230 592 4277 stro
620 4222 858 4286 licentia,
887 4223 1284 4282 lberosolimam
1330 4231 1416 4299 pia
1462 4230 2057 4291 intentione‘etDomi-

2194 431 2317 470 rare
2363 433 2462 472 nec
2507 418 2621 472 haec
2649 433 2747 473 nec
2778 418 2955 486 aliqua
3003 417 3198 474 sufficit
3234 421 3452 490 pagina.
3506 420 3781 479 Mlti-toties

2192 508 2356 577 igitur
2382 509 2790 565 Cameracensis
2812 511 2940 565 cieri
2968 511 3242 582 plebisque
3265 514 3456 569 concio
3487 516 3553 570 ad
3581 515 3785 588 eligen-

2189 601 2313 653 dum
2347 601 2657 670 pontificem
2687 603 3059 658 conveniebat.
3099 603 3206 658 Sed
3253 605 3378 658 dum
3408 605 3642 676 quisque
3679 623 3782 676 pro

2188 689 2325 743 velle
2347 706 2444 745 suo
2470 692 2617 761 loqui
2640 693 3007 761 presumebat,
3037 708 3226 748 omnes
3252 694 3302 747 in
3335 709 3621 750 commune
3645 697 3791 751 nihif

2187 782 2550 850 proficientes,
2580 784 2947 838 discedebant.
2981 785 3224 854 Denique
3266 794 3388 854 post
3414 775 3611 840 multas
3650 803 3779 856 per-

2187 872 2527 927 turbationes
2573 873 2828 928 clericum
2874 875 3141 942 quendam
3185 873 3490 929 Manassem
3555 878 3781 931 canoni-

2186 976 2351 1026 cum,
2420 961 2823 1018 Suessionensis
2883 966 3095 1020 comitis
3153 966 3301 1036 (528)
3360 965 3618 1030 fratrem,
3682 968 3782 1022 eli-

2183 1064 2313 1122 gunt
2381 1062 2435 1108 et
2500 1069 2622 1108 cum
2679 1071 2876 1126 magno
2940 1066 3199 1126 apparatu
3252 1059 3318 1111 ad
3390 1060 3777 1127 imperatorem

2184 1144 2576 1198 transmittunt.
2635 1144 2739 1199 Sed
2781 1145 2995 1201 furtivis
3037 1146 3236 1201 litteris
3284 1156 3406 1217 post
3444 1164 3568 1202 eum
3595 1150 3779 1205 missis

2183 1244 2473 1290 accusatus
2503 1277 2516 1301 ,
2576 1237 2755 1292 inanis
2807 1238 2986 1301 rediit,
3044 1248 3097 1295 et
3135 1254 3164 1292 a
3222 1255 3317 1310 Spe
3368 1241 3652 1298 fraudatus
3692 1257 3781 1297 re-

2181 1326 2395 1381 mansit.

2253 1421 2339 1473 17.
2395 1419 2469 1474 De
2522 1422 2849 1477 ειη-εὐαρεηή
2901 1423 3135 1478 ecclesia.
3180 1424 3402 1480 Interim
3451 1428 3563 1497 (an.
3609 1427 3776 1498 1093)

2181 1511 2566 1567 Atrebalenses
2604 1514 2806 1579 clerici,
2842 1525 3050 1586 tempus
3100 1527 3462 1588 opportunum
3514 1521 3615 1575 sibi
3649 1531 3781 1590 post

2182 1605 2474 1659 maximam
2513 1606 2955 1676 disceptationem
2984 1608 3456 1665 Cameracensium
3481 1612 3773 1675 habentes,

2109 1680 2152 1735 Β
2181 1712 2287 1767 quo
2313 1697 2378 1751 de
2393 1697 2523 1768 jngo
2547 1697 2955 1754 Cameracensis
2982 1702 3216 1771 episcopi
3246 1701 3600 1770 subjectionis
3630 1704 3773 1759 colla

2178 1797 2514 1855 excuterem,
2548 1789 2772 1844 Romam
2804 1791 3021 1855 adeunt,
3076 1793 3294 1848 Urbano
3337 1810 3489 1864 papm
3538 1811 3770 1851 causam

2177 1886 2329 1930 suam
2363 1887 2686 1947 suggerunt;
2722 1888 2777 1933 ut
2823 1880 3233 1936 Atrebatensem
3284 1885 3570 1939 ecclesiam
3618 1894 3781 1940 tanto

2179 1978 2420 2037 tempore
2448 1969 2755 2023 ancillatam
2783 1968 2891 2037 iam
2936 1972 3244 2027 miserando
3288 1973 3512 2029 liberam
3542 1976 3767 2035 efﬁciat.

2176 2060 2580 2115 lacrimabiliter
2620 2062 2928 2132 implorant.
2980 2065 3049 2117 At
3088 2064 3175 2118 ille
3213 2065 3419 2119 crebris
3466 2067 3767 2122 multorum

2176 2153 2517 2222 maximeque
2542 2152 2685 2218 regis
2704 2152 3035 2207 Francorum
3064 2154 3314 2222 precibus
3340 2165 3622 2221 exoratus,
3648 2173 3769 2226 pre-

2173 2243 2371 2297 dictam
2400 2244 2687 2297 ecclesiam
2717 2244 2908 2297 amodo
2937 2253 2992 2297 et
3012 2259 3182 2313 usque
3212 2246 3262 2297 in
3297 2244 3549 2299 smculum
3584 2247 3771 2300 cardi-

2175 2334 2346 2388 nalem
2373 2334 2575 2387 habere
2620 2334 2744 2388 dato
2790 2334 3068 2403 privilegio
3113 2335 3422 2400 constituit;
3463 2344 3516 2390 et
3559 2337 3627 2390 ad
3660 2338 3767 2392 hoc

2172 2425 2665 2483 corroboranduut.
2705 2424 2959 2478 clericum
2999 2428 3262 2494 quendam
3311 2426 3573 2497 religiosae
3613 2430 3767 2492 vitm,

2172 2514 2528 2567 Lambcrtum
2565 2515 2840 2578 lslensem,
2872 2516 3180 2584 episcopum
3223 2517 3291 2570 ibi
3340 2518 3579 2572 ordinari
3613 2534 3762 2587 prae-

2172 2603 2347 2671 cepit;
2394 2604 2581 2671 sicque
2620 2604 2905 2658 ecclesiam
2957 2604 3366 2660 Atrebatensem
3417 2619 3447 2658 a
3494 2604 3765 2661 Camera-

2170 2692 2322 2749 censi
2356 2693 2537 2748 divisit
2568 2692 2737 2763 (5%).

2244 2785 2327 2840 18.
2364 2784 2439 2838 De
2465 2785 2712 2838 electione
2742 2784 3026 2839 Walcheri.
3062 2784 3337 2840 Manasses
3367 2785 3546 2853 itaque
3572 2785 3764 2855 repul-

2171 2892 2284 2931 sam
2318 2890 2470 2930 suam
2494 2876 2730 2946 graviter
2754 2874 2931 2930 ferens
2956 2917 2971 2939 ,
3021 2878 3087 2929 ad
3135 2876 3599 2943 archiepiscopum
3650 2875 3767 2931 Re-

2170 2982 2409 3021 mcnscm
2437 2983 2494 3021 se
2524 2967 2773 3027 contulit,
2802 2977 2855 3019 et
2881 2977 2939 3020 ut
2966 2981 3123 3037 opem
3148 2967 3195 3021 ei
3214 2966 3476 3028 conferat.
3505 2954 3607 3036 per
3626 2967 3764 3019 ami-

2170 3076 2262 3114 cos
2292 3074 2417 3114 suos
2439 3059 2636 3113 obnixe
2664 3067 2936 3129 precatur.
2962 3057 3054 3113 Ille
3084 3071 3212 3112 vero
3255 3058 3534 3112 recitatam
3559 3071 3765 3113 secun-

2170 3152 2290 3207 dum
2332 3160 2660 3219 compertam
2709 3151 2992 3205 veritatem
3036 3138 3311 3203 veracium
3360 3148 3576 3202 testium
3641 3156 3759 3203 tam

2168 3241 2640 3297 Cameracensium
2673 3254 2832 3308 quam
2871 3238 3099 3291 aliorum
3146 3236 3261 3304 ejus
3308 3236 3652 3301 electionem,
3695 3235 3758 3290 in

2166 3341 2429 3387 conventu
2488 3330 2774 3385 Remensis
2821 3327 3038 3398 capituli
3088 3326 3446 3381 confirmavit.
3494 3323 3757 3378 Preterea

2165 3426 2587 3481 Cameracenses
2617 3423 2989 3487 Walcberum,
3022 3421 3435 3475 Bracbatensem
3468 3416 3755 3471 archidia-

2164 3531 2359 3570 conum
2406 3524 2461 3570 et
2516 3513 2875 3569 Tornacensis
2923 3527 3016 3567 seu
3072 3508 3450 3565 Noviomensis
3499 3505 3755 3560 ecclesia:

2164 3608 2478 3671 custodem,
2533 3607 2585 3660 in
2644 3608 2951 3677 episcopum
2999 3604 3226 3672 eligunt.
3279 3601 3380 3668 Qui
3432 3601 3635 3654 missus
3681 3599 3761 3652 ad

2164 3702 2564 3770 imperatorem,
2596 3697 2649 3750 in
2681 3696 2767 3750 die
2793 3696 2964 3751 sancti
2990 3694 3218 3748 Andreae
3246 3691 3444 3745 donum
3471 3689 3755 3758 episcopa-

2163 3802 2251 3847 tus
2276 3791 2345 3846 ab
2375 3804 2438 3844 eo
2477 3788 2732 3857 suscepit,
2762 3797 2817 3841 et
2855 3785 3179 3841 auctoritate
3220 3781 3443 3835 Romani
3475 3778 3757 3849 pontificis

2165 3882 2364 3939 Urbani
2393 3881 2461 3936 ab
2490 3879 2896 3948 archiepiscopo
2925 3875 3176 3931 Remensi
3204 3880 3575 3934 consecratus,
3617 3870 3760 3925 civi-

2162 3977 2288 4032 tatis
2348 3972 2753 4031 Cameracensis
2815 3970 3054 4040 regimen
3118 3965 3371 4020 obtinuit.
3428 3962 3525 4016 llic
3576 3962 3752 4014 multa

2161 4067 2414 4138 pneclara
2457 4065 2662 4135 gessit;
2713 4062 2930 4117 castella
2998 4069 3160 4128 atque
3232 4054 3521 4125 municipia
3576 4052 3751 4106 multa

2160 4161 2584 4217 Cambrisiacum
2646 4165 2700 4211 et
2761 4154 3034 4210 civitatem
3096 4147 3453 4219 opprimentia
3513 4145 3755 4199 viriliter

2162 4249 2640 4321 diruit;justitiam
2677 4244 3039 4315 quaerentibus
3088 4240 3315 4305 faciens,
3360 4251 3578 4291 omnem
3625 4250 3754 4305 pro-

476 4313 585 4368 nici
616 4314 885 4384 sepulchri
915 4316 1184 4371 desiderio
1230 4334 1352 4374 cum
1403 4338 1508 4377 uno
1540 4332 1744 4378 tantum
1793 4322 1945 4381 socio.
1976 4329 2054 4383 in-
2083 4355 2136 4415 Β
2161 4313 2394 4398 vinciam
2417 4340 2657 4396 subactis
2679 4313 2923 4391 hostibus
2953 4332 3275 4402 pacificavit-

475 4405 666 4458 tendit.
717 4404 883 4461 Nobis
931 4415 1110 4462 tamen
1164 4409 1493 4482 incognitum
1536 4415 1665 4483 quid
1709 4417 1774 4469 de
1806 4433 1871 4471 co
1915 4421 2056 4474 acci-

474 4494 648 4570 derit.
1572 4512 1573 4515 ‘

548 4586 636 4641 16.
667 4586 745 4642 De
771 4594 910 4643 obttu
937 4600 1114 4648 domui
1144 4594 1365 4649 (ἔργαναὶ
1389 4599 1631 4669 episcopi.
1661 4600 1914 4657 Domnus.
1940 4605 2052 4674 epi-

475 4697 673 4752 scopus
697 4680 987 4747 Gerardus,
1019 4678 1159 4741 anno
1198 4691 1538 4758 pontificatus
1581 4694 1662 4747 sui
1716 4694 1796 4757 16,
1847 4696 1898 4748 in
1948 4698 2049 4751 hac

476 4772 605 4855 villa
643 4774 833 4829 morbo
870 4788 1166 4845 correptus,
1197 4781 1449 4855 indomo
1494 4798 1590 4837 sua
1637 4787 2050 4854 superveniente

471 4850 771 4937 vocationis
808 4880 920 4921 sua:
969 4867 1101 4923 hora
1142 4850 1448 4943 defungitur
1479 4876 1649 4947 (527),
1692 4850 1746 4932 et
1771 4878 2048 4937 Cameraci

473 4956 701 5022 delatus,
746 4958 799 5012 in
843 4960 1018 5015 medio
1066 4964 1305 5018 ecclesia:
1352 4983 1491 5021 anno
1548 4970 1683 5024 1092
1730 4976 2043 5031 tumulatur.

471 5045 598 5102 Post
631 5049 783 5117 cujus
812 5060 1037 5107 mortem
1067 5054 1435 5123 undecmuque
1463 5063 1679 5128 pessimi
1708 5067 1903 5135 quique
1932 5083 2044 5121 cm-

476 5148 671 5205 perunt
696 5156 991 5212 emergere,
1031 5151 1085 5195 et
1134 5145 1479 5213 multiplicata
1503 5165 1627 5206 sunt
1657 5156 1794 5211 mala
1826 5161 1877 5230 in
1902 5170 2041 5215 terra

549 5344 693 5370 [Βαγ-
731 5346 766 5370 CI
814 5344 934 5370 1-1-.-
1004 5346 1102 5370 1-...
1182 5349 1467 5370 -Λ.......Ι-.-...
1524 5353 1565 5370 ιν

1970 5274 2202 5331 NOTAE.
2254 5360 2281 5370 _

2230 4438 2316 4490 19.
2348 4435 2423 4488 De
2452 4430 2671 4487 concilio
2698 4427 3025 4483 Arrerncusi.
3055 4423 3306 4478 Urbanus
3342 4432 3534 4507 papaa
3566 4417 3747 4471 Roma

2156 4530 2210 4583 in
2249 4522 2450 4582 Gallias
2492 4523 2800 4585 devenicns,
2851 4510 2992 4573 anno
3038 4516 3134 4570 Dei
3176 4513 3371 4569 Christi
3419 4509 3557 4565 1093
3600 4510 3751 4578 apud

2156 4621 2546 4673 Arvernensem
2571 4617 2777 4679 urbem,
2802 4626 2921 4680 qua:
2944 4619 3025 4664 est
3051 4607 3418 4665 Clarusmons,
3445 4601 3744 4655 concilium

2156 4711 2450 4763 innumerae
2477 4703 2837 4761 multitudinis
2860 4698 3191 4771 aggregavit,
3209 4694 3297 4749 ubi
3324 4691 3489 4747 multa
3514 4691 3746 4744 decreta

2151 4801 2323 4855 relatu
2354 4800 2512 4868 digna
2534 4796 2698 4859 dedit,
2728 4796 2870 4849 viam
2895 4790 3181 4847 Ierusalem
3212 4784 3466 4845 instituit,
3496 4778 3566 4856 de
3590 4788 3745 4834 statu

2153 4901 2354 4946 sanclcc
2382 4888 2627 4945 ecclesiae
2653 4887 2786 4941 satis
2814 4893 2868 4937 et
2905 4881 3234 4937 sufﬁcienter
3276 4875 3548 4930 tractavit.
3582 4872 3745 4927 Tunc

2154 4983 2425 5036 Manasses
2452 4990 2601 5034 stans
2638 4978 2689 5030 in
2734 4975 2911 5029 medio
2954 4971 3244 5027 clamorem
3276 4967 3402 5021 fecit
3440 4966 3507 5020 de
3533 4964 3744 5018 domno

2154 5074 2458 5131 Walcbcro.
2494 5067 2741 5125 clectioni
2784 5081 2893 5120 suae
2924 5063 3118 5132 injuste
3152 5056 3589 5119 subintroducto,
3625 5056 3745 5123 epi-

2155 5171 2434 5230 scopatum
2490 5156 2739 5212 videlicet
2793 5155 3237 5211 Cameracensem
3284 5148 3383 5205 sibi
3446 5147 3743 5202 invasione

2288 5358 2351 5370 an
2402 5359 2477 5370 --
2613 5355 2623 5367 ο
2683 5354 2699 5370 Ι
2761 5355 2782 5370 Ι
2876 5353 2911 5370 Λ
