4026 5370
229 281 292 336 77

909 283 1228 342 CllRONIC.
1272 285 1328 342 S.
1369 284 1672 342 ΑΧῡιὶΕιΕ
1707 286 1956 344 CASTRI
1991 289 2704 350 CA3IEii.-\CESll.—LIB.
2735 295 2816 352 Ill.

3343 303 3448 360 278

198 397 508 452 detestanda
549 407 862 468 usurpante,
897 410 952 454 et
996 411 1054 456 ut
1099 418 1208 457 uno
1261 404 1424 458 verbo
1472 403 1586 472 ejus
1625 413 1768 470 utar,
1799 417 1844 474 Α
1876 422 2056 462 euntes
2101 409 2476 474 Flautlrensis,
2525 413 2860 468 dominatum
2909 413 3258 472 Catubrisiaci
3289 431 3444 474 usur—

195 488 392 542 intrusit
423 505 482 542 se
527 491 602 556 in,
637 490 830 558 inquit,
861 510 1028 548 nteant
1073 497 1391 552 electionem.
1435 498 1616 552 Finito
1655 499 1768 554 cla-

196 596 334 636 more
351 591 408 634 et
431 581 706 638 Walcheri
733 585 876 640 dicta
901 589 1270 658 responsione,
1295 591 1542 645 admirati
1561 591 1770 660 judices

193 673 392 726 tandem
421 675 586 728 simul
615 676 672 730 in
704 677 805 730 hoc
833 681 1222 735 concordantes
1251 682 1522 750 protulere
1561 695 1769 740 senten-

195 767 346 820 tiam:
377 765 614 836 primam
637 769 846 824 scilicet
871 771 1190 826 electionem
1239 785 1430 838 ratam,
1477 777 1766 831 secundam

192 871 326 920 vero,
371 858 424 912 id
467 871 552 914 est
597 860 894 928 Walcheri,
941 864 1150 920 irritam
1197 882 1318 922 esse
1347 867 1560 924 debere.
1599 869 1768 924 Porro

193 947 496 1004 Walcherus
513 951 629 1020 jam
659 953 726 1008 de
763 955 993 1010 concilio
1041 968 1360 1023 recesserat,
1395 961 1522 1028 quia
1551 977 1648 1016 nos
1673 965 1764 1032 qui

193 1056 300 1095 cum
337 1056 404 1096 eo
451 1043 728 1108 ieramus,’
769 1048 868 1102 hac
903 1059 958 1104 et
1005 1050 1126 1105 illac
1172 1052 1556 1116 auriculaales,
1589 1054 1690 1108 tale
1715 1057 1764 1110 ei

187 1131 428 1200 judicium
455 1135 578 1190 fore
609 1139 1038 1206 predixeramus.
1081 1143 1212 1198 Data
1243 1146 1532 1210 sententia,
1557 1143 1764 1200 Manas-

193 1239 268 1278 ses
299 1223 348 1278 in
375 1225 490 1295 ipsa
523 1229 660 1282 sede
681 1229 954 1288 Waleheri
989 1243 1048 1289 ut
1074 1239 1358 1306 episcopus
1381 1239 1757 1305 substituitur;

191 1312 492 1372 Walcherus
529 1317 578 1370 si
606 1333 666 1372 se
691 1319 948 1392 deinceps
975 1328 1040 1378 de
1068 1327 1378 1396 episcopatu
1423 1327 1760 1394 intermittat,

191 1405 700 1460 exconununicatur.
743 1409 906 1464 Multa
939 1413 1005 1466 de
1037 1415 1152 1482 ipso
1183 1415 1432 1482 concilio,
1459 1417 1612 1486 plura
1643 1435 1762 1488 qua:

191 1495 246 1547 de
279 1495 400 1563 ipsis
425 1507 616 1564 postea
647 1501 1014 1571 contigerunt,
1057 1516 1110 1559 et
1145 1508 1414 1575 quomodo
1459 1524 1646 1564 eorum
1691 1511 1760 1542 ³⁸⁸³

190 1583 580 1642 Cameracensis
597 1591 776 1658 patria
801 1594 1020 1648 omnino
1042 1597 1316 1652 devastata
1339 1608 1394 1654 et
1414 1599 1604 1655 civitas
1625 1616 1760 1670 pene

189 1674 330 1732 fuerit
355 1678 618 1746 desolata,
656 1686 908 1752 quamvis
949 1687 1060 1741 sint
1094 1691 1380 1758 stupenda,
1413 1694 1754 1760 preterimus,

1873 515 2002 568 pare
2037 500 2138 554 sibi
2169 503 2370 568 volens,
2399 503 2593 559 multas
2621 505 2946 576 irruptiones
2975 507 3028 562 in
3057 509 3197 564 hanc
3221 511 3446 580 provin-

1872 591 2009 646 ciam
2041 594 2220 648 hostili
2259 611 2420 650 manu
2453 596 2688 664 fecerat,
2721 599 2890 668 ipsam
2921 601 3134 656 demum
3175 603 3444 658 civitatem

1871 686 2112 740 exercitu
2141 688 2306 744 nimio
2331 689 2696 756 circumdans,
2723 707 2819 760 per
2845 701 3051 761 septem
3079 693 3195 748 dies
3224 693 3448 768 obsede-

1873 783 1984 840 rat,
2011 779 2214 846 paratis
2253 791 2484 850 septem,
2517 791 2574 835 ut
2602 782 2793 848 fertur,
2823 783 3042 839 milibus
3080 793 3443 848 armatorum,

1869 886 2011 926 anno
2041 873 2175 928 1102
2205 877 2256 928 in
2291 876 2429 932 hanc
2461 887 2660 932 terram
2707 882 2874 946 venit,
2921 881 3088 936 multa
3135 881 3366 936 viriliter
3393 891 3448 936 et

1867 979 2126 1035 prospere
2177 969 2374 1038 gessit,
2435 971 2652 1026 castella
2701 971 2930 1037 Buleen,
2981 973 3138 1044 lucy,
3199 965 3444 1029 Sc'lusam

1869 1056 2112 1126 aliasque
2141 1058 2465 1114 munitiones
2494 1061 2815 1117 comburens
2843 1063 2946 1133 igni
2965 1103 2979 1126 ,
3021 1063 3296 1118 solotenus
3323 1077 3446 1134 pre-

1868 1145 2137 1214 cipitavit,
2171 1162 2424 1215 pavorem
2473 1149 2554 1203 sui
2607 1151 2866 1206 hostibus
2901 1151 3324 1222 circumquaque
3362 1154 3444 1206 in-

1868 1239 2068 1302 cussit;
2123 1239 2219 1294 sed
2269 1241 2610 1310 Opprimeute
2667 1243 2846 1297 hieme
2899 1245 3058 1300 citius
3110 1245 3442 1314 repatriavit.

1867 1325 1976 1382 Nec
2003 1338 2182 1384 tamen
2213 1344 2396 1386 comes
2419 1331 2488 1386 ab
2518 1331 2860 1388 infestatione
2894 1334 3262 1390 Cambrisi'tci.
3306 1371 3322 1388 .
3365 1373 3379 1388 .
3426 1373 3440 1386 .

1934 1421 2022 1474 2.5.
2065 1421 2142 1475 De
2163 1424 2394 1476 cometis.
2435 1423 2592 1478 Anno
2617 1424 2776 1491 1106,
2797 1441 2934 1480 unus
2955 1443 3016 1480 ex
3041 1428 3268 1482 cometis
3287 1429 3442 1498 regni

1863 1512 2216 1566 mutationem
2267 1513 2700 1584 presagientihus
2751 1529 2936 1570 mense
2981 1514 3171 1572 Martio
3197 1531 3294 1585 per
3321 1525 3466 1570 octo.

1863 1603 1980 1658 dies
2003 1605 2286 1673 apparuit;
2311 1620 2536 1670 vespere
2559 1615 2680 1674 post
2707 1605 2836 1659 solis
2859 1619 3110 1662 occasum
3139 1607 3316 1662 radios
3340 1616 3444 1660 ter-

1861 1693 2044 1748 ribiles
2097 1695 2380 1760 emittens,
2423 1693 2606 1748 multis
2657 1694 3010 1762 prudentibus
3063 1705 3328 1760 terrorem
3359 1697 3442 1750 in-

190 1768 380 1836 quijam
401 1773 636 1840 atuplius
669 1776 788 1832 haec
819 1782 1166 1836 rememorari
1198 1785 1526 1852 superﬂuum
1553 1801 1673 1840 esse
1703 1795 1756 1842 et
1788 1768 1830 1826 Β
1857 1785 2038 1854 gessit.
2101 1784 2394 1854 Imperator
2445 1785 2740 1848 Henricus,
2795 1800 2956 1854 quem
3013 1785 3155 1840 filius
3183 1801 3312 1842 suus
3343 1787 3443 1840 sub

189 1859 352 1916 inutile
375 1862 650 1922 ducimus.
1759 1885 1796 1938 ft

242 1951 320 2007 20.
369 1953 442 2009 De
489 1959 830 2014 ordinatione
885 1961 1153 2016 Manassa’
1205 1967 1450 2034 episwpi.
1493 1969 1756 2023 Rumoltlo

187 2043 406 2100 Remeusi
431 2048 852 2120 archiepiscopo
871 2052 1102 2110 obeunte
1132 2058 1242 2121 (an.
1271 2057 1449 2126 1096),
1471 2058 1753 2114 Manasscs

187 2138 458 2204 prepositus
503 2143 780 2206 succedit,
839 2160 1026 2212 parum
1065 2147 1280 2215 quidem
1328 2149 1615 2214 litteratus,
1658 2143 1750 2207 sed

188 2229 460 2284 elemosinis
515 2239 578 2284 et
631 2248 780 2288 curre
843 2251 1134 2304 pauperum
1199 2239 1440 2296 studiose
1489 2241 1744 2308 deditus;

189 2331 214 2370 θ
235 2332 326 2387 quo
349 2321 696 2388 supradictus
731 2322 1006 2380 Manasses
1045 2327 1098 2380 in
1145 2328 1454 2400 episcopum
1486 2343 1568 2388 est
1605 2335 1748 2389 ordi-

191 2419 342 2464 natus.

239 2499 317 2556 2|.
359 2503 430 2558 De
471 2507 558 2559 ria
599 2505 958 2564 Hierusalem.
993 2512 1150 2567 Anno
1185 2513 1340 2580 1096,
1373 2531 1468 2586 per
1503 2519 1746 2576 admoni-

190 2593 352 2648 tionem
392 2595 642 2664 saepefati
689 2613 842 2668 papze
889 2600 1132 2669 Urbani,
1182 2604 1488 2662 habitantes
1545 2617 1744 2666 terram

188 2682 298 2736 viaut
321 2682 624 2740 Jerusalem
655 2689 874 2758 aggredi
899 2701 1204 2760 cqaperunt,
1243 2703 1298 2748 et
1325 2711 1494 2766 usque
1537 2699 1588 2754 in
1613 2701 1746 2756 lines

189 2771 306 2826 orbis
329 2782 477 2828 terra:
508 2791 682 2832 sonus
715 2785 772 2831 et
811 2793 964 2834 arnor
999 2783 1160 2837 eundi
1201 2786 1530 2852 percrebruit.
1567 2789 1744 2844 Comi-

187 2871 266 2928 tes,
295 2865 578 2938 principes,
635 2869 868 2934 nobiles,
913 2873 1210 2945 vulgusque
1249 2880 1540 2946 promiscui
1583 2897 1743 2938 sexus

187 2954 248 3009 ire
271 2959 560 3024 certabant,
591 2971 844 3030 portenta
885 2973 940 3018 et
983 2965 1134 3037 signa
1175 2969 1230 3021 in
1271 2969 1410 3026 caelo
1455 2985 1514 3026 se
1557 2973 1743 3030 videre

185 3048 306 3104 multi
331 3054 668 3108 asserebant.
721 3054 781 3108 In
821 3070 924 3124 qua
967 3058 1052 3112 via
1097 3069 1298 3128 quanta
1321 3064 1582 3132 pericula,
1609 3077 1740 3136 quot

184 3154 430 3210 corporqu
451 3145 830 3213 incommoda,
854 3159 1086 3216 quantas
1107 3151 1298 3216 fames,
1323 3167 1522 3226 quanta
1545 3159 1736 3228 prelia,

183 3232 380 3287 maxime
408 3235 458 3289 in
481 3236 782 3294 Antiochia
809 3241 1150 3309 pertulerint,
1174 3261 1282 3314 quo
1307 3247 1508 3311 labore,
1543 3251 1738 3318 quibus

181 3323 406 3386 pressuris
425 3327 490 3380 ad
521 3326 872 3384 Hierusalem
917 3336 1282 3400 pervenerint,
1315 3353 1422 3406 qua
1463 3347 1601 3404 arte,
1631 3356 1736 3410 qua

183 3411 404 3471 iudstria
446 3421 876 3492 quadragesimo
919 3425 1216 3482 obsidionis
1259 3429 1345 3483 die
1371 3469 1384 3495 ,
1438 3431 1736 3488 interfectis

181 3503 332 3560 amitis
357 3509 622 3566 militibus
645 3512 1097 3582 Sarracenorum,
1121 3533 1240 3572 eam
1263 3521 1518 3588 ceperint,
1535 3533 1736 3591 quanto

181 3594 326 3650 studio
341 3600 648 3667 sepulcrum
674 3603 886 3659 Domini
909 3616 964 3662 et
986 3609 1102 3664 loca
1125 3621 1310 3665 sancta
1335 3612 1752 3681 mundaverint,»

181 3697 262 3774 non
287 3695 358 3742 est
399 3705 654 3748 nostrum
683 3695 1024 3762 describere;
1077 3713 1198 3768 qua:
1244 3702 1418 3772 magis
1445 3706 1644 3774 proprii
1679 3715 1734 3761 et

181 3769 251 3827 lati
269 3779 452 3836 codicis
483 3782 732 3854 indigent
775 3787 1152 3857 inscriptione,
1177 3795 1464 3860 presertim
1511 3811 1632 3850 cum
1667 3798 1732 3852 de

277 3877 324 3922 ct
367 3875 578 3928 cantica
630 3875 832 3946 ubique
875 3877 1065 3938 diffusa
1112 3889 1168 3934 et
1210 3883 1449 3938 carmina
1489 3887 1729 3954 quaedam

181 3951 402 4026 descripta
427 3961 739 4018 habeantur

227 4041 302 4098 22.
335 4047 408 4102 De
437 4051 638 4106 domno
661 4055 846 4110 Odone
871 4059 1126 4128 episcopo.
1163 4061 1452 4132 Postquam
1485 4063 1728 4132 episc0pi

181 4131 278 4225 duo,
302 4137 566 4198 Manasses
593 4156 646 4200 et
679 4146 920 4202 Walchet
937 4167 1017 4214 us,
1041 4153 1250 4206 diutina
1281 4155 1614 4211 dissensione
1635 4172 1730 4225 per

181 4219 300 4295 longa
328 4238 559 4302 tempora
609 4235 958 4302 defecerunt,
1010 4241 1126 4295 Ο(ιο
1172 4243 1578 4300 Aurelianensis
1605 4263 1726 4302 sco-

181 4311 384 4384 lasticus,
415 4322 650 4380 Tornaci
683 4331 982 4386 monachus
1027 4333 1254 4388 ell‘ectus
1289 4365 1354 4374 —
1387 4353 1508 4390 nam
1553 4340 1725 4407 ipsum
1771 4345 1774 4348 ί

1766 3111 1810 3174 C

1857 1875 2140 1928 occasione
2166 1874 2474 1942 apostolica:
2503 1877 2787 1930 sententia:
2816 1891 2982 1944 regno
3011 1877 3242 1946 ejectum
3267 1891 3440 1946 usque

1857 1967 1912 2020 in
1941 1977 2160 2022 exteros
2190 1967 2324 2024 lines
2351 1969 2664 2039 expulerat,
2715 1969 2856 2040 apud
2889 1969 3149 2024 Leodium
3189 1969 3439 2042 defungi-

1857 2069 1983 2124 tur;
2019 2062 2113 2114 sed
2140 2075 2362 2130 prepter
2387 2065 2696 2132 pranlictam
2745 2063 3355 2118 excommunicationem
3386 2063 3440 2118 in

1855 2151 1998 2204 atrio
2023 2165 2130 2206 non
2169 2153 2444 2221 sepelitur.
2471 2153 2640 2208 Filius
2668 2168 2797 2208 vero
2837 2151 2954 2222 ejus
2978 2153 3242 2209 Henricus
3271 2156 3440 2223 impe-

1854 2241 2014 2308 rium,
2041 2242 2184 2311 quod
2211 2243 2311 2298 sibi
2343 2253 2498 2311 pater
2519 2245 2707 2300 vivens
2735 2251 3082 2300 concesserat
3109 2253 3164 2300 et
3185 2244 3438 2300 benedici

1846 2329 2112 2400 jusscrat,
2135 2333 2390 2397 obtinuit.

1921 2423 2010 2478 23.
2053 2423 2128 2478 De
2154 2423 2376 2478 concilio
2398 2425 2541 2495 apud
2563 2423 2752 2479 Trecas
2781 2421 3138 2492 habito._Post
3159 2423 3434 2479 Urbanum

1850 2515 2150 2570 Romanam
2179 2515 2362 2570 sedem
2403 2515 2648 2584 suscepit
2669 2515 2939 2570 Rainerus
2971 2515 3082 2583 (an.
3113 2513 3303 2584 1099),
3339 2514 3434 2584 qui

1847 2614 1900 2660 et
1925 2605 2220 2668 Paschalis,
2247 2604 2332 2658 vir
2358 2618 2456 2674 per
2481 2612 2678 2659 cuncta
2699 2603 3004 2669 laudabilis,
3021 2611 3432 2659 antecessorum
3461 2647 3464 2650 .

1847 2713 2066 2752 suorum
2097 2697 2325 2752 firmiter
2349 2697 2566 2752 decreta
2611 2705 2819 2760 tenens,
2847 2697 2946 2753 sed
2983 2696 3225 2752 avaritite
3255 2696 3435 2750 minus

1847 2786 2155 2844 intendens.
2203 2786 2304 2844 llic
2333 2788 2388 2842 in
2413 2767 2620 2843 Gallias
2659 2787 2882 2844 veniens
2917 2787 3030 2858 (an.
3063 2786 3256 2858 1107),
3287 2785 3432 2857 apud

1847 2877 2090 2934 Trecbas
2119 2879 2410 2934 concilium
2447 2885 2714 2949 magnum
2765 2878 3102 2946 celebravit,
3149 2887 3206 2936 et
3245 2885 3433 2950 postea
3465 2893 3469 2896 ·

1845 2971 2068 3026 Romam
2101 2972 2282 3029 rediit.

1910 3061 2002 3116 26.
2039 3061 2116 3116 De
2163 3063 2386 3118 adventu
2437 3061 2654 3119 Ilenrici
2708 3064 2850 3119 tertii
2895 3063 3244 3136 imperatoris.
3301 3059 3432 3116 Ter-

1845 3151 2110 3222 tius(550)
2127 3152 2392 3210 Henricus
2407 3153 2720 3224 imperator,
2745 3156 2798 3210 in
2817 3155 2958 3210 hanc
2981 3163 3178 3210 terram
3206 3153 3430 3208 veniens

1841 3243 1954 3312 (an.
1981 3242 2116 3296 1107
2139 3281 2153 3306 ,
2189 3242 2332 3313 Oct.)
2361 3243 2623 3301 adversus
2663 3247 2916 3302 comitem
2959 3244 3254 3300 Robertum
3276 3285 3292 3311 ,
3335 3243 3428 3314 qui

1839 3331 1940 3386 sibi
1962 3331 2408 3389 (iameraeenscm
2455 3335 2686 3404 patriam
2737 3336 3148 3400 vindicaverat,
3179 3335 3422 3391 Duacum

1838 3424 2084 3489 obsedit;
2129 3426 2224 3478 sed
2255 3425 2359 3480 illis
2387 3426 2604 3482 deintus
2643 3426 2874 3481 viriliter
2901 3441 3000 3496 pro
3034 3440 3092 3482 se
3119 3435 3176 3480 et
3205 3439 3304 3495 pro
3330 3439 3426 3496 pa-

1839 3515 1941 3568 tria
1971 3517 2334 3586 pugnantibus
2357 3527 2414 3572 et
2433 3518 2650 3573 comitis
2669 3518 2942 3588 presentia
2972 3517 3258 3582 roboretis,
3287 3517 3424 3570 nihil

1836 3605 2088 3675 profecit.
2121 3606 2359 3661 Tandem
2388 3621 2518 3678 ergo
2573 3617 2852 3679 compacta
2877 3608 3167 3664 concordia
3199 3635 3264 3647 —
3295 3621 3420 3662 nam

1836 3714 1898 3754 se
1941 3699 2262 3754 alterutrum
2313 3700 2635 3755 metuebant
2686 3729 2756 3742 ——
2811 3701 3107 3770 imperator
3153 3700 3426 3756 concessit

1837 3805 2172 3860 quaecunque
2223 3799 2377 3860 pater
2427 3807 2556 3846 suus
2601 3792 2824 3846 dederat
2863 3793 2914 3846 ei
2955 3801 3170 3858 tenere,
3215 3791 3423 3847 scilicet

1835 3883 1974 3938 hanc
1986 3883 2163 3937 villam
2177 3884 2324 3954 (551)
2339 3884 2511 3938 etalia
2527 3885 2792 3952 quaedam.
2807 3885 2938 3940 Dein
2953 3901 3049 3956 per
3061 3885 3417 3942 Cameracum

1835 3976 1936 4030 iter
1969 3975 2170 4031 faciens
2207 3977 2498 4032 remeando
2529 3977 2726 4048 (Dec.),
2759 3978 3042 4033 duodecim
3073 3978 3139 4033 de
3169 3977 3295 4032 filiis
3324 3993 3418 4046 po-

1833 4066 2060 4120 tentium
2091 4065 2324 4120 civitatis
2347 4107 2362 4131 ,
2399 4067 2614 4122 obsides
2656 4068 2904 4122 videlicet
2932 4081 2999 4123 ne
3021 4068 3238 4138 quando
3273 4067 3418 4122 cives

1833 4158 1934 4227 ipsi
1985 4161 2052 4214 ab
2098 4158 2212 4226 ejus
2261 4159 2522 4216 fidelitate
2571 4162 2906 4227 defluerent,
2939 4163 3163 4218 abduxit
3193 4175 3408 4225 secum,

1833 4252 2018 4320 sicque
2043 4252 2379 4322 repatriavit.

1903 4342 1990 4395 27.
2035 4342 2188 4408 Quod
2241 4345 2526 4412 imperator
2560 4344 2800 4409 ,Romam
2851 4345 3094 4412 perrexit.
3147 4342 3249 4410 Qui
3303 4359 3410 4398 non

181 4409 439 4510 cerrobium
460 4414 578 4484 ejus
600 4418 974 4487 predicatione
990 4425 1726 4500 cmpitzedificari,—-postea
1755 4450 1808 4510 ο
1833 4433 2000 4487 ιιιιιΙιο
2051 4443 2172 4502 post
2219 4409 2444 4488 Romam
2500 4435 2820 4506 perveniens
2851 4409 2976 4504 ’(αη.
3005 4435 3188 4506 1111),
3240 4434 3412 4489 obviis

181 4508 280 4552 vero
297 4504 448 4560 abbas
477 4509 650 4579 ipsius
677 4511 804 4574 loci,
847 4516 912 4568 ad
958 4517 1326 4588 episcopatum
1367 4521 1725 4580 Cameracen-

183 4597 270 4683 δέεαι
309 4592 510 4664 eligitur
563 4610 620 4656 et
679 4611 1038 4658 consecratur
1066 4607 1175 4676 (an.
1211 4609 1394 4676 1105).
1454 4612 1562 4667 Sed
1599 4615 1724 4683 quia

185 4671 342 4738 donum
379 4684 444 4739 ab
473 4687 808 4758 imperatore
852 4704 1072 4763 propter
1110 4703 1720 4760 excommunicationem

187 4775 384 4913 quirere
423 4777 676 4846 nolebat,
715 4782 922 4837 intrare
969 4785 1024 4838 in
1073 4788 1348 4844 civitatem
1397 4793 1614 4848 minimc
1653 4796 1718 4848 li-

187 4869 232 4908 cc
287 4867 320 4913 1..

187 4867 320 4916 cenat.

211 4948 309 5047 ‘2').
345 4957 488 5022 Quod
519 4965 810 5034 imperator
835 4968 888 5020 in
933 4969 1064 5024 Imm:
1095 4983 1288 5026 terram
1315 4978 1526 5033 venerit.
1569 4979 1712 5036 [len-

191 5051 297 5132 I’tcus
335 5048 644 5121 imperator,
683 5058 880 5111 crebra
926 5067 978 5111 et
1010 5061 1310 5130 importuna
1355 5067 1712 5127 Catitcraeeu-

1831 4523 1930 4576 sibi
1949 4524 2156 4578 civibus
2185 4524 2465 4590 Romanis,
2493 4526 2750 4580 simulata
2781 4539 2914 4595 pace
2941 4525 3040 4580 sub
3057 4525 3410 4595 jurejurando

1829 4612 1958 4666 nulli
1981 4627 2166 4668 eorum
2213 4615 2444 4685 aliquam
2475 4615 2724 4683 injuriam
2756 4630 2814 4670 se
2845 4617 3111 4669 facturum
3166 4630 3404 4685 spopon-

1826 4702 1934 4768 dit,
1980 4713 2034 4756 et
2089 4704 2141 4756 in
2183 4705 2400 4759 introitu
2460 4706 2640 4776 templi
2679 4706 2850 4760 sancti
2898 4703 3038 4786 Petri
3085 4705 3186 4760 hoc
3233 4705 3407 4776 ipsum

1823 4794 2118 4862 apostolico
2157 4794 2380 4860 juravit.
2417 4793 2600 4864 (Febr.
2632 4795 2738 4866 12.)
2773 4795 2880 4850 Sed
2931 4796 3092 4850 citius
3135 4793 3412 4864 ingressus

1826 4886 2103 4954 templum,
2125 4897 2316 4941 cuncta
2341 4889 2606 4958 promissa
2637 4888 2804 4957 rupit.
2826 4887 2962 4942 Nam
2991 4889 3166 4958 ipsum
3199 4895 3414 4954 aposto'

1823 4979 2012 5044 licum,
2045 4981 2112 5034 ad
2139 4995 2261 5034 eum
2293 4981 2721 5038 benedicendum
2771 4995 2825 5038 et
2873 4981 3056 5037 divina
3103 4980 3414 5050 peragenda

1822 5077 2072 5132 paratum
2125 5067 2346 5132 jamque
2405 5075 2824 5132 procedentem.
2889 5072 3101 5132 iniectis
3161 5067 3416 5122 messibus
