4026 5370
501 157 610 214 E279

1441 158 1732 213 APPEND.
1776 157 1868 212 AD
1907 140 2129 212 GESTA
2172 153 2472 209 EPISCOI’.
2514 152 2860 207 CA3|EIl.\C.

3672 155 3788 210 230

507 288 668 334 tatem
693 275 760 330 ad
786 285 963 331 castra
995 277 1270 332 exercitus
1320 277 1435 339 sui,
1465 291 1625 345 quem
1653 277 1722 330 ibi
1763 276 2084 345 reliquerat,
2115 278 2160 334 Λ
2191 273 2443 342 crudum,
2475 271 2617 340 quod
2639 269 2856 338 juvenis
2911 270 3126 339 optimae
3175 271 3388 338 indolis,
3415 272 3589 326 cultor
3615 274 3789 329 fuerit

505 365 780 422 transduci
807 364 957 420 fecit.
984 365 1123 433 Quid
1150 366 1450 428 seditionis.
1475 365 1602 435 quid
1641 366 2088 436 perturbationis,

502 474 624 530 qua:
656 457 850 514 divisio
881 458 1028 528 regni
1059 473 1122 512 ac
1161 458 1450 514 sacerdotii
1482 467 1606 513 tunc
1657 458 1822 513 fuerit
1870 457 2087 524 Romae,

501 557 644 627 quod
677 570 836 610 nemo
867 563 1062 624 potest,
1088 569 1192 610 non
1215 563 1298 609 est
1329 563 1571 608 nostrum
1609 553 1903 624 explicare.
1942 553 2089 606 Tan-

503 649 625 704 dem
657 655 882 701 coactus
903 643 1334 715 papa,quicquid
1361 659 1455 699 rex
1478 645 1721 714 precepit
1747 652 2090 699 sacramento

504 738 768 794 ﬁrmavit.
799 737 866 792 Et
893 737 972 792 sic
1006 737 1240 792 conlicte
1266 745 1320 792 et
1354 736 1536 792 dolose
1582 736 1947 800 concordatis,
1980 737 2090 792 dis-

503 847 717 887 cessum
737 839 835 886 est.
854 830 1047 885 Postea
1084 839 1260 885 tamen
1296 829 1588 900 rogabatur
1615 845 1754 900 papa
1779 845 1809 884 a
1829 828 2088 890 Romanis

502 920 780 992 perjurum
811 935 994 990 regem
1027 921 1536 986 excommunicare,
1579 921 1674 974 sed
1717 919 1806 973 ille
1849 920 2086 982 rennuit,

509 1023 563 1067 et
593 1025 886 1080 numquam
933 1025 1056 1064 eum
1095 1009 1324 1080 amplius
1349 1011 1533 1065 videre
1568 1009 1757 1065 voluit.
1789 1040 1859 1050 ——
1888 1010 2087 1065 \‘erunt

507 1117 605 1156 nos
661 1101 1083 1158 intermittentes
1112 1116 1176 1158 ea
1211 1117 1332 1172 qua:
1365 1109 1492 1156 tunc
1517 1101 1704 1158 Bonae
1743 1103 2086 1174 gerebantur,

492 1192 573 1274 ἐδει
629 1197 812 1244 nostra
864 1193 1163 1247 redeamus.
1232 1190 1399 1262 Igitur
1449 1206 1632 1248 comes
1683 1193 1983 1256 Robertus,
2033 1203 2090 1246 ut

501 1279 707 1334 dictum
734 1289 849 1344 est,
884 1282 1022 1337 hanc
1061 1283 1238 1339 villam
1283 1285 1541 1353 adeptus,
1592 1285 1906 1356 frequenter
1951 1287 2089 1340 hanc

505 1372 769 1436 invisere,
803 1372 1143 1437 venationem
1177 1389 1362 1446 agere,
1392 1373 1894 1444 circumiacentium
1940 1375 2087 1432 loco-

504 1477 626 1516 rum
673 1463 839 1533 erepit.
884 1462 1138 1520 delectari
1184 1467 1610 1537 opportunitate.
1644 1468 1887 1538 Denique
1918 1468 2089 1523 maxi-

505 1567 651 1607 mam
679 1563 889 1623 partem
918 1555 1082 1610 turris
1112 1571 1232 1626 qua:
1258 1558 1547 1626 ceciderat,
1577 1570 1630 1613 et
1654 1575 1868 1613 murum
1902 1559 1957 1614 in
1979 1559 2090 1614 cir-

2183 364 2406 434 juslitia:
2427 376 2481 420 et
2508 368 2672 435 pacis,
2702 366 2838 420 adeo
2865 375 2922 420 ut
2950 382 3049 435 pro
3070 365 3442 421 conservanda
3474 366 3659 434 quiete
3682 384 3789 436 pa-

2193 456 2578 526 triazjuvenem
2605 472 2769 512 unum
2795 456 2920 510 furti
2954 472 3104 510 reum
3135 456 3372 510 inaudita
3403 468 3457 510 et
3482 457 3786 514 miserabili

2191 560 2374 605 morte
2393 549 2533 619 apud
2560 548 2785 618 Brugias
2813 548 2865 602 in
2885 547 3162 602 chaldaria
3193 546 3382 601 fecerit
3402 547 3627 616 bullire;
3652 565 3788 603 cum

2191 639 2586 696 admirantibus
2610 639 2781 694 turbis
2822 648 2878 694 et
2917 638 3185 700 ﬂentibus,
3220 654 3321 695 nec
3344 638 3458 710 ipse
3481 655 3510 693 a
3537 640 3790 695 lacrimis

2190 743 2373 804 posset
2398 743 2731 802 temperare;
2780 732 2922 787 unde
2967 741 3022 787 et
3075 742 3255 787 terror
3300 731 3416 801 ejus
3447 747 3546 801 per
3589 747 3788 788 omnes

2190 826 2500 897 provincias
2524 825 2904 880 malefactores
2928 825 3056 880 fecit
3082 824 3305 879 omnino
3331 824 3639 894 quiescere.
3671 822 3788 878 Sed

2189 935 2311 974 cum
2365 919 2418 972 in
2460 917 2869 982 Normanniam,
2898 932 3062 988 quam
3091 916 3299 974 crebris
3327 916 3663 972 exercitibus
3687 932 3790 986 op-

2191 1011 2483 1080 pritttebal,
2519 1009 2795 1080 profectus
2815 1019 2982 1076 esset,
3015 1018 3240 1078 accepto
3265 1008 3407 1063 letali
3437 1007 3661 1064 vulnere
3697 1023 3790 1063 re-

2188 1115 2409 1166 versus,
2445 1115 2543 1170 per
2598 1115 2799 1154 annum
2856 1099 2970 1156 fere
3028 1115 3193 1153 unum
3249 1100 3561 1168 a‘grotavit,
3606 1109 3664 1155 et
3702 1099 3789 1154 sic

2180 1181 2402 1246 demum
2459 1190 2598 1260 apud
2661 1189 2921 1246 Sanctum
2985 1191 3266 1246 Bel-tinum
3317 1190 3540 1246 eﬂ‘ectus
3591 1205 3791 1245 mona~

2190 1270 2322 1338 clins
2365 1293 2420 1338 et
2467 1283 2624 1353 paulo
2671 1293 2792 1353 post
2844 1282 3127 1338 defunctus
3165 1282 3277 1352 (an.
3318 1282 3516 1352 1119),
3571 1282 3643 1338 ibi
3699 1298 3793 1338 re-

2189 1376 2437 1446 quiescit.

2258 1466 2347 1521 50.
2371 1467 2450 1521 De
2477 1467 2669 1522 domno
2698 1465 2964 1522 Ger-tando
2994 1467 3202 1522 abbate.
3237 1467 3445 1522 Interea
3478 1467 3595 1539 (an.
3621 1468 3788 1536 1117)

2190 1557 2427 1614 domnus
2471 1560 2640 1616 abbas
2667 1558 2984 1626 Cuill‘ridus,
3013 1568 3124 1615 tum
3155 1559 3338 1615 hostili
3377 1559 3678 1628 furorequi
3707 1568 3794 1614 to-

506 1646 688 1711 cuitu,
731 1647 872 1703 sicut
916 1649 1177 1706 hactenus
1213 1650 1484 1716 cernitur,
1536 1653 1834 1722 reparavit,
1861 1661 2086 1723 excepta
2115 1634 2166 1694 Β
2196 1659 2304 1704 tam
2351 1650 2584 1719 patriam
2632 1649 3093 1721 depopulabatur,
3147 1659 3259 1704 tum
3298 1649 3440 1704 fame
3466 1665 3589 1719 quze
3619 1649 3794 1704 vehe—

507 1733 630 1788 aula
659 1750 781 1790 cum
811 1736 1058 1804 ecclesia,
1083 1754 1244 1808 quam
1286 1742 1516 1798 domnus
1541 1740 1815 1798 Gerardus
1839 1742 1883 1797 11
1923 1742 2092 1798 aedili-

512 1827 677 1882 cavit.
705 1827 838 1884 Nam
865 1840 920 1885 et
958 1830 1071 1900 ipse
1099 1832 1306 1902 amplas
1345 1845 1400 1889 et
1439 1835 1694 1890 honestas
1716 1833 1906 1889 domos
1926 1875 1940 1898 ,
1971 1850 2093 1904 qua:

515 1919 782 1990 hodieque
836 1932 1086 1990 manent,
1133 1940 1293 1979 unam
1345 1925 1556 1982 scilicet
1602 1927 1757 1997 juxta
1804 1925 2090 1981 ecclesiam

505 2011 918 2068 A'trcbatensem
948 2013 1165 2071 Sancta:
1203 2015 1408 2082 Marias,
1437 2017 1666 2072 alteram
1701 2033 1829 2074 vero
1851 2017 1904 2073 in
1955 2017 2090 2071 Bra-

507 2099 671 2155 cbant
717 2103 858 2172 apud
911 2104 1094 2159 villam
1136 2121 1257 2174 qua:
1308 2114 1393 2162 est
1440 2106 1648 2170 Melon,
1681 2107 1896 2178 lapideo
1925 2121 2092 2177 opere

507 2191 826 2246 construxit.
849 2190 1044 2250 Comes
1069 2194 1280 2265 itaque,
1309 2198 1487 2266 quoad
1513 2197 1681 2263 vixit,
1711 2196 1853 2252 sicut
1886 2197 2090 2252 dictum

502 2286 608 2342 est,
637 2279 780 2336 banc
799 2282 978 2338 villam
1005 2285 1178 2340 tenuit
1199 2293 1252 2341 et
1278 2287 1538 2356 possedit.

572 2368 662 2425 28.
706 2369 782 2426 De
809 2372 953 2428 obitu
975 2375 1154 2429 domui
1183 2375 1384 2431 Orionis
1423 2378 1668 2449 episcopi.
1700 2378 1949 2436 Manasse
1979 2378 2090 2435 Re-

506 2459 682 2514 mensi
709 2461 1127 2533 metropolitano
1148 2480 1314 2521 carne
1339 2477 1590 2537 exempto
1617 2469 1728 2540 (an.
1758 2467 1937 2541 1106),
1976 2469 2088 2525 Ito-

504 2547 736 2618 dulphus
759 2552 1018 2620 preclarae
1039 2554 1283 2611 scientiae
1308 2557 1543 2615 clericus
1583 2570 1639 2615 et
1666 2561 1992 2632 prepositus,
2035 2562 2091 2615 in

508 2643 637 2698 sede
666 2644 1030 2701 substituitur.
1089 2647 1198 2706 Sed
1240 2651 1459 2721 quidam
1489 2651 1723 2708 clericus
1764 2652 2086 2718 Cervasius,

504 2733 560 2787 vi
589 2736 733 2804 regia
758 2736 962 2805 fretus,
1012 2739 1186 2810 ipsam
1222 2742 1407 2798 sedem
1434 2744 1537 2800 sibi
1566 2759 1834 2815 usurpans
1859 2785 1874 2812 ,
1921 2746 2091 2803 intro-

501 2825 639 2880 itum
677 2825 796 2896 ejus
819 2829 997 2898 primo
1042 2832 1176 2888 satis
1206 2834 1524 2905 impedivit;
1565 2836 1658 2891 sed
1694 2846 1876 2907 postea
1914 2848 2091 2894 morte

501 2923 793 2983 proventus
846 2919 1052 2988 quievit
1095 2922 1208 2991 (an.
1251 2923 1432 2995 1115).
1483 2925 1724 2981 Domnus
1760 2935 1937 2982 autem
1973 2926 2088 2984 Odo

501 3005 912 3065 Cameracensis
925 3010 1230 3083 episcopus,
1246 3015 1569 3086 aegritudine
1592 3017 1741 3087 gravi
1772 3029 2085 3088 preventus,

503 3186 791 3246 defunctus
829 3191 982 3263 (Jun.
1033 3194 1142 3267 19),
1181 3195 1236 3250 in
1286 3199 1466 3253 medio
1513 3199 1758 3255 ecclesiae
1807 3200 2086 3270 sepelitur.

503 3278 678 3348 Cujus
691 3283 1040 3354 sepulchrum
1069 3287 1242 3343 inciso
1268 3287 1445 3357 lapide
1477 3288 1795 3344 decoratum
1834 3305 2004 3360 usque
2033 3289 2086 3345 in

507 3375 650 3431 hanc
680 3377 824 3432 diem
851 3378 1254 3436 demonstratur
1279 3381 1452 3453 (552).

571 3469 664 3524 29.
705 3469 783 3524 De
806 3470 1029 3525 adventu
1055 3474 1234 3527 domui
1263 3473 1579 3528 Bura/tardi.
1625 3473 1739 3529 Hoc
1789 3475 1862 3528 ita
1913 3473 2086 3540 linito,

508 3573 633 3612 cum
663 3559 717 3613 in
753 3559 1133 3616 Cameracensi
1172 3562 1402 3618 ecclesia
1455 3563 1600 3617 nulla
1631 3579 1729 3633 pro
1755 3563 2093 3619 dissensione

505 3646 911 3717 obloquentium
941 3649 1058 3703 ﬁeri
1088 3661 1269 3720 posset
1293 3661 1410 3705 rata
1449 3651 1666 3717 electio,
1710 3652 1890 3706 aditur
1920 3653 2092 3723 impe-

507 3746 681 3803 rator,
705 3739 820 3808 qui,
852 3751 1065 3810 reperto
1085 3742 1335 3810 consilio,
1354 3743 1608 3798 clericum
1639 3760 1804 3798 unum
1831 3743 1932 3800 sibi
1961 3743 2093 3800 lide—

503 3831 631 3886 Iiter
647 3830 1033 3902 obsequentem
1062 3834 1409 3907 Aquisgrani,
1440 3835 1814 3892 Burchardum
1848 3837 2089 3902 nomine,

505 3936 628 3976 eum
681 3919 878 3993 legatis
919 3922 1033 3979 suis
1080 3925 1149 3980 ad
1203 3927 1572 3997 episcopatum
1639 3927 2090 3984 Cameracensem

508 4012 826 4067 transmisit.
856 4013 958 4082 Qui
990 4025 1270 4088 susceptus
1298 4027 1353 4072 et
1389 4017 1613 4084 electus,
1640 4018 1755 4074 fere
1793 4033 1888 4088 per
1937 4018 2094 4074 bien-

506 4103 657 4158 nium
708 4117 932 4174 pr0pter
979 4110 1597 4166 excommunicationem
1645 4111 1989 4181 imperatoris
2015 4112 2094 4166 in-

510 4206 866 4252 consecratus
891 4201 1130 4265 mansit;
1167 4201 1260 4256 sed
1291 4202 1506 4271 tandem
1549 4203 1840 4257 miserante
1878 4211 2093 4271 aposto-

2115 2975 2161 3037 C

503 3097 984 3158 ad'tnonasterium
1011 3105 1376 3174 Aquicinense
1401 3123 1462 3164 se
1481 3108 1682 3164 deferri
1716 3109 1873 3175 fecit;
1907 3110 2118 3181 ibique-

2193 1749 2406 1796 menter
2448 1754 2664 1796 omnem
2719 1750 2919 1794 terram
2966 1739 3249 1809 premebat
3303 1739 3589 1808 fatigatus,
3638 1737 3794 1793 velut

2194 1846 2392 1900 magna
2422 1839 2741 1900 tempestate
2765 1840 3060 1901 quassatus
3091 1831 3292 1886 amisso
3312 1831 3462 1885 clavo
3481 1829 3666 1884 navim
3687 1843 3788 1883 va-

2192 1930 2408 1992 gantem
2440 1922 2633 1977 mediis
2659 1920 2911 1977 ﬂuctibus
2930 1961 2945 1987 ,
2986 1922 3273 1978 ecclesiam
3301 1923 3441 1978 hanc
3465 1921 3788 1986 detinebat;

2192 2013 2287 2066 sed
2331 2013 2546 2067 tandem
2590 2012 2642 2068 in
2673 2027 2732 2068 se
2774 2027 3029 2069 reversus
3058 2022 3274 2083 portum
3301 2012 3502 2083 quietis
3529 2011 3703 2076 adiit,
3729 2019 3790 2066 et

2192 2102 2508 2171 prelationis
2537 2117 2676 2158 onus
2703 2102 2970 2172 deposuit.
3017 2101 3128 2158 Nos
3153 2102 3342 2158 statim
3379 2101 3566 2156 habito
3594 2102 3791 2156 conci-

2193 2193 2294 2257 lio,
2341 2193 2758 2263 Aquicinensem
2794 2194 3146 2255 monachum,
3178 2207 3388 2264 magna
3417 2191 3699 2263 religionis
3729 2200 3791 2246 et

2191 2285 2513 2340 humilitatis
2533 2284 2712 2339 virum
2737 2285 2994 2340 donmum
3021 2283 3348 2339 Gerlandum
3369 2323 3383 2345 ,
3415 2282 3666 2353 eligimus
3685 2322 3704 2348 ,
3731 2291 3792 2336 et

2192 2392 2221 2430 a
2255 2376 2450 2431 domno
2475 2375 2730 2445 episcopo
2764 2374 3079 2430 Burchardo
3109 2372 3387 2429 Cameraci
3414 2371 3787 2436 benedictum,

2192 2483 2335 2524 anno
2385 2467 2481 2523 Dei
2522 2466 2724 2524 Christi
2768 2467 2904 2522 lll'l
2953 2467 3205 2522 abbatem
3261 2465 3620 2536 suscepimus.
3678 2464 3790 2532 Qui

2192 2577 2354 2633 quam
2370 2574 2650 2628 strennue,
2667 2577 2828 2631 quam
2853 2561 3150 2632 prudenter
3169 2570 3473 2632 susceptam
3494 2559 3788 2615 ecclesiam

2193 2654 2418 2721 rexerit,
2445 2653 2490 2709 si
2515 2652 2565 2708 ei
2592 2653 2683 2708 diu
2727 2653 2908 2708 vivere
2933 2652 3118 2706 datum
3147 2651 3367 2718 fuisset,
3399 2659 3456 2706 et
3483 2651 3614 2720 ipsis
3641 2665 3791 2719 quo.-

2193 2743 2413 2798 tidi.:nis
2429 2750 2739 2798 nostrarum
2762 2757 2945 2796 rerum
2973 2739 3307 2811 argumentis
3327 2740 3612 2809 patuisset.

2261 2835 2349 2889 51.
2387 2832 2463 2887 De
2495 2833 2822 2888 successione
2862 2831 3290 2898 apostolicorum.
3322 2829 3604 2886 Paschalis
3651 2828 3794 2885 Ral-

2193 2924 2331 2989 neri,
2356 2925 2424 2979 de
2445 2939 2554 2993 quo
2580 2938 2743 2994 supra
2767 2922 3073 2987 retulimus,
3105 2923 3162 2978 in
3204 2922 3335 2978 sede
3362 2920 3604 2976 Romana
3632 2918 3789 2992 ζευε-

2191 3031 2375 3072 eessor
2441 3014 2531 3087 ³⁸⁸]
2600 3023 2836 3073 Joannes
2889 3015 3156 3072 Gaitanus
3200 3015 3314 3086 (an.
3366 3014 3544 3085 1118),
3585 3013 3680 3083 qui
3732 3021 3796 3068 et

2190 3105 2458 3171 Celasius,
2488 3107 2628 3162 sedit
2665 3107 2754 3162 vix
2795 3121 2963 3173 anno,
2984 3121 3094 3162 uno
3129 3114 3186 3162 et
3213 3105 3440 3160 veniens
3469 3104 3525 3158 in
3553 3102 3794 3168 Gallias,

2193 3198 2334 3267 apud
2376 3197 2698 3254 Cluuiacum
2761 3198 3050 3255 defunctus
3102 3197 3365 3268 sepelitur
3419 3198 3531 3267 (au.
3593 3194 3793 3264 1119).

2193 3287 2333 3343 Iluic
2359 3288 2540 3355 Wido,
2575 3290 2666 3359 qui
2690 3299 2746 3344 et
2772 3289 3040 3356 Calixtus,
3070 3287 3394 3344 Viennensis
3416 3286 3796 3356 archiepisco-

2193 3393 2315 3446 pus,
2344 3379 2412 3433 ad
2444 3379 2628 3434 sedem
2675 3379 3027 3449 apostolicam
3053 3379 3370 3449 provehitur
3391 3376 3575 3448 (Febr.
3600 3377 3680 3447 1),
3702 3376 3794 3430 vir

2195 3481 2304 3524 tam
2328 3472 2598 3540 probitate
2621 3487 2832 3528 morum
2863 3471 3150 3528 laudabilis
3175 3486 3340 3541 quam
3360 3470 3525 3526 etiam
3559 3469 3793 3524 illustris

2193 3559 2453 3632 dignitate
2479 3562 2722 3632 generis;
2773 3561 2945 3618 frater
2992 3561 3205 3618 scilicet
3255 3559 3570 3616 Clementiae
3616 3559 3790 3612 Fian-

2193 3649 2404 3705 drensis
2447 3638 2798 3718 comitissae,
2825 3651 3016 3707 matris
3061 3652 3249 3721 utique
3299 3649 3518 3706 comitis
3547 3648 3796 3717 junioris

2194 3740 2462 3809 Balduini,
2490 3743 2556 3798 de
2583 3757 2692 3812 quo
2720 3740 2900 3813 aliqua
2927 3756 3090 3811 supra
3115 3741 3369 3796 diximus.
3408 3738 3508 3794 Hic
3536 3753 3676 3808 papa
3707 3737 3794 3791 fa-

2195 3831 2560 3886 mosissimum
2588 3831 2878 3886 concilium
2904 3831 3090 3888 Remis
3108 3846 3251 3886 anno
3277 3830 3373 3886 Dei
3396 3828 3600 3885 Christi
3644 3829 3800 3883 1119

2195 3923 2263 3954 ³³⁸
2290 3921 2583 3977 celebravit
2610 3921 2802 3993 (0a.),
2830 3923 2883 3976 in
2907 3936 3017 3991 quo
3042 3937 3150 3976 non
3182 3928 3391 3975 tantttm
3420 3919 3487 3973 de
3523 3926 3638 3972 tota
3661 3915 3797 3971 Cal-

2194 4010 2294 4076 lia,
2329 4012 2425 4067 sed
2478 4013 2642 4067 etiam
2692 4012 2759 4067 de
2806 4009 3357 4080 Lotharingrnsibus,
3389 4004 3796 4076 archiepiscopi

2195 4108 2434 4178 episcopi
2492 4108 2717 4163 abbates
2769 4115 2825 4162 et
2865 4105 3050 4161 clerici
3089 4101 3411 4159 catervatim
3452 4098 3794 4156 conﬂuxere.

2197 4201 2349 4259 'I‘unc
2376 4203 2598 4272 quidam
2627 4201 2971 4263 Fredericus,
3007 4197 3179 4252 frater
3205 4195 3420 4251 comitis
3459 4193 3530 4247 de
3575 4189 3754 4246 Namu
3775 4231 3793 4255 ,

506 4282 632 4350 lico,
681 4287 808 4356 quia
854 4289 1054 4346 donum
1084 4291 1428 4362 episcopatus
1474 4291 1544 4347 de
1592 4308 1754 4347 manu
1800 4292 1942 4362 regis
1984 4307 2090 4347 non
2123 4313 2172 4374 ι)
2197 4305 2319 4366 post
2362 4296 2562 4352 multas
2609 4294 2987 4350 contentiones
3013 4291 3082 4346 de
3127 4290 3439 4360 episcopatu
3468 4283 3624 4356 (555)
3651 4285 3797 4338 inter

511 4389 823 4446 acceperat,
857 4381 1084 4452 adeptus
1112 4393 1194 4437 est
1222 4384 1675 4440 benedictionem.
1709 4383 1806 4439 llic
1831 4400 1860 4438 a
1893 4385 2092 4439 comite

506 4467 771 4525 Balduino
807 4471 1036 4540 juvene,
1066 4474 1192 4530 dum
1218 4476 1534 4546 :egritudine
1557 4477 1761 4532 diutina
1781 4517 1796 4540 ,
1829 4492 1990 4547 quam
2023 4491 2090 4531 ex

507 4558 735 4614 vulnere
781 4562 1067 4620 insanabili
1105 4578 1472 4632 contraxerat,
1496 4567 1803 4634 laboraret,
1833 4583 1938 4622 non
1971 4568 2090 4621 sine

506 4653 682 4720 pretio
735 4669 927 4724 magno
981 4659 1308 4716 consiliariis
1329 4663 1446 4730 ejus
1477 4661 1712 4728 collato,
1743 4661 1883 4716 banc
1909 4661 2090 4715 villain

503 4759 628 4796 cum
657 4746 788 4800 turri
821 4749 1044 4816 recepit,
1072 4760 1127 4805 et
1153 4753 1406 4824 deinceps
1451 4754 1678 4808 liberam
1709 4754 2091 4810 Cameracensi

505 4833 694 4889 ditioui
727 4838 983 4894 restituit.
1021 4838 1096 4896 De
1126 4845 1226 4898 hoc
1265 4845 1464 4901 comite
1497 4844 1761 4900 Balduino
1796 4845 1984 4914 paucis
2013 4845 2093 4898 di-

2196 4405 2319 4444 eum
2343 4398 2399 4444 et
2435 4388 2705 4460 quendam
2726 4385 3115 4448 Alexandrum,
3137 4382 3207 4436 ab
3227 4377 3525 4449 apostolico
3549 4375 3625 4430 ibi
3657 4391 3796 4429 con-

2197 4491 2462 4538 secratur.
2511 4482 2593 4537 Ad
2646 4479 2798 4549 cujus
2839 4486 2961 4549 post
3008 4477 3286 4531 biennium
3323 4471 3568 4528 defuncti
3607 4469 3795 4539 sepul-

2198 4575 2385 4628 chrum
2415 4572 2579 4627 multa
2613 4573 2767 4642 signa
2793 4571 2936 4625 facta
2982 4569 3264 4631 feruntur;
3317 4579 3440 4633 quae
3485 4570 3798 4617 assertores

2197 4663 2313 4731 ejus
2337 4704 2352 4728 ,
2393 4663 2493 4718 viri
2541 4677 2759 4733 quoque
2787 4660 3018 4731 legales,
3077 4673 3202 4713 vera
3228 4696 3243 4721 ,
3284 4655 3625 4709 detractores
3661 4663 3797 4703 vero

2202 4754 2340 4809 falsa
2394 4767 2515 4808 esse
2570 4751 2922 4808 contendunt.
2973 4748 3080 4803 Sed
3116 4747 3217 4802 soli
3249 4741 3518 4814 cognitori
3545 4738 3795 4796 omnium

2207 4852 2388 4897 utrum
2417 4857 2540 4896 vera
2572 4858 2638 4895 an
2665 4840 2797 4896 falsa
2828 4839 3028 4895 fuerint
3058 4833 3366 4892 innotescit.

1793 5017 2022 5073 νΑῐιιίΕ
2063 5016 2465 5074 LECTIONES.

581 5125 647 5157 ³⁸⁸
679 5129 780 5183 tale
813 5132 939 5199 quid
963 5134 1218 5187 excidisse
1241 5135 1457 5188 videtur.

1537 5136 1608 5165 ³⁹⁰
1635 5136 1891 5192 MCXVIII
1919 5136 2090 5205 copia.

2040 5264 2271 5321 NOTAE.
