4026 5370
308 268 403 327 ξε)
1006 259 1322 316 CIIRONIC.
1365 258 1420 313 S.
1465 254 1766 311 ANDREJ‘I
1811 250 2057 307 CASTIH
2096 247 2574 304 CAMERACESII.
2600 277 2669 286 -—
2700 247 2824 300 Llll.
2862 245 2943 300 ill.
3440 246 3549 302 282

375 382 462 436 32.
515 378 595 431 De
641 375 781 430 obitu
839 371 1091 428 Gerlamt'i
1147 374 1370 426 abbatis.
1429 373 1667 423 Domnus
1713 366 1876 419 abbas

1986 398 2097 437 rem
2125 382 2212 436 ille
2256 381 2488 451 benigne
2538 380 2861 450 suscipiens,
2914 390 3124 448 tempus
3169 381 3428 434 tractandi
3478 384 3544 437 de

309 470 610 527 Gerlandus
670 483 790 521 cum
838 465 953 519 fere
1008 480 1104 533 per
1143 461 1572 533 quinquennium
1622 459 1877 513 decenter

310 576 521 633 gregem
580 558 679 612 sibi
715 556 1065 611 commissum
1104 555 1155 607 in
1206 556 1303 607 hac
1350 550 1576 605 ecclesia
1624 548 1874 607 rexisset,

313 650 494 704 aderat
523 648 641 700 dies
666 645 963 700 vocationis
986 659 1096 698 sua:
1120 660 1133 708 ;
1158 653 1211 697 et
1245 642 1391 711 gravi
1418 640 1480 670 ”'
1517 638 1666 691 febre
1690 650 1874 689 corre-

312 756 342 808 p
369 754 451 800 us,
502 737 571 790 14
618 734 732 789 Kal.
782 734 931 798 Maii,
976 732 1108 787 feria
1147 732 1181 785 3
1211 732 1424 800 pascha:
1470 728 1651 798 (“'23)
1691 725 1877 780 defun-

313 832 475 900 gitur,
501 836 557 881 et
586 836 709 879 ante
731 824 899 879 altare
948 832 1146 878 sancta:
1178 822 1357 875 Maria:
1405 820 1679 891 sepelitur.
1710 817 1876 885 llujus

314 933 553 990 tempore
601 919 872 974 Gerardus
922 917 1101 971 infans
1148 915 1296 985 (534)
1346 913 1597 968 allodium
1636 913 1701 967 dc
1739 910 1877 965 Fon-

313 1016 468 1081 tanis,
494 1029 594 1085 pro
615 1029 711 1067 sua
742 1022 797 1067 et
821 1011 991 1081 patris
1037 1008 1119 1064 sui
1150 1009 1353 1073 anima,
1397 1008 1463 1059 ad
1509 1004 1679 1059 altare
1703 1000 1877 1057 sancti

309 1106 533 1161 Andreas
579 1104 841 1167 tradidit;
889 1101 1041 1169 cujus
1090 1107 1301 1169 partem
1357 1104 1589 1150 aratum:
1629 1092 1879 1148 Gerulfus

310 1197 547 1267 quidam,
576 1195 876 1249 monachus
916 1199 1102 1247 noster
1126 1188 1367 1251 eﬂ‘ectus,
1400 1203 1430 1240 a
1457 1184 1732 1241 canonicis
1756 1198 1879 1235 san-

311 1297 404 1340 ctae
440 1286 624 1339 Maria:
658 1284 812 1337 nobis
867 1280 1113 1336 redemit.
1171 1278 1395 1347 Sepulto
1445 1277 1628 1345 itaque
1681 1274 1879 1328 domno

308 1374 595 1438 Gerlando,
654 1372 883 1425 domnus
942 1369 1108 1434 Dodo,
1162 1368 1246 1420 vir
1304 1366 1541 1420 honesta:
1584 1363 1709 1417 vitm
1759 1376 1877 1415 mo-

314 1464 537 1527 nachus,
568 1460 918 1516 Flandrensis
965 1459 1206 1522 natione,
1251 1457 1305 1510 in
1354 1456 1474 1511 loco
1518 1453 1635 1524 ejus
1683 1452 1879 1508 substi-

309 1555 487 1607 tiitur.
518 1552 619 1607 llic
667 1559 828 1620 caput
872 1548 1184 1604 monasterii
1230 1548 1402 1602 nostri
1440 1546 1554 1617 jam
1610 1543 1879 1601 adiﬁcare

308 1650 538 1712 ceperat.

1980 474 2084 527 hoc
2134 473 2350 538 negotio
2400 472 2473 525 illi
2518 472 2819 525 constituit.
2872 470 2978 526 Sed
3025 479 3199 525 morte
3253 482 3545 542 occupatus

1978 565 2089 631 (an.
2145 562 2304 625 “9.4,
2364 560 2533 632 Dea),
2592 562 2859 630 quendam
2916 561 3227 631 episcopum
3274 561 3545 619 Oﬂ‘cnsem

1977 651 2127 721 (535)
2166 652 2515 706 Lambertmn
2543 667 2701 721 quem
2734 661 2789 705 et
2828 650 3143 717 Honorium,
3176 667 3546 709 successorem

1977 746 2205 815 accepit.
2234 746 2702 812 Quinihilominus
2729 744 3021 799 clamorem
3053 745 3288 814 episcopi
3318 745 3551 801 libenter

1977 836 2283 901 attendens,
2309 852 2369 891 se
2402 836 2882 891 determinaturum
2914 850 3130 890 causam
3161 835 3277 903 ejus
3316 852 3547 906 spopon-

1978 928 2111 992 dit;
2168 929 2264 982 sed
2312 928 2454 998 regis
2484 927 2815 982 Francorum
2864 927 3260 996 nndtorumque
3307 928 3546 984 interve-

1980 1018 2251 1071 nientibus
2274 1017 2538 1086 epistolis,
2590 1032 2779 1087 parum
2829 1016 3073 1086 profecit.
3098 1048 3166 1057 ——
3196 1017 3403 1071 Domno
3442 1018 3547 1073 Ro-

1977 1108 2124 1161 dulfo
2164 1108 2418 1163 liemensi
2463 1108 2874 1178 metropolitano
2922 1122 3087 1163 carne
3131 1119 3383 1180 exempto
3433 1110 3541 1181 (an.

1982 1198 2162 1275 “25),
2214 1198 2508 1253 Rainoldus
2560 1198 2962 1268 Andegavcnsis
3000 1199 3285 1268 episcopus
3332 1200 3384 1254 in
3427 1200 3551 1255 loco

1978 1289 2093 1357 ejus
2122 1290 2481 1345 substituitur.
2507 1320 2575 1329 —
2602 1290 2794 1344 Iisdem
2846 1289 2958 1345 fere
3006 1292 3333 1361 temporibus
3364 1307 3548 1347 comes

1981 1379 2247 1434 Flandrite
2270 1378 2516 1443 Carolus,
2549 1395 2669 1433 cum
2693 1380 2831 1448 apud
2867 1378 3089 1450 Brugias
3123 1382 3173 1435 in
3204 1382 3400 1451 templo
3424 1398 3550 1451 pro-

1979 1478 2182 1524 stratus
2234 1478 2415 1525 oraret
2467 1468 2579 1539 (an.
2626 1469 2781 1533 1127,
2836 1468 2999 1522 Mart.
3041 1469 3120 1539 2),
3161 1485 3191 1524 a
3227 1472 3548 1539 quibusdam

1980 1559 2241 1614 militibus
2266 1559 2399 1623 suis,
2429 1559 2494 1612 ad
2546 1560 2649 1613 hoc
2675 1559 2846 1628 ipsum
2882 1568 3039 1613 antea
3069 1558 3383 1628 conjuratis,
3412 1560 3551 1615 mul-

1982 1651 2052 1706 tis
2074 1648 2357 1705 confossus
2381 1648 2692 1703 vulneribus
2737 1647 3064 1717 perimitur;
3099 1663 3307 1702 necnon
3355 1658 3408 1703 et
3429 1649 3549 1719 qui-

375 1710 461 1785 33.
500 1729 584 1784 De
608 1729 754 1783 obitu
781 1727 993 1783 Henrici
1019 1728 1158 1782 tertii
1203 1728 1551 1798 imperatoris.
1579 1728 1873 1795 Imperator

1982 1742 2104 1796 dam
2121 1740 2447 1796 castellanus
2461 1738 2598 1808 ejus,
2615 1710 2815 1793 dumvse
2838 1753 2895 1793 se
2908 1737 3230 1793 ferientibus
3246 1710 3551 1809 ictibuspro

308 1821 587 1885 Henricus,
618 1831 740 1889 post
770 1820 937 1875 multa
994 1822 1188 1889 pretia,
1234 1832 1355 1890 post
1402 1819 1583 1890 plures
1620 1832 1717 1889 per
1745 1836 1880 1887 quas

308 1913 399 1965 sibi
434 1912 668 1966 rebelles
718 1911 918 1966 multos
969 1900 1173 1966 fecerat
1220 1910 1612 1980 expeditiones,
1662 1911 1878 1963 tandem

306 2000 493 2055 domno
514 2014 671 2070 papa
699 1998 917 2054 Calixto
959 2000 1341 2062 concordatus,
1398 1999 1539 2054 diem
1566 1999 1757 2053 clausit
1781 2014 1876 2052 ex-

315 2103 540 2147 tremum
568 2092 681 2161 (an.
724 2090 909 2159 1125),
960 2100 1016 2147 et
1049 2092 1189 2161 apud
1243 2090 1454 2159 Spiratu
1486 2107 1606 2145 cum
1638 2091 1880 2159 patribus

309 2185 416 2237 suis
464 2182 750 2253 sepelitur.
789 2182 1030 2253 Cumque
1078 2184 1291 2253 cognati
1339 2182 1455 2251 ejus
1503 2182 1782 2238 Conradus
1825 2190 1879 2235 et

305 2276 615 2332 l‘redericus
640 2277 974 2332 bereditarie
1021 2292 1245 2347 regnum
1281 2276 1383 2331 sibi
1408 2275 1605 2330 vellent
1648 2290 1877 2343 usurpa-

307 2381 379 2430 re,
407 2368 727 2438 congregati
755 2369 1027 2437 principes
1056 2376 1236 2432 terrae,
1284 2367 1484 2422 relictis
1534 2368 1659 2432 illis,
1702 2382 1879 2436 quen-

308 2454 422 2507 dam
455 2457 656 2511 ducem
703 2458 953 2511 Saxonis:
974 2457 1291 2511 Lutbariutn
1321 2458 1537 2511 nomine
1558 2458 1626 2511 ad
1665 2457 1876 2527 imperii

306 2544 619 2614 dignitatem
653 2563 997 2616 promovere.
1029 2547 1129 2603 Hic
1152 2550 1237 2602 vir
1271 2557 1378 2602 tam
1427 2549 1687 2619 religiosze
1712 2565 1876 2619 quam

307 2634 511 2691 virtutis
538 2638 799 2694 militaris
836 2639 1045 2710 pollens
1082 2638 1342 2704 efﬁcacia,
1392 2654 1498 2693 non
1530 2640 1706 2694 minus
1755 2640 1877 2694 reli-

305 2724 493 2792 giosam
529 2743 760 2782 uxorem
790 2738 845 2784 et
870 2728 1305 2784 elemosinariam
1338 2729 1586 2789 habebat,

365 2814 452 2868 '54.
493 2815 574 2871 De
611 2818 752 2872 obitu
776 2820 978 2873 comitis
1007 2818 1376 2873 Fiandrensis.
1410 2819 1712 2889 Supradicti
1736 2820 1875 2876 Hen-

306 2907 392 2960 rici
442 2918 693 2979 tempore
739 2912 989 2982 contigit,
1023 2911 1294 2968 Calixtum
1324 2926 1516 2981 papam
1562 2912 1745 2967 Roma:
1778 2929 1874 2984 ge-

299 2998 468 3052 nerale
498 3000 798 3056 concilium
838 3017 982 3056 anno
1032 3002 1125 3056 Dei
1174 3002 1375 3058 Christi
1410 3002 1547 3058 H23
1571 3003 1662 3069 "',
1692 3019 1875 3059 mense

298 3085 500 3154 Martio,
540 3092 605 3145 in
638 3091 928 3148 Lateranis
978 3094 1305 3161 celebrasse,
1364 3095 1645 3165 ipsumque
1692 3107 1747 3152 et
1778 3102 1876 3153 im-

297 3186 598 3245 peratorem
638 3189 762 3248 post
825 3181 1087 3237 diutinam
1140 3183 1290 3253 regni
1343 3185 1771 3255 sacerdotiique,
1818 3197 1876 3242 ut

298 3280 449 3338 supra
485 3269 751 3335 diximus,
789 3272 1177 3327 dissensionem
1232 3273 1390 3327 tirma
1453 3290 1586 3344 pace
1634 3290 1863 3332 concor-

302 3358 462 3415 dasse.
494 3360 657 3417 Tunc
688 3363 854 3418 etiam
878 3364 1105 3419 domnus
1153 3365 1498 3421 Burcbardus
1520 3368 1659 3437 apud
1688 3383 1879 3437 papam

298 3468 447 3523 super
492 3456 864 3528 diremptione
910 3458 1287 3514 Atrebatensis
1329 3460 1571 3514 ecclesiae
1612 3476 1643 3513 a
1678 3460 1873 3516 Cante-

302 3550 503 3603 racensi
532 3565 763 3620 gravem
801 3549 1193 3620 querimoniam
1239 3549 1438 3604 intulit.
1481 3549 1646 3620 Cujus
1671 3551 1875 3607 clamo-

1982 1831 2261 1885 Iiberando
2285 1831 2504 1886 domino
2526 1830 2762 1884 medium
2781 1829 3061 1898 objicerct,
3092 1830 3344 1885 similiter
3360 1830 3554 1901 gladiis

1980 1933 2167 1973 eorum
2192 1934 2359 1988 super
2396 1919 2572 1990 ipsum
2610 1920 2966 1989 interemptus
2996 1935 3077 1974 oci
3097 1920 3270 1974 ubuit.
3300 1920 3554 1977 Protinus

1979 2009 2123 2064 fama
2178 2010 2311 2064 tanti
2354 2010 2574 2065 sceleris
2613 2022 2988 2081 percurrente,
3046 2026 3249 2067 triceror
3293 2028 3356 2067 ac
3394 2014 3552 2069 timor

1980 2104 2291 2159 universam
2320 2112 2521 2158 terram
2567 2104 2813 2173 perculit.
2844 2106 2907 2158 Et
2931 2122 3054 2159 mox
3095 2106 3162 2158 ad
3192 2105 3553 2160 ulciscendam

1984 2196 2113 2249 tanti
2174 2196 2433 2265 principis
2492 2196 2743 2265 injustam
2792 2210 2999 2259 necem,
3034 2206 3282 2265 potentes
3326 2196 3550 2265 quique,

1981 2285 2322 2353 maximeque
2370 2285 2585 2351 quidam
2637 2284 2834 2338 nobilis
2878 2284 3065 2338 Daniel
3116 2285 3196 2338 ira
3251 2283 3548 2347 frendens,

1984 2373 2317 2427 unanimiter
2343 2373 2664 2443 insurgunt;
2713 2388 2811 2427 nec
2853 2373 3004 2442 prius
3053 2372 3307 2443 quievere
3386 2388 3552 2441 quam

1982 2462 2285 2517 bomicidos
2312 2463 2432 2518 illos
2462 2479 2759 2533 omnesque
2789 2463 3078 2534 complices
3108 2478 3292 2518 eorum
3326 2464 3555 2519 diversis

1978 2570 2042 2607 ac
2074 2554 2397 2623 turpissimis
2457 2554 2721 2610 mortibus
2755 2554 2988 2619 deditos,
3040 2554 3261 2608 omnino
3310 2554 3375 2606 de
3407 2562 3551 2607 terra

1978 2645 2238 2699 delerent.
2270 2644 2442 2700 Porro
2470 2646 2593 2715 quis
2647 2645 2844 2709 luctus,
2898 2645 3020 2715 quis
3056 2644 3210 2698 dolor
3255 2643 3554 2697 Flandren-

1978 2752 2096 2791 sem
2126 2737 2379 2808 populum
2426 2737 2713 2801 attriverit,
2757 2752 2876 2805 qua:
2930 2735 3121 2804 prclia,
3162 2750 3279 2804 quae
3329 2732 3550 2788 seditio-

1978 2844 2093 2895 nes,
2157 2844 2278 2898 qua:
2335 2829 2579 2883 incendia
2635 2838 2802 2884 totam
2857 2828 3085 2897 patriam
3132 2825 3553 2889 devastaverint,

1977 2931 2083 2971 non
2125 2918 2282 2973 nobis
2338 2924 2514 2983 vacat,
2562 2917 2686 2986 quia
2736 2915 3068 2987 impossibile
3111 2924 3195 2971 est
3240 2915 3419 2971 verbis
3470 2915 3555 2969 vel

1978 3008 2197 3077 scriptis
2222 3020 2667 3062 commemorare.
2704 3005 2879 3074 Super
2922 3005 3081 3074 hujus
3110 3004 3331 3059 comitis
3378 3011 3554 3057 morte

1984 3101 2138 3159 multi
2160 3100 2326 3154 multa
2350 3099 2589 3154 carmina
2640 3096 2805 3153 ﬂebili
2845 3112 2976 3152 voce
3005 3097 3227 3151 finxere.
3257 3096 3334 3150 De
3359 3093 3556 3164 quibus

1983 3192 2279 3247 monachus
2307 3206 2446 3245 unus
2496 3190 2722 3260 lugubre
2770 3204 3010 3255 carmen,
3042 3188 3135 3244 sed
3184 3187 3444 3242 memoria
3473 3185 3553 3240 di-

1981 3299 2167 3353 gnum,
2216 3282 2460 3337 metricis
2510 3281 2758 3336 versibus
2797 3280 3120 3349 composuit,
3155 3279 3298 3348 quod
3342 3291 3442 3332 nos
3483 3275 3553 3330 ob

1983 3374 2220 3428 auctoris
2243 3373 2457 3427 laudem
2497 3382 2552 3427 et
2576 3372 2797 3427 lectoris
2818 3372 3235 3427 admirationem
3275 3370 3363 3425 hic
3387 3369 3553 3425 etiam

1982 3467 2220 3522 inserere
2247 3467 2555 3523 curavimus
2585 3484 2600 3522 :

299 3660 401 3718 lluc
428 3666 588 3732 ades,
620 3665 885 3737 Calliop".

301 3752 442 3810 V.res
465 3757 611 3811 mihi
635 3769 889 3828 suggerei

297 3846 334 3900 C
348 3864 512 3903 trnren
543 3849 698 3920 ﬁngo
724 3849 951 3918 lugubre

297 3934 455 3991 Nobili
484 3939 554 3991 de
592 3938 854 4006 principe,

299 4028 452 4091 Quem
484 4029 750 4097 produxit
772 4029 953 4095 Dacia,

302 4121 473 4175 Satum
505 4122 683 4190 stirpe
708 4124 878 4193 regia.

301 4209 457 4266 Mater
495 4212 602 4267 fuit
628 4214 820 4268 Athala
833 4254 848 4277 ,

300 4302 553 4358 Frisionis
576 4304 706 4358 lilia.

302 4390 446 4447 l‘ater
469 4394 653 4462 cujus,
682 4394 853 4448 hostia

303 4482 483 4539 Factus
511 4487 567 4539 in
589 4484 840 4549 ecclesia,

306 4571 516 4627 Mortem
542 4589 646 4641 pro
669 4573 879 4642 justiti:-

311 4659 526 4714 Pertulit
559 4662 613 4714 in
648 4660 832 4714 Dacia.

307 4747 485 4803 Noster
520 4759 706 4803 autem
740 4746 991 4809 Carolus,

304 4837 443 4893 Clam
472 4841 720 4895 sublatus
748 4839 1020 4905 hostibus,

309 4931 451 5001 Fugit
472 4933 542 4986 ad
573 4930 924 4995 avunculuin,

308 5020 562 5076 Comitem
590 5020 1029 5073 Flandrensitnn.

308 5116 358 5171 In
383 5126 484 5176 qua
511 5109 687 5176 proles
713 5110 864 5176 regia

1411 3664 1738 3722 Marchionis
1764 3669 1911 3723 curia

1409 3755 1592 3811 Crevit
1617 3758 1877 3827 sapientia

1409 3847 1587 3918 Atque
1615 3862 1823 3902 morum
1855 3849 2027 3919 gratia

1415 3937 1516 3993 Ubi
1544 3953 1673 3993 vero
1704 3938 1921 3995 inclitus

1413 4028 1557 4083 Obiit
1584 4029 1901 4095 avunculus,

1412 4116 1729 4173 Baiduinum
1754 4120 1932 4189 patrio

1413 4206 1663 4263 Statuunt
1690 4209 1742 4262 in
1770 4207 1925 4263 solio.

1410 4295 1508 4349 Hic
1532 4296 1720 4350 vicinis
1740 4297 1955 4365 regibus

1414 4385 1615 4441 Terror
1638 4386 1740 4440 fuit
1766 4388 2035 4451 omnibus,

1411 4477 1595 4533 Cultor
1623 4492 1732 4532 sua:
1755 4479 1963 4547 patriae,

1412 4567 1593 4621 Hostis
1616 4567 1911 4635 injustitize.

1415 4658 1602 4713 Morbo
1637 4659 1921 4713 insanabili

1413 4749 1607 4805 Fracta
1636 4765 1799 4805 carne
1829 4749 2025 4819 fragili,

1416 4839 1590 4894 Sithiu
1620 4841 1681 4895 fit
1708 4839 2024 4904 monachus,

1416 4928 1484 4981 Et
1502 4932 1764 4986 successit
1784 4928 2026 4985 Carolus.

1413 5018 1531 5081 Quo
1553 5030 1832 5091 regnante,
1863 5018 2115 5076 Flandria

1416 5106 1595 5176 Viguit
1624 5111 1811 5166 militia
1837 5126 1851 5175 ;

2516 3665 2680 3735 Cujus
2709 3668 2811 3721 sub
2835 3666 3064 3735 imperio

2518 3755 2726 3811 Floruit
2754 3756 2967 3825 religio.

2517 3848 2686 3902 Auxit
2718 3857 2930 3917 patrum
2954 3847 3204 3918 gloriam,

2520 3935 2786 3991 Comitum
2814 3935 3130 4004 potentiam.

2521 4022 2792 4078 Plurimas
2810 4022 3234 4078 Flandrensibus

2525 4113 2724 4170 Terras
2744 4115 2928 4184 junxit
2951 4114 3163 4167 ﬁnibus.

2519 4203 2655 4270 Heu,
2685 4206 2824 4259 heu!
2862 4218 3056 4273 magne
3078 4201 3346 4266 marchio.

2516 4293 2685 4365 Digne
2712 4294 2861 4365 regni
2889 4293 3046 4357 solio,

2525 4384 2722 4439 Forma
2748 4384 2904 4449 digna
2938 4380 3201 4451 principe,

2520 4472 2689 4545 Digna
2716 4482 2863 4528 tanto
2886 4472 3133 4527 nomine!

2522 4566 2661 4633 Heu,
2682 4574 2832 4637 pater
2858 4563 3120 4624 ecclesim,

2523 4652 2733 4707 Nostra).
2751 4652 2910 4704 decus
2932 4649 3219 4711 Flandriae,

2525 4739 2681 4794 Ultor
2704 4736 2977 4804 injustitia:

2522 4827 2588 4881 Et
2609 4828 2881 4881 munimen
2907 4824 3173 4888 Franciaa,

2528 4918 2643 4970 Dux
2678 4918 2936 4973 bonorum
2962 4919 3205 4984 previns,

2527 5006 2675 5062 Cleri
2714 5006 2960 5063 defensor
2985 5007 3126 5074 pius,

2532 5097 2917 5158 Monacborum
2947 5097 3180 5169 clipeus.
