4026 5370
465 349 568 406 985

467 467 666 522 Terror
689 469 844 525 malis
867 471 1116 525 omnibus
1139 474 1151 525 !

468 561 546 615 Te
573 562 930 617 FlaudI-orum
959 565 1177 628 comite,

467 655 827 720 Quiescebant
848 658 1076 718 semitae.

467 743 577 798 Nec
605 744 840 798 audebat
870 747 990 814 quis
1033 755 1176 799 tuam

465 831 803 888 C'mturbare
823 837 1070 904 patriam.

467 920 637 976 Preda
673 939 816 976 nunc
847 923 1127 989 efﬁcimur,

468 1010 718 1082 Undique
747 1013 1028 1082 diripimur

469 1103 554 1156 Fit
585 1113 802 1173 pastore
829 1115 1040 1158 mortuo

469 1195 662 1250 Ovium
691 1197 940 1265 direptio.

466 1285 633 1340 Nemo
663 1287 864 1356 justum
889 1289 1154 1355 sequitur,

465 1379 685 1450 Paxque
715 1391 889 1434 tecum
927 1383 1176 1445 moritur,

463 1471 530 1526 Et
565 1472 804 1526 abscisso
831 1474 1025 1542 capite,

464 1561 702 1616 Membra
725 1572 968 1633 pugnant
999 1563 1254 1632 undique.

463 1649 614 1713 Dele,
637 1649 851 1718 plunge,
881 1650 1153 1712 Flandria,

463 1744 626 1812 Quasi
650 1755 860 1813 patrem
887 1744 1011 1796 lilia.

463 1835 616 1888 Nulla
649 1845 770 1889 sunt
799 1835 1009 1900 solatia,

463 1925 612 1978 Perit
645 1935 732 1980 tua
763 1927 954 1997 gloria.

462 2018 544 2072 Ad
580 2019 868 2072 Iumentum
897 2035 1132 2072 convoca

463 2107 702 2175 (jamque
733 2123 892 2176 regna
935 2111 1198 2178 proxima,

463 2195 529 2248 Et
555 2196 620 2249 ad
653 2205 740 2249 tua
767 2195 957 2248 tutiora

462 2287 713 2340 Planetus
743 2288 918 2356 pulset
941 2289 1162 2342 aethera.

463 2377 594 2430 Cum
626 2378 750 2431 l‘..cit
775 2376 1064 2447 3"stitiam,

461 2469 657 2522 Passus
684 2477 765 2522 est
799 2471 1078 2534 invidiam,

461 2564 527 2618 Et
557 2581 656 2634 pro
685 2581 844 2619 causa
873 2580 1170 2634 pauperum

463 2654 690 2708 Pertulit
717 2656 1044 2710 martirium.

463 2745 606 2815 Iirgo
635 2761 734 2816 pro
761 2747 973 2817 justitia

461 2837 766 2890 (Ioronatur
789 2839 956 2908 gloria
987 2856 1002 2905 ;

465 2925 531 2978 Et
561 2925 851 2980 ltelandum
881 2928 1081 2996 potius,

467 3013 572 3068 Sed
599 3027 778 3070 tanien
812 3033 918 3070 non
949 3033 1256 3085 possumus.

463 3105 619 3174 Cogit
643 3121 738 3160 nos
769 3109 1027 3163 continuo

466 3197 624 3252 Flere
653 3199 942 3264 desolatio,

463 3279 702 3355 Cujus'in
741 3291 984 3345 absentia

465 3382 872 3436 Conturbantur
904 3386 1106 3438 omnia.

465 3469 623 3524 Flcnt
651 3484 846 3540 pontus
877 3483 930 3526 et
967 3473 1156 3543 Anglia

467 3557 707 3630 Totaque
739 3561 1089 3628 Normannta,

467 3652 546 3706 Te
575 3653 643 3684 ³⁹³
679 3655 796 3722 plus
825 3657 928 3724 bis,
965 3671 996 3710 ο
1023 3657 1268 3721 Francia,

470 3740 576 3793 Sed
609 3742 784 3794 minus
819 3759 982 3810 quam
1015 3743 1291 3798 Flandria.

1587 471 1860 534 Flandria,
1891 479 1944 523 tu
1979 472 2195 531 misera,

1586 560 1701 614 Tua
1731 561 1892 614 tunde
1925 569 2161 630 pectora,

1585 652 1784 706 Seiude
1814 667 1981 722 genus
2011 652 2295 720 unguibus,

1581 740 1764 810 Neque
1787 756 1980 809 parcas
2010 739 2236 796 fletibus.

1583 827 1718 882 IIinc
1739 827 1880 880 dolet
1909 827 2058 880 Italia

1583 919 1822 987 Totaque
1851 917 2056 979 Sicilia,

1583 1011 1834 1078 Duraque
1857 1007 2170 1062 Germania'

1586 1102 1760 1170 Atque
1787 1103 2157 1171 Lolbaringia.

1583 1193 1780 1248 Nostra
1807 1209 1930 1247 nam
1961 1193 2180 1246 miseria

1587 1287 1766 1342 Terrze
1797 1288 1972 1357 pulsat
1997 1287 2208 1362 intima,

1581 1379 1840 1450 Doletque
1863 1394 1984 1433 cum
2008 1377 2171 1432 Dacia

1581 1473 1754 1528 Thule
1777 1471 2158 1528 remotissima.

1580 1565 1832 1620 Glacialis
1854 1564 2112 1632 Rhodope

1585 1657 1779 1726 Stupet
1807 1664 1957 1710 tanto
1981 1655 2201 1710 scelere.

1585 1747 1912 1816 Geticusquc
1935 1747 2169 1800 Ismarus

1585 1837 1651 1891 Et
1671 1837 1890 1891 exclusa
1925 1835 2236 1904 Bosphorus

1583 1930 1785 1992 Ploret,
1819 1937 1875 1982 et
1903 1926 2160 1998 llispania

1577 2021 1764 2088 juncta
1798 2035 1918 2074 cum
1946 2019 2152 2074 Galatia
2183 2035 2195 2081 ;

1581 2112 1692 2166 Nec
1713 2111 1922 2165 laetetur
1950 2109 2178 2172 Graecia,

1581 2203 1925 2257 Lacrimante
1953 2202 2228 2256 Flandria.

1573 2298 1616 2352 0
1648 2294 2006 2349 Flandrerses
2041 2295 2244 2358 miseri,

1580 2388 1738 2441 Porta
1761 2395 1952 2456 patens
1981 2385 2134 2440 inferi

1579 2477 1810 2531 Devoret
1837 2491 1934 2530 vos
1964 2477 2198 2546 penitus,

1579 2567 1688 2622 Nec
1716 2577 1932 2622 evomat
1965 2567 2214 2636 amplius.

1579 2660 1708 2726 Qua:
1738 2676 1854 2724 vos,
1889 2659 2055 2718 servi.
2083 2659 2221 2713 furia

1577 2748 1848 2818 Compulit
1876 2747 1942 2801 ad
1969 2747 2131 2801 talia?

1581 2835 1731 2891 Sicut
1759 2837 1924 2891 Judas
1953 2837 2230 2906 proprium

1581 2929 1904 2984 Tradidistis
1935 2929 2230 2984 dominum.

1584 3022 1865 3091 Superatis
1889 3021 2116 3075 nimium

1583 3113 1816 3168 Famous
1849 3111 2226 3178 Lemniadum,

1583 3203 1856 3273 Danaique
1881 3204 2066 3258 funera

1583 3295 1772 3348 Vestra
1799 3295 2016 3348 vincunt
2043 3294 2268 3348 scelera.

1585 3385 1724 3454 Ergo
1761 3384 1788 3438 .I
1797 3386 1913 3439 udae
1937 3385 2129 3455 perditi

1587 3479 1736 3532 Facti
1759 3481 1892 3534 estis
1923 3479 2057 3533 socii
2086 3494 2100 3542 ;

1585 3569 1779 3624 Secum
1809 3570 1862 3623 in
1900 3570 2166 3637 suppIicio

1587 3657 1692 3712 Vos
1713 3667 1994 3726 exspectat
2021 3657 2226 3709 ntansio
2252 3671 2264 3720 ;

1582 3749 1749 3802 Immo
1785 3764 1920 3816 pene
1950 3748 2206 3800 miserum

1497 351 1790 408 APPEND.
1823 351 1913 406 AD
1954 349 2180 406 GESTA
2225 351 2436 408 Εῑηδο.
2465 349 2820 406 CAMERAC.

2697 469 2923 524 Fecistis
2951 469 3244 524 mnoxium.

2699 561 2942 614 Tradcus
2971 562 3117 615 extim
3141 560 3446 624 Dominum,

2695 653 2884 722 Implet
2913 653 3223 708 vaticinium
3257 695 3270 716 ,

2697 743 2874 798 Multis
2902 745 3096 812 quippe
3129 742 3346 812 profuit.

2696 836 2974 890 Dominum
3003 836 3141 905 quod
3175 835 3429 892 tradidit:

2693 924 2796 980 Sed
2819 933 2997 979 vestra
3030 925 3243 978 traditio

2693 1017 2874 1070 Multis
2895 1025 2976 1070 est
3011 1016 3262 1086 perditio.

2693 1106 2845 1160 Fecit
2867 1120 2995 1174 ergo
3029 1105 3242 1159 nescius

2696 1197 2838 1265 quod
2865 1195 3144 1266 prodesset
3171 1193 3448 1263 pluribus;

2699 1291 2806 1344 Sed
2835 1303 3009 1344 vestra
3047 1289 3264 1342 vesania

2703 1379 2882 1434 Multis
2904 1381 3007 1432 erit
3039 1379 3217 1432 noxia.

2701 1467 2828 1534 Qua:
2849 1466 2960 1535 jam
2985 1476 3168 1520 vestro
3188 1463 3378 1519 sceleri

2700 1557 2865 1610 Poena
2891 1557 3061 1625 possit
3087 1555 3200 1608 ﬁeri

2701 1645 2952 1711 Quaerere
2976 1659 3078 1697 non
3110 1643 3319 1706 desino,

2621 1789 2624 1792 .
2701 1738 2811 1793 Nec
2847 1747 3023 1793 tamen
3047 1737 3282 1801 invenio.

2697 1829 2814 1886 Non
2856 1839 2938 1884 est
2961 1837 3067 1882 tam
3093 1826 3357 1899 sacrilego

2697 1919 2866 1974 Ptena
2889 1919 3049 1988 digna
3083 1917 3300 1986 populo.

2701 2010 2805 2065 Vos
2831 2018 3123 2079 expectant
3143 2009 3324 2064 omnia

2698 2095 3109 2151 Tormcnlorum
3147 2109 3378 2165 genera;

2697 2187 2956 2240 Tantalus
2985 2195 3244 2256 purgatus
3269 2194 3351 2239 est
3375 2201 3390 2248 ;

2695 2281 2889 2334 Vester
2910 2278 3025 2347 ejus
3047 2279 3200 2333 locus
3224 2287 3327 2332 est.

2695 2375 2760 2428 Et
2794 2382 3080 2427 nocentum
3113 2370 3328 2438 agmina

2695 2471 2904 2526 Cedunt
2933 2468 3086 2522 vobis
3110 2466 3310 2522 omnia.

2694 2562 2842 2616 Ixion
2862 2561 2971 2631 jam
3001 2558 3194 2623 exilit;

2697 2656 2892 2711 Rotam
2923 2653 3076 2708 vobis
3108 2649 3305 2706 deserit
3328 2666 3346 2713 ς’

2701 2747 3010 2815 Saxumque
3037 2743 3272 2798 volubile

2700 2837 2806 2893 Vos
2827 2843 3040 2905 oportet
3072 2835 3310 2889 volvere.

2697 2925 2892 2996 Stupet
2913 2924 3096 2979 mundi
3129 2921 3416 2986 machina;

2693 3019 2896 3072 Pavent
2925 3017 3060 3070 Ditis
3091 3014 3271 3068 abdita
3299 3030 3312 3076 ;

2692 3103 2928 3158 lIorrent
2949 3101 3069 3154 caeli
3097 3100 3274 3155 sidera

2695 3193 2736 3246 Τ
2742 3211 2827 3247 am
2853 3193 3082 3248 nel'amla
3114 3191 3339 3246 scelera.

2699 3285 2761 3337 Et
2785 3299 2884 3338 nos
2906 3283 3347 3337 exborresciums

2697 3375 2852 3430 Unde
2881 3375 3038 3426 linem
3066 3373 3311 3426 facimus.

2697 3467 2772 3522 Ne
2798 3468 3114 3520 sordescant
3143 3465 3342 3518 secula

2697 3556 2906 3611 Talium
2933 3555 3210 3609 memoria.

3631 346 3738 403 εει

537 3851 626 3904 55.
667 3851 742 3905 De
772 3854 1040 3905 comitibus
1066 3853 1358 3910 Flandrim.
1405 3856 1516 3910 Iloc
1567 3859 1638 3911 ita
1692 3859 1874 3914 linito.
1932 3871 2052 3926 post
2085 3871 2124 3926 Α
2157 3858 2439 3927 episcopus
2487 3859 2850 3922 Burchardus,
2899 3865 3248 3926 posteaquam
3295 3855 3528 3910 sedecim
3583 3857 3738 3910 anni!

467 3940 813 3994 multimodas
839 3943 1026 4010 patria:
1054 3944 1510 4013 perturbationes,
1567 3939 1684 4000 rex.
1721 3949 2050 4002 Francorum

464 4029 709 4084 Atrebati
761 4032 981 4086 veniens
1042 4034 1154 4104 (an.
1201 4035 1355 4099 1127,
1417 4036 1576 4090 Mart.
1628 4039 1746 4108 ‘20),
1799 4040 2050 4106 juveiem

466 4119 734 4187 quendam
773 4121 1122 4176 nobilissima:
1153 4123 1366 4187 indolis,
1396 4124 1724 4180 Willelmum
1783 4129 2050 4182 Normau-

465 4221 618 4270 num,
651 4207 871 4263 Roberti
897 4213 1109 4266 comitis
1129 4213 1560 4269 Normanuorum
1588 4217 1878 4288 fratrisrpte
1913 4225 2052 4290 rcgs

461 4297 758 4368 Anglorum
793 4299 985 4368 lilium,
1019 4305 1274 4358 comitem
1305 4305 1573 4361 Flaudrite
1597 4311 1900 4364 constituit.
1948 4311 2048 4376 Qui

463 4405 569 4444 non
623 4391 792 4445 multo
837 4402 978 4460 post,
1034 4411 1156 4448 cum
1213 4397 1442 4451 viriliter
1493 4409 1680 4453 contra
1738 4403 2050 4456 resistentes

463 4492 649 4553 ageret
680 4495 735 4538 et
764 4485 1044 4540 castellum
1101 4490 1371 4558 quoddam
1421 4491 1566 4564 (536)
1595 4495 1696 4547 sibi
1746 4511 2051 4564 repugnans

462 4577 746 4632 obsidione
801 4581 950 4648 gravi
986 4583 1342 4651 opprimeret,
1393 4587 1571 4641 Subito
1615 4587 1799 4640 Ietliali
1827 4589 2050 4643 vulnere

464 4667 516 4720 in
545 4683 704 4722 manu
731 4679 974 4739 accepto,
1029 4674 1133 4726 vita
1161 4675 1406 4742 privatur
1465 4677 1575 4746 (an.
1613 4677 1794 4745 “28),
1821 4687 1875 4731 ct
1906 4679 2048 4748 apud

465 4759 726 4814 Sanctum
752 4761 1030 4817 Bertinum
1077 4781 1181 4819 non
1213 4767 1330 4821 sine
1372 4783 1564 4838 magno
1590 4769 1774 4822 dolore
1801 4785 2046 4831 suorum,

463 4868 584 4906 cum
644 4854 864 4923 planctu
905 4855 1067 4911 etiam
1109 4860 1342 4914 hostium
1388 4862 1661 4931 sepelitur.
1723 4862 1850 4917 Post
1904 4864 2047 4917 Iumc

465 4943 832 5002 Theodericus
889 4949 1108 5018 quidam
1160 4951 1224 5007 de
1276 4952 1479 5020 Alsait,
1531 4955 1597 5010 de
1648 4969 1846 5024 genere
1891 4954 2050 5007 Flau-

463 5034 742 5090 dreusium
765 5039 1046 5106 comitum,
1084 5045 1174 5111 qui
1197 5043 1306 5112 jam
1336 5044 1546 5114 aliquas
1577 5053 1760 5112 partes
1783 5043 2047 5096 Flandrite

2158 3947 2603 4004 Caineracensem
2651 3950 2938 4005 ecclesiam
2997 3949 3156 4010 rexit,
3209 3963 3352 4002 anno
3401 3947 3492 3999 Dei
3537 3948 3736 4001 Christ

2159 4039 2313 4100 1129,
2345 4042 2520 4108 pridie
2545 4041 2725 4094 Nonas
2753 4039 2993 4092 Januarii
3023 4039 3128 4092 vita
3158 4039 3456 4100 excedens,
3507 4037 3558 4089 in
3623 4051 3730 4090 mo-

2159 4134 2397 4187 nasterio
2425 4144 2628 4188 sancta:
2661 4133 2840 4186 Marize
2874 4131 3148 4200 sepelitur.
3180 4131 3246 4183 Et
3273 4129 3387 4198 poSl
3414 4144 3538 4182 eum
3563 4128 3731 4181 cccle-

2156 4226 2232 4278 s'a
2265 4225 2374 4294 ipsa
2410 4227 2682 4281 mensibus
2707 4224 3017 4295 quindecim
3047 4223 3336 4293 cpisc0pali
3360 4223 3538 4276 caruit
3573 4221 3724 4274 aduri

2157 4317 2494 4371 IllSll‘ﬂliOllC.

2223 4411 2310 4462 '57.
2345 4410 2421 4463 De
2444 4412 2667 4464 adventu
2699 4411 2938 4481 Gregorii
2968 4415 3018 4465 in
3057 4411 3190 4464 hunc
3219 4420 3431 4463 terram.
3466 4409 3584 4478 Ipso
3606 4423 3718 4476 quo

2153 4515 2256 4568 que
2288 4511 2523 4570 tempore
2554 4501 2848 4556 Ilonorium
2875 4520 3086 4572 papam,
3114 4503 3297 4555 nonne
3327 4509 3486 4554 noctu
3541 4499 3730 4553 defun-

2152 4601 2295 4644 ctum
2328 4592 2437 4662 (an.
2466 4591 2795 4657 II50,Fcbr.
2825 4595 2930 4666 II),
2963 4611 3089 4665 pars
3113 4594 3356 4664 quaedam
3379 4591 3734 4646 cardinalimr

2152 4698 2275 4736 mox
2311 4685 2361 4737 in
2387 4687 2502 4754 ipso
2528 4687 2845 4757 crepuscqu
2875 4688 3011 4743 lucis
3046 4688 3202 4758 quasi
3257 4686 3453 4740 furtive
3503 4685 3726 4754 sepelie-

2151 4785 2294 4840 Γυιιῑ,
2326 4786 2374 4830 et
2414 4793 2577 4831 unum
2626 4794 2690 4833 ex
2741 4781 2853 4834 suis
2875 4821 2886 4842 ,
2917 4781 3272 4848 Gregorium,
3302 4793 3462 4847 quem
3492 4787 3544 4831 et
3580 4775 3716 4830 Iuno

2151 4869 2387 4924 centium
2449 4880 2772 4926 vocaverunt
2799 4913 2812 4936 ,
2873 4874 2923 4926 in
2948 4874 3203 4926 cathedra
3247 4869 3489 4924 Romana
3531 4867 3710 4920 eonsti

2153 4969 2308 5014 tuunt
2343 4960 2524 5024 (Febr.
2559 4963 2828 5033 I5).Quod
2860 4965 2944 5018 ubi
2977 4964 3284 5018 cardinales
3309 4962 3472 5017 ceteri
3501 4975 3730 5030 parsqm

2151 5051 2348 5104 civium
2381 5063 2782 5121 compererunt,
2815 5056 3012 5122 raptim
3065 5053 3454 5107 convenientes
3475 5092 3489 5115 ,
3540 5050 3724 5117 sepult
