4026 5370
256 341 360 398 235

941 346 1257 402 CllRONIt..
1296 348 1354 404 S.
1393 349 1697 407 ANDREIE
1731 352 1986 410 CASTllI
2012 357 2485 421 CAMERACESII.
2518 400 2586 408 —
2618 370 2741 426 [ΛΒ.
2776 373 2859 428 lll.

3416 379 3521 438 238

259 457 470 523 dicunt,
498 472 696 528 papam
727 460 1081 516 constituunt.
1126 462 1191 516 Et
1222 478 1301 517 sic
1331 472 1592 533 uterque,
1623 465 1711 520 ille
1743 468 1846 521 sci-

1949 476 2097 527 eredi
2126 491 2194 543 po
2222 479 2316 538 sit,
2338 480 2529 539 (tomus
2546 498 2733 540 ouines
2762 488 3002 543 [eruditus
3023 502 3350 562 consumpta:
3370 499 3537 550 sunt.’

259 548 379 602 licet
433 559 497 602 et
545 548 821 617 predictus
865 548 1183 620 Gregorius,
1237 568 1372 607 ausu
1433 554 1642 611 nefario
1663 558 1844 612 sedem

257 648 510 695 sanctam
540 640 647 694 sibi
673 656 776 694 non
803 651 887 695 est
926 643 1192 697 reveritus
1225 657 1510 712 usurpare.
1564 646 1844 705 Commota

257 731 407 801 plebs
467 730 728 785 Romana
778 732 906 789 dum
959 733 1190 789 duorum
1238 736 1568 791 contentioni
1623 740 1848 807 turpiter

258 820 535 877 adulando
588 823 843 891 bipertita
893 824 1160 879 seditione
1227 827 1604 892 tumultuatur,
1663 830 1846 883 multa:

259 916 385 970 limit
413 915 603 970 cades
632 915 932 978 hominum,
971 925 1029 970 et
1076 932 1172 985 pro
1205 918 1495 986 pontiﬁcali
1518 921 1644 974 sede
1670 923 1844 989 adipi-

257 1008 454 1062 scenda
483 1008 539 1061 in
569 1007 693 1077 ipso
718 1007 904 1077 templi
928 1009 1080 1062 aditu
1105 1011 1408 1063 execranda
1463 1019 1847 1079 perpetrantur

258 1099 581 1155 homicidia.
607 1099 654 1154 Ο
677 1099 903 1153 dolenda
930 1100 1283 1154 ecclesiastici
1308 1102 1517 1155 ordinis
1540 1104 1755 1158 miseria
1776 1107 1788 1158 ι
1813 1120 1846 1159 o

259 1191 597 1245 miserabilis
621 1200 676 1245 et
693 1207 834 1247 caeca
857 1191 1220 1247 l’tteratorum
1246 1195 1516 1257 vecordia,
1536 1197 1660 1248 dum
1687 1213 1769 1266 pet
1788 1198 1844 1251 i:i

258 1281 452 1336 diviuze
473 1282 615 1353 legis
650 1282 911 1337 violenter
956 1298 1053 1338 nec
1081 1285 1198 1337 sine
1256 1282 1527 1347 ellusioue‘
1570 1288 1845 1356 sanguinis

262 1383 501 1427 rectores
530 1373 783 1427 ecclesiae
804 1372 1055 1428 affectant
1075 1389 1215 1439 esse,
1239 1384 1315 1440 et,
1338 1377 1478 1443 quod
1501 1377 1717 1444 gravius
1739 1388 1844 1442 est,

260 1463 574 1531 apostolici!
616 1463 711 1517 llis
742 1466 808 1517 ita
838 1466 1100 1532 sacrilego
1130 1466 1322 1534 spiritu
1384 1470 1843 1533 concertantibus,

260 1554 392 1606 alter
441 1569 675 1618 curant,
740 1556 791 1610 id
821 1566 904 1610 est
951 1555 1161 1619 Petrus,
1211 1557 1421 1612 fortiori
1475 1558 1844 1614 Romanorum

261 1662 458 1716 genere
486 1650 799 1717 prevalcns,
825 1651 1003 1705 sedem
1031 1652 1265 1707 obtinuit
1291 1672 1304 1719 ;
1340 1654 1656 1731 alter‘vero,
1686 1653 1738 1707 id
1766 1663 1847 1709 est

261 1737 575 1807 Gregorius,
611 1757 640 1795 a
676 1740 845 1796 Roma
883 1741 1171 1813 diﬁugiens
1205 1747 1259 1798 in
1297 1746 1499 1801 Gallias
1524 1747 1758 1808 devenit,
1792 1754 1846 1800 et

263 1829 572 1886 allemensi
628 1835 1045 1904 metr0politauo
1093 1839 1435 1907 maximeque
1481 1838 1674 1892 abbate
1726 1837 1843 1891 Cla-

262 1920 493 1974 rievallis
526 1921 678 1990 (537)
727 1932 781 1975 ut
808 1938 940 1992 papa
972 1936 1280 1995 susceptus,
1318 1927 1370 1979 in
1394 1928 1506 1980 'has
1536 1927 1842 1996 provincias

264 2012 523 2079 pervenit.
560 2014 624 2067 Et
655 2030 755 2083 per
774 2014 1129 2070 Cameracum
1171 2017 1272 2070 iter
1299 2016 1529 2083 habens,
1578 2026 1739 2086 atque
1776 2015 1843 2069 ad

265 2106 589 2175 colloquium
623 2107 967 2175 imperatoris
994 2108 1251 2162 Leodium
1308 2109 1555 2171 tendens,
1615 2108 1844 2178 sumpti-

266 2199 360 2248 bus
388 2198 503 2249 suis
523 2196 805 2261 ecclesias,
840 2205 1079 2250 nostram
1110 2212 1346 2266 quoque,
1400 2197 1687 2251 admodum
1722 2210 1845 2266 gra-

266 2286 428 2339 vavit.
465 2285 524 2339 lu
552 2286 669 2354 ipso
697 2296 963 2340 conventu
1015 2286 1224 2351 Leodii,
1255 2288 1485 2341 domnus
1536 2285 1844 2342 Liettardus

266 2377 631 2446 Trajecteusis
656 2380 984 2448 prepositus,
1007 2380 1291 2449 episcopus
1313 2379 1517 2433 electus
1545 2378 1656 2449 (an.
1686 2376 1841 2439 llbl,

270 2466 472 2537 Mart),
498 2467 615 2521 urbi
641 2467 1020 2523 Catneracensi
1051 2469 1337 2539 dirigitur;
1370 2478 1422 2521 et
1451 2468 1634 2521 lleznis
1659 2469 1691 2520 6
1723 2466 1840 2520 Kal.

270 2558 384 2612 Maii
412 2574 444 2612 a
472 2560 674 2614 domno
714 2560 1128 2629 metropolitano
1160 2559 1451 2617 honoriﬁce
1474 2568 1859 2622 consecratus,

270 2646 321 2700 in
342 2648 631 2717 episcopali
664 2650 794 2703 sede
815 2649 1043 2703 locatur.

332 2737 419 2793 38.
462 2737 537 2792 De
558 2739 872 2793 discessione
895 2741 1073 2794 damni
1096 2739 1238 2794 Petri
1268 2740 1488 2794 abbatis.
1518 2740 1629 2794 Sub
1652 2739 1842 2794 iisdem

273 2828 376 2884 fere
400 2828 594 2885 diebus
625 2829 739 2900 (an.
774 2829 928 2893 l.l3l,
959 2830 1035 2884 vel
1066 2832 1250 2900 “52),
1287 2832 1518 2885 domnus
1550 2831 1716 2884 abbas
1743 2845 1842 2883 no-

271 2930 379 2975 ster
410 2919 607 2976 Petrus
659 2920 972 2989 episcopum
1002 2919 1341 2975 Liettardum
1388 2921 1539 2980 adiit.
1584 2930 1640 2975 et
1679 2921 1846 2974 abha-

273 3014 377 3068 tiali
406 3015 672 3085 dignitate
704 3015 967 3084 deposita,
1009 3015 1285 3069 absolums
1309 3015 1574 3069 discessit.
1604 3012 1700 3068 Cui
1724 3021 1847 3082 post

272 3121 482 3161 menses
504 3121 619 3167 sex.
645 3106 879 3160 domnus
908 3104 1100 3171 Adam,
1147 3104 1332 3160 Sancti
1378 3102 1649 3158 Vincentii
1704 3101 1844 3155 Lau-
1872 3150 1914 3171 η

270 3195 526 3250 dunensis
544 3196 865 3261 monachus,
891 3210 1034 3249 anno
1050 3193 1358 3248 DeiChristi
1388 3188 1523 3247 “5'2
1556 3192 1839 3251 successit,

270 3299 323 3342 et
345 3289 410 3343 15
465 3287 585 3342 Kal.
613 3286 740 3342 Julii
764 3288 816 3341 in
847 3285 1078 3342 ecclesia
1110 3286 1253 3340 beati
1294 3284 1568 3347 Aichadri,
1599 3298 1722 3352 quze
1758 3280 1844 3336 est

274 3378 489 3451 Haspra:
519 3421 533 3445 ,
596 3396 625 3433 a
676 3380 874 3433 domno
919 3378 1177 3447 episcopo
1223 3374 1502 3429 Liettardo
1550 3371 1843 3427 honoriﬁce

273 3480 533 3534 sacratus,
564 3470 750 3524 eodem
778 3468 862 3522 die
893 3482 923 3520 a
975 3468 1126 3522 nobis
1150 3468 1355 3521 honore
1403 3464 1584 3518 debito
1621 3470 1702 3516 est
1726 3475 1849 3537 suse

272 3573 453 3631 ceptus
480 3563 743 3631 septimus
769 3563 937 3616 abbas
966 3559 1123 3627 huius
1147 3560 1272 3613 loci.

320 3638 423 3708 739.
464 3654 543 3708 De
597 3656 888 3708 vastatione
939 3653 1098 3721 hujus
1144 3651 1304 3716 villa’,
1359 3660 1407 3704 et
1433 3649 1846 3720 conﬂagratione

273 3747 601 3803 ecclesiarum
641 3758 964 3802 nostrarum.
1012 3746 1270 3816 Sequenti
1312 3760 1441 3800 vero
1470 3760 1611 3800 anno
1635 3744 1842 3816 (“53),

272 3854 389 3895 eum
422 3839 479 3893 in
510 3854 647 3907 pace
674 3846 730 3893 et
755 3837 1031 3908 religionis
1056 3838 1259 3906 quiete.
1311 3837 1456 3891 omni
1505 3850 1720 3906 quoque
1758 3850 1848 3889 re-

274 3944 385 3983 rum
414 3928 692 3998 opulentia
724 3936 906 3982 nostra
950 3927 1165 3981 ﬂoreret
1193 3927 1441 3991 ecclesia,
1489 3927 1602 3996 ipsa
1634 3940 1846 3994 quoque

275 4018 390 4071 villa
408 4018 661 4073 domibus
683 4016 876 4087 amplis
904 4017 1202 4086 opibusque
1225 4017 1390 4086 largis
1401 4016 1623 4071 dilatata
1642 4017 1693 4069 in
1712 4031 1845 4086 pace

276 4106 606 4161 habitaretur
657 4116 713 4160 et
772 4106 953 4160 laetitia
1007 4123 1021 4158 :
1102 4105 1381 4161 Gcrardus
1447 4105 1847 4160 Malust‘iliaster

277 4200 715 4270 cognominatus,
739 4196 853 4265 jam
884 4196 1011 4251 olim
1047 4199 1113 4252 ab
1147 4199 1263 4267 ipso
1292 4197 1534 4267 pueritia:
1572 4212 1683 4252 sua:
1712 4206 1847 4249 tem-

278 4303 397 4358 pore
429 4288 602 4344 hostis
625 4288 895 4358 pessimus
921 4288 1079 4358 hujus
1107 4288 1266 4352 villre,
1301 4298 1355 4342 et
1400 4288 1578 4342 adhuc
1627 4288 1681 4342 in
1726 4302 1842 4341 eam

278 4379 481 4446 spirans
507 4378 765 4447 nequitia:
801 4393 933 4443 sum,
962 4378 995 4432 5
1022 4378 1138 4432 Kal.
1189 4379 1331 4444 Maii,
1357 4380 1577 4433 collecta
1606 4378 1844 4449 peditum

1949 566 2184 623 Ecclesia
2211 579 2387 626 autem
2421 587 2602 629 nostra
2628 592 2748 632 cum
2776 580 3027 635 omnibus
3057 584 3318 650 :ediliciis,
3346 589 3521 645 sancti

1950 657 2186 720 Martini.
2218 663 2393 718 sancti
2424 667 2651 721 Andrem
2679 685 2799 723 cum
2824 671 2984 726 domo
3019 675 3306 743 episcopali
3367 676 3520 733 ﬂam-

1948 750 2050 803 mis
2073 748 2373 808 lureutibus
2393 766 2607 822 exusta,
2634 759 2871 813 deforme
2895 761 2975 814 sui
3010 766 3369 831 spectaculum
3400 784 3516 837 pre-

1950 843 2135 897 buere.
2172 846 2376 904 lutei-ea
2414 849 2515 902 viri
2564 866 2686 905 cum
2735 853 3068 917 mulieribus.
3117 855 3346 924 juvenes
3397 874 3519 913 cum

1949 936 2150 1001 pueris,
2167 951 2414 1005 pressura
2431 937 2766 996 ﬂammarum
2782 945 3149 1016 circumsepti,
3169 949 3272 1003 huc
3290 949 3522 1021 illucque

1949 1039 1976 1076 a
2011 1024 2147 1080 faeie
2169 1029 2439 1084 szevientis
2470 1032 2610 1100 ignis
2639 1033 2959 1103 dill‘ugiuut;
2997 1037 3167 1093 donec
3217 1039 3269 1092 in
3301 1026 3522 1094 castello

1951 1123 2123 1169 tutum
2155 1119 2255 1171 sibi
2293 1118 2407 1175 fore
2444 1121 2705 1191 refugium
2757 1124 2953 1179 frustra
3009 1138 3306 1197 sperantes,
3336 1146 3525 1202 grega-

1949 1207 2043 1260 tim
2074 1207 2395 1277 irrumpunt,
2427 1227 2522 1268 nec.
2541 1222 2718 1268 tamen
2744 1218 2933 1271 mortis
2953 1219 3239 1273 discrimen
3263 1221 3516 1276 evadunt.

1950 1300 2080 1354 Nam
2096 1317 2215 1355 cum
2245 1304 2388 1374 ignis
2407 1306 2686 1375 pervolaus
2710 1311 2923 1364 domum
2942 1313 3177 1382 episcopi
3202 1325 3519 1385 ceterasque

1947 1393 2089 1446 :edes
2115 1407 2455 1462 occupasset,
2485 1398 2622 1451 infra
2653 1400 2912 1456 ambitum
2958 1404 3159 1457 castelli
3211 1421 3396 1460 omnes
3428 1405 3518 1473 qui

1948 1481 2322 1550 confugerem,
2351 1484 2654 1542 furentibus
2683 1487 2910 1543 ﬂammis
2958 1493 3268 1560 angustiati,
3314 1494 3519 1548 nulluat

1947 1571 2126 1644 ed’ugii
2152 1577 2354 1630 aditum
2381 1579 2672 1643 habentes,
2712 1581 2963 1637 fortiores
2998 1585 3195 1654 quique
3242 1587 3522 1655 utriusque

1947 1681 2129 1730 sexus,
2163 1665 2249 1721 alii
2273 1683 2369 1738 per
2396 1685 2607 1726 murum
2636 1672 2915 1727 exilientes
2939 1673 3161 1728 saltibus
3180 1677 3517 1739 evadebant;

1949 1759 2083 1813 alios
2128 1773 2259 1813 vero
2303 1761 2490 1815 videas
2531 1761 2597 1814 dc
2661 1779 2815 1819 nmro
2873 1766 3199 1835 precipites,
3252 1768 3522 1837 quassatis

1886 1850 2225 1919 l’mernbt‘is,
2255 1850 2345 1905 vix
2376 1867 2876 1925 posseicsurgcre;
2938 1856 3029 1910 alii
3080 1866 3279 1919 autem,
3335 1858 3386 1911 id
3438 1868 3522 1911 est

1944 1941 2118 2010 pueri,
2152 1934 2414 2010 uusquain
2443 1946 2693 2017 progredi
2751 1946 3024 2011 valentes,
3078 1949 3172 2004 sed
3224 1964 3282 2004 se
3333 1960 3521 2005 mutuo

1945 2034 2368 2100 complectentes
2398 2053 2523 2091 -ο
2565 2037 2873 2094 miserabile
2920 2042 3070 2095 visu!
3120 2073 3191 2084 —
3244 2058 3412 2110 usque
3455 2046 3522 2097 ad

1946 2122 2227 2178 duodecim
2259 2140 2366 2179 uno
2394 2127 2446 2179 in
2484 2126 2601 2181 loco
2641 2128 2712 2182 ita
2765 2141 2889 2185 sunt
2937 2132 3058 2201 igne
3105 2133 3379 2197 devorati,
3426 2143 3521 2195 ut,

1945 2228 2064 2267 cum
2091 2224 2272 2282 postea
2299 2217 2731 2286 requirerentur,
2749 2221 2839 2274 vix
2872 2230 3076 2276 tantum
3100 2224 3272 2292 capita
3299 2234 3352 2277 et
3380 2238 3526 2293 gros-

1944 2302 2085 2357 siora
2116 2318 2303 2357 eorum
2327 2322 2448 2359 ossa
2485 2309 2878 2376 reperirentur;
2910 2326 2973 2365 ac
2999 2312 3052 2364 in
3081 2328 3205 2367 vase
3235 2329 3343 2367 uno
3371 2312 3522 2367 dela-

1947 2401 2022 2455 ta,
2053 2394 2107 2447 in
2136 2396 2277 2449 atrio
2306 2407 2493 2453 nostro
2519 2400 2870 2467 sepeliuntur.

2013 2484 2105 2538 60.
2147 2485 2224 2541 De
2246 2487 2497 2553 eiectionc
2524 2493 2777 2559 propositi
2804 2493 2970 2545 Adam
3017 2494 3080 2547 de
3120 2493 3295 2548 Turri.
3348 2496 3519 2549 Adam

1945 2574 2154 2646 itaque,
2181 2591 2340 2645 quem
2377 2580 2708 2648 prepositqu
2734 2593 2788 2635 et
2815 2584 3091 2638 custodem
3124 2585 3287 2638 turris
3331 2601 3525 2654 prepo-

1945 2666 2083 2721 situs
2142 2683 2297 2722 socer
2343 2670 2481 2737 ejus,
2535 2670 2872 2727 llierusalem
2930 2675 3137 2738 adiens,
3199 2675 3522 2744 prefef?{'at,

1949 2761 2098 2809 tanto
2129 2756 2446 2813 discrimine
2468 2760 2737 2827 presentis
2764 2760 2997 2816 incendii
3027 2771 3081 2816 et
3106 2762 3317 2817 hostilis
3346 2763 3523 2834 gentis

1946 2875 2014 2890 ν-
2059 2860 2183 2898 nam
2212 2856 2265 2900 et
2292 2857 2499 2901 armata
2531 2864 2724 2904 manus
2758 2850 2997 2905 hostium
3024 2853 3346 2907 circumiens
3368 2867 3526 2923 urge-

1945 2935 2035 2989 bat
2062 2963 2133 2982 νκ-
2166 2936 2354 2991 videns
2381 2938 2513 3007 nihil
2541 2939 2643 2994 sibi
2683 2938 2794 3007 jam
2818 2957 3123 3010 superesse,
3162 2957 3268 3012 quo
3316 2942 3525 2998 scilicet

1945 3024 2173 3087 αεὶ-πάϊ
2203 3029 2407 3085 viribus
2435 3030 2518 3085 vel
2569 3032 2777 3086 artibus
2800 3033 3005 3088 valeret
3060 3035 3333 3098 resistere,
3382 3018 3527 3089 facto

1947 3129 2106 3186 pacto
2163 3119 2332 3175 libere
2388 3123 2725 3191 egrediendi,
2790 3125 2979 3179 turrim
3030 3125 3281 3181 reddidit.
3327 3126 3525 3195 Sicque

1945 3206 2237 3275 Gerardus,
2260 3212 2400 3279 quod
2446 3226 2662 3282 semper
2691 3214 2828 3270 male
2870 3215 3254 3283 atleetaverat,
3294 3218 3527 3287 pessime

1945 3300 2204 3368 possedit.
2230 3300 2329 3367 Qui
2364 3302 2470 3354 voti
2497 3316 2752 3372 compos,
2783 3321 2884 3358 non
2922 3314 3127 3359 tantum
3175 3307 3227 3359 in
3285 3306 3525 3360 circum-

1940 3390 2209 3460 jacentem
2241 3393 2512 3461 regionem
2545 3394 2898 3463 malignitatis
2921 3411 3030 3448 sum
3054 3396 3195 3450 vires
3224 3395 3294 3429 ³⁸³
3314 3395 3523 3460 ell‘udit,

1946 3481 2038 3533 seJ
2060 3490 2114 3533 et
2135 3480 2302 3549 ipsam
2328 3480 2777 3537 Cameracensem
2809 3486 3052 3539 vexaudo
3083 3486 3279 3553 saepius
3310 3487 3518 3552 urbem,

1908 3599 1913 3605 ι
1945 3569 2197 3624 viciniam
2224 3586 2438 3626 omnem
2476 3572 2831 3643 depopulans,
2857 3576 3009 3631 villas
3031 3576 3286 3641 incendit,
3319 3577 3524 3648 rapinis

1946 3660 2154 3714 crebris
2187 3669 2240 3715 et
2271 3662 2638 3717 taxatiouibus
2668 3663 2874 3733 plebem
2898 3665 3186 3735 oppressit.
3221 3664 3287 3718 Et
3310 3681 3376 3719 ne
3407 3665 3523 3734 plu-

1948 3765 2006 3803 ra
2033 3750 2312 3819 loquar,in
2339 3753 2487 3806 omni
2508 3755 2680 3823 patria
2709 3770 2804 3823 per
2838 3770 3053 3808 manum
3109 3755 3227 3824 ejus
3267 3753 3523 3823 multipli-

1948 3848 2065 3892 cata
2092 3839 2226 3893 fiunt
2256 3840 2439 3910 gravia
2467 3842 2605 3895 mala
2628 3852 2681 3918 et
2705 3842 3016 3898 homicidia.
3043 3843 3118 3897 De
3137 3841 3349 3911 hisjam
3367 3842 3525 3897 taedet

1947 3930 2098 3999 plura
2133 3932 2360 3986 referre.

2016 4020 2108 4074 41.
2152 4020 2227 4075 De
2247 4022 2572 4076 admirandis
2592 4025 2814 4078 interdiu
2839 4027 2964 4080 ortis
2983 4026 3224 4079 tenebris.
3245 4024 3371 4078 Post
3386 4025 3524 4088 hinc,

1947 4113 2224 4166 mensibus
2256 4114 2429 4168 tribus
2452 4115 2778 4179 emensisﬁ.
2812 4115 2950 4168 Non.
2981 4114 3522 4183 sequentisAugusti,

1946 4201 2079 4255 feria
2111 4201 2165 4267 4,
2198 4204 2327 4256 hora
2358 4202 2411 4257 6.
2449 4204 2580 4269 diei,
2619 4206 2795 4259 subito
2820 4244 2834 4267 ,
2895 4205 3180 4257 visibiliter
3232 4202 3525 4257 obscurato

1947 4292 2081 4356 sole,
2110 4293 2162 4346 in
2189 4309 2403 4347 onmem
2445 4304 2645 4349 terram
2681 4294 2834 4351 facta:
2858 4302 2980 4349 sunt
3008 4292 3262 4356 tenebrae,
3293 4300 3345 4346 et
3366 4293 3524 4347 nobis

1949 4384 2128 4436 divina
2152 4385 2458 4452 agentibus,
2491 4386 2603 4439 fere
2625 4387 2858 4439 dimidia:
2898 4386 3043 4438 horae
3073 4385 3249 4451 spatio
3272 4397 3526 4451 perman-

279 4469 607 4538 militumque
632 4469 921 4524 innumera
956 4469 1319 4533 multitudine,
1370 4470 1634 4525 accersito
1680 4471 1843 4524 etiam
1875 4484 2090 4542 Dsere.
2142 4475 2270 4542 Quin
2324 4492 2409 4530 res
2448 4493 2570 4531 cum
2617 4479 2854 4533 omnium
2909 4485 3115 4530 mentes
3169 4475 3527 4530 admiratione

280 4556 572 4628 llaynoensi
597 4559 828 4623 comite,
862 4557 1042 4612 villam
1074 4560 1307 4622 invadit,
1334 4559 1669 4629 tuguriisque
1691 4570 1845 4615 extra

278 4648 458 4716 positis
479 4649 661 4719 ignem
692 4648 972 4703 admoveri
997 4649 1146 4704 fecit.
1195 4649 1292 4704 Cui
1331 4651 1494 4704 etiam
1519 4651 1585 4705 ad
1628 4652 1845 4720 supple-

279 4747 506 4793 mentum
532 4737 756 4793 malitiae
785 4738 1336 4805 suae,divino'tatnen,
1358 4750 1417 4794 ut
1442 4740 1736 4805 credimus,
1756 4740 1844 4809 ju-

279 4826 427 4891 dicio,
463 4836 658 4884 ventus
682 4827 977 4882 vehemens
1022 4828 1090 4882 ab
1124 4829 1292 4883 austri
1344 4829 1587 4898 partibus
1627 4843 1848 4900 repente

280 4915 328 4969 in
350 4917 579 4973 adventu
608 4916 729 4986 ejus
759 4931 1059 4986 exurgens,
1115 4917 1425 4973 famulando
1468 4928 1525 4972 ut
1565 4920 1635 4974 ita
1669 4922 1845 4977 dicam

281 5007 532 5062 voluntati
554 5007 703 5076 eius,
738 5009 876 5061 adeo
924 5009 1204 5064 videbatur
1246 5012 1535 5075 desaevire,
1589 5023 1647 5068 ut
1696 5029 1847 5069 arre-

283 5105 421 5165 ptum
448 5098 627 5166 ignem
662 5096 847 5152 ﬂando
870 5106 924 5149 et
970 5098 1109 5154 vires
1133 5102 1180 5156 ei
1243 5102 1485 5156 addendo
1533 5120 1629 5166 per
1678 5115 1846 5162 totam

1950 4566 2109 4621 simul
2136 4583 2199 4622 ac
2226 4576 2447 4637 stupore
2475 4579 2810 4634 concuteret,
2839 4569 3057 4638 quidam
3086 4567 3240 4636 quasi
3290 4566 3526 4635 pruden-

1950 4658 2119 4713 tiores
2143 4658 2387 4728 eclipsim
2420 4660 2548 4715 solis
2570 4676 2635 4715 ex
2662 4664 2958 4730 oppositate
2996 4659 3134 4712 luna:
3157 4658 3409 4717 dicebant
3434 4671 3527 4708 ac-

1949 4752 2167 4808 cidisse.
2185 4753 2336 4820 Quod
2355 4770 2694 4824 nequaquam
2713 4755 2824 4809 lieri
2853 4769 3011 4825 posse
3052 4753 3193 4809 ratio
3211 4761 3357 4823 patet
3378 4750 3524 4823 (5'58)

1948 4872 2019 4882 -—-
2047 4844 2214 4899 solem
2243 4845 2448 4902 scilicet
2475 4846 2717 4916 eclipsim
2738 4863 2767 4901 a
2799 4845 2946 4911 luna,
2981 4847 3084 4901 nisi
3134 4846 3186 4900 in
3218 4843 3526 4904 interlunio.

1950 4938 2245 5007 ρδιίροεεθ
2274 4966 2344 4976 --
2382 4956 2395 5000 ;
2438 4952 2560 4992 cum
2612 4946 2845 5001 constet,
2893 4953 2957 4992 ea
3018 4937 3106 4992 die
3154 4933 3527 4995 lunam727m

1952 5024 2140 5084 luisse.
2190 5030 2422 5096 Quidam
2476 5044 2605 5084 vero
2656 5030 2984 5102 probabilius
3035 5029 3369 5091 asserebant,
3428 5025 3531 5079 hoc

1952 5118 2165 5166 sianum
2198 5122 2544 5166 tenebrarum
2573 5123 2775 5166 nlinnitl
2805 5123 2924 5166 nnvi
2944 5121 3169 5166 nrmligii
3197 5117 3530 5166 nresitlnal‘o.
