4026 5370
266 368 370 423 289

1187 356 1591 415 TRIUIIPHUS
1623 356 1680 410 S.
1713 356 2034 410 IIEMACLt.
2062 384 2129 393 -—
2160 356 2551 411 PIIULOGUS.

3426 361 3530 417 290

263 496 357 535 sua
403 478 583 548 gratia
622 476 882 533 exaltaret
922 481 1233 528 mansuetos
1280 473 1334 527 in
1381 472 1610 526 salutem
1664 468 1833 534 (Psal.
1869 479 1914 532 Α
1944 482 2066 519 rum
2122 467 2260 522 Deus
2326 470 2683 537 pl‘mdlcallll'a
2732 470 2917 525 humili
2979 471 3315 543 simplicique
3366 490 3529 533 co...)-

263 575 471 640 chtx).

328 661 522 731 Itaque
563 669 619 714 et
659 674 797 714 nunc
840 670 895 714 et
932 672 1146 729 semper
1180 657 1521 727 magnificate
1551 654 1715 710 Deum
1749 668 1843 708 no-

261 757 496 816 biscum,
526 763 579 808 et
605 752 905 808 exaltemus
942 766 1138 806 nomen
1169 748 1285 818 ejus
1310 750 1361 802 in
1401 749 1631 819 idipsum
1664 744 1839 817 (Psal.

262 843 485 911 xsxut),
510 844 598 912 qui
624 842 674 895 in
697 841 901 896 sanctis
921 840 1171 911 suisjure
1196 838 1456 893 mirabilis
1478 836 1650 906 (Paul.
1675 835 1841 903 vau)

262 936 589 1005 prazdicatur
635 935 687 988 in
746 934 1021 989 saeculum.
1080 932 1279 987 Vellem
1327 931 1591 1000 siquidem
1646 929 1844 983 nostris

260 1042 379 1083 eum
408 1037 686 1096 utcunque
722 1025 971 1080 laudibus
1000 1022 1191 1079 elI‘erre
1220 1036 1379 1092 super
1406 1021 1489 1075 his
1518 1018 1840 1082 mirabilem,

261 1121 351 1176 sed
394 1119 683 1175 excellenti
724 1119 894 1189 ipsius
938 1116 1363 1189 magnificentia,
1408 1130 1511 1185 qua
1542 1113 1668 1168 fecit
1698 1113 1843 1166 hunc

261 1218 509 1264 sanctum
558 1211 705 1263 omui
765 1210 965 1263 virtute
1021 1206 1541 1270 commendabilem,
1597 1216 1840 1260 nostrum

258 1299 397 1355 exile
442 1300 750 1355 succumbit
795 1300 1091 1370 ingenium.
1140 1298 1292 1354 Unde
1328 1296 1730 1368 eﬂlagitaudum
1761 1308 1844 1352 est

260 1391 390 1460 erigi
408 1406 512 1446 nos
524 1394 593 1445 ab
615 1391 784 1461 ipsius
802 1390 1169 1460 cooperatoris
1192 1388 1427 1461 Spiritus
1447 1389 1618 1444 sancti
1642 1390 1840 1460 gratia,

261 1492 337 1545 ut,
382 1490 441 1535 et
484 1482 761 1552 aspiraute
804 1481 1183 1550 astipulatione
1220 1481 1497 1543 veritatis,
1534 1489 1587 1534 et
1619 1496 1682 1534 ex
1716 1482 1843 1534 sim.

261 1575 501 1644 plicitate
536 1574 825 1627 verborum
847 1614 861 1637 ,
900 1574 1069 1627 libere
1100 1581 1288 1626 currat
1326 1586 1474 1642 purae
1514 1571 1843 1625 narrationis

262 1666 508 1719 historia.
564 1663 748 1734 Neque
780 1664 923 1717 enim
967 1664 1306 1716 aduitentum
1339 1672 1423 1717 est
1463 1671 1522 1716 ut
1572 1664 1708 1732 ipsa,
1745 1679 1841 1717 cu-

260 1756 481 1825 juslibet
525 1756 664 1811 artis
708 1755 886 1811 fucata
923 1756 1227 1820 mendacio,
1264 1755 1419 1827 quasi
1452 1756 1697 1824 quaedam
1732 1770 1843 1810 me-
1894 1822 1901 1827 ο

263 1848 542 1913 retricula,
574 1848 831 1918 procedat
861 1847 915 1901 in
948 1846 1216 1915 publicum
1242 1859 1490 1901 sermone
1513 1846 1839 1915 pompatico,
1876 1827 1916 1885 Β

260 1942 556 2010 quaesitun
621 1948 826 1994 tantum
897 1938 1211 1993 favorabilis
1276 1953 1423 1993 aura:
1491 1937 1737 2006 plausum
1810 1955 1838 1992 a

262 2033 481 2105 populo,
518 2040 700 2087 etnon
729 2030 908 2101 potius
941 2045 1061 2100 qua:
1101 2039 1156 2085 et
1194 2039 1394 2099 quanta
1433 2029 1625 2085 fecerit
1659 2031 1841 2086 nobis-

1950 576 2098 627 qum.

2016 651 2178 722 Ergo,
2229 661 2288 707 ut
2331 652 2532 707 dictum
2571 662 2681 717 est,
2731 654 3044 724 glorificans
3082 657 3345 713 mirabilis
3387 659 3527 715 Deus

1946 754 2103 793 suum
2158 741 2497 804 antistitem,
2550 742 2792 797 dicemus
2846 746 2959 799 suis
3011 746 3063 799 in
3114 746 3245 801 loris
3296 748 3529 816 qualiter

1946 826 2135 882 fecerit
2177 845 2273 899 per
2317 846 2377 885 se
2422 830 2617 886 divinis
2642 847 2795 900 aeque
2829 834 3104 890 beneﬁciis
3133 837 3526 893 admirabilem.

1946 918 2052 975 Sed
2092 937 2235 975 nunc
2268 921 2500 985 interim,
2552 938 2621 978 ne
2660 924 2863 979 diutius
2908 926 3248 981 iuuuorando
3277 930 3527 998 prooemii

1946 1010 2091 1066 velut
2113 1012 2293 1067 simile
2320 1014 2575 1083 quiddam
2601 1017 2999 1085 protrahamus,
3034 1027 3093 1072 ut
3117 1033 3343 1090 quaeque
3365 1021 3526 1090 digna

1946 1102 2205 1157 memoria
2257 1114 2405 1173 gesta
2459 1114 2606 1169 sunt,
2659 1107 2761 1161 boc
2796 1108 2971 1177 primo
3016 1109 3070 1163 in
3113 1124 3305 1179 opere,
3341 1113 3409 1167 ab
3449 1112 3528 1167 iu-

1945 1203 2129 1266 ecepto
2156 1195 2367 1267 singula
2402 1212 2804 1268 percurramus.

2522 1303 2948 1344 ADNOTATIONES.

2018 1377 2107 1451 De
2138 1386 2244 1451 tota
2288 1378 2390 1432 hac
2436 1377 2671 1451 Historia
2721 1381 2927 1451 legendi
2977 1391 3122 1444 sunt,
3168 1385 3341 1451 primo
3380 1385 3524 1440 bulla

1944 1446 2144 1523 L_couis_
2180 1447 2289 1523 IX,
2314 1450 2605 1519 pouliticis,
2633 1446 2797 1523 quarti
2824 1453 2889 1504 ad
2916 1452 3120 1508 calcem
3158 1446 3317 1523 hujus
3349 1455 3527 1511 IIisto—

1946 1518 2038 1571 ria:
2080 1518 2450 1585 adnectimus;
2480 1518 2721 1574 secundo
2756 1522 3131 1576 documentum
3156 1535 3211 1579 et
3227 1518 3526 1581 declaratiu

1946 1586 2217 1662 Frederici
2244 1590 2638 1662 archiepiscopi
2668 1591 3025 1654 Coloniensis,
3050 1596 3189 1662 quod
3222 1596 3287 1648 ad
3319 1597 3523 1650 calcem

1945 1658 2170 1731 secundi
2228 1658 2441 1729 capitis
2474 1658 2633 1731 hujus
2701 1662 2827 1715 tomi
2882 1658 3115 1731 imprimi
3170 1667 3521 1729 curavimus;

1947 1728 2106 1781 tertio
2132 1728 2580 1785 Gesta'abbatum
2607 1728 3061 1787 monasteriorum
3094 1734 3434 1790 Siabulensis
3471 1728 3527 1791 et

1951 1797 2703 1876 hialmundariensis;_quarto
2734 1802 3523 1876 LambertusAScafuabur-gmt-

1945 1868 2271 1945 sis_:_in_stio
2315 1868 2573 1945 chronico
2597 1882 2651 1927 et
2696 1889 2815 1942 quze
2850 1874 3005 1927 habet
3046 1873 3295 1945 [Egilius
3334 1868 3527 1929 Aurea:

1949 1937 2129 2015 Vallis,
2148 1940 2361 2015 librisui
2388 1958 2505 2015 cap.
2528 1943 2580 2006 ἓ,
2610 1937 2838 2015 quorum
2862 1937 3148 2001 occasione
3169 1944 3523 2015 Triumphum

1946 2010 2003 2064 S.
2040 2010 2283 2066 llamacli
2314 2012 2417 2067 hoc
2443 2010 2561 2068 loco
2590 2010 2939 2070 attexuimus.

1362 2139 1569 2194 INDEX
1610 2140 1918 2200 CAPITUM
1955 2144 2135 2200 LIBRI
2178 2146 2387 2202 PRIMI.

260 2255 382 2308 Car.
423 2252 466 2307 I.
513 2253 589 2307 De
633 2250 857 2307 dissidio
885 2250 1252 2304 emnobiorum
1296 2250 1495 2320 saepius
1538 2250 1838 2315 elaborato,

326 2334 378 2378 et
410 2324 792 2393 episcoporum
815 2321 1210 2377 Coloniensiqu
1247 2322 1436 2376 aduisu
1468 2336 1632 2391 super
1660 2322 1712 2376 id
1744 2338 1841 2391 per

328 2404 578 2463 tempora
610 2395 776 2446 multa
807 2393 1086 2463 frustrato.

262 2463 384 2517 Car.
427 2460 494 2517 II.
542 2465 615 2518 De
657 2464 903 2533 pactione
948 2460 1515 2533 Malmundariensium
1561 2477 1684 2518 cum
1731 2461 1840 2515 An-

329 2549 476 2588 none
499 2532 775 2602 episcbpo,
800 2542 855 2587 et
882 2532 949 2589 de
972 2547 1197 2601 corpore
1221 2532 1393 2587 sancti
1422 2532 1660 2603 Ailulpbi
1683 2533 1841 2588 tlolo-

327 2606 432 2657 nize
468 2604 754 2657 translato.

261 2674 383 2728 Cn.
429 2675 519 2728 Ill.
562 2673 904 2743 Conspiratio
927 2671 1267 2743 Coloniensis
1299 2681 1354 2743 et
1393 2670 1738 2743 Pregmensis
1768 2674 1841 2727 si-

328 2745 441 2798 mul
482 2744 687 2809 habita,
712 2742 782 2800 et
822 2743 1163 2798 abbatiarum
1204 2742 1467 2805 Corbeite,
1503 2742 1839 2798 Laurisamui

330 2815 650 2880 Stabulaus;
672 2826 725 2870 et
746 2817 871 2869 inde
889 2816 1107 2869 traditio
1123 2814 1295 2882 ipsisa
1317 2828 1439 2881 rege
1460 2810 1657 2879 injuste
1676 2814 1839 2867 facta.

262 2885 383 2939 CAP.
427 2883 522 2939 IV.
563 2885 724 2940 Curia
777 2886 917 2955 apud
951 2885 1204 2939 Treviros
1247 2883 1499 2947 habetur,
1524 2894 1581 2938 et
1615 2883 1710 2949 ibi,
1744 2885 1841 2937 ab-

328 2960 458 3011 hate
476 2956 680 3019 nescio,
720 2955 937 3010 traditio
965 2956 1337 3010 confirmatur.

263 3027 384 3081 Cn.
416 3026 487 3081 ν.
522 3028 705 3083 Abbas
737 3026 1102 3081 Theodericus
1125 3033 1183 3079 et
1205 3024 1313 3079 dux
1338 3022 1659 3077 Fredericus
1684 3022 1842 3077 simul

329 3099 663 3162 consulunt;
710 3098 938 3151 munitio
974 3097 1032 3149 fit
1065 3109 1228 3164 super
1258 3093 1741 3158 Malmuudarium;
1776 3094 1843 3147 ad

331 3171 546 3223 curiam
588 3168 748 3222 simul
788 3175 1114 3229 evocantur;
1161 3166 1267 3219 dux
1314 3180 1443 3219 vero
1484 3179 1744 3233 respuens
1780 3164 1845 3216 de

330 3239 597 3305 iniustitia
628 3238 979 3307 conqueritur
1019 3234 1160 3307 apud
1206 3249 1385 3304 regem
1430 3248 1525 3302 per
1563 3237 1845 3290 iutetuuu-

332 3322 492 3362 ttum.

266 3381 387 3433 CAP.
433 3377 522 3432 VI.
576 3377 887 3448 Conradum
944 3387 1190 3448 nepotem
1247 3376 1351 3430 dux
1411 3374 1686 3448 redarguit
1747 3388 1847 3448 pro

331 3449 691 3504 advocatione
759 3446 1159 3510 Malmuudarii,
1226 3455 1449 3501 etcum
1516 3446 1709 3498 abbate
1778 3447 1843 3496 ad

332 3520 547 3574 curiam
587 3528 779 3573 coacto
820 3517 1074 3571 Itorieum
1125 3527 1537 3585 procuratorem
1579 3515 1782 3584 dirigit,
1813 3530 1840 3566 a

332 3604 444 3658 quo
471 3589 692 3643 relictus
729 3603 758 3641 a
788 3602 914 3658 rege
939 3588 1027 3641 diu
1056 3597 1139 3658 est
1180 3590 1448 3641 detentus.

269 3653 391 3715 Cas.
438 3658 549 3713 VII.
592 3659 756 3713 Ducis
778 3653 979 3722 obitus,
1015 3666 1070 3711 et
1097 3657 1294 3721 luctus,
1319 3667 1376 3711 et
1404 3655 1620 3711 miseria
1652 3653 1842 3709 subse-

333 3733 546 3799 quitur,
578 3739 632 3783 et
660 3740 719 3783 ut
744 3729 982 3799 iusserat
1008 3727 1299 3799 Stabulaus
1330 3727 1608 3799 sepelitur.

268 3794 390 3855 Cat}.
420 3800 555 3855 VIII.
586 3794 951 3868 Archiprmsul
983 3799 1048 3852 ad
1077 3794 1520 3868 Malmuudarium
1545 3797 1647 3852 sibi
1673 3794 1846 3868 vindi-

333 3873 570 3926 candum
594 3878 651 3925 et
686 3867 936 3924 abbatem
967 3868 1271 3939 eligendum
1302 3867 1606 3939 Couiradum
1637 3867 1842 3939 dirigit,

336 3951 393 3996 et
436 3944 603 3996 abbas
646 3940 1015 3996 Theodericus
1046 3937 1353 3994 monachos
1392 3938 1458 3993 de
1486 3937 1845 4008 promissione

334 4013 440 4065 sibi
465 4010 605 4065 facta
636 4010 883 4079 requirit.

270 4080 398 4136 ΟΑΡ.
438 4081 527 4136 ΙΧ.
587 4078 961 4135 Sacramcutis
1024 4078 1539 4134 Malmundarieuses
1593 4078 1846 4148 episcopo

338 4155 771 4216 (salirmautur;
832 4152 1137 4221 persecutio
1174 4151 1354 4219 gravis
1412 4164 1575 4218 super
1633 4158 1847 4221 nostros

340 4224 505 4293 agitis
535 4238 551 4289 ;
578 4238 774 4293 corpus
813 4220 873 4277 S.
907 4222 1174 4293 nostriin
1198 4222 1431 4293 medium
1464 4220 1771 4293 exponitur.

275 4290 403 4347 tlte.
444 4292 508 4346 X.
566 4290 783 4363 Tegeuo
851 4293 1017 4347 abbas
1076 4290 1476 4363 Malmuudario‘
1514 4290 1843 4363 praeficitur:

341 4365 509 4417 abbas
545 4358 674 4417 vero
715 4371 902 4417 noster
938 4363 1003 4415 ad
1044 4362 1413 4415 marehionem
1458 4358 1847 4430 Leugobardiae

341 4433 689 4489 Godel'ridum
718 4447 779 4486 se
811 4446 908 4499 pro
936 4432 1135 4487 auxilio
1162 4431 1392 4485 confert.

277 4503 399 4558 CAP.
436 4504 527 4557 XI.
569 4498 821 4556 Narratio
863 4516 1024 4571 super
1048 4511 1239 4557 uatura
1292 4510 1348 4556 et
1387 4500 1628 4571 moribus
1667 4498 1845 4571 etAdij

345 4576 541 4629 stantia
602 4573 797 4628 horum
863 4567 1092 4627 duorum
1138 4572 1411 4628 Frederici
1468 4581 1522 4624 et
1573 4567 1846 4624 Godel‘ridi

345 4646 563 4698 ducum.

278 4715 399 4769 CAP.
435 4712 549 4769 XII.
589 4713 773 4769 Abbas
793 4722 980 4768 noster
1004 4714 1173 4768 sancti
1206 4727 1401 4783 corpus
1425 4711 1542 4766 loco
1567 4723 1665 4765 suo
1692 4709 1847 4783 resti-

348 4787 482 4852 tuit;
519 4786 771 4840 abbatem
814 4799 979 4852 super
1012 4801 1072 4839 se
1109 4781 1369 4840 statutum
1408 4784 1714 4837 obtestatur
1747 4781 1849 4835 sub

816 4836 1384 4915 iliiitiavt—ttwdiseedat
1410 4836 1467 4908 et
1490 4836 1691 4924 injuste
1727 4867 1847 4921 pos-
1877 4836 1927 4896 Ῑ)

346 4944 486 4981 sessa
530 4927 822 4996 relinquat.

1941 2252 2072 2307 Car.
2115 2253 2251 2329 XIII.
2302 2256 2416 2310 Dux
2470 2255 2797 2329 Godefridus
2841 2256 3085 2329 effectus
3123 2266 3270 2313 recte
3319 2258 3529 2329 judicat

2017 2334 2207 2379 saneto
2237 2326 2436 2399 bonum
2461 2342 2617 2399 suum
2645 2327 2843 2381 debere
2878 2328 3121 2399 restitui;
3148 2329 3290 2397 quod
3319 2326 3528 2399 episco-

2015 2408 2115 2462 pus
2131 2394 2452 2468 protelando
2482 2397 2663 2468 facere
2695 2412 2799 2449 non
2820 2398 3110 2466 acquievit,
3129 2394 3205 2461 ei,
3240 2394 3436 2468 templo
3473 2412 3527 2453 et

2012 2464 2205 2519 a‘rario
2241 2474 2426 2519 nostro
2455 2466 2718 2534 spoliato,
2756 2481 2842 2520 res
2871 2464 3053 2520 nostra
3101 2468 3252 2521 irrita
3305 2464 3524 2523 m—ausit.

1942 2533 2072 2589 Cap.
2116 2534 2252 2588 XIV.
2278 2533 2497 2606 _Corpus
2526 2536 2697 2606 sau'cti
2732 2538 2874 2605 apud
2910 2539 3114 2590 curiam
3146 2538 3316 2606 Aquis
3347 2540 3527 2594 defer-

2018 2606 2247 2675 tur,nubi
2270 2603 2425 2675 jussu
2458 2605 2693 2675 episcopi
2727 2603 2873 2660 nullo
2902 2606 3107 2661 honore
3134 2603 3425 2675 excipitur.

1943 2674 2074 2730 Cap.
2114 2674 2231 2747 XV.
2272 2674 2437 2729 Nobis
2475 2674 2779 2747 lugentibus
2816 2686 2871 2731 et
2917 2692 3036 2731 cum
3077 2674 3271 2747 popqu
3316 2679 3525 2746 procla-

2016 2745 2289 2800 mantibus
2339 2752 2590 2818 proterve
2641 2746 2912 2818 Spirensis
2957 2745 3250 2818 episcopus
3307 2745 3522 2818 glebam

2015 2825 2255 2868 nostram
2294 2816 2472 2890 eil'erri
2506 2816 2679 2890 jubet,
2716 2826 2773 2871 et
2810 2816 2875 2869 ad
2916 2817 3161 2890 ultimum
3208 2816 3331 2872 cuni
3375 2821 3525 2890 gravi

2014 2898 2268 2958 maerore,
2298 2886 2456 2938 siuml
2484 2887 2643 2941 etiam
2671 2902 2795 2942 cum
2823 2888 2999 2942 sancti
3025 2902 3276 2958 corpore,
3307 2902 3339 2943 a
3369 2886 3527 2946 nobis

2018 2954 2163 3008 illinc
2202 2957 2501 3010 discessum
2538 2966 2641 3011 est.

1944 3022 2072 3078 ϐΑιι.
2286 3024 2397 3079 Rex
2422 3028 2567 3110 gravi
2596 3027 2909 3110 infirmitate
2932 3028 3307 3110 apprehensus
3335 3037 3528 3083 sancto

2021 3094 2357 3167 redditurum
2388 3094 2580 3167 cuncta
2615 3097 2917 3167 pollicetur,
2959 3094 3147 3153 itidem
3192 3098 3379 3154 dolore
3403 3113 3529 3165 gra-

2015 3165 2487 3238 vatusepiscopus
2517 3165 2667 3231 facit,
2700 3170 2793 3238 sed
2825 3177 2944 3238 post
2973 3184 3160 3238 parum
3190 3169 3451 3237 procedit.

1947 3234 2074 3287 (ἶΑῐι.
2118 3233 2280 3289 XVII.
2311 3233 2728 3307 Archiepiscnpo
2752 3233 3100 3293 Treviro-rum
3137 3233 3413 3301 defuncto,
3445 3240 3527 3293 in-

2017 3314 2211 3359 ventus
2240 3320 2360 3375 eum
2406 3304 2495 3358 illo
2539 3304 2697 3375 quem
2743 3310 2941 3363 invitus
2990 3309 3528 3364 substitueratAnuu
3615 3312 3619 3316 ’

2019 3376 2181 3429 etiam
2230 3374 2320 3429 ille
2360 3374 2642 3446 protervus
2685 3377 2957 3446 Spirensis
3003 3379 3321 3446 episcopuso,
3380 3380 3530 3433 velut

2019 3446 2168 3567 calriis
2200 3445 2525 3511 immundus,
2557 3445 2925 3517 colapbizatus
2951 3445 3075 3502 eum
3107 3445 3371 3503 dedecore
3401 3463 3525 3519 pro-

2019 3529 2081 3567 ne
2127 3524 2255 3567 IIIII‘.

2017 3517 2255 3581 pellitur.

1946 3583 2076 3639 CAP.
2117 3584 2299 3640 XVIII.
2340 3586 2538 3640 Iterum
2591 3585 2759 3641 abbas
2815 3586 2975 3640 licere
3031 3587 3131 3642 sibi
3189 3586 3527 3644 revindicare

2018 3654 2202 3728 locum
2230 3671 2261 3706 a
2302 3671 2428 3727 rege
2460 3657 2745 3726 impetrat;
2785 3656 3233 3712 Malmundariutu
3282 3660 3525 3728 repedat,

2018 3735 2092 3789 et,
2122 3726 2301 3780 delato
2326 3726 2512 3781 secum
2535 3728 2709 3781 sancti
2736 3742 2988 3796 corpore,
3017 3743 3226 3793 omnes,
3256 3737 3313 3782 et
3340 3726 3527 3781 iuoua-

2023 3798 2238 3868 choset
2268 3796 2431 3868 laicos
2453 3837 2466 3861 ,
2488 3800 2603 3868 _sub
2634 3806 2978 3853 sacramento
3004 3798 3225 3868 praelato
3255 3798 3524 3852 refiteuat.

1946 3862 2076 3919 CAP.
2107 3864 2248 3919 XIX.
2278 3866 2459 3921 Abbas
2485 3866 2709 3937 Romam
2744 3869 2961 3922 veniens
2985 3862 3124 3937 apud
3156 3868 3527 3922 Alexandrqu

2024 3950 2217 4005 papam
2256 3951 2380 4007 suas
2420 3936 2767 4006 prosequitur
2808 3936 3033 4003 causas,
3077 3938 3169 4007 qui
3200 3940 3383 3992 “etiam
3432 3954 3531 4006 pm

2018 3997 2250 4083 {ep-suus
2282 3997 2517 4061 Coloniae
2558 3997 2727 4069 mittit
2772 3997 3067 4078 epistolas,
3094 3997 3214 4063 'sed
3253 3997 3446 4064 totum'
3476 4008 3527 4060 id

2023 4074 2122 4130 fuit
2153 4074 2374 4130 frustra.

1948 4144 2075 4200 CAP.
2114 4144 2230 4199 XX.
2273 4144 2548 4201 Gcrlasius
2585 4154 2907 4216 procurator
2951 4146 3209 4217 episcopi,
3248 4162 3318 4203 ex
3361 4146 3530 4217 ipsius

1976 4244 1986 4254 -
2020 4217 2257 4280 nmniue,
2286 4217 2477 4270 iterum
2500 4218 2703 4271 invadit
2728 4217 3201 4282 Malmuudarium,
3226 4219 3319 4272 sed
3346 4218 3531 4271 audio

2020 4301 2239 4340 rumore
2271 4286 2497 4353 incerto,
2531 4289 2693 4342 citius
2730 4288 2951 4341 festinat
2982 4289 3231 4341 reditum.

1948 4355 2077 4411 CAP.
2115 4355 2254 4409 XXI.
2296 4357 2478 4411 Abbus
2523 4373 2553 4411 a
2600 4357 2773 4411 Roma
2820 4358 3129 4421 revertitur,
3177 4374 3366 4426 parum
3415 4359 3530 4426 epi-

2019 4426 2172 4481 stolis
2217 4428 2525 4495 apostolicis
2572 4427 2822 4494 adjutus;
2874 4429 2982 4480 imo
3027 4443 3120 4496 per
3168 4428 3529 4482 Fredeloueiu

2022 4497 2309 4565 quemdam
2358 4512 2538 4551 acrem
2588 4496 2763 4551 virum
2802 4498 3103 4565 persecutio
3148 4498 3245 4566 ipsi
3282 4508 3336 4551 et
3372 4498 3532 4552 nobis

2023 4567 2332 4631 innovatur,
2380 4576 2434 4622 et
2464 4581 2574 4636 per
2615 4566 2912 4622 Gerardum
2940 4607 2954 4630 ,
3009 4568 3124 4636 qui,
3156 4569 3263 4623 Deo
3306 4568 3488 4638 judice
3513 4608 3531 4632 ,

2021 4646 2207 4705 postea
2233 4647 2315 4691 est
2350 4637 2739 4705 pessundatus.

1950 4705 2076 4761 Car.
2119 4705 2281 4760 XXII.
2324 4705 2625 4777 Episcopus
2664 4707 2799 4760 Rom
2838 4722 2890 4759 ιιι
2928 4705 3314 4775 proficiscitur,
3356 4707 3533 4762 abbas

2019 4791 2143 4831 eum
2166 4777 2483 4846 insequitur,
2510 4787 2636 4831 aute
2666 4792 2855 4846 papam
2882 4787 2937 4831 et
2958 4791 3203 4833 senatum
3234 4779 3533 4832 discutiun-

2024 4856 2133 4912 tur,
2167 4848 2233 4900 ad
2258 4848 2502 4902 ultimuut
2543 4846 2661 4902 sine
2689 4848 2871 4916 aliquo
2918 4859 3103 4903 nostro
3129 4847 3375 4919 profectu
3411 4849 3535 4903 diri-

2028 4924 2270 4971 muntur.

1320 5037 1522 5093 INDEX
1558 5033 1862 5092 CAPITUM
1918 5027 2096 5087 LIBRI
2132 5028 2447 5084 SECUNDI.

287 5134 398 5189 ΕΑΡ.
439 5136 480 5189 l.
529 5134 678 5211 Quod
718 5135 787 5211 _in
842 5146 1132 5211 progressu
1181 5148 1371 5211 versus
1418 5130 1634 5202 chiam
1688 5128 1849 5209 bajuli

346 5202 579 5275 corporis
620 5208 678 5260 S.
718 5202 1476 5275 Ilcutacli__conquerebantur
1523 5202 1852 5275 posteriores

346 5270 560 5356 seti-ahi
589 5296 617 5331 a
646 5270 1100 5356 praecedentibus,
1128 5270 1205 5328 ἐι
1250 5274 1617 5343 prmeedeutes
1656 5286 1715 5324 se
1755 5272 1851 5324 itu-

1960 5121 2098 5194 CA_I_‘.
2137 5120 2235 5194 IV.
2267 5119 2469 5194 Regem
2517 5120 2898 5194 dOAIIIjIISIIIItI
2943 5127 3207 5192 paenitet;
3256 5123 3541 5193 episcop;.s

2032 5189 2385 5245 Vercelleusis
2416 5205 2579 5258 super
2606 5189 2709 5250 hoc
2735 5189 3173 5264 archipr‘xsulem
3199 5189 3411 5259 monet;
3441 5189 3541 5247 ille

2033 5271 2199 5331 negat
2229 5270 2456 5315 εοιιεῑίιη
2466 5270 2570 5314 ιετ.
