4026 5370
526 178 624 236 291

1433 172 1821 229 αουιῑιείιιευι
1849 172 1976 227 STA
1988 171 2318 228 DULENSIS
2350 172 2650 229 HONACIII

3688 177 3800 234 29?.

598 290 935 354 sublevatur,
987 297 1043 343 et
1087 286 1208 341 inde
1251 284 1548 340 consolatio
1594 283 1825 354 plurima
1869 300 2103 339 cerueu-
2137 298 2178 352 Α
2209 283 2336 339 Car.
2381 282 2567 337 XXIII.
2607 283 2688 338 Ad
2737 296 3041 355 exemptum
3097 297 3596 344 commemorantur
3646 290 3795 347 dicta

526 361 1067 499 CalliiuisliiTUIllregem
1115 442 1280 499 super
1309 425 1593 499 prandium
1638 422 2108 499 l‘r_.ttrescircutn-

597 502 846 564 veniunt;
896 494 1317 567 Bavebergensis
1358 495 1640 565 episcopus
1676 494 1943 563 justitiam
1984 511 2107 563 pro-

599 571 729 624 telat
760 572 811 623 in
845 571 1161 624 crastintun.

525 642 657 697 Car.
700 639 788 693 IX.
838 640 1047 709 Corpus
1092 636 1262 709 sancti
1310 635 1360 709 in
1399 633 1819 709 _pr:_oseutiartnn
1874 632 2106 689 afferunt

599 727 764 781 super
802 705 1041 763 mensam
1066 748 1079 768 .
1121 717 1173 762 et
1213 707 1279 760 de
1322 705 1554 758 induciis
1598 717 1990 772 conquerentes
2016 721 2107 774 pe-

604 791 726 835 tunt
752 781 1037 850 justitiam.
1206 847 1216 850 _
1514 818 1515 821 η

528 855 657 907 CAP.
700 844 769 904 XI
810 850 1009 919 Regem
1038 858 1092 901 et
1135 847 1447 919 episcopum
1492 859 1519 895 a
1569 859 1751 919 mensa
1783 844 2108 919 exsilientes

604 922 829 975 insecuti
863 914 1058 973 Iratres
1088 934 1116 971 a
1147 914 1348 985 palatio
1387 922 1510 966 sunt
1541 914 1816 985 prohibiti,
1842 924 1895 967 et
1940 918 2107 970 relato

601 1006 825 1058 corpore
858 1005 1018 1057 super
1047 984 1307 1051 mensam,
1340 985 1543 1037 fabrica
1588 984 1698 1051 ipsa
1728 987 1841 1035 solo
1884 986 2102 1058 decidit.

528 1062 656 1117 CAP.
695 1056 779 1114 XI.
825 1056 977 1114 Tibia
1026 1058 1307 1112 Gonteruli
1351 1069 1611 1122 oppressa
1655 1064 1706 1106 et
1751 1056 1982 1109 contrita
2025 1072 2109 1111 te-

602 1133 892 1192 solidatur;
922 1141 976 1183 et
1006 1144 1173 1196 usque
1200 1130 1264 1180 ad
1294 1126 1437 1179 fores
1464 1125 1640 1196 regias
1670 1126 2034 1193 perducitur“

527 1203 653 1259 CW.
698 1201 808 1255 XII.
851 1202 1007 1253 theca
1038 1194 1229 1251 mulier
1258 1197 1455 1250 ibidem
1493 1194 1846 1248 illuminatur.

525 1274 654 1328 CAP.
695 1270 828 1325 XIII.
870 1270 1069 1340 Ilegem
1110 1268 1480 1340 perturbatum
1514 1266 1796 1340 cpiscopus
1835 1264 2105 1336 objurgat,

600 1342 789 1397 referri
815 1335 1011 1408 corpus
1039 1335 1504 1408 azl'sauctuariunt
1534 1335 1780 1404 imperat.
1809 1347 1862 1408 et
1893 1335 2105 1390 tandem

599 1414 779 1465 missis
811 1405 1158 1465 cubiculariis
1190 1408 1241 1462 id
1271 1407 1370 1460 fuit
1399 1406 1630 1470 frustra,
1664 1405 1917 1474 quoniam
1961 1408 2108 1461 Velut.

599 1498 791 1536 saxum
826 1479 1100 1535 immobile
1134 1479 1410 1547 perdurat.

525 1550 653 1607 CAP.
697 1551 834 1605 XIV.
876 1543 1193 1618 Epismpus,
1248 1544 1585 1618 liccc'omnia
1629 1543 1970 1618 plumtastice
2021 1562 2106 1601 ac-

602 1622 837 1688 cipiens,
876 1614 1270 1688 corpussancti
1301 1633 1330 1669 e
1359 1616 1535 1669 medio
1562 1614 1761 1688 auferri
1794 1615 1941 1688 iubet
1965 1656 1978 1676 .
2010 1618 2102 1670 sed

598 1686 745 1745 missi
777 1686 1115 1744 revertuntur
1150 1692 1357 1751 inanes,
1406 1686 1686 1757 pecuniam
1720 1701 1815 1753 pro
1858 1687 1961 1740 hoc
1991 1688 2107 1756 ipso

598 1760 698 1815 0ch
708 1770 900 1815 rentes.

527 1832 658 1887 Cu».
703 1830 815 1885 XV.
859 1830 971 1884 Rex
1020 1830 1328 1899 episcopum
1372 1825 1722 1880 Leodiensem
1755 1833 1808 1878 ct
1846 1827 2110 1899 cancella-

601 1903 734 1955 riqu
762 1916 915 1954 suum
947 1901 1011 1955 ad
1046 1896 1240 1955 fratres
1271 1899 1414 1951 misit
1440 1906 1492 1950 et
1521 1912 1709 1965 parum
1737 1896 1987 1963 profecit.

529 1972 656 2027 CAP.
697 1969 838 2027 XVI.
879 1973 1059 2026 Ahbas
1102 1972 1215 2040 ipse
1255 1969 1321 2022 ad
1364 1967 1802 2040 satisfaciendum
1837 1970 1945 2036 regi
1985 1983 2107 2023 cum

599 2042 959 2111 ultrajectensi
1006 2037 1259 2111 episcopo
1306 2038 1454 2092 venit
1507 2037 1573 2089 ad
1629 2051 1951 2111 vesperum,
2002 2055 2106 2111 quo

597 2106 978 2177 deScéndcntc,
1006 2106 1058 2166 in
1110 2106 1335 2165 vacuum
1376 2116 1666 2162 nocturnas
1705 2106 1959 2164 excubias
1997 2110 2106 2163 I'ra-

600 2192 713 2237 tres
748 2182 944 2236 ibidem
982 2192 1265 2251 peragunt.

524 2253 654 2307 Cn.
696 2251 852 2305 XVII.
897 2246 1208 2306 De’tluobus
1242 2248 1399 2306 cmcis
1438 2246 1821 2309 assidentibus,
1856 2262 1995 2302 unus
2024 2259 2106 2304 est

601 2324 670 2377 ibi
704 2324 978 2389 insperato
1009 2323 1363 2376 illuminatus.

525 2394 657 2448 Cap.
699 2386 883 2447 XVIII.
925 2395 998 2448 lle
1028 2394 1275 2448 columba
1314 2391 1380 2446 de
1414 2386 1618 2441 scrinio
1648 2387 1896 2456 progredi
1928 2402 1957 2440 a
1984 2390 2104 2458 qui-

592 2464 827 2517 busdam
852 2463 984 2517 visa.

524 2533 655 2587 CAP.
697 2532 837 2587 XIX.
884 2532 955 2586 De
996 2532 1265 2603 ioculario
1307 2532 1449 2585 inter
1481 2526 1740 2603 excubias
1788 2525 1852 2579 de
1888 2530 2106 2603 casibus

590 2603 730 2671 ipsis
774 2600 1071 2658 cantilenas
1108 2613 1500 2673 protraneutc,
1526 2607 1580 2652 et
1618 2600 1682 2649 de
1716 2611 1841 2664 rege
1890 2602 2105 2654 auscul-

597 2670 746 2726 tante
772 2683 826 2727 et
857 2672 908 2725 in
942 2670 1187 2727 laneis'ct
1217 2672 1373 2725 nudis
1405 2670 1630 2739 pedibus
1659 2675 2032 2735 pernoctante.

526 2746 655 2800 Car.
697 2742 815 2796 XX.
859 2741 1012 2798 Mane
1042 2743 1185 2798 facto
1214 2757 1427 2796 sacrum
1458 2751 1654 2807 corpus
1683 2739 1952 2791 communi
1977 2754 2107 2794 eon-

600 2812 721 2869 silio
753 2813 820 2866 ad
848 2816 1216 2868 sanctuarium
1246 2813 1538 2866 revehitur.

527 2885 655 2939 CAP.
670 2883 807 2939 XXI.
829 2886 871 2937 Α
890 2901 1011 2956 rege
1024 2884 1279 2956 fratribus
1291 2882 1564 2935 cruciatus
1575 2890 1623 2933 et
1640 2890 1811 2956 pcetue
1826 2896 1885 2946 pa
1896 2889 2101 2956 rantur,

598 2966 654 3009 ct
676 2953 1066 3025 Barebet‘gensi
1087 2955 1337 3023 episcopo
1361 2967 1558 3025 corpus
1579 2953 1749 3005 sancti
1774 2953 2100 3025 destinatur.

2283 362 2613 407 sanctorum.

2204 422 2335 477 Car.
2376 422 2563 476 XXIV.
2607 422 2797 478 Mulier
2840 424 3065 479 nimium
3113 436 3388 481 contracta
3436 427 3502 481 ad
3539 440 3793 486 sanetum

2208 493 2563 563 “deportata
2596 495 2778 548 statim
2810 504 2892 548 est
2916 505 3128 563 sanata,
3155 506 3210 552 et
3239 498 3308 552 ad
3344 500 3448 554 ltoc
3484 499 3797 555 conﬂuente

2282 564 2480 631 pOpttlo
2513 563 2763 631 impletur
2794 564 3042 620 ecclesia.

2227 632 2355 688 CAP.
2396 632 2559 687 XXV.
2595 634 2869 701 Campana
2893 636 3122 690 maxima
3145 636 3377 691 sonitum
3400 639 3484 692 dat
3509 638 3657 693 nullo
3688 639 3794 694 im-

2283 703 2546 783 pellente;
2592 704 2876 786 multitudo
2914 704 3281 786 Ianguentinm
3322 710 3468 764 dicto
3510 709 3676 763 citius
3703 724 3792 764 re-

2282 776 2590 843 stituunlur
2615 776 2834 828 sanitati
2870 776 3133 843 pristina}.

2209 841 2338 919 Car.
2380 842 2570 896 XXH.
2611 841 2936 919 Qutitraetns
2971 846 3189 919 quidam
3225 847 3276 901 in
3299 858 3510 918 crypta,
3532 850 3794 919 episcopo

2278 913 2967 987 Cameracensiprtesente,
2991 913 3254 987 erigitvr,
3297 913 3527 973 et'alter
3564 913 3798 974 debili—or

2281 994 2505 1047 cancro,
2537 998 2566 1036 a
2598 985 2942 1039 cubiculariis
2970 985 3177 1042 duobus
3200 987 3606 1044 delatuscoram
3638 993 3793 1046 omni

2280 1054 2477 1123 popqu
2502 1055 2745 1123 Sospitati
2780 1058 3045 1109 redditur.

2210 1122 2762 1197 CAp.'XXVII.’»I)Attin
2795 1141 2892 1193 pro
2923 1127 3007 1181 bis
3052 1126 3105 1179 in
3145 1127 3307 1182 dubio
3345 1129 3542 1197 pendet
3577 1130 3798 1184 animus

2282 1195 2422 1263 regis
2452 1205 2501 1269 et
2522 1194 2940 1269 archiepiscopi,
2970 1198 3185 1269 quidam
3219 1200 3270 1251 in
3301 1194 3586 1268 pra-sentia
3639 1201 3793 1269 ipso-

2281 1280 2406 1339 ιἰιιηΔ
2444 1263 2618 1317 defert
2650 1263 2905 1339 baculum
2950 1263 3235 1339 paralytici
3270 1263 3439 1322 curati
3462 1310 3477 1335 ,
3515 1272 3615 1324 sub
3654 1263 3797 1325 atte—

2280 1335 2515 1388 statione
2545 1335 2736 1403 capitis
2761 1338 2864 1390 sui.

2210 1403 2336 1479 Car.
2376 1404 2610 1479 XXVIII.
2652 1405 3059 1479 Cameracensis
3085 1408 3371 1479 episcopus
3401 1410 3644 1479 utrisque
3674 1408 3796 1464 visa

2282 1476 2583 1550 denuntiat,
2615 1478 2810 1550 et_regi
2826 1478 3101 1550 exterrito
3124 1476 3568 1550 archiepiscopus
3588 1485 3797 1535 bonum

2286 1544 2531 1616 restituit
2555 1561 2651 1616 per
2682 1545 2930 1599 baculum
2958 1562 3116 1616 quem
3146 1544 3573 1603 manu'tenebat.

2208 1613 2337 1668 (lar.
2373 1614 2562 1668 XXIX.
2587 1614 2720 1677 Rex,
2749 1617 2796 1668 vi
2820 1613 3038 1670 suorum
3063 1619 3367 1685 irrumpens
3397 1620 3447 1672 in
3475 1619 3797 1684 ecclesiam,

2281 1696 2505 1753 accepto
2531 1686 2724 1740 baculo
2751 1688 2944 1749 sancti,
2962 1688 3164 1742 bonum
3195 1689 3390 1755 reddit,
3413 1691 3796 1744 satisfactione

2280 1756 2555 1880 Iliumiliter
2585 1756 2755 1823 facta;
2779 1768 3090 1813 contractus
3109 1758 3323 1827 quidam
3347 1759 3571 1830 erigitur
3595 1760 3798 1816 eadem

2303 1843 2438 1880 lora.

2303 1843 2438 1880 101⁵3.

2203 1897 2339 1952 Car.
2380 1894 2549 1949 XXX.
2594 1895 2803 1969 Ilelatio
2836 1914 3002 1969 quare
3037 1898 3360 1969 Aquisgrani
3391 1899 3662 1969 quondam
3694 1900 3799 1954 de-

2280 1968 2631 2039 portatusnil
2656 1968 2832 2023 simile
2862 1968 3090 2035 fecerit,
3143 1969 3238 2025 sed
3288 1968 3480 2037 hie,’in
3520 1984 3616 2025 sua
3662 1971 3799 2026 sede

2282 2036 2596 2107 pontiﬁcali.

2210 2107 2339 2163 CAP.
2384 2107 2573 2181 XXXI.
2617 2107 2691 2163 De
2732 2118 2973 2181 matrona
3022 2112 3253 2181 quadam
3306 2110 3473 2179 ipsius
3502 2109 3653 2166 urbis
3694 2125 3797 2165 oro

2281 2182 2428 2240 bata,
2460 2188 2513 2231 et
2542 2178 2731 2232 lumini
2759 2180 2988 2247 pristino
3021 2178 3346 2235 restaurata.

2208 2250 2337 2304 CAP.
2378 2247 2603 2311 XXXII.
2637 2248 2709 2303 De
2744 2266 2891 2303 cwea
2929 2263 3050 2306 nata
3084 2261 3137 2304 et
3175 2252 3311 2305 visui
3353 2249 3680 2305 condonata.

2208 2322 2337 2374 (in.
2371 2317 2607 2373 XXXIII.
2640 2319 2715 2373 De
2748 2320 2944 2376 misero
2971 2332 3233 2375 strumam
3264 2321 3496 2376 habente
3526 2322 3580 2375 in
3609 2322 3800 2390 capite

2286 2400 2342 2446 Cl
2369 2400 2581 2444 sanato.

2208 2458 2336 2515 CAP.
2376 2458 2615 2532 XXXIV.
2637 2460 2710 2514 De
2728 2460 2900 2529 puella
2928 2461 3171 2532 septenni
3194 2461 3486 2532 paralytira
3508 2469 3795 2532 etsanata.

2207 2532 2337 2584 CAP.
2379 2529 2596 2585 XXXV.
2637 2536 2713 2588 De
2757 2533 2956 2587 clerico
2990 2529 3234 2587 distortis
3271 2529 3495 2602 pedibus
3534 2531 3601 2584 ab
3640 2544 3798 2595 ortu,

2283 2609 2339 2654 et
2369 2612 2582 2656 Sanato.

2208 2668 2338 2742 CAP.
2374 2671 2814 2729 XXXVI.Altero
2827 2687 2986 2727 mane
3013 2672 3175 2739 facto,
3204 2672 3484 2728 consilium
3504 2671 3702 2742 agitur,
3732 2681 3799 2725 ut

2280 2741 2641 2813 glorilicatum
2670 2759 2863 2813 corpus
2902 2745 2968 2797 ad
2996 2744 3167 2797 locum
3204 2758 3358 2797 suum
3392 2741 3678 2813 referatur.

2210 2810 2338 2865 CAP.
2380 2811 2641 2868 XXXVII.
2688 2810 2779 2867 De'
2802 2817 3031 2867 statione
3072 2817 3152 2867 eis
3182 2813 3384 2867 Mosam
3428 2811 3595 2879 facta,
3634 2822 3687 2866 et
3726 2812 3800 2866 de

2281 2899 2573 2950 puerorum
2605 2885 2928 2938 scholarium
2959 2884 3117 2936 laude
3146 2883 3597 2946 nom‘inatissima,
3640 2894 3695 2935 et
3726 2886 3800 2937 de

2288 2954 2455 3021 ipsius
2480 2954 2577 3007 loci
2595 2956 2881 3007 traditione
2895 2971 2922 3005 a
2939 2954 3341 3021 poswssoribus
3355 2953 3797 3007 sanctofirmata.

527 3026 656 3081 Car.
688 3025 848 3082 XXII.
881 3020 1249 3081 (Iuncussione
1274 3020 1380 3075 non
1407 3023 1611 3094 modica
1640 3025 1690 3075 in
1724 3024 1920 3091 templo
1947 3021 2108 3085 facta,
2140 3020 2184 3079 C
2214 3020 2341 3077 cu.
2386 3022 2670 3078 XXXVIII.
2706 3025 2785 3077 Ad
2815 3020 3030 3093 proptia
3062 3025 3180 3076 beta
3213 3026 3502 3094 regressio,
3529 3023 3801 3094 Malmun-

600 3100 859 3152 scrinium
892 3098 1064 3151 sancti
1097 3096 1282 3149 cubito
1313 3093 1623 3146 sublevatur
1650 3095 1700 3145 in
1731 3111 1875 3154 aera,
1913 3101 1965 3144 et
1993 3094 2108 3159 epi-

599 3184 792 3237 scopus
822 3166 1232 3237 Cameracensis
1271 3178 1432 3217 orans
1487 3165 1538 3215 in
1576 3171 1799 3237 crypta,
1838 3164 2017 3216 divina
2057 3170 2113 3215 et

544 3245 550 3251 ‘
600 3234 910 3293 sanctorum
947 3235 1305 3307 pet-lustratur
1336 3234 1644 3304 praesentia.

540 3386 796 3408 μ

2289 3096 2423 3149 datii
2453 3096 2865 3164 ﬁrevindicatio;
2923 3102 2977 3147 et
3019 3104 3240 3161 postero
3287 3093 3447 3146 mane
3500 3093 3799 3147 Stabulaus

2292 3165 2637 3220 tendentibus
2662 3165 2884 3220 avicula:
2917 3165 3110 3232 ignota:
3138 3179 3299 3233 super
3329 3164 3586 3217 scrinium
3613 3164 3800 3218 Sancti

2290 3235 2479 3298 sessio,
2511 3244 2568 3288 et
2592 3236 2795 3289 esszmn
2822 3245 3134 3289 sanctorum
3160 3251 3258 3288 suo
3290 3234 3405 3289 loco
3438 3234 3723 3302 repositio.
3761 3281 3775 3293 ,

2742 3383 2769 3390 ...ι

1666 3442 2059 3575 ’ΜΒΕΒ
2129 3488 2618 3577 PRIMUS.

1039 3736 1264 3791 CAPUT
1307 3734 1594 3789 PRIMUM.

532 3875 611 3929 De
636 3874 858 3927 discidio
879 3871 1228 3925 coenobiorum
1267 3871 1458 3938 mpius
1493 3870 1791 3932 elaborato,
1833 3882 1880 3923 et
1916 3873 2113 3940 episco-

601 3961 785 4013 porum
818 3941 1207 4013 Coloniensium
1247 3941 1437 3994 adnisa
1480 3957 1637 4010 super
1673 3943 1726 3993 id
1760 3959 1853 4010 per
1880 3954 2112 4011 tempora

600 4012 774 4068 inulta
808 4012 1091 4082 frustrato.
1124 4020 1125 4023 ‘

602 4128 736 4182 Cum
772 4127 938 4194 igitur
970 4126 1316 4195 perspicuum
1347 4126 1418 4180 sit
1442 4126 1584 4181 hunc
1615 4135 1883 4191 sanctum,
1911 4125 1977 4177 de
2003 4140 2110 4194 quo

530 4219 839 4289 loquimur,
871 4217 1187 4272 Ileutaclum
1226 4218 1339 4271 hzec
1379 4217 1487 4271 duo
1534 4217 1797 4271 struxisse
1840 4219 2104 4280 cmuobia,

527 4327 691 4380 quem
730 4310 871 4379 apud
910 4304 1079 4363 Deum
1129 4308 1457 4378 singularem
1490 4317 1774 4377 patronmn
1812 4323 1870 4361 se
1910 4308 2104 4375 gaudet
2136 4310 2186 4367 υ

530 4402 733 4455 habere
774 4411 883 4455 tota
924 4415 1065 4470 pene
1089 4397 1262 4453 Gallia
1293 4399 1530 4466 itemque
1567 4398 1676 4451 suis
1708 4396 2109 4451 successoribus

531 4508 596 4546 ea
648 4491 934 4559 reliquisse
960 4491 1291 4556 conditione,
1318 4505 1424 4559 qua
1483 4498 1716 4555 rexerat,
1767 4489 1976 4549 habita,
2030 4500 2107 4552 ut,

531 4581 782 4649 utrisque
820 4596 926 4634 non
968 4581 1139 4654 longe.
1155 4581 1427 4650 sepositis,
1458 4580 1557 4634 sub
1599 4595 1708 4635 uno
1748 4589 1979 4644 rectore,
2011 4579 2111 4633 sub

532 4688 642 4727 una
657 4672 792 4742 lege,
816 4688 905 4725 cor
918 4683 1045 4725 esset
1066 4688 1225 4725 unum
1243 4681 1292 4726 et
1311 4677 1488 4724 anima
1503 4687 1608 4723 una
1626 4671 1683 4739 (Α
1694 4679 1760 4722 ct.
1772 4669 1873 4738 tv),
1888 4667 2112 4723 alterius

534 4761 706 4830 partis
747 4758 840 4813 fuit
877 4774 1090 4829 semper
1128 4744 1361 4829 quodam
1393 4760 1582 4814 morbo
1610 4759 1900 4816 dissentire
1939 4758 2112 4826 magis

531 4867 699 4921 quam
730 4851 1004 4906 vinculum
1034 4850 1392 4905 fraternitatis
1420 4850 1705 4905 sinceriter
1730 4850 1983 4904 retinere.
2015 4849 2113 4903 llic

536 4942 783 5005 morbus,
807 4942 1048 5010 inquam,
1080 4949 1199 4994 erat
1226 4942 1437 5005 animae,
1473 4950 1551 5001 ut.
1580 4940 1703 5007 quia
1730 4955 1893 4993 unum
1922 4952 2110 4995 eorum

560 5037 837 5107 espiciens
860 5044 978 5090 erat
999 5036 1065 5089 ad
1090 5035 1429 5103 metropolim
1451 5034 1845 5096 Coloniensem,
1866 5041 2113 5087 nostrum

568 5142 667 5182 ero
714 5127 1063 5181 claudebatur
1106 5125 1399 5195 prazcinctu
1456 5124 1724 5192 parochi:e
1778 5122 2109 5185 Leodiensis,

498 5256 501 5259 ι
536 5218 855 5274 nitebantur
881 5218 971 5286 qui
998 5225 1160 5273 erant
1203 5214 1348 5267 illius
1384 5216 1575 5281 partis,
1608 5223 1699 5267 aut
1729 5215 2113 5268 dominationis

536 5310 625 5370 ius
656 5307 757 5362 sibi
790 5307 1088 5370 vindicare,
1112 5312 1208 5359 aut
1234 5317 1341 5357 non
1372 5302 1630 5357 violanda:
1660 5303 1926 5370 pactionis
1950 5302 2110 5359 dissi-

2220 3718 2386 3782 dium,
2421 3731 2665 3785 rrprcssa
2695 3727 2776 3771 est
2808 3725 2862 3771 et
2903 3715 3158 3769 oﬂ'nscata
3198 3711 3491 3783 privilegiis
3527 3720 3584 3766 et
3611 3722 3777 3768 aucto

2221 3808 2379 3860 ritate
2409 3808 2692 3876 majorum.
2723 3806 2825 3875 Ipsi
2858 3806 3019 3859 etiam
3048 3806 3353 3874 Agrippinae
3382 3803 3802 3872 arcltiprnsules

2218 3897 2422 3952 inducti
2451 3898 2503 3951 in
2543 3899 2682 3952 hanc
2713 3911 2900 3951 eorum
2931 3911 3088 3950 casso
3118 3896 3303 3950 labore
3347 3895 3673 3949 sententiam
3703 3911 3804 3948 an-

2219 3988 2417 4042 tistites
2466 3988 2893 4057 prtedecessores
2946 3996 3161 4042 nostros
3204 3985 3496 4055 fatigatos,
3545 3985 3643 4039 sed
3692 4002 3802 4040 non

2220 4088 2493 4147 permotos
2544 4079 2923 4143 reddiderunt,
2986 4078 3100 4133 sive
3150 4093 3246 4148 per
3289 4076 3659 4141 occasionem,
3684 4078 3804 4132 sive

2219 4188 2316 4242 pcr
2350 4172 2482 4225 vim.

2287 4263 2436 4317 Nunc
2465 4277 2612 4327 vero,
2655 4263 2780 4331 quia
2813 4278 2876 4316 ex
2910 4271 3033 4316 voto
3062 4259 3373 4330 proﬁciebat
3398 4259 3479 4314 eis
3516 4260 3620 4313 hoc
3653 4268 3800 4313 tem-

2215 4371 2312 4426 pus
2338 4358 2640 4425 quibusque
2668 4356 2824 4409 bonis
2865 4355 3285 4415 iacoannodum,
3321 4368 3383 4406 ac
3412 4352 3639 4421 perinde
3672 4366 3802 4405 cor-

2217 4449 2357 4516 rupti
2403 4463 2602 4510 mores,
2647 4456 2699 4499 et
2742 4447 2882 4516 (qum
2931 4444 3128 4500 multos
3170 4443 3424 4498 mortales
3471 4443 3635 4498 falsos
3676 4444 3798 4497 fieri

2213 4538 2461 4608 subegit)
2511 4538 2732 4591 ambitio
2778 4546 3127 4591 consenserat
3179 4526 3501 4605 principum,
3550 4534 3799 4604 aggressi

2213 4642 2337 4687 sunt
2376 4633 2479 4687 hoc
2523 4646 2581 4686 se
2614 4636 2771 4699 posse
2801 4629 3061 4700 perficere
3089 4628 3230 4697 quod
3259 4668 3272 4690 ,
3315 4626 3601 4682 retro’actis
3660 4635 3801 4680 tem-

2212 4727 2462 4795 poribus,
2516 4722 2649 4775 satis
2700 4721 2825 4774 licet
2876 4720 3241 4781 elaboratum,
3292 4732 3400 4771 non
3452 4714 3680 4783 contigit
3726 4716 3802 4771 ad

2212 4815 2461 4871 clfectum
2507 4813 2838 4883 pervenisse.
2880 4811 2961 4865 Ab
2994 4809 3146 4864 initio
3195 4809 3338 4863 enim
3383 4807 3496 4872 alii,
3528 4823 3627 4876 pro
3668 4805 3803 4862 aliis

2211 4909 2564 4965 succedentes
2611 4917 2939 4971 causamque
2982 4903 3050 4955 ad
3102 4902 3207 4955 hoc
3248 4901 3539 4972 pulchrum
3580 4897 3805 4951 ﬁcium

2212 4999 2633 5070 perpetrandum
2681 4994 3063 5062 suscipientes,
3102 4991 3175 5045 ad
3211 4991 3326 5046 hac
3363 5004 3533 5059 usque
3560 4974 3801 5041 infortu~

2211 5099 2337 5148 nata
2393 5091 2548 5146 nobis
2582 5098 2822 5158 tempora
2863 5093 3272 5155 pertraxerant,
3314 5092 3526 5153 semper
3573 5082 3627 5137 id
3671 5081 3800 5136 ﬁeri

2213 5183 2533 5237 adnitentes.

2779 5260 3202 5323 anum-Ariorum.
