4026 5370
304 199 411 256 293

1488 187 1889 244 TREUMPIIDS
1918 188 1976 243 S.
2016 185 2332 243 llliMACU.
2363 218 2393 231 ι
2474 187 2600 244 LIB.
2644 189 2682 243 Ι.

3477 191 3586 250 291

288 328 387 377 est
412 334 477 371 ex
504 314 786 383 Harigero,
821 321 948 365 tom.
977 310 1015 373 l,
1050 325 1168 379 cap.
1200 307 1501 383 liti,_et_5_6,
1525 295 1805 383 etclarins
1826 321 1891 383 es
1925 318 1969 374 Α
2001 307 2240 383 minatur
2292 306 2633 383 Agilolphus.
2692 306 2765 362 De
2803 304 2924 383 ξαιιο
2960 308 3273 383 ideinusie
3304 310 3582 383 loquitur:

302 376 714 442 documento‘et
756 376 1132 437 declaratione'
1172 378 1445 433 Frederici
1495 376 1887 446 archiepiscopi

301 457 664 516 Coloniensis,
693 468 811 521 quin
841 454 1069 506 habetur
1096 460 1229 504 tom.
1264 446 1802 521 hoc_seeiiiulo,_e:i_p.
1828 446 1886 521 f2,

301 526 655 585 adnotatione
686 517 733 581 l'.
769 521 857 575 ubi
879 522 956 575 sic
982 521 1151 575 habes
1181 536 1194 571 :
1232 539 1250 570 ι
1275 518 1612 572 Slabulcnsis
1636 517 1889 570 Ecclesia:

299 594 583 666 privilegia
615 595 900 666 diligenter
926 591 1232 666 relegiintts,
1286 589 1337 642 in
1372 587 1890 666 quibusjnventntn

300 655 624 721 estbea‘inm
673 655 983 716 ll'i'unaclmn
1035 655 1316 728 utriusque
1372 658 1496 718 Ieci,
1552 655 1892 709 Malmuudu-

301 738 483 790 ricini:
530 735 729 789 scilicet
789 742 837 787 et
904 730 1253 793 Slabufettsis,
1303 730 1708 785 aedificatorem,
1773 736 1892 794 post

299 815 677 862 constructum
701 819 730 855 a
762 820 819 857 se
849 801 1320 861 Malmnudarinm,
1354 815 1463 853 suae
1508 808 1564 855 ct
1605 813 1891 852 successo-

300 893 415 931 rum
467 891 697 930 suorum
749 873 1097 927 habitationis
1122 882 1175 924 et
1201 870 1490 939 sepultura:
1538 868 1891 939 principalem

301 949 474 1001 locum
498 946 646 1017 apud
684 938 1444 1017 Stabulauselcgisse,7et_pro
1481 955 1544 991 eo
1574 940 1716 1007 quod
1750 938 1891 990 idem

298 1011 782 1070 locusin‘dimcesi
824 1012 1109 1067 Leodiensi
1151 1011 1405 1078 parochia
1436 1020 1536 1070 est,
1571 1023 1764 1061 omnes
1799 1023 1895 1076 per

299 1088 703 1142 successionem
739 1084 1018 1151 utriusque
1070 1081 1175 1135 loci
1245 1082 1467 1134 abbates
1520 1080 1587 1133 ab
1641 1080 1894 1147 episcopo

299 1157 582 1211 Leodiensi
610 1154 921 1210 consecrari
951 1153 1168 1213 debere,
1211 1169 1229 1202 ι
1262 1162 1359 1204 etc.

364 1227 418 1280 2.
471 1226 610 1292 Qua:
660 1242 740 1278 res
794 1223 1076 1276 ridiculam
1130 1220 1463 1292 clandestinis
1515 1236 1650 1292 ια’ίέ
1692 1219 1893 1286 agitata

299 1290 798 1351 concertationibus.
852 1292 1295 1347 Concertatioues
1347 1291 1513 1343 fuisse
1582 1290 1895 1356 frequentes

301 1368 366 1420 de
421 1365 843 1434 prmeminentia
896 1363 1038 1416 inter
1090 1362 1370 1428 religiosos
1425 1360 1777 1434 Stabnlenses
1837 1368 1895 1413 et

299 1430 828 1491 Maliiiundarienses
879 1442 1026 1502 patet
1069 1447 1137 1486 ex
1189 1434 1516 1486 documento
1561 1441 1614 1485 et
1654 1430 1895 1502 declara-

301 1511 443 1561 tione
498 1505 801 1571 Frederici.
832 1500 1249 1571 archiepiscopi,
1302 1503 1369 1555 de
1418 1517 1526 1570 quo
1554 1500 1710 1569 paulo
1743 1509 1892 1562 ante,

300 1578 385 1630 ubi
426 1579 510 1631 sic
539 1576 819 1645 loquitur:
855 1594 872 1624 ι
904 1574 1055 1640 Quod
1087 1572 1605 1645 Malmundarienses
1634 1587 1698 1623 eo
1722 1586 1894 1645 usque

299 1649 567 1701 hactenus
610 1642 891 1719 inﬁrmare
943 1644 1126 1719 conati
1179 1653 1331 1707 sunt,
1362 1653 1447 1719 nt_
1477 1654 1717 1719 tempore
1758 1642 1896 1693 divas
1932 1663 1970 1719 Β

300 1719 579 1773 memoria:
610 1716 831 1772 Ottonis
850 1715 1098 1780 secundi,
1133 1734 1151 1765 ι
1199 1725 1323 1778 ctc.,
1355 1722 1414 1766 ut
1435 1714 1602 1767 habes
1627 1712 1747 1765 loco
1769 1720 1895 1766 ante

300 1798 491 1842 Citam.

939 1899 1167 1956 CAPUT
1208 1900 1270 1954 ΙΙ.

299 2048 376 2104 De
418 2049 660 2118 pactione
692 2046 1263 2118 Ma'mundarieusium
1293 2065 1410 2118 cum
1446 2053 1477 2100 Λ
1491 2065 1659 2102 unone
1693 2050 1896 2118 episco-

368 2137 463 2185 po,
492 2129 540 2172 et
572 2120 639 2172 de
675 2135 892 2188 corpore
920 2117 975 2172 S.
1009 2117 1242 2187 Ailulphi
1283 2117 1519 2173 Coloniae
1545 2120 1824 2171 translato.

372 2211 581 2267 Aderat
639 2211 906 2266 festivitas
933 2210 991 2265 S.
1020 2210 1187 2276 Petri,
1216 2228 1335 2281 qua:
1372 2222 1603 2267 vocatur
1656 2211 1725 2265 ad
1763 2209 1895 2265 Vin-

300 2304 445 2371 cula,
476 2304 534 2359 in
565 2319 672 2374 qua
710 2304 945 2372 contigit
968 2305 1109 2374 apud
1139 2320 1238 2360 nos
1265 2305 1476 2360 curiam
1521 2302 1757 2374 regalem
1801 2303 1898 2357 ha-

301 2398 421 2454 beri
449 2412 644 2467 magna
674 2398 981 2467 principum
1015 2395 1341 2466 frequentia.
1391 2395 1507 2450 Rex
1557 2397 1734 2451 adhuc
1762 2410 1895 2464 pne-

306 2490 460 2544 rulus
496 2504 675 2545 annos
722 2487 971 2544 infantia:
1025 2504 1134 2544 non
1179 2496 1509 2552 excesserat,
1570 2488 1665 2542 sed
1723 2495 1897 2540 mater

307 2582 628 2653 imperatrix
652 2597 754 2653 pm
775 2596 842 2637 eo
865 2582 1012 2637 vices
1034 2581 1089 2636 in
1117 2580 1391 2649 republica
1418 2581 1553 2636 satis
1574 2578 1788 2649 agebat.

374 2675 526 2731 inter
550 2674 733 2745 plures
762 2674 1114 2745 coepiscopos
1136 2672 1289 2728 alluit
1309 2683 1366 2728 et
1383 2675 1538 2727 Anno
1559 2670 1897 2728 Coloniensis

303 2768 769 2838 amlaepiseopus,
803 2769 897 2839 qui
926 2777 1114 2838 postea
1170 2782 1276 2822 non
1319 2768 1437 2822 sine
1470 2766 1668 2837 injuria
1728 2767 1896 2836 regia:

302 2861 607 2931 dignitatis,
647 2860 863 2931 injectis
895 2862 948 2915 in
989 2862 1267 2917 dominum
1304 2876 1460 2916 suum
1512 2861 1782 2923 manibus,
1833 2876 1897 2913 ac

302 2952 455 3015 quasi
487 2951 701 3004 tutandi
746 2952 944 3019 gratia,
1002 2965 1226 3020 pueroa
1280 2964 1455 3006 matre
1481 2967 1581 3021 per
1622 2952 1730 3004 vim
1779 2952 1898 3004 abs-

2004 396 2021 426 ι
2050 377 2287 449 Colonia;
2312 377 2509 449 natalis
2538 388 2591 449 et
2644 377 2931 433 trans!atio
2955 380 3011 433 S.
3049 380 3313 449 Agilolplti
3341 377 3583 449 ejusdem

1994 447 2148 521 urbis
2175 447 2681 521 archiepiscopiuct
2713 450 3009 521 martyris.
3044 449 3141 521 llic
3172 447 3457 521 Joppiliam
3492 467 3584 507 ve-

1997 517 2142 570 nisse
2173 518 2437 570 scribitur
2469 518 2521 571 in
2558 518 2673 571 Vita
2708 516 2766 571 S.
2799 516 3099 585 vaitberti,
3133 516 3254 574 Kal:
3276 516 3490 584 Martii,
3517 523 3585 577 ad

1994 587 2660 660 aegrotantemPippinum
2705 590 3033 659 principem,
3075 592 3410 660 multumque
3448 591 3585 646 alla-

1995 657 2223 710 horasse
2264 674 2331 711 ne
2353 658 2620 713 luet-edem
2676 657 2943 714 scriberet
2983 661 3236 716 Carolum
3278 657 3583 717 Miir‘tcllum

1996 742 2059 779 ex
2082 726 2305 802 Alpaide
2331 728 2520 802 pellice
2551 730 2813 802 genitum.
2848 730 3000 798 Quod
3058 742 3237 785 tamen
3290 732 3588 802 impetrare

1998 814 2106 873 non
2159 798 2372 873 potuit._
2415 798 2622 873 Deinde
2673 815 2862 873 passus
2888 810 2965 873 est
3006 802 3326 873 martytiam
3356 798 3408 855 in
3451 815 3587 873 pago

1994 867 2375 940 lli-ductioeusi
2402 867 2727 940 AAmblavaz,
2774 872 2864 940 qui
2925 872 3076 925 locus
3106 867 3586 940 a'przeterlluentis

1995 936 2236 991 ﬂuminis
2269 938 2488 991 nomine
2530 939 2608 992 sic
2648 936 2874 995 vocatur
2924 943 3053 996 etin
3085 936 3315 997 ecclesia
3355 943 3411 997 S.
3443 943 3586 996 Lau-

1998 1008 2155 1061 rentii
2186 1007 2660 1083 lllalintnulariensi
2693 1013 3022 1083 monasterio
3049 1015 3301 1083 contigua
3335 1028 3407 1071 se,
3434 1022 3586 1067 uttns

1996 1088 2102 1139 est,
2138 1079 2411 1153 _et_variis
2454 1078 2997 1153 claruit__miraCtilis.
3050 1082 3123 1135 De
3175 1078 3290 1153 ipso
3314 1085 3585 1151 scriptum

1996 1155 2081 1201 est
2137 1147 2515 1219 Malmnudarii
2568 1150 2619 1201 in
2668 1149 2807 1205 lihro
2852 1147 3234 1207 miraculirnm
3282 1154 3336 1205 S.
3371 1147 3587 1219 Quirini

1999 1219 2256 1291 martyris
2311 1235 2325 1274 :
2361 1218 2531 1291 Nobili
2561 1220 2728 1287 stirpe
2773 1224 2972 1285 editus,
3019 1223 3374 1287 Anglinoloci
3402 1218 3587 1291 ’ltujus

1998 1288 2181 1340 abbati
2212 1304 2241 1341 a
2269 1290 2584 1356 parentibus
2607 1300 2687 1343 est
2720 1293 2947 1344 traditus
2976 1294 3073 1345 sub
3102 1294 3443 1347 inStitntione
3474 1288 3589 1347 mo-

1998 1359 2159 1411 nachi
2200 1360 2521 1433 regulariter
2542 1360 2939 1433 informandus.
2969 1361 3068 1429 Qui
3100 1366 3269 1431 patris
3292 1363 3371 1433 sji
3410 1364 3589 1418 itualis

1998 1444 2180 1482 mores
2212 1429 2477 1491 imitatus,
2506 1429 2624 1497 ejus
2648 1432 2747 1485 ’ezu
2782 1434 2833 1483 in
2861 1429 3135 1486 voluntate
3182 1436 3271 1490 Dei
3304 1429 3589 1489 έιίϐιθδείιτ

1998 1509 2081 1552 est
2108 1500 2297 1553 factus.
2328 1501 2458 1554 Dein
2484 1503 2597 1554 sedi
2622 1501 2930 1556 Coloniensi
2958 1504 3183 1558 antistes
3209 1508 3334 1558 i'atu
3356 1523 3384 1569 ',
3422 1506 3588 1557 abha-

1976 1570 2663 1645 'tis_etiamnon_deposu_it
2692 1588 2853 1638 onus,
2901 1574 3072 1645 donec
3122 1584 3412 1645 utrumque
3442 1582 3585 1629 stre-

2002 1641 2263 1713 nuissime
2310 1642 2684 1711 gubernando,
2753 1657 2975 1713 prop'er
3020 1644 3177 1699 fidem
3224 1641 3396 1711 regni,
3447 1645 3588 1712 apud

2002 1711 2320 1786 A_n_iblavain
2350 1722 2645 1786 coronatus
2674 1711 2767 1767 est
2785 1711 3069 1786 martyrio,
3099 1725 3262 1785 atque
3290 1717 3430 1785 apud
3461 1711 3585 1778 nos,

2004 1782 2091 1853 ubi
2143 1782 2354 1853 abbatis
2376 1783 2663 1850 prie-fuerat
2690 1784 2910 1839 nomine
2930 1782 2944 1786 ⁷
2964 1794 3019 1839 et
3047 1782 3229 1852 ους-τέ,
3264 1782 3434 1853 usque
3462 1787 3587 1837 dum

2004 1850 2147 1906 Deus
2194 1852 2383 1924 voluit,
2438 1853 2614 1924 locum
2676 1855 2865 1910 habuit
2914 1850 3224 1924 sepultum.
3277 1850 3588 1911 Cliiouicon

2004 1937 2132 1976 vero
2182 1923 2459 1990 volgatum
2496 1922 2820 1979 Colonieuse
2854 1922 3017 1981 habet
3068 1929 3308 1981 occisum
3362 1941 3482 1980 esse
3520 1926 3590 1979 ab

2003 1992 2271 2057 hostibus,
2323 1993 2449 2046 dum
2487 2010 2650 2049 causa
2675 1996 2826 2065 pacis
2861 2012 2889 2050 a
2920 1996 3164 2051 Martello
3218 1997 3285 2051 ad
3342 1997 3590 2050 Saxones

2003 2065 2338 2135 mitterrtur;
2400 2066 2650 2133 quodque
2682 2064 2727 2117 'a
2785 2064 3062 2129 Brunone,
3115 2068 3204 2135 qui
3259 2068 3427 2121 frater
3467 2075 3587 2119 erat

2005 2131 2234 2207 Othonis
2255 2203 2265 2207 _
2285 2131 2648 2202 imperatoris,
2706 2136 2985 2189 Coloniam
3021 2138 3087 2192 ad
3116 2131 3313 2207 gradus
3338 2140 3409 2190 sTt
3439 2136 3587 2190 dela-

2005 2212 2108 2256 tus.
2161 2202 2267 2256 Sed
2317 2221 2415 2276 ego
2446 2207 2650 2259 eaedem
2681 2207 2916 2274 episc0pi
2948 2210 3014 2260 ad
3049 2202 3204 2276 temp
3230 2223 3288 2260 ra
3346 2207 3439 2260 fili
3490 2216 3585 2259 aut

2002 2282 2287 2341 nepotum,
2328 2275 2622 2342 quietiam
2678 2287 2867 2330 contra
2924 2275 3169 2332 Samaes
3226 2278 3585 2338 liellaveruut,

2002 2344 2207 2397 rel‘eire
2237 2361 2357 2416 non
2386 2346 2607 2416 dubito;
2658 2362 2721 2400 eo
2744 2347 2887 2414 quod
2942 2347 3137 2401 litterae
3164 2348 3466 2416 Zacharim,
3491 2347 3589 2416 qui

2002 2423 2219 2487 mortuo
2236 2412 2482 2487 Martello
2509 2413 2687 2470 lactus
2716 2412 2798 2470 est
2829 2419 3089 2485 pontifex,
3118 2419 3183 2470 de
3209 2418 3384 2487 legato
3416 2412 3584 2469 Boni-

2000 2483 2146 2571 facio
2173 2484 2483 2571 recipiede
2510 2486 2587 2567 ad
2610 2503 2756 2567 eum.
2778 2483 2961 2571 etiam
2989 2483 3316 2571 dirigantur.
3379 2487 3587 2571 Deinde

2003 2554 2238 2609 llistoria
2362 2558 2621 2622 Aunonis,
2673 2559 2758 2611 cui
2812 2558 3039 2611 multum
3087 2554 3169 2612 cst
3217 2558 3583 2619 trilmendum,

2006 2634 2236 2679 testatur
2269 2623 2621 2698 S.Agilolplii
2653 2643 2853 2698 corpus
2890 2644 2957 2682 ex
3008 2628 3404 2682 Malmuiidario
3455 2644 3587 2682 ave-

2002 2705 2149 2749 ctnm
2178 2710 2297 2749 esse
2325 2696 2600 2751 Colonia-ii
2630 2714 2727 2768 pi'l‘
2755 2696 2816 2753 Β.
2852 2699 3156 2763 Annonem,
3215 2699 3303 2752 ulli
3334 2700 3386 2753 id

2003 2767 2131 2823 suit.
2163 2767 2215 2819 in
2253 2768 2587 2821 monasterio
2608 2784 2707 2822 suo
2733 2770 2799 2823 ad
2845 2772 3067 2823 aradus.
3096 2771 3191 2823 Est
3219 2779 3400 2823 autem
3508 2769 3585 2823 al-

2003 2767 2131 2829 suit,
2159 2767 2215 2838 in
2253 2768 2587 2821 monasterio
2608 2767 2707 2822 suo
2733 2770 2799 2823 ad
2845 2772 3067 2838 gradus.
3096 2771 3191 2824 Est
3219 2779 3400 2824 autem
3452 2767 3585 2823 Mal-

2004 2837 2347 2890 mundarium
2411 2840 2645 2894 secunda
2684 2842 2742 2896 S.
2775 2837 3013 2895 Remacli
3061 2841 3296 2905 ahbatia,
3341 2857 3370 2892 a
3402 2841 3588 2894 stabu-

2005 2907 2137 2959 lensi
2162 2906 2493 2976 dependens,
2518 2909 2644 2963 olim
2672 2911 3292 2977 ditccesislloloniensis,
3309 2911 3400 2964 sed
3418 2926 3585 2973 nunc,

2007 2978 2108 3049 nisi
2159 2978 2351 3049 fallor,
2384 2977 2700 3033 Leodicusis
2751 2983 3034 3043 territorii,
3076 2984 3251 3048 quoad
3301 2992 3588 3049 utramque

282 3050 508 3106 tracto,
549 3058 659 3097 non
692 3043 963 3107 dubitavit
1014 3044 1079 3097 ad
1108 3059 1167 3099 se
1213 3042 1619 3112 transferrejus
1645 3044 1896 3096 domiua-
1927 3037 1969 3098 C
1995 3037 2454 3120 juristliction'em.
2502 3052 2637 3103 Dum
2663 3052 2806 3104 enim
2850 3050 2910 3102 Β.
2954 3037 3137 3120 Poppo
3190 3052 3273 3104 his
3308 3037 3586 3119 prmessct,

307 3135 465 3190 tionis
495 3151 631 3189 ausu
659 3135 972 3190 temerario.
1007 3134 1181 3199 Hunc,
1239 3137 1364 3205 quia
1415 3137 1500 3190 vir
1545 3144 1665 3190 erat
1688 3150 1896 3205 magna:

310 3224 583 3279 industria:
603 3226 856 3294 aerisque
885 3226 1108 3297 ingenii,
1141 3228 1344 3282 adeunt
1372 3227 1897 3281 Malmundarienses

310 3315 580 3378 monachi,
618 3316 886 3386 talemque
916 3320 1304 3373 consulendum
1353 3321 1487 3375 utile
1516 3320 1619 3373 sibi
1655 3319 1893 3389 profutu-

310 3420 420 3459 rum
443 3414 644 3476 putant
679 3407 746 3461 de
777 3408 1081 3463 intentione
1135 3409 1215 3463 sni
1245 3410 1479 3463 consilii.
1537 3407 1668 3462 Post
1717 3408 1891 3477 plura,

310 3496 495 3564 quibus
518 3506 744 3551 cautum
776 3499 1048 3554 hominem
1074 3500 1126 3554 in
1156 3501 1239 3555 sui
1268 3500 1691 3556 familiaritatem
1724 3501 1892 3554 ascis-

310 3596 453 3649 cunt,
478 3587 548 3640 ad
569 3586 749 3640 locum
778 3602 960 3652 suum,
985 3589 1437 3645 Malmnndarium
1469 3592 1673 3645 visendi
1697 3593 1891 3660 gratia,

310 3674 559 3740 invitant,
584 3685 927 3747 tutoreinque
946 3694 1125 3733 rerum
1141 3694 1384 3744 suarum,
1408 3681 1559 3750 quasi
1579 3681 1632 3734 in
1657 3682 1893 3749 quesita:

309 3765 483 3823 forent
510 3784 639 3838 spes
668 3783 909 3840 opesque
930 3785 1144 3836 omnes,
1188 3769 1419 3825 fortnam
1443 3788 1553 3827 suae
1572 3772 1886 3828 conciliant.

376 3860 667 3915 [iubebant
718 3869 845 3916 tunc
899 3878 1099 3930 corpus
1148 3864 1428 3932 cujusdam
1474 3866 1710 3934 probatae
1770 3866 1889 3920 fidei

307 3953 633 4017 sanctitatis,
687 3968 847 4022 quem
871 3953 1064 4008 dicunt
1121 3953 1456 4023 Ailulplnun,
1515 3971 1675 4024 quem
1725 3957 1891 4009 etiam

308 4044 519 4095 tradunt
546 4045 772 4098 annales
794 4045 972 4114 primo
1003 4047 1252 4100 abbatem
1284 4046 1681 4114 Stafiulensem,
1702 4060 1888 4118 postea

309 4133 467 4188 fuisse
491 4134 801 4205 Agrippina:
824 4136 1318 4206 archiepiscopum.
1347 4138 1518 4203 Hunc,
1546 4149 1654 4192 uta
1673 4140 1890 4196 domino

311 4227 498 4282 abbate
562 4226 904 4283 Theoderico
952 4228 1054 4283 sibi
1106 4240 1345 4299 expetat,
1387 4247 1547 4300 prava
1595 4232 1890 4286 sollicitant

310 4318 665 4390 suggestione,
712 4328 793 4384 ut,
847 4334 915 4374 eo
945 4320 1243 4385 translato,
1289 4322 1442 4391 quasi
1500 4322 1616 4391 ejus
1667 4323 1888 4377 obtentu

310 4417 619 4476 speraretur
653 4411 843 4464 eadem
876 4408 1029 4463 locus
1091 4410 1190 4465 sub
1238 4410 1406 4480 ipsius
1456 4411 1679 4466 ditionc.
1735 4411 1888 4479 Quod

312 4509 482 4553 utrum
508 4501 624 4570 ejus
654 4501 937 4555 voluntate
989 4499 1308 4567 sitfactnm,
1362 4502 1661 4567 nescimus,
1713 4512 1890 4558 tamen

315 4586 380 4642 ita
409 4592 655 4646 evenisse
699 4592 986 4661 indignum
1015 4590 1251 4646 tulimus.
1284 4593 1543 4648 Dominus
1572 4594 1739 4649 abbas
1771 4604 1889 4648 tan-

315 4690 465 4745 quam
487 4680 706 4751 ignarns
732 4682 856 4751 ejus
887 4680 990 4745 rei,
1021 4693 1238 4751 rogatus
1264 4696 1527 4745 annuere,
1578 4698 1684 4737 non
1716 4683 1891 4739 distu-

317 4766 393 4833 lit,
420 4772 561 4839 quod
606 4772 980 4841 postmodum,
1019 4770 1141 4827 licet
1163 4789 1228 4830 eo
1260 4791 1364 4831 non
1404 4775 1894 4843 animadvertentc,

321 4861 469 4916 totius
497 4865 775 4933 sequentis
800 4863 934 4917 mali
967 4865 1180 4920 occasio
1216 4868 1430 4923 claruit.
1474 4865 1606 4921 Nam
1658 4878 1717 4923 ut
1767 4880 1897 4925 tunc

318 4949 544 5021 plerique
568 4955 801 5023 quoda-n
835 4953 1105 5023 prmsagio
1139 4957 1261 5014 mali
1298 4957 1699 5029 signiﬁcavere,
1735 4976 1801 5017 eo
1831 4977 1898 5015 ex

323 5051 545 5114 tempore
600 5062 719 5102 cum
762 5047 875 5102 illis
935 5061 1071 5115 pene
1099 5053 1274 5108 omnia
1330 5053 1379 5109 ei
1431 5051 1662 5107 adversa
1721 5055 1893 5109 fuere.

322 5132 474 5201 Igitur
500 5137 858 5209 archipraesul
920 5147 1196 5206 susceptas
1243 5141 1585 5200 venerabiles
1637 5144 1899 5214 reliquias

325 5223 466 5292 hujus
488 5243 641 5296 quem
669 5227 899 5301 praefati
946 5241 1129 5285 sumus
1158 5238 1330 5293 sancti
1376 5237 1591 5290 honore
1632 5238 1901 5307 condigna

326 5319 601 5370 recondidit
629 5323 679 5370 in
718 5323 848 5370 loco
872 5330 1037 5370 mtcm
1080 5322 1295 5370 tier-olnt
1331 5333 1637 5370 martvrem
1667 5328 1891 5370 Clu-icti.

2001 3119 2257 3190 stabilivit
2292 3130 2548 3187 perpetua
2590 3122 2727 3190 lege,
2779 3130 2838 3173 ut
2887 3121 3405 3175 lllalmumlarieoses
3458 3136 3586 3189 pro-

2003 3189 2253 3259 fessionis
2301 3206 2411 3241 sua:
2470 3189 2815 3256 Spousioncm
2865 3193 3003 3259 apud
3042 3192 3395 3244 Stabulenses
3437 3191 3585 3244 face-

2002 3266 2140 3311 rent.
2176 3258 2381 3311 Natalis
2405 3260 2594 3311 inridit
2638 3260 2688 3312 in
2719 3258 2962 3311 ultimum
3002 3260 3142 3313 diem
3173 3259 3384 3321 Martii;
3415 3261 3508 3312 sed
3550 3276 3581 3313 a

1998 3328 2409 3382 Coloniensibns
2439 3329 2600 3381 simul
2653 3344 2776 3382 cum
2809 3328 3160 3382 translatione
3212 3328 3467 3382 recolitur
3496 3330 3588 3384 die

1999 3414 2138 3450 nona
2166 3396 2317 3461 Julii,
2345 3413 2411 3468 eo
2435 3399 2578 3463 quod
2635 3400 2685 3452 in
2728 3398 2835 3452 fine
2872 3398 3046 3452 Martii
3074 3398 3315 3453 Ecclesia
3371 3414 3588 3468 semper

1996 3476 2293 3540 occupetur
2339 3467 2516 3540 allii-io
2565 3468 3028 3540 Quadragesinne,
3075 3479 3167 3523 aut
3207 3467 3587 3540 paSsionisvel

2000 3538 2676 3592 resurrectionis"Domini.
2720 3559 2737 3589 ι

2625 3673 2851 3730 CAPUT
2892 3676 2976 3731 Ill.

1996 3784 2325 3855 Carispirutio
2386 3786 2707 3840 Coloniensis
2751 3798 2797 3840 ct
2831 3788 3127 3842 Brnnensis
3178 3789 3335 3841 simul
3380 3789 3583 3852 habita,

2065 3867 2110 3908 ct
2141 3856 2470 3909 abbatiarum
2531 3856 2786 3921 (Jorbeiw,
2848 3857 3167 3912 Lnurisauui
3204 3859 3586 3923 Stabulum,“

2068 3925 2222 3979 [mite
2249 3928 2463 3980 traditio
2487 3929 2611 3996 ipsis
2651 3945 2682 3980 a
2715 3945 2830 3997 rege
2852 3928 3044 3997 injuste
3065 3929 3226 3996 factu.

2069 4016 2194 4070 l‘ost
2240 4017 2353 4071 lucc
2401 4018 2617 4087 quidam
2656 4021 2747 4088 qui
2782 4019 3120 4074 consultores
3165 4020 3487 4073 dicebantur
3528 4019 3584 4073 in

1996 4110 2145 4179 ipsis.
2174 4110 2373 4177 quique
2397 4127 2483 4163 au:
2505 4122 2818 4166 toreserant
2846 4111 3401 4179 hujus,utvidebatur
3444 4150 3458 4162 .
3506 4148 3521 4163 .
3566 4150 3579 4163 .

1993 4198 2123 4254 Calo
2147 4200 2272 4252 tiam
2304 4203 2526 4265 adeunt,
2560 4212 2763 4257 etcum
2803 4203 3212 4271 archiepiscopo
3255 4201 3579 4256 confirmato

1993 4292 2216 4345 consilio
2247 4308 2358 4345 sua:
2385 4309 2546 4362 quam
2581 4296 2928 4363 praediximus
2977 4294 3293 4349 intentionis
3342 4294 3452 4348 voti
3497 4295 3581 4349 sui

1923 4377 1965 4434 D
1993 4391 2269 4448 compotes
2297 4383 2513 4437 domum
2543 4386 2789 4440 redeunt.

2068 4471 2130 4524 lli
2177 4473 2407 4540 regressi
2469 4475 2710 4544 improbe
2748 4476 2904 4532 nobis
2938 4476 3268 4540 insultando,
3319 4476 3420 4531 sibi
3455 4491 3584 4531 vero

1995 4560 2380 4627 congaudendo
2406 4564 2790 4619 consodalibus
2830 4565 2943 4619 suis
2993 4566 3248 4620 dicuntur
3294 4566 3398 4620 hoc
3437 4580 3581 4618 nun-

1999 4650 2130 4703 tium
2164 4650 2232 4705 ab
2262 4651 2672 4721 archiepiscopo
2719 4653 3002 4720 detulisse,
3037 4656 3171 4709 nihil
3199 4672 3294 4711 eos
3320 4655 3385 4710 de
3413 4668 3472 4709 se
3501 4654 3585 4707 vel

2002 4753 2099 4795 suo
2136 4742 2402 4807 promisso
2448 4740 2709 4807 diliidere.
2742 4759 2861 4800 sese
2893 4744 3018 4811 illis,
3059 4754 3313 4817 tanquam
3344 4755 3576 4814 patrem,

2002 4827 2296 4884 all'uturnm
2344 4829 2397 4882 in
2428 4831 2574 4885 onmi
2624 4832 2924 4902 juvamine.
2976 4845 3235 4906 praeterea
3266 4852 3324 4891 se
3347 4852 3469 4891 esse
3498 4851 3586 4892 se-

2002 4934 2191 4972 curum
2233 4935 2297 4975 ac
2324 4918 2366 4973 si
2417 4936 2511 4975 cos
2543 4918 2677 4987 jam.
2708 4927 2762 4979 in
2819 4938 3011 4980 manus
3067 4925 3294 4980 haberet
3320 4940 3443 4979 cum
3469 4924 3589 4979 loco

2002 5009 2259 5078 omnique
2286 5007 2389 5063 loci
2418 5013 2786 5078 possessione.

2073 5095 2279 5163 QUibus
2303 5097 2479 5152 verbis
2510 5100 2559 5152 in
2592 5116 2746 5173 spem
2789 5102 2867 5159 illi
2905 5111 3108 5158 certam
3142 5099 3354 5156 adducti
3379 5097 3589 5151 felicio-

2002 5203 2090 5244 res
2125 5206 2186 5245 se
2213 5190 2370 5246 nobis
2420 5192 2684 5265 deinceps
2706 5200 2824 5256 fore
2845 5194 3196 5265 iactitabant,
3221 5203 3280 5247 ut
3306 5203 3429 5262 pote
3450 5203 3590 5259 quos

2003 5282 2344 5353 contingeret
2371 5284 2619 5352 pacatius
2650 5290 2962 5357 diutiusque
2990 5286 3090 5341 sub
3127 5286 3217 5339 illo
3270 5284 3452 5336 vivere
3479 5291 3587 5332 non
