4026 5370
461 170 568 226 Ξ95

461 377 684 448 reliquit
718 375 1026 432 consilium.

528 493 648 548 Non
669 503 800 560 ergo
829 485 952 558 quis
981 485 1214 542 aestimet
1242 484 1356 538 haec
1403 479 1545 536 mala
1597 480 1660 536 de
1683 477 2050 535 confratribus

459 581 665 640 nostris
712 578 917 635 idcirco
938 577 1054 647 [nos
1097 573 1414 628 meminisse
1431 579 1490 626 ut
1520 571 1771 626 malimus
1799 584 1896 624 eos
1929 583 2050 638 per-

455 698 646 754 peram
671 694 832 750 quam
860 685 1007 732 recte
1044 675 1266 740 fecisse;
1293 676 1386 730 sed
1421 675 1576 729 nefas
1611 683 1866 744 putamus
1913 687 2052 743 pra:-

463 772 781 830 tereundum
806 767 1021 825 silentio
1045 765 1309 838 quidquid
1332 765 1514 820 dicere
1545 763 1786 835 postulat
1809 762 2048 832 suscepti

461 865 650 936 operis
677 865 837 920 ratio.

529 979 608 1034 Eo
631 978 796 1051 igitur
825 991 888 1032 ex
915 985 1162 1045 tempore
1184 973 1630 1043 archiepiscopus
1671 969 1915 1026 animum
1957 969 2050 1026 illo

459 1072 766 1134 intendere,
819 1067 1024 1130 moliri,
1066 1073 1496 1136 oportunitatem
1549 1077 1796 1134 qumrere
1831 1077 2052 1132 quoquo

459 1172 620 1230 pacto
653 1160 926 1234 potiundi.
980 1157 1091 1214 Nec
1121 1155 1345 1212 suberat
1391 1156 1439 1209 ei
1468 1163 1689 1208 strenuo
1739 1152 2050 1220 valentique

455 1255 676 1328 ingenio
728 1254 894 1308 fidere
933 1249 1214 1322 quodlibet
1275 1247 1478 1304 factum
1519 1255 1626 1300 tam
1666 1254 1811 1301 esset
1836 1243 2050 1300 difficile

456 1346 588 1416 quin
617 1353 856 1415 coeptum
882 1349 1068 1414 posset
1089 1339 1154 1395 ad
1183 1353 1322 1410 quos
1344 1337 1506 1394 vellet
1537 1335 1719 1392 exitus
1741 1334 1826 1390 vir
1849 1334 2050 1390 cautis-

453 1441 630 1495 simus
657 1439 980 1510 perducere.

527 1549 658 1606 Post
690 1549 836 1604 illam
865 1562 1034 1618 quam
1085 1543 1300 1616 praafati
1339 1559 1527 1600 sumus
1554 1541 1812 1599 violatam
1843 1541 2048 1614 regiam

1499 159 1892 217 GODEFREDI
1933 158 2406 218 STABULENSIS
2425 159 2730 218 MONAClll

459 293 584 357 post.
607 283 900 338 immatura
938 288 1112 334 morte
1135 284 1442 348 prteventus
1471 289 1593 330 cum
1641 275 1752 330 vita
1785 276 1838 330 in
1870 274 2046 332 medio
2079 281 2122 336 Λ

3627 157 3738 214 296

2764 273 2992 330 CAPUT
3033 272 3124 329 lV.

2153 367 2317 422 Curia
2365 367 2508 438 apud
2556 366 2797 438 Treviros
2827 367 3068 438 habetur,
3117 375 3165 420 et
3193 365 3284 432 ibi,
3321 363 3508 418 abbate
3543 363 3736 430 nescio,

2631 437 2846 491 traditio
2887 437 3254 505 conﬁrmatur.

2225 525 2302 581 Eo
2357 533 2640 598 tempore,
2689 533 3007 579 recurrente
3057 521 3321 592 principis
3367 519 3740 591 apostolorum

2154 617 2416 688 martyrio
2456 618 2710 672 decorata
2734 629 2914 670 annua
2958 613 3324 675 solemnitate,
3357 612 3508 666 curia
3541 611 3744 682 regalis

2153 709 2294 776 apud
2327 709 2581 762 Treviros
2618 705 2943 772 habebatur,
2983 720 3090 760 non
3145 705 3262 759 sine
3289 704 3620 758 detrimento
3643 704 3746 756 hu-

2147 799 2236 869 jus
2285 799 2560 854 Ecclesiae.
2611 799 2934 868 Susceperat
2984 797 3220 866 hospitio
3269 795 3521 850 dominus
3571 797 3746 850 abbas

2153 893 2292 962 apud
2321 892 2382 946 S.
2415 891 2770 946 Maximinum
2821 889 3291 960 archiepiscopum
3333 887 3742 950 Coloniensem,

2154 984 2242 1036 cui
2287 997 2482 1052 magno
2511 981 2814 1037 devotionis
2843 991 2898 1036 et
2925 979 3211 1035 charitatis
3239 979 3499 1049 obsequio
3533 993 3746 1047 impen-

2155 1073 2310 1128 derat
2335 1088 2548 1128 omnem
2574 1072 2986 1137 humanitatem,
3030 1079 3216 1140 utpote
3239 1070 3332 1140 qui
3361 1068 3492 1124 nihil
3519 1069 3724 1122 advers

2155 1165 2536 1235 suspicabatur
2558 1163 2626 1219 ab
2652 1181 2717 1220 co
2765 1165 2866 1220 sibi
2895 1163 3094 1230 moliri,
3124 1163 3194 1218 ob
3219 1173 3346 1218 ante
3375 1169 3550 1218 actam
3583 1161 3746 1216 fami-

2155 1256 2468 1311 liaritatem.
2522 1255 2628 1312 Sed
2661 1255 2768 1322 ille,
2797 1269 2864 1310 ex
2889 1255 3065 1310 amico
3094 1253 3270 1309 factus
3299 1251 3740 1314 inimicissimus,

2155 1363 2260 1403 non
2295 1348 2579 1404 inveniens
2605 1347 2734 1417 quid
2763 1363 2828 1402 ex
2859 1361 3016 1416 teque
3043 1345 3270 1400 inferret
3299 1345 3496 1409 iratus,
3541 1345 3745 1412 quaesi-

2155 1440 2231 1495 vit
2253 1449 2481 1508 astutus,
2499 1441 2721 1511 quodex
2745 1440 2930 1510 iniquo
2955 1437 3216 1504 auferret,
3245 1437 3590 1491 temerarius.
3603 1433 3744 1489 Nam

2155 1535 2439 1606 ignorante
2489 1549 2576 1600 eo,
2601 1543 2750 1590 retro
2806 1531 3032 1588 tendens
3081 1530 3327 1594 insidias,
3383 1537 3442 1584 ut
3495 1527 3605 1594 leo,
3639 1543 3742 1598 pro

457 1642 800 1714 dignitatem,
858 1656 966 1712 qua
1019 1653 1111 1694 rex
1153 1653 1288 1710 puer
1319 1637 1462 1694 haud
1492 1646 1848 1708 spontaneam
1889 1638 2047 1692 deve.
2083 1621 2126 1682 Β
2155 1629 2323 1683 nihilo
2353 1627 2508 1682 duxit
2535 1625 2588 1681 in
2621 1641 2680 1682 se
2723 1625 3020 1696 adimplere
3068 1623 3370 1678 luctuosam
3429 1620 3746 1676 Psalmistte

455 1743 615 1788 nerat
650 1733 751 1787 sub
777 1731 948 1802 ipsius
973 1730 1247 1801 pontificis
1296 1729 1605 1794 tuitionem,
1658 1728 1878 1799 indigne
1912 1728 2058 1782 fere-

457 1825 590 1880 bant
617 1825 971 1894 magistratus
1019 1831 1075 1878 ct
1114 1821 1404 1892 optimates
1436 1819 1612 1889 regni,
1642 1819 1798 1889 quasi
1835 1827 2062 1890 expete-

457 1915 716 1971 stativum
747 1931 906 1972 sunm
940 1929 1161 1986 regem;
1217 1921 1478 1984 praetcrea
1529 1911 2056 1966 administrationem

457 2007 770 2078 reipublicae
798 2007 851 2062 in
894 2007 1307 2077 dispositionem
1339 2004 1462 2060 novi
1495 2003 1730 2072 hominis
1769 2003 2052 2058 cecidisse.

459 2097 674 2154 Etenim
715 2114 781 2153 eo
813 2107 1056 2169 tempore
1089 2097 1459 2152 infamabatur
1503 2111 1534 2150 a
1584 2095 1858 2150 nonnullis
1907 2094 2051 2166 quod

457 2195 708 2242 exactam
737 2187 1220 2242 commutationem
1252 2184 1520 2255 reciperet
1558 2200 1656 2254 pro
1701 2183 2054 2253 dignitatibus

457 2277 660 2347 cuique
688 2277 1067 2346 adipiscendis.
1088 2286 1142 2332 et
1163 2275 1398 2330 maxime
1427 2289 1526 2344 pro
1550 2273 1847 2330 honoribus
1872 2272 2052 2328 eccle-

457 2367 665 2422 siastici
693 2367 924 2422 ordinis.

528 2479 702 2546 Quam
764 2479 1019 2534 invidiam
1067 2479 1168 2534 sibi
1215 2478 1437 2534 conflari
1495 2477 1824 2548 intelligens,
1851 2493 1914 2534 ac
1941 2493 2050 2534 non

461 2569 654 2639 ignavo
700 2579 822 2625 astu
885 2569 1078 2625 honori
1115 2569 1380 2640 fatumque
1429 2585 1541 2625 sua:
1587 2569 1897 2632 consulens,
1943 2571 2053 2641 egit

455 2669 678 2717 strenue
703 2672 761 2716 ut
786 2661 887 2718 sub
915 2663 1154 2717 honestat
1205 2663 1280 2716 rei
1323 2661 1614 2718 occasione
1647 2661 2052 2716 administratio

461 2753 550 2808 illa
585 2753 856 2824 tuitioque
888 2754 1034 2826 regia
1086 2753 1478 2810 transferretur
1513 2755 1566 2808 iu
1593 2752 1852 2820 alterum,
1882 2753 2050 2822 Preg-

459 2845 664 2901 mensis
714 2845 969 2902 videlicet
1027 2845 1288 2903 Ecclesia:
1337 2845 1831 2917 arcliiepiscOpum.
1867 2844 2049 2924 ‘Quem

460 2937 642 2991 statim
669 2937 739 2992 ita
763 2937 882 2995 'sibi
913 2938 1153 2994 devinxit
1181 2937 1568 2994 familiaritatis
1595 2936 1864 3007 gratia,nt
1889 2937 2052 2992 alter-
2079 2968 2126 3031 ε

458 3039 644 3084 utrum
695 3032 1042 3102 paciscentes
1097 3031 1296 3086 inirent
1357 3030 1459 3086 hoc
1517 3027 1825 3084 inviolabile
1851 3027 2048 3092 fmdus,

461 3129 729 3188 quatenus
755 3121 894 3176 alter
920 3137 982 3176 os
1009 3131 1159 3177 esset
1187 3120 1434 3176 alterius.
1463 3120 1664 3176 Videtis
1687 3119 1870 3189 itaque
1888 3117 2052 3190 Preg-

460 3213 666 3268 mensis
721 3213 812 3270 ille
860 3215 1040 3270 omnia
1079 3215 1181 3270 sibi
1233 3229 1298 3270 ex
1349 3213 1622 3270 sententia
1653 3213 1870 3278 cedere,
1911 3212 2048 3268 nite-

458 3305 621 3360 batur
665 3307 1094 3374 patriarchatum
1135 3307 1188 3362 in
1250 3307 1377 3362 sede
1405 3321 1503 3362 sua
1534 3307 1890 3362 constituere.
1941 3305 2049 3360 Sed

455 3398 586 3468 quia
613 3399 760 3454 vires
779 3399 848 3453 ad
880 3399 1236 3470 supplendum
1281 3400 1535 3465 deerant,
1581 3399 1810 3454 tentavit
1847 3413 2048 3470 augere

455 3503 528 3542 ex
563 3488 647 3542 his
671 3503 790 3557 qua:
821 3489 950 3555 regii
969 3489 1112 3558 juris
1149 3498 1323 3545 erant.
1349 3489 1414 3543 Et
1443 3489 1595 3559 quia,
1623 3497 1684 3544 ut
1713 3489 1919 3544 dictum
1943 3497 2046 3552 est,

461 3579 605 3633 inter
657 3589 916 3649 utrosque
966 3589 1229 3635 statutum
1258 3582 1348 3651 jus
1375 3591 1497 3636 erat
1531 3582 1648 3650 ejus
1689 3582 1958 3651 pactionis
1993 3591 2054 3636 nt

459 3670 602 3725 alter
647 3671 870 3726 alterius
925 3672 1132 3728 faveret
1171 3674 1495 3740 commodis,
1529 3675 1727 3729 adhoc
1753 3675 1918 3728 etiam
1943 3689 2049 3730 non

461 3770 584 3814 erat
616 3763 697 3818 eis
729 3762 951 3820 difficile
983 3766 1226 3820 obtinere
1269 3781 1387 3836 qua:
1410 3765 1608 3821 vellent
1628 3766 1698 3821 ab
1725 3767 1868 3836 regis
1907 3766 2029 3821 sim-

454 3851 724 3920 plicitate.
1791 3849 1806 3865 '

531 3941 733 3998 Actum
761 3953 844 3998 est
871 3959 938 4000 ex
965 3959 1233 4000 consensu
1260 3944 1572 4016 Agrippinae
1627 3943 1868 4000 Coloniae
1895 3944 2051 4001 'auti-

461 4031 630 4098 stilis,
657 4042 718 4087 ut
757 4032 844 4089 ille
875 4034 1008 4090 duas
1055 4033 1364 4104 imperiales
1383 4034 1650 4099 abbatias,
1684 4035 1966 4091 Corbciam
1995 4046 2052 4092 et

461 4123 884 4190 Lanrisannum,
923 4126 1228 4183 vindicaret
1278 4142 1392 4184 stite
1418 4127 1662 4184 diceeesi.
1713 4126 1819 4184 Sed
1849 4129 2049 4184 frustra

459 4217 764 4274 vintlicatas
804 4219 1076 4288 quomodo
1123 4219 1354 4276 valuerit
1395 4221 1665 4290 obtinere,
1693 4220 1828 4274 alias
1867 4221 2042 4290 inqui-

459 4311 603 4364 renti
633 4311 769 4366 satis
803 4311 997 4382 poterit
1020 4321 1229 4382 patere,
1253 4326 1351 4368 nos
1376 4322 1562 4368 nostra
1599 4303 1863 4368 habemus
1891 4328 2046 4369 exse-
2079 4313 2124 4372 ἰ)

453 4402 551 4470 qui
583 4417 687 4456 non
719 4403 836 4456 sine
864 4417 1118 4458 mturare.

531 4491 668 4557 Ipse,
694 4492 934 4560 compari
987 4507 1086 4548 suo
1107 4491 1292 4548 volens
1341 4489 1640 4563 rependere
1657 4492 2047 4548 vicissitudinis

460 4580 716 4651 gratiam,
742 4580 807 4634 de
835 4583 1106 4650 regalibus
1149 4581 1456 4647 beneficiis,
1489 4597 1610 4651 quae
1649 4591 1868 4636 noverat
1899 4580 2044 4635 illum

461 4669 567 4722 sibi
597 4678 926 4736 competere,
959 4669 1086 4724 facit
1132 4685 1256 4724 cum
1288 4671 1534 4726 oblinere
1562 4667 1704 4724 dono
1744 4670 1893 4739 regio
1918 4667 2048 4722 Mal-

461 4760 806 4816 mundarium
835 4769 890 4816 et
929 4761 1136 4817 ludam.
1189 4761 1436 4829 Qualiter
1465 4777 1528 4818 ea
1578 4763 1646 4817 sit
1691 4762 1834 4817 facta
1889 4762 2044 4832 quasi

461 4849 663 4904 furtiva
697 4851 933 4918 traditio,
978 4861 1164 4920 prietes
1205 4851 1292 4919 jus
1321 4851 1531 4924 fasque,
1585 4867 1650 4908 ac
1695 4867 1803 4908 non
1853 4861 2049 4922 praeter

463 4943 716 5012 injuriam
775 4944 932 5014 regia:
975 4943 1252 5012 dignitatis
1279 4984 1295 5008 ,
1347 4945 1597 5014 quamvis
1645 4943 1936 4998 memorari
1977 4941 2050 4996 sit

462 5031 639 5092 dolor,
667 5041 847 5088 tamen
882 5050 986 5087 non
1012 5033 1366 5100 incongruum
1390 5034 1645 5089 duximus
1677 5035 1892 5089 tradere
1923 5047 2048 5103 pos-

462 5122 614 5177 teris.

1040 5249 1467 5288 ADNOTATIONES.

2161 1721 2596 1779 decantationem
2622 1737 2637 1776 :
2671 1722 2775 1790 Qui
2797 1722 2980 1776 edebat
3009 1735 3168 1791 panes
3209 1735 3350 1773 meos
3381 1718 3750 1788 mngniﬁmvit

2159 1831 2315 1884 super
2356 1831 2438 1868 me
2490 1815 2964 1885 supplantationem
3013 1809 3189 1882 (Psal.
3225 1811 3338 1882 XL).
3398 1810 3518 1882 lpso
3569 1809 3746 1864 etiam

2161 1915 2402 1977 tempore
2455 1906 2506 1960 in
2559 1905 2672 1977 ipsa
2715 1905 2888 1972 curia,
2919 1903 3242 1974 impetrant'e
3275 1901 3492 1957 domino
3519 1902 3746 1966 abbate,

2161 2007 2401 2061 recitata:
2446 2013 2604 2060 erant
2651 2003 2852 2059 charta:
2913 2010 3112 2056 nostra:
3155 1999 3654 2072 inpraesentiarum,
3690 2007 3750 2051 et

2159 2105 2274 2172 ipse
2317 2117 2408 2157 rex
2439 2101 2765 2156 auctoritate
2791 2115 2888 2156 sua
2919 2106 3276 2154 renovaverat
3301 2105 3574 2166 praecepta
3605 2109 3748 2165 prte-

2157 2201 2502 2256 dcccssorum
2534 2199 2944 2268 imperatorum,
2974 2203 3031 2250 et
3055 2202 3114 2248 ut
3141 2192 3394 2248 inviolata
3421 2205 3748 2262 permanse-

2157 2305 2280 2351 rant
2303 2299 2370 2350 ad
2401 2310 2574 2365 usque
2601 2309 2758 2350 suum
2788 2301 3025 2364 tempus,
3079 2293 3161 2348 sic
3211 2291 3469 2360 deinceps
3519 2305 3746 2362 perma-

2153 2403 2284 2443 nere
2357 2387 2780 2444 conlirmaverat
2853 2400 2952 2456 per
3015 2385 3471 2454 subscriptionem
3521 2397 3742 2438 manus.

2154 2481 2346 2546 Porro,
2369 2488 2430 2533 ut
2457 2486 2577 2534 erat
2609 2491 2745 2548 puer
2770 2477 2824 2531 in
2859 2474 3171 2531 utramlibet
3201 2482 3412 2544 partem
3455 2472 3740 2534 ﬂexibilis,

2155 2571 2298 2626 male
2347 2569 2632 2627 consultus
2693 2570 2888 2624 horum
2953 2567 3310 2624 decurionum
3381 2565 3748 2623 suasibilibus

2154 2664 2356 2730 verbis,
2377 2664 2563 2720 statim
2593 2677 2687 2719 sua
2729 2671 2784 2719 et
2805 2662 3152 2733 antiquorum
3179 2667 3382 2716 statuta
3423 2659 3746 2722 inﬁrmavit,

2155 2755 2403 2822 violavit,
2458 2755 2514 2810 in
2563 2769 2758 2810 manus
2785 2753 2996 2808 alienas
3017 2752 3135 2808 sine
3179 2750 3302 2822 jure
3329 2749 3586 2819 etjudice
3617 2765 3751 2805 con-

2156 2847 2396 2904 tradidit.
2453 2846 2700 2916 Denique
2745 2845 3046 2901 discessum
3093 2852 3216 2900 erat
3245 2842 3360 2914 jam
3402 2841 3648 2912 undique
3676 2842 3748 2897 de

2157 2939 2330 3005 curia,
2362 2953 2486 2993 cum
2533 2937 2612 2992 nil
2656 2935 2832 2992 adhuc
2851 2935 3106 2992 dominus
3133 2935 3304 2990 abbas
3329 2941 3654 3006 perceperat
3677 2933 3750 2988 de

2157 3031 2464 3104 hujnsmodi
2497 3030 2725 3085 veritate
2757 3028 3003 3084 clanculo
3047 3035 3378 3099 perpetrata.
3401 3025 3557 3082 'Nam
3589 3027 3749 3081 nefas

2155 3116 2380 3193 putabat
2408 3124 2630 3178 credere
2650 3136 2814 3193 quem
2841 3121 3076 3177 habebat
3101 3120 3249 3176 velut
3290 3119 3524 3174 amicum
3549 3120 3750 3172 unani-

2156 3231 2298 3273 mem
2345 3217 2399 3272 in
2437 3230 2498 3272 se
2533 3215 2776 3288 potuisse
2826 3214 3170 3270 committere
3209 3213 3326 3268 sine
3347 3226 3510 3268 causa
3533 3219 3748 3266 tanton:

2157 3307 2512 3379 impietatem.
2549 3307 2746 3364 Verum
2791 3309 2843 3362 in
2881 3305 3158 3362 redeundo
3207 3305 3298 3360 ubi
3324 3305 3490 3360 etiam
3515 3303 3618 3375 ipsi
3647 3319 3748 3358 ro-

2153 3408 2334 3468 gatum
2365 3399 2526 3454 dabat
2553 3397 2858 3462 servitium,
2891 3395 3022 3467 quid
3051 3403 3234 3450 actum
3270 3395 3340 3450 sit
3367 3394 3602 3464 primum
3633 3394 3744 3448 sibi

2153 3501 2239 3546 est
2265 3490 2584 3554 indicatum,
2611 3489 2811 3543 bonum
2845 3487 3098 3542 videlicet
3123 3485 3180 3542 S.
3207 3484 3447 3540 Ilemacli
3473 3500 3570 3555 per
3591 3484 3746 3555 lega-
3843 3485 3852 3494 '

2157 3591 2242 3636 tos
2265 3595 2392 3636 suos
2417 3579 2567 3635 illum
2596 3579 2882 3643 invasisse,
2931 3577 3232 3633 vindicasse
3262 3576 3741 3632 Malmundarium.

2153 3671 2286 3738 Quis
2339 3671 2456 3726 hazc
2505 3670 2856 3726 memorando
2909 3679 3098 3725 tenere
3133 3677 3312 3739 potest
3342 3667 3605 3734 animum,
3633 3667 3742 3722 nisi

2153 3765 2296 3832 quod
2329 3761 2543 3817 tristitia
2572 3761 2662 3816 illa
2689 3761 2848 3816 modo
2873 3761 3043 3832 magis
3067 3775 3224 3817 versa
3259 3770 3344 3816 est
3369 3761 3420 3814 in
3445 3760 3748 3831 gaudium?

2151 3857 2286 3912 Cum
2337 3855 2481 3910 fama
2543 3855 2630 3910 illa
2671 3863 2997 3911 nostrorum
3045 3853 3227 3925 attigit
3273 3869 3454 3919 aures,
3495 3861 3745 3924 quantus

2151 3947 2306 4004 dolor
2357 3958 2413 4004 et
2443 3948 2701 4004 maestitia
2751 3955 2968 4003 nostras
3002 3961 3154 4017 aeque
3208 3931 3330 4001 cum
3384 3945 3476 4000 illa
3513 3955 3734 4000 mentes

2152 4040 2416 4112 perculit?
2442 4039 2582 4106 Quid
2607 4048 2816 4111 ageret,
2853 4053 2962 4108 quo
2981 4052 3040 4093 se
3067 4045 3304 4094 verteret
3344 4037 3397 4092 in
3425 4036 3593 4094 dubio
3613 4047 3742 4092 erat

2151 4133 2384 4197 animus,
2429 4132 2534 4188 nisi
2565 4133 2710 4203 quod
2759 4133 2902 4188 hanc
2941 4129 3264 4200 injustitiam
3313 4129 3418 4185 Deo
3453 4143 3740 4185 commen-

2151 4227 2280 4281 dare
2304 4226 2358 4280 id
2381 4235 2526 4282 esset
2555 4225 2770 4282 melius.

2769 4315 2999 4373 CAPUT
3039 4314 3104 4369 V.

2149 4435 2324 4490 Abbas
2381 4433 2731 4488 Theodericus
2777 4441 2826 4486 et
2854 4433 2964 4486 dua:
3004 4428 3318 4483 Frmertcus
3358 4446 3514 4482 sttuit.
3544 4445 3708 4484 constt

2220 4505 2367 4568 lunt;
2399 4504 2618 4558 munitio
2629 4504 2688 4572 ﬁt
2719 4519 2879 4572 super
2908 4501 3399 4572 Mulmuudarium;
3431 4499 3500 4572 ad
3528 4501 3736 4572 curiam

2219 4577 2378 4630 simul
2416 4571 2731 4636 evocantur;
2767 4575 2882 4628 dum
2913 4588 3030 4626 vero
3053 4587 3298 4638 respuens
3353 4571 3418 4623 de
3467 4571 3738 4639 iniustitia

2217 4647 2554 4716 conqueritur
2575 4645 2714 4714 apud
2743 4659 2912 4714 regem
2937 4658 3028 4712 per
3052 4639 3448 4696 internuntium.

2219 4741 2406 4808 Itaque
2457 4751 2710 4791 reversus
2757 4735 3007 4790 dominus
3061 4733 3228 4788 albas
3261 4731 3740 4797 Malmnndarium,

2151 4847 2256 4887 non
2284 4829 2473 4884 inutile
2499 4827 2600 4884 sibi
2635 4836 2788 4882 ratus
2808 4825 2975 4882 estde
2998 4824 3160 4893 hujus
3183 4824 3263 4878 rei
3295 4823 3518 4878 instanti
3540 4837 3743 4878 neces-

2149 4925 2312 4981 sitate
2366 4921 2652 4979 consulere
2713 4922 2904 4976 ducem
2963 4918 3314 4974 Fredericum
3367 4931 3736 4976 communem.

2150 5013 2404 5069 videlicet
2453 5027 2520 5067 ex
2570 5011 2694 5082 jure
2750 5008 3091 5080 antiquitatis
3139 5007 3426 5076 utriusque
3479 5004 3742 5060 Ecclesia:

2151 5106 2492 5161 advocatum.
2526 5101 2662 5157 Nam
2691 5101 2737 5156 is
2775 5111 2902 5156 tunc
2927 5108 3050 5155 erat
3077 5097 3159 5152 vir
3179 5107 3290 5152 tam
3335 5095 3578 5166 probatis
3607 5093 3738 5149 fidei

2155 5206 2429 5266 tantisque
2479 5195 2768 5266 probitatis
2815 5203 2876 5248 ut
2916 5207 3024 5248 non
3061 5191 3264 5251 frustra
3315 5194 3564 5260 speraret
3611 5198 3744 5257 post

2157 5285 2330 5341 Deum
2359 5285 2412 5338 in
2441 5299 2507 5340 eo
2535 5283 2704 5339 fidere
2731 5297 2830 5353 pro
2851 5280 3164 5338 defensione
3189 5279 3352 5350 hujus
3385 5275 3738 5334 offensionis.
