4026 5370
189 345 280 399 297
1195 331 1606 392 TRIUMPIIUS
1647 333 1703 384 S.
1740 325 2063 382 ill-IMACLI.
2107 356 2172 365 -——
2215 323 2338 378 LIB.
2367 323 2407 378 I.
3331 323 3437 378 293

191 467 336 523 atque
357 451 677 522 juvamine;
705 464 764 505 se
793 451 1010 519 quidem
1038 449 1180 519 quod
1211 451 1412 504 factum
1437 447 1754 516 eratgravi-
1787 451 1831 504 Λ
1861 440 2129 512 Spernit".
2158 440 2252 494 5011
2290 455 2398 494 "0“
2452 437 2750 507 desperans
2799 439 2865 494 de
2922 439 3296 495 misericordia
3347 443 3438 496 "ei

189 557 264 601 ter
287 545 443 604 ferre,
483 557 761 610 nunquam
811 555 960 604 vero,
992 541 1168 610 quoad
1209 541 1434 602 viveret,
1459 539 1754 608 permissu-
1859 535 1965 588 iter
2015 531 2148 586 illud
2197 531 2371 586 tristis
2401 537 2484 584 est
2523 545 2838 602 aggressus,
2865 547 2970 586 non
3014 533 3195 588 minus
3225 549 3284 588 se
3333 533 3444 589 Deo

189 651 298 689 mm
323 631 728 700 separationem
756 630 869 686 ﬁeri
916 630 1040 684 boni
1069 629 1227 702 hujus
1261 627 1522 684 ecclesiae.
1565 625 1758 682 Aiebat
1861 635 2030 690 quam
2083 619 2320 674 ﬁdelium
2350 633 2572 673 suorum
2623 621 3016 675 commendans
3079 621 3442 677 orationibus.

189 735 434 797 ρτωιετεει
461 739 523 777 se
537 722 696 776 malle
711 701 1230 792 occumbere,quam
1261 737 1366 776 non
1390 722 1468 776 sic
1494 721 1758 792 relinquo
1863 711 1996 765 llnie
2015 711 2120 764 dux
2151 723 2306 764 suum
2339 719 2745 778 procuratorem
2773 701 3029 765 Roricﬁm
3071 711 3317 767 functum
3361 712 3442 768 le-

189 833 260 881 re,
283 827 338 870 ut
367 817 424 869 in
450 817 860 870 advocationem
893 824 1200 884 acceperat,
1225 811 1557 868 inviolabile.

1890 799 2080 864 ;atione
2129 799 2342 854 itineris
2380 799 2636 854 comitem
2667 799 2908 863 adhibet,
2943 801 3034 870 qui
3065 817 3164 872 pro
3199 817 3260 859 se
3299 804 3448 860 vices

249 907 442 964 Statim
476 919 612 977 ergo
647 907 864 960 mandat
901 919 998 974 per
1041 903 1429 959 internuntium
1487 903 1758 974 archiepi-

1890 901 2163 957 nusasqne
2185 903 2368 943 coram
2397 903 2522 957 rege
2547 888 2772 958 suisque
2800 889 2934 944 satis
2959 901 3164 960 ageret.
3215 893 3286 946 At
3331 893 3447 960 ille,

189 1014 358 1070 scapo,
379 1007 442 1052 ut
475 997 524 1052 si
556 995 851 1066 quidquam
883 997 950 1050 de
981 996 1088 1050 vita
1135 1011 1330 1050 curare
1364 996 1586 1050 haberet
1636 1011 1758 1050 cum

1890 979 1952 1032 Ibi
1991 987 2212 1047 propter
2242 993 2361 1046 qua:
2393 987 2615 1032 venerat
2659 993 2844 1033 coram
2890 981 3135 1048 exponit,
3165 981 3259 1038 alii
3283 981 3443 1040 aliter

187 1067 378 1146 honore
407 1099 660 1152 terreno,
696 1088 764 1142 ab
793 1089 894 1142 hac
927 1087 1229 1142 intentione
1259 1097 1314 1142 et
1342 1087 1592 1156 inemptis
1619 1085 1760 1142 desi-

1890 1083 2175 1132 ssensere,
2203 1067 2294 1120 alii
2327 1081 2454 1122 vero
2485 1083 2514 1120 a
2545 1067 2760 1137 quibus,
2785 1075 2847 1122 ut
2873 1069 3074 1123 dictum
3109 1080 3212 1135 est,
3236 1073 3447 1140 privato

189 1195 346 1241 stcret
369 1183 528 1239 omni
559 1181 740 1237 modo.
769 1181 984 1235 interim
1019 1197 1140 1236 cum
1169 1179 1388 1234 militari
1419 1195 1578 1234 manu
1631 1179 1763 1234 Mal-

1890 1157 2042 1228 nagis
2070 1171 2233 1228 quam
2273 1155 2492 1226 publico
2535 1159 2750 1226 negotio
2794 1159 2945 1213 curia
2979 1160 3090 1230 regi
3139 1161 3444 1226 videbatur.

127 1257 133 1263 ’
189 1277 528 1332 mundarium
591 1273 780 1328 venire
829 1273 1106 1342 disponit,
1135 1255 1763 1330 commeatumkalntnde

1890 1263 1978 1302 em
2009 1261 2226 1302 omnem
2266 1247 2684 1315 perturbaverc,
2719 1255 2976 1316 utrosque
3023 1248 3289 1314 videlicet,
3320 1253 3448 1321 quia

187 1368 488 1438 pnecederc
535 1365 688 1430 facit,
726 1381 832 1420 non
884 1337 1150 1438 ignaviter
1201 1367 1520 1422 defensurus
1561 1365 1760 1430 locum,
1863 1343 1970 1444 “'3‘
1999 1351 2186 1444 θοηξξδ
2235 1355 2458 1444 ξθὸ¹¹ξ¹⁵¹³
2493 1337 3036 1444 τίξξίδῆθηίλῗητίίοδ
3064 1341 3437 1413 Ρτινίυδίθίυηι

186 1430 294 1529 qua:
315 1459 436 1512 usui
467 1457 644 1512 forent
669 1465 884 1526 paratet
903 1430 1140 1512 instruit.
1171 1457 1301 1512 Dein
1333 1475 1430 1528 pro
1456 1459 1761 1528 repellenda

1890 1433 2070 1488 .ubirc.
2099 1431 2252 1498 Quol
2285 1430 2484 1485 malum
2531 1431 2618 1486 ille
2649 1431 2955 1502 intelligens
2985 1448 3091 1488 non
3117 1435 3298 1491 minus
3347 1437 3450 1492 sibi

143 1561 146 1566 '
189 1549 358 1606 hostili
397 1565 566 1603 manu
595 1548 894 1604 munitione
919 1547 1150 1617 quadam
1183 1559 1420 1604 montem
1457 1547 1760 1618 proximum

1890 1525 2046 1579 iarari
2088 1539 2251 1595 quam
2303 1539 2406 1579 suo
2451 1525 2696 1590 domino,
2727 1523 3062 1581 inconsultus
3109 1528 3322 1584 rediens
3351 1529 3452 1584 do-

183 1652 426 1710 mum“,
453 1639 610 1708 ium,
657 1654 722 1694 ac
775 1639 820 1692 si
867 1616 1050 1693 ho’sms
1107 1639 1359 1692 adessem
1414 1616 1572 1706 “illo,
1603 1649 1765 1710 atque
1869 1631 2036 1682 unum,
2062 1617 2314 1710 abbatem
2341 1616 2636 1710 reliquitin
2668 1616 2929 1710 periculo.
2959 1616 3059 1673 llic
3088 1619 3456 1690 archiepisco-

186 1733 314 1788 fessa
349 1732 653 1786 muniendo
681 1745 804 1786 cum
845 1730 956 1784 suis
989 1729 1252 1800 invigilat,
1287 1729 1376 1784 ubi
1405 1731 1569 1784 etiam
1609 1747 1762 1787 men-

186 1839 287 1878 sem
313 1825 590 1890 integrum
622 1833 742 1876 cum
775 1821 1119 1891 expeditione
1149 1830 1511 1876 consummat.

249 1917 382 1970 Dum
415 1917 532 1969 hsce
557 1915 642 1968 his
670 1913 914 1982 partibus
941 1921 1221 1980 geruntur,
1247 1929 1335 1968 res
1358 1913 1664 1982 lmjusmodi
1697 1913 1764 1967 ad

185 2007 378 2060 curiam
413 2005 592 2058 delata
626 2019 722 2073 per
747 2003 951 2057 aulicos
982 2003 1307 2070 ventilatur;
1341 2013 1396 2058 et
1445 2021 1568 2058 rcus
1611 2013 1756 2058 nter-

185 2113 308 2165 que,
340 2097 457 2150 dux
485 2105 537 2150 et
561 2095 814 2150 dominus
841 2094 1026 2162 abbas,
1053 2095 1206 2164 quasi
1252 2105 1442 2150 contra
1471 2097 1768 2166 rempubli-

185 2203 294 2241 cam
324 2187 577 2251 fecisset,
609 2187 784 2241 hostis
825 2185 1074 2257 publicus
1115 2185 1476 2256 adjudieatur.
1511 2187 1675 2258 Igitur
1703 2189 1771 2242 ah

185 2279 264 2334 his
289 2279 705 2354 decurionibus,
735 2293 966 2348 quorum
999 2277 1248 2340 consilio,
1272 2289 1331 2332 ut
1367 2278 1624 2342 diximus,
1653 2295 1773 2334 cor-

187 2371 352 2440 rumpi
381 2369 678 2425 videbatur
699 2369 938 2439 dignitas
991 2369 1150 2440 regite
1175 2370 1480 2439 potestatis,
1516 2379 1772 2440 tanquam

187 2480 244 2516 ex
305 2464 538 2518 nomine
599 2463 745 2534 regis
775 2462 1084 2532 diriguntur
1114 2463 1331 2526 littcrtc,
1363 2463 1462 2518 llos
1517 2472 1776 2534 utrosque

190 2557 460 2609 rationem
507 2555 816 2609 reddituros
865 2555 934 2608 ad
973 2553 1180 2608 curiam
1229 2553 1500 2623 proficisci
1553 2555 1772 2609 debere.

186 2643 331 2711 Quod
371 2646 480 2698 dux
531 2645 814 2715 indignum
859 2644 961 2700 sibi
1006 2643 1210 2699 factum
1247 2653 1416 2711 ratus,
1449 2647 1776 2714 legationem

189 2735 322 2792 hanc
343 2735 662 2804 indignatus
687 2735 910 2805 respuit,
933 2745 1264 2806 conquestus
1299 2737 1524 2790 multmn
1551 2739 1618 2794 de
1641 2738 1780 2810 inju-

191 2826 334 2880 stitia
371 2866 385 2890 ,
425 2839 592 2895 quam
645 2841 738 2880 rex
791 2827 1020 2882 consilio
1068 2827 1393 2897 depravatus
1441 2831 1778 2884 sacerdotum

193 2916 247 2970 S.
275 2915 546 2972 Rcmaclo
585 2916 804 2986 sibique
831 2915 1038 2971 fecerit.
1101 2917 1370 2972 Praeterea
1418 2919 1782 2973 comminatus

195 3007 300 3072 regi
329 3007 436 3062 hoc
463 3005 695 3060 remittit
719 3007 994 3070 nuntium,
1017 3007 1122 3062 nisi
1143 3009 1396 3062 restituat
1422 3023 1612 3064 sancto
1639 3009 1782 3079 quod

1867 1723 2056 1778 porum
2083 1707 2312 1764 consilio
2335 1708 2608 1763 detinetur
2627 1708 2695 1762 ad
2724 1709 2954 1775 curiam,
2981 1723 3102 1778 qua:
3134 1718 3260 1765 tunc
3287 1711 3454 1766 habe-

1796 1784 1838 1843 ”
1871 1803 2032 1856 batur
2060 1801 2202 1870 apud
2222 1801 2502 1856 Triburias
2529 1801 2716 1856 sedem
2734 1803 2962 1872 regiam.
2993 1801 3107 1858 lllic
3137 1816 3260 1857 cum
3289 1803 3456 1857 ratio-

1870 1909 1993 1950 nem
2015 1893 2098 1947 sui
2121 1893 2174 1946 in
2205 1891 2382 1948 medio
2405 1891 2646 1947 habitam
2673 1907 2742 1948 ex
2769 1901 2923 1950 recto
2940 1893 3201 1966 jusloque
3235 1894 3460 1948 ﬁrmare

1871 1993 2180 2050 conaretur,
2207 1981 2498 2051 iudicantis
2523 1983 2692 2052 magis
2711 1982 2838 2038 odio
2853 1981 3148 2054 quamjure
3165 1983 3457 2054 judiciario

1873 2075 2186 2138 discutitur,
2213 2074 2596 2140 calumniatur,
2623 2073 2837 2143 injuriis
2857 2089 3074 2146 quoque
3109 2091 3268 2132 secus
3293 2093 3458 2148 quam

1874 2167 2096 2239 dignum
2121 2168 2232 2236 pati
2257 2175 2376 2222 erat
2417 2167 2648 2238 egregia:
2676 2157 2978 2223 nobilitatis
2997 2168 3176 2222 virum
3205 2177 3464 2224 attrecta-

1880 2270 1990 2314 tnr.
2027 2257 2160 2313 Nam
2193 2274 2337 2328 smpe
2359 2259 2546 2328 jussus
2575 2259 2866 2329 pastoralis
2887 2274 3032 2314 cura:
3059 2259 3311 2315 baculum
3344 2261 3464 2316 red-

1876 2351 2024 2416 dere,
2049 2349 2250 2404 dicitur
2299 2350 2434 2404 adeo
2463 2349 2744 2404 retinendo
2779 2350 3036 2404 virtutem
3071 2350 3312 2405 tenuisse
3337 2365 3466 2405 con-

1878 2443 2090 2498 stantia:
2120 2449 2179 2496 ut
2217 2441 2424 2496 diceret
2455 2457 2560 2495 non
2617 2441 2719 2495 nisi
2767 2441 2821 2495 in
2877 2447 3064 2510 partes
3113 2455 3144 2495 e
3203 2441 3460 2496 manibus

1877 2543 2122 2603 ereptum
2156 2533 2246 2598 iri,
2278 2531 2406 2602 quia
2431 2539 2570 2588 teste
2601 2529 2712 2586 Deo
2745 2539 2804 2587 et
2831 2531 3168 2588 conscientia
3197 2547 3301 2587 non
3344 2542 3466 2588 erat

1879 2626 2008 2696 quid
2031 2625 2250 2681 evidens
2271 2625 2414 2680 unde
2443 2623 2664 2678 deberet
2679 2624 2826 2694 juste
2849 2623 3215 2693 prmjudicari.
3265 2625 3322 2680 In
3349 2643 3456 2698 qua

1882 2716 2148 2770 sententia
2195 2713 2336 2768 fisus
2367 2721 2539 2770 totum
2587 2727 2728 2784 pene
2775 2729 3017 2768 mensem
3075 2723 3273 2783 praeter
3316 2729 3466 2784 spem

1883 2807 2157 2862 detinetur
2205 2805 2440 2870 exsilio,
2483 2803 2682 2860 multas
2727 2803 3202 2860 incommoditates
3255 2805 3471 2862 itineris

1886 2915 1992 2954 non
2021 2897 2202 2953 minus
2225 2911 2387 2966 quam
2419 2895 2576 2950 famis
2593 2911 2810 2966 passus,
2843 2895 3110 2969 denegato
3159 2899 3262 2954 sibi
3309 2900 3473 2954 totius

1887 2987 2244 3042 humanitatis
2277 2983 2628 3040 adminiculo.
2670 2983 2914 3040 Tandem
2949 2985 3250 3041 amicorum
3287 2986 3469 3056 preci-

195 3100 547 3154 subtraxerat
583 3099 816 3162 bonum,
857 3113 918 3154 se
963 3097 1038 3153 illi
1075 3113 1350 3171 regnoque
1378 3115 1478 3156 suo
1515 3074 1783 3158 etuti—suis
1811 3123 1856 3182 ε
1887 3078 1990 3133 bus
2039 3074 2744 3182 Qua!ictf"q“°?mi55§9“°
2773 3089 2808 3182 ³-
2837 3089 2964 3145 rege
3013 3076 3328 3182 ῘΨΡῗξτδξθν
3355 3087 3475 3182 mf"

195 3191 446 3246 omnibus
471 3190 672 3244 obesse
695 3188 1008 3258 plurimum.

287 3272 338 3281 ’“
365 3271 420 3281 ὼ
811 3300 1040 3356 CAPUT
1084 3301 1190 3371 v1.3

199 3408 538 3463 Cnearadnm
582 3421 817 3478 nejio'em
849 3397 959 3462 diu:
1005 3411 1270 3480 redarguit
1323 3429 1416 3480 pro
1445 3413 1786 3468 advocatione

269 3481 676 3540 Mnfmundarit',
715 3491 760 3534 et
786 3497 902 3533 cum
932 3481 1116 3534 abbate
1151 3483 1220 3534 ad
1246 3481 1446 3535 curiam
1481 3492 1659 3536 coacto
1683 3483 1784 3536 Ro-

270 3551 432 3602 n'cum
487 3562 888 3622 procuratorem
929 3551 1130 3620 dirigit,
1155 3567 1186 3604 a
1211 3569 1314 3622 quo
1355 3551 1590 3616 relictus,
1628 3554 1722 3607 diu
1754 3569 1786 3606 α

269 3636 386 3688 rege
405 3630 482 3672 est
511 3621 780 3673 detentus.

275 3711 348 3765 Ea
393 3721 720 3781 tempestate
777 3719 884 3782 qua
941 3723 1301 3782 usurpaverat
1349 3713 1790 3785 archiepiscopus

207 3803 408 3857 bonum
462 3803 668 3860 Christi
723 3805 1076 3868 confessoris,
1113 3815 1363 3874 nepotem
1415 3806 1587 3876 ipsius
1640 3808 1792 3862 ducis

207 3893 556 3948 Cuonradum
586 3936 600 3959 ,
639 3895 866 3972 scilicet
899 3911 1080 3951 acrem
1125 3897 1297 3958 virum
1317 3935 1334 3960 ,
1365 3897 1635 3952 asciverat
1689 3898 1792 3953 sibi

209 3984 436 4038 militem
465 4000 566 4053 pro
588 3985 856 4042 beneficio
885 3985 1045 4054 hujus
1071 3985 1464 4042 advocationis.
1495 3985 1548 4040 ls
1576 3987 1794 4056 quidem

211 4085 337 4129 ante
371 4075 600 4130 infestus
623 4077 845 4132 domino
875 4077 1054 4132 abbati
1082 4077 1284 4132 dicitur
1329 4092 1398 4133 ex
1443 4087 1570 4135 voto
1611 4093 1796 4135 susce-

215 4164 360 4232 pisse
411 4167 828 4221 adt'oeationcm
879 4166 1278 4230 Malmundarii,
1304 4176 1366 4222 ut
1415 4181 1482 4222 eo
1523 4167 1799 4242 graviores

217 4257 528 4312 inimicitias
553 4261 835 4314 exerceret.
865 4257 1076 4314 ultioni.
1107 4257 1260 4326 Quod
1285 4267 1346 4312 ut
1371 4259 1646 4329 inopinate
1669 4275 1798 4330 per-

221 4355 436 4400 ventum
463 4357 548 4401 est
573 4348 636 4401 ad
666 4348 846 4404 ducis.
875 4348 1042 4415 ipsius
1071 4348 1250 4417 patrui
1297 4349 1648 4415 auditorium,
1691 4365 1798 4404 non

1887 3183 2049 3239 quam
2073 3168 2168 3237 qui
2197 3168 2283 3221 vix
2313 3175 2534 3236 ereptus
2557 3166 2764 3222 rabiem
2797 3167 3010 3222 leonum
3041 3168 3308 3234 declinat,
3339 3168 3476 3224 cele-

1887 3263 2020 3316 riter
2047 3259 2306 3314 remoevit
2336 3257 2402 3311 ad
2432 3257 2672 3328 propria.
2707 3257 2873 3313 Nobis
2905 3272 3036 3326 ergo
3067 3273 3173 3313 non
3227 3259 3346 3314 sine
3373 3259 3476 3314 do-

1887 3352 2002 3408 lore
2033 3351 2196 3406 saluti
2227 3352 2455 3419 vitaeque
2511 3349 2656 3404 illius
2702 3347 2856 3417 juxta
2903 3351 3247 3415 timentibus,
3283 3369 3350 3406 ex
3405 3367 3470 3406 eo

1889 3443 2030 3512 quod
2061 3457 2157 3512 per
2189 3439 2548 3495 internuntios
2575 3441 2920 3495 audieramus
2947 3440 3144 3495 reditui
3170 3442 3288 3510 ejus
3327 3443 3466 3496 dilll-

1889 3531 2165 3595 dentibus,
2191 3531 2514 3601 improvisus
2534 3531 2690 3586 adest
2716 3533 2783 3586 de
2821 3545 2880 3586 se
2900 3545 3116 3602 semper
3139 3533 3388 3590 sollicitis
3413 3545 3471 3590 et

1895 3623 2326 3692 inquirentibus.

2489 3733 2720 3791 CAPUT
2767 3733 2878 3791 VII.

1896 3825 2058 3882 Ducis
2101 3826 2282 3901 obitus
2315 3835 2362 3880 et
2395 3825 2566 3901 (uetus
2606 3837 2654 3901 et
2695 3827 2918 3901 ‘miseria
2961 3833 3304 3901 subsequitur
3331 3844 3381 3888 et
3417 3845 3472 3889 ut

2253 3897 2490 3964 jusserat
2517 3896 2806 3951 Stabulum
2832 3899 3099 3968 sepelitur.

1969 3987 2164 4045 Statim
2180 4003 2246 4044 eo
2259 3997 2496 4058 recepto,
2520 4002 2642 4042 cum
2663 3987 2932 4058 lacrymas
2953 3987 3229 4046 fundimus
3249 3992 3479 4050 invicem

1898 4097 2010 4154 prie
2053 4081 2270 4152 gaudio,
2297 4095 2428 4136 ecce
2457 4081 2677 4144 iterum,
2708 4093 2874 4149 super
2919 4081 3205 4152 ingruente
3237 4087 3486 4150 tristitia,

1903 4171 2178 4240 inopinato
2203 4171 2436 4242 perculsi
2467 4171 2752 4226 turbamur
2781 4170 2998 4240 gaudio,
3025 4172 3090 4226 de
3111 4187 3218 4242 quo
3245 4189 3352 4229 non
3381 4177 3484 4229 mi-

1903 4279 2006 4318 nus
2027 4277 2190 4332 quam
2221 4261 2288 4317 de
2313 4261 2481 4332 priori
2515 4260 2990 4316 irremediabiliter
3017 4261 3260 4316 dolemus
3316 4263 3486 4318 infor-

1905 4354 2076 4408 tunio.
2105 4353 2390 4418 Audimus,
2418 4352 2554 4421 proh
2586 4351 2772 4406 dolor!
2819 4352 3037 4415 ducem,
3063 4365 3222 4420 quem
3247 4367 3351 4407 non
3383 4355 3485 4409 nisi

221 4433 398 4489 minor
421 4451 584 4505 quam
616 4437 680 4492 de
723 4437 894 4510 priori
930 4435 1070 4490 fanis
1094 4434 1397 4507 indignatio
1429 4438 1548 4508 ejus
1571 4440 1802 4508 perculit
1834 4459 1884 4518 ι)
1905 4449 2318 4512 ρι-εεοοουρωιιθ
2341 4449 2518 4497 morte
2549 4440 2876 4496 indefessum
2900 4442 3267 4510 pnediximus,
3299 4443 3486 4499 Eccle-

223 4526 483 4594 animum.
533 4527 722 4582 Accito
785 4537 968 4582 tamen
1019 4528 1140 4594 illo,
1175 4537 1398 4598 paterna
1458 4531 1802 4600 correptione

223 4619 501 4689 redarguit
546 4619 890 4676 insolentiam
923 4618 1040 4688 ejus
1068 4621 1257 4686 animi,
1285 4631 1614 4692 conquestus
1665 4625 1804 4680 mul-

228 4719 342 4766 tum
372 4729 470 4767 cur
495 4711 694 4770 offensa
725 4715 810 4770 sui
852 4715 1050 4785 gratia,
1079 4715 1314 4785 itemque
1345 4733 1452 4774 non
1481 4729 1694 4774 servata
1721 4733 1806 4776 re-

229 4803 470 4856 serentia
506 4805 670 4858 debiti
715 4805 947 4860 honoris
981 4815 1038 4859 et
1085 4807 1480 4876 provectionis,
1519 4825 1687 4866 ausus
1735 4812 1808 4866 sit

231 4907 391 4961 super
419 4909 480 4950 se
513 4899 784 4952 attentare
815 4897 968 4966 quod
1021 4897 1100 4951 sui
1157 4907 1276 4953 erat
1319 4899 1460 4969 juris
1493 4909 1550 4954 et
1583 4902 1805 4971 negotii.

233 4987 330 5042 illo
361 4991 571 5062 quidem
619 5009 676 5048 se
726 5005 1038 5064 expurgare
1085 4993 1462 5060 volente,non
1515 4995 1808 5066 quidquam

239 5091 416 5136 contra
429 5084 624 5140 bonum
639 5087 1048 5151 honestumque
1059 5083 1172 5152 ejus
1187 5085 1499 5152 affectasse;
1526 5096 1808 5155 praeterea,

237 5172 378 5226 salva
399 5173 512 5244 ejus
537 5176 731 5246 gratia,
771 5172 920 5230 nihil
973 5181 1170 5240 praeter
1195 5191 1404 5234 morem
1459 5177 1812 5247 cetequalium

1905 4534 2002 4589 sine
2063 4542 2265 4588 nostra:
2315 4532 2656 4589 defensorem
2713 4533 3080 4586 invalescente
3135 4533 3486 4606 languoribus

1906 4625 2152 4682 molestia
2169 4625 2237 4680 ad
2256 4635 2500 4680 extrema
2517 4623 2873 4679 laborantem.
2903 4621 3198 4678 Confestim
3229 4627 3489 4684 Dominus

1909 4719 2076 4774 abbas
2103 4717 2308 4772 visendi
2325 4730 2456 4772 «eum
2480 4717 2654 4786 gratia
2682 4717 2772 4770 illo
2800 4729 2857 4768 se
2885 4717 3134 4785 proripit,
3159 4727 3214 4772 et
3239 4735 3360 4775 cum
3380 4723 3492 4790 epi-

1909 4823 2073 4878 scopo
2096 4807 2378 4864 Leodiensi
2395 4809 2632 4879 peractis
2658 4806 2910 4862 onmibus
2945 4823 3065 4876 qum
3095 4809 3204 4863 ritu
3227 4811 3492 4867 catholico

1912 4898 2428 4970 competebantejus
2455 4897 2677 4963 viatico,
2695 4913 2802 4952 non
2827 4895 3003 4952 laetior
3031 4913 3192 4969 quam
3225 4903 3269 4956 si
3295 4905 3498 4972 pariter

1911 4990 2236 5048 occumbere
2268 4992 2606 5060 contingeret
2651 4989 2832 5044 rediit.
2863 4987 3090 5043 Postera
3133 4991 3220 5046 die
3272 4993 3379 5056 vir,
3411 4995 3494 5046 cui

1915 5083 2022 5137 ﬁde
2047 5091 2100 5134 et
2127 5083 2414 5138 honestate
2438 5079 2618 5136 omnis
2641 5089 2762 5136 erat.
2783 5079 3016 5133 mundus
3041 5080 3288 5147 inferior,
3311 5067 3500 5136 exces-

1915 5173 1988 5227 sit
2027 5189 2058 5226 e
2081 5171 2275 5233 medio.
2301 5175 2458 5228 nobis
2487 5185 2644 5238 atque
2681 5189 2748 5228 ac
2786 5171 2898 5226 suis
2927 5185 3112 5225 verum
3158 5182 3212 5228 et
3252 5174 3501 5228 omnibus
