4026 5370
552 159 656 214 299

1537 154 1926 212 GODEFREDI
1965 155 2432 212 STABUiENSlS
2471 155 2776 212 MONAClll

3705 171 3814 226 560

549 271 772 324 minima
815 283 914 324 nos
963 267 1178 322 tenebat
1239 269 1546 332 admiratio,
1577 270 1743 336 quod,
1779 285 1902 324 cum
1953 271 2123 340 magis
2155 278 2196 332 Α
2228 269 2420 322 Paucis
2436 271 2650 338 quidem
2673 286 2778 324 non
2804 273 3250 340 assentientibus,
3275 292 3400 346 pars
3425 281 3658 334 maxima
3691 283 3809 334 sine

546 362 800 430 prodesse
847 359 1138 426 videretur,
1169 361 1306 414 facta
1333 361 1404 416 sit
1427 362 1578 416 nobis
1608 363 1740 416 tanti
1767 363 1870 416 viri
1899 373 2120 432 repente

549 451 798 514 sublatio,
831 451 932 504 nisi
974 452 1114 522 quod
1141 452 1376 520 peccatis
1402 453 1855 519 promerentibus,
1883 468 2002 521 qua:
2027 469 2124 522 per

547 555 669 593 etim
703 539 922 608 reprimi
967 549 1147 604 posset
1173 539 1404 593 transire
1431 539 1665 592 habebat
1688 540 1740 594 in
1769 556 1867 594 nos
1890 541 2123 594 iuncti-i-

557 629 768 684 l.ulatio.
799 627 940 698 Ergo
973 637 1028 682 ut
1051 629 1238 682 vivens
1261 637 1524 682 statuerat
1550 645 1822 704 nunquam
1843 630 2122 686 discedere

560 735 579 774 ι
611 719 668 772 S.
723 711 963 774 Remadi
1010 719 1334 788 patrocinio,
1367 720 1444 773 sic
1477 731 1722 774 mortuus
1779 721 2038 790 implevit,
2065 729 2124 775 ut

552 809 900 865 honorificam
940 809 1163 864 haberet
1193 809 1526 878 sepulturam
1551 811 1604 864 in
1629 810 1743 877 ejus
1771 813 2118 869 mouaswrio.

617 899 692 954 De
723 899 806 952 bis
843 913 939 968 pro
967 899 1184 954 re.satis
1207 898 1520 954 meminisse
1545 899 1794 964 sullieiat,
1818 903 1942 956 dum
1972 903 2036 956 ad
2059 919 2120 958 ea

554 1003 673 1056 quae
701 987 950 1042 maeroris
975 998 1100 1042 sunt
1121 988 1278 1058 plena
1299 989 1670 1060 prosequenda
1697 991 2002 1046 necessario
2031 1006 2124 1045 ac-

477 1137 480 1140 ,
555 1077 694 1148 cingi
715 1093 821 1132 non
855 1077 1052 1148 pigeat.

1129 1193 1355 1247 CAPUT
1401 1193 1530 1248 Vill.

551 1284 900 1352 Archipra'snl
933 1286 1002 1336 ad
1033 1283 1484 1352 Mainmndarium
1530 1285 1632 1338 sibi
1669 1284 2034 1338 vindicmidum
2071 1297 2117 1339 et

615 1351 852 1408 abbatem
900 1353 1189 1422 eligendum
1230 1351 1569 1406 Cuonmdum
1615 1355 1830 1422 dirigit.
1858 1366 1902 1408 et
1959 1357 2118 1410 abbas

615 1424 958 1478 Theodericus
979 1424 1259 1482 monachos
1287 1424 1349 1476 de
1370 1425 1716 1492 promissione
1739 1425 1835 1477 sibi
1861 1425 2004 1494 facta
2039 1443 2116 1479 re-

617 1495 828 1564 quifit.-

613 1585 652 1636 Α
665 1581 978 1651 rchipraesul
1001 1583 1335 1651 comperiens
1361 1584 1701 1646 occubuisse,
1730 1585 1881 1656 quasi
1913 1594 2117 1642 czedcn-
2149 1619 2192 1676 Β

544 1675 631 1737 do,
658 1673 757 1728 sibi
783 1687 944 1726 unum
969 1673 1556 1738 adversarium,statim
1583 1677 1722 1744 quod
1758 1677 1948 1730 timore
1975 1677 2115 1730 illius

545 1765 929 1831 intermiserat,
961 1765 1176 1832 repetit,
1202 1767 1267 1818 ad
1299 1766 1353 1820 id
1391 1767 1532 1825 quod
1561 1775 1797 1837 eruperat
1855 1783 2115 1838 peragen-

543 1857 689 1908 dum.
739 1853 1006 1910 Continuo
1049 1856 1398 1912 Cuonradum
1441 1860 1712 1922 comitem,
1748 1859 1901 1929 cujus
1955 1874 2114 1928 supra

543 1947 770 2002 fecimus
803 1948 1158 2012 mentionem,
1185 1947 1272 2002 illo
1327 1949 1510 2018 dirigit
1543 1951 1675 2004 satis
1697 1951 1763 2004 ad
1790 1951 1841 2004 id
1871 1949 2118 2004 volunta—

543 2036 702 2099 rium,
741 2046 802 2089 ut
839 2036 939 2090 sibi
971 2036 1114 2106 quod
1151 2035 1382 2090 alterius
1427 2037 1568 2106 juris
1617 2046 1737 2092 erat
1792 2039 2112 2102 vindicaret,

540 2123 902 2193 solidarctque
925 2123 1394 2179 Malmundarium.
1423 2125 1689 2181 Praeterea
1733 2141 1798 2182 ex
1841 2127 1969 2195 ipsis
1998 2143 2116 2182 mo-

539 2214 725 2268 nachis
745 2229 932 2269 einues
953 2215 1160 2283 priores
1182 2231 1244 2270 ac
1270 2231 1620 2285 quoscunque
1635 2218 1884 2273 valentes
1911 2219 2116 2275 indicto

541 2305 626 2356 die
655 2303 720 2356 ad
755 2317 814 2358 se
843 2305 1068 2359 conduci
1092 2305 1340 2373 jubet,ut
1365 2307 1409 2362 si
1441 2306 1577 2362 forte
1599 2308 1742 2363 inter
1767 2325 1859 2364 eos
1883 2310 2110 2365 idoneus

541 2393 890 2460 reperiretur,
932 2395 1184 2450 abbatem
1235 2396 1314 2450 eis
1372 2398 1692 2465 praeﬁceret.
1755 2398 1824 2451 At
1877 2398 1962 2451 ille
2003 2413 2111 2453 non

537 2485 815 2551 ignaviter.
833 2485 1074 2540 facturus
1104 2488 1244 2555 quod
1264 2487 1448 2554 jussus
1473 2498 1592 2542 erat
1613 2503 1842 2558 propere
1871 2491 2116 2559 aggredi-

542 2583 647 2635 tur,
671 2575 811 2641 quod
839 2576 1012 2642 patrui
1043 2577 1122 2628 sui
1153 2578 1453 2632 reverentia
1477 2580 1753 2643 omiserat,
1782 2567 1970 2648 utpote
2019 2579 2111 2647 qui

540 2663 722 2718 abbati
761 2675 948 2720 nostro
979 2666 1270 2735 plurimum
1301 2667 1494 2722 obesse
1513 2669 1757 2723 ardebat.

582 2753 808 2817 .Parum
837 2756 986 2824 quid,
1017 2757 1160 2826 quod
1208 2772 1371 2826 supra
1417 2759 1886 2827 praetermisinuts,
1917 2759 2002 2813 bis
2025 2759 2108 2813 in-

541 2841 766 2905 serenda
795 2861 1036 2921 repetere
1051 2867 1156 2907 non
1174 2853 1528 2924 incongruum
1546 2855 1814 2908 duximus.
1854 2854 2110 2908 Dominus

2228 358 2571 412 cunctatione
2599 360 2925 428 proﬁtentur
2949 378 3008 418 se
3033 363 3104 416 ita
3131 363 3372 421 facturos
3389 369 3643 424 velocius.
3676 373 3810 436 Quae

2228 465 2315 506 res
2345 452 2498 506 nobis
2534 451 2776 508 luctuose
2807 467 3111 526 comperta,
3151 460 3302 514 velut
3337 477 3442 516 nox
3493 463 3666 518 lucem
3717 467 3806 520 in-

2225 541 2537 609 gruentibus
2569 544 2823 608 tenebris,
2853 545 2930 600 sic
2961 561 3060 601 nos
3085 550 3294 618 operuit
3337 553 3614 606 maestitia.
3669 553 3808 620 Qui-

2225 631 2345 684 dam
2403 641 2580 686 tamen
2611 648 2676 688 ex
2721 636 2919 692 nostris
2964 653 3085 692 cum
3121 638 3312 694 baculo
3361 643 3578 711 patroni
3624 647 3804 698 n0s1:i

2227 719 2348 774 illuc
2389 723 2610 788 adeunt,
2643 725 3080 796 revindicaloque
3127 729 3245 786 loco
3293 747 3360 786 ex
3409 737 3630 790 nomine
3662 737 3805 804 ejus,

2224 809 2366 877 quod
2409 811 2621 864 irritum
2671 811 2792 876 fuit,
2835 815 2902 868 ab
2953 815 3058 870 illis
3103 819 3262 874 invisi
3317 823 3566 878 redeunt.
3609 825 3808 882 Comes

2225 898 2510 964 praedictus
2549 901 2681 954 satis
2733 902 2947 972 indigne
2981 905 3100 958 tulit
3127 907 3180 960 id
3211 907 3412 962 factum
3447 911 3510 964 iri
3537 927 3702 980 super
3721 929 3806 979 se,

2223 987 2566 1059 el'frratisque
2602 992 2803 1046 animis
2851 995 3096 1064 cupiebat
3147 998 3251 1054 hoc
3281 1000 3464 1056 ulcisci
3500 1013 3608 1058 tam
3641 1021 3807 1074 super

2231 1081 2525 1134 monachos
2551 1122 2563 1144 ,
2601 1097 2760 1150 quam
2815 1100 2976 1153 super
3011 1085 3178 1142 laicos
3219 1089 3494 1146 Ecclesize.
3540 1093 3694 1150 Unde
3751 1106 3808 1150 et

2223 1169 2451 1222 maxima
2480 1172 2782 1238 persecutio
2805 1172 2820 1226 i
2846 1173 3044 1228 :cubnit
3065 1180 3280 1240 nostris,
3308 1190 3365 1234 ut
3395 1197 3497 1236 nec
3522 1198 3802 1252 quoquam

2223 1261 2483 1314 auderent
2526 1262 2712 1330 palam
2761 1267 3036 1334 progredi,
3073 1267 3279 1326 dilfus's
3315 1273 3513 1341 ubique
3555 1274 3804 1329 locorum

2226 1351 2550 1408 militaribus
2583 1355 2811 1410 insidiis.
2859 1355 3065 1411 Placuit
3089 1375 3218 1430 ergo
3247 1363 3517 1416 communi
3573 1365 3806 1420 consilio

2224 1441 2452 1498 fratrum
2495 1449 2800 1504 venerabile
2855 1466 3051 1519 cerpus
3083 1452 3283 1507 domini
3340 1458 3510 1510 nostri
3554 1457 3804 1514 liemacli

2221 1535 2414 1602 exponi
2447 1535 2498 1589 in
2530 1539 2787 1603 medium,
2818 1539 3004 1609 sicque
3027 1557 3146 1595 cum
3170 1553 3256 1608 eo,
3283 1547 3365 1598 cui
3399 1547 3562 1601 fiebat
3587 1548 3808 1616 injusti-

2223 1622 2315 1686 tia,
2353 1625 2672 1693 propensius
2715 1643 2834 1682 esse
2861 1629 3294 1700 supplicandum,
3325 1635 3424 1688 hoc
3459 1638 3641 1702 modo,
3667 1654 3806 1707 qua-

2219 1713 2481 1783 lecunque
2507 1715 2658 1770 dolor
2677 1719 2924 1787 exigebat
2941 1723 3259 1778 remedium.
3303 1723 3454 1778 .lusta
3468 1727 3611 1780 enim
3631 1743 3802 1784 causa

2219 1803 2430 1859 dolendi
2453 1815 2571 1860 erat
2591 1808 2702 1863 suis
2722 1810 2988 1876 onmibus,
3005 1814 3276 1882 proprium
3303 1815 3548 1870 videlicet
3568 1817 3804 1884 bonum,

2218 1904 2444 1960 eatenus
2476 1899 2820 1966 inviolatum,
2852 1913 3098 1972 ereptum
3127 1906 3190 1959 iri
3216 1907 3280 1960 ab
3303 1907 3518 1978 injustis
3551 1910 3803 1964 mortali-

2219 1985 2340 2042 bus.
2365 1987 2441 2043 Eo
2470 2005 2537 2044 ex
2569 1999 2808 2059 tempore
2839 2009 2943 2047 non
2977 1995 3143 2050 defuit
3177 1997 3328 2050 nobis
3357 1998 3470 2052 dies
3496 2007 3802 2069 noctesque

2217 2077 2459 2134 luctuosa
2487 2080 2795 2136 decantatio
2825 2102 2838 2135 :
2865 2083 3077 2154 Aspice,
3107 2085 3350 2152 Domine,
3384 2090 3510 2157 quia
3539 2089 3682 2144 facta
3717 2101 3804 2144 est

2217 2171 2472 2226 Ecclesia:
2511 2182 2614 2226 tuze
2641 2174 2932 2242 desolatio;
2961 2193 3103 2246 eain,
3137 2195 3253 2242 qum
3277 2181 3426 2234 sedet
3459 2183 3509 2236 in
3543 2183 3801 2248 tristitia,

2217 2279 2321 2319 non
2345 2273 2428 2318 est
2450 2257 2538 2334 qui
2569 2266 2898 2332 consoletur,
2925 2269 3026 2322 nisi
3061 2271 3134 2326 tui
3165 2273 3329 2326 solius
3360 2273 3664 2329 miseratio.

2834 2399 3062 2457 CAPUT
3103 2403 3169 2456 Χ.

2219 2503 2420 2574 Tegeno
2443 2505 2622 2582 abbas
2655 2507 3050 2582 Molinundqiio
3103 2515 3424 2582 prce/icitur;
3465 2517 3624 2570 nelias
3672 2535 3802 2572 rem

2285 2587 2457 2629 noster
2479 2577 2556 2654 ad
2569 2580 2920 2654 mare/tionem
2944 2577 3323 2652 Langobardiw
3365 2585 3714 2654 Gadefridnm
3737 2606 3802 2642 se

2281 2661 2374 2713 pro
2403 2649 2609 2700 auxilio
2635 2649 2857 2718 confert.

2283 2755 2794 2814 Malmundarieuses
2822 2760 2983 2830 igitur
3005 2765 3217 2818 tametsi
3241 2779 3308 2818 ex
3335 2767 3553 2821 nomine
3575 2767 3802 2824 domini

2215 2847 2425 2902 abbatis
2437 2865 2566 2918 prog
2575 2867 2754 2906 ressns
2769 2853 2850 2909 eis
2869 2855 3345 2920 eontradiceretnr,
3371 2868 3572 2924 tamen,
3601 2862 3676 2915 uti
3703 2877 3799 2916 res

541 2945 704 2998 abbas
739 2953 858 3013 post
893 2959 1035 3008 eam,
1069 2960 1186 3014 quze
1211 2946 1312 3000 sibi
1345 2945 1488 3000 facta
1517 2956 1619 3009 cst,
1647 2945 1896 3013 injuriam
1924 2947 1989 3000 ab
2023 2961 2111 3000 ar—
2139 2957 2180 3016 C
2214 2951 2332 2992 θνίιι
2368 2957 2466 3008 PFO
2491 2950 2636 3006 νοιον
2671 2944 3020 3015 Agrippinam
3048 2947 3322 3002 C'Jlmliam
3351 2951 3792 3018 ριόίῖοίεουηιυτ-

537 3035 878 3104 ebipraesule,
910 3034 1152 3090 diffidens
1177 3037 1290 3090 suis
1313 3037 1516 3091 viribus
1538 3036 1710 3090 obniti
1737 3051 1893 3106 posse
1921 3045 2106 3090 contra

536 3127 830 3193 potentiam
857 3126 1000 3180 illius
1026 3136 1078 3180 et
1109 3126 1383 3194 ingenium
1417 3127 1846 3182 valentinsom'ni
1877 3128 2110 3181 humano

536 3215 840 3280 conamine,
873 3214 1152 3268 admonuit
1183 3214 1702 3270 Malmundarienses
1728 3217 2022 3270 monachos
2044 3217 2110 3270 de

541 3307 642 3362 sibi
673 3309 936 3362 servanda
967 3306 1245 3372 ﬁdelitate,
1273 3308 1508 3377 itemque
1542 3309 1835 3362 secundum
1870 3308 2110 3376 regulam

536 3397 592 3452 S.
630 3399 906 3453 Benedicti
951 3401 1018 3454 de
1063 3398 1371 3455 obedientia
1403 3408 1457 3453 et
1486 3399 1840 3468 professione.
1903 3399 2108 3464 Quibus

535 3486 784 3539 simulata
810 3486 1029 3554 perfidia
1053 3486 1439 3555 spondentibus
1465 3501 1524 3540 se
1557 3486 1629 3539 illi
1663 3485 1844 3539 omnia
1869 3501 2104 3548 servare,

545 3577 847 3641 interdixit,
879 3577 976 3631 sub
1023 3577 1224 3632 Christi
1267 3578 1647 3641 obtestatione,
1697 3593 1764 3632 ne
1809 3587 2005 3648 praeter
2035 3593 2110 3656 se

538 3667 875 3734 susciperent
899 3667 1058 3722 alium
1087 3667 1398 3735 quemlibet,
1424 3683 1522 3723 nec
1551 3678 1861 3738 paterentur
1891 3671 2102 3724 admitti

537 3755 796 3819 alienum,
815 3756 942 3808 dum
973 3757 1084 3824 ipse
1113 3756 1410 3810 adviveret.
1441 3757 1572 3824 Qua:
1602 3758 1834 3827 qualiter
1855 3773 2106 3813 servave-

535 3843 646 3896 rint
673 3843 792 3896 luce
813 3842 1010 3896 clarius
1032 3853 1152 3911 post
1176 3844 1368 3912 patuit.
1397 3843 1662 3900 Credebat
1693 3863 1888 3916 nempe
1913 3861 1970 3902 se
1999 3847 2102 3904 illis

536 3935 769 4004 quadam
802 3933 1166 4003 simplicitate,
1199 3943 1454 4004 tanquam
1497 3937 1791 4002 ﬁdissimis,
1827 3954 1930 3994 nec
1957 3940 2140 4010 quis-_

537 4041 698 4092 quam
723 4033 830 4078 tam
859 4022 1144 4080 manifesta
1184 4025 1388 4080 referre
1435 4037 1650 4095 poterat
1699 4029 1767 4082 de
1815 4029 1942 4092 illis,
1971 4030 2104 4099 quin

537 4128 749 4184 semper
779 4113 926 4168 velut
955 4114 1218 4170 immunes
1245 4128 1342 4170 eos
1367 4116 1666 4171 aestimaret
1709 4115 1868 4185 hujus
1895 4119 2106 4175 facino-

533 4209 630 4264 ris.

1141 4321 1365 4376 CAPUT
1403 4322 1494 4376 IX.

535 4412 888 4484 Sacramemis
912 4411 1424 4484 Malmundarienses
1442 4415 1678 4481 episcopo
1701 4415 2097 4484 conﬁrmamur,

603 4481 891 4555 persecutio
914 4483 1084 4555 grriris
1107 4497 1260 4555 super
1289 4493 1494 4536 nostros
1511 4486 1704 4552 (igitur,
1723 4481 1908 4555 corpus
1933 4492 2102 4542 sancti

605 4551 767 4602 nostri
792 4551 844 4602 in
871 4550 1036 4603 medio
1060 4553 1352 4610 exponitur.

602 4640 744 4708 Ergo
793 4639 884 4692 ubi
927 4639 1244 4696 Cnonradus
1295 4642 1360 4696 de
1415 4642 1646 4696 adventu
1686 4659 1782 4698 suo
1823 4646 1926 4700 illis
1977 4650 2098 4718 opi-

533 4731 786 4783 nantibus
816 4730 1033 4781 mandat
1055 4740 1106 4783 et
1131 4732 1574 4800 apparatumsibi
1611 4733 1819 4790 abunde
1853 4736 1969 4790 ﬁeri
2001 4737 2102 4792 im-

530 4827 704 4888 perat,
727 4817 939 4872 videres
976 4831 1067 4872 eos
1099 4819 1249 4874 laetos
1291 4819 1565 4886 festinare,
1597 4823 1920 4890 discurrere,
1953 4827 2120 4894 illum

533 4909 674 4962 velut
706 4907 952 4978 angelum
976 4907 1068 4960 Dei
1093 4909 1702 4982 venientcmsuscipere,
1731 4915 1937 4982 seipsos
1955 4933 2102 4971 sum-

527 5010 778 5070 ptusque,
809 5001 1046 5066 itemque
1072 4995 1176 5052 alia
1210 5015 1329 5068 quae
1382 5003 1502 5056 usui
1529 5002 1706 5058 forent
1741 5004 1975 5062 ofﬁciose
2002 5009 2100 5062 im-

529 5090 785 5156 pendere,
817 5102 885 5141 ne
915 5103 1073 5156 quam
1101 5086 1360 5142 oll‘ensam
1390 5107 1556 5147 novus
1579 5094 1866 5151 advocatus
1893 5097 2104 5153 videre-

531 5192 617 5234 tur
643 5181 937 5234 incurrere.

595 5273 888 5339 Postquam
923 5284 990 5322 cx
1020 5267 1236 5322 nomine
1284 5267 1678 5336 archipraisulis
1721 5275 1980 5348 obligavit
2007 5293 2098 5332 sa-

2215 3029 2456 3097 lnqltisiti
2490 3033 2556 3088 ab
2586 3034 2994 3107 archiepise0po
3025 3039 3090 3092 de
3111 3053 3207 3093 sua
3233 3041 3506 3097 voluntate
3527 3054 3582 3097 et
3623 3047 3796 3100 abba-

2215 3119 2282 3173 tis
2331 3123 2669 3178 ordinatione
2711 3127 2966 3192 consulti,
2995 3128 3237 3184 referunt
3265 3147 3322 3186 se
3352 3133 3521 3204 magis
3569 3136 3796 3193 aliunde

2213 3226 2373 3280 quam
2403 3229 2467 3266 ex
2499 3215 2612 3270 suis
2633 3217 2683 3271 id
2707 3218 2864 3274 velle.
2891 3219 3096 3286 Quibus
3135 3223 3200 3276 ad
3237 3239 3330 3278 sua
3363 3227 3628 3294 remissis,
3661 3245 3796 3284 evo-

2212 3311 2368 3356 catur
2409 3304 2574 3359 abi:as
2611 3305 2825 3378 Iegeno
2875 3325 2943 3364 ex
2971 3313 3222 3368 etenobio
3257 3313 3596 3384 Broulwilre,
3621 3334 3790 3388 quem

2213 3397 2442 3464 propriis
2469 3398 2739 3466 privatum
2768 3415 2872 3455 non
2903 3403 3018 3456 sine
3046 3403 3310 3460 industria
3335 3406 3464 3462 facit
3492 3411 3790 3480 episcopus

2212 3485 2384 3539 aliena
2409 3489 2704 3557 suscipere.
2755 3490 2888 3544 Nam
2913 3508 3034 3546 eum
3067 3495 3314 3550 abbatem
3343 3513 3470 3554 vere
3499 3503 3792 3556 exordinat

2211 3571 2814 3644 Malmnndariensium,
2847 3595 3008 3650 quem
3049 3584 3192 3639 velut
3233 3585 3404 3640 furem
3441 3589 3661 3645 aliunde
3700 3609 3794 3648 eoo

2209 3665 2288 3734 git
2333 3666 2557 3731 intrare,
2593 3671 2684 3723 sed
2735 3687 2842 3725 non
2895 3687 2992 3740 per
3026 3675 3246 3729 ostium.
3289 3677 3428 3748 Ergo
3483 3680 3680 3738 ﬁducia
3730 3693 3791 3738 et

2209 3754 2473 3810 conducto
2498 3759 2708 3814 comitis
2733 3759 3003 3818 Cuonradi
3031 3767 3504 3823 venientemsuum
3524 3771 3786 3828 abbatem

2207 3845 2504 3915 suscipiunt
2523 3847 3044 3908 Malmuudarienses
3067 3857 3344 3922 monachi,
3359 3869 3514 3914 nocte
3535 3861 3790 3917 videlicet

2207 3951 2312 4004 qua
2357 3947 2478 3991 erat
2531 3941 2818 3997 celebritas
2862 3943 3140 4002 Michaelis
3188 3949 3519 4020 archangeli.
3559 3953 3658 4008 Cui
3703 3957 3792 4010 in-

2207 4031 2393 4096 tranti,
2421 4043 2678 4103 tanquam
2708 4037 2776 4090 ad
2823 4040 3248 4110 subripiendum,
3277 4061 3373 4115 per
3425 4051 3602 4103 noctis
3637 4061 3791 4106 teoc-

2207 4117 2352 4184 bras,
2382 4121 2453 4175 illi
2484 4124 2772 4178 voluntarii
2803 4127 2868 4181 ad
2907 4131 3306 4198 suscipiendum
3347 4135 3600 4192 adhibent
3636 4137 3788 4196 faces

2205 4217 2260 4260 et
2286 4207 2592 4298 lampadas.
2651 4215 2762 4270 Nec
2791 4216 3044 4284 iujustum
3092 4223 3192 4276 hoc
3247 4226 3466 4293 quidem
3506 4229 3690 4298 fuerit,
3725 4241 3786 4286 ut

2134 4298 2182 4356 υ
2207 4297 2298 4364 qui
2323 4307 2477 4354 nocte
2507 4300 2738 4357 latenter
2781 4305 3084 4375 intraverit,
3116 4311 3260 4366 velut
3284 4311 3392 4378 fur,
3421 4315 3642 4386 fugatus
3677 4297 3782 4375 ra-

2205 4385 2327 4454 pina
2359 4391 2616 4444 caruerit.
2659 4393 2916 4450 Dominus
2967 4399 3134 4453 abbas
3165 4408 3291 4455 tunc
3347 4385 3606 4473 temporis
3637 4409 3788 4464 inter

2203 4491 2302 4530 nos
2327 4493 2434 4532 non
2463 4479 2670 4547 aderat,
2704 4485 2832 4552 quia
2863 4495 2982 4554 post
3009 4489 3216 4543 obitum
3243 4491 3396 4547 ducis
3438 4507 3497 4548 re
3525 4499 3788 4554 consilio-

2203 4581 2311 4634 que
2336 4569 2643 4638 dcsﬁtutus,
2665 4575 2794 4642 qttid
2830 4587 3036 4647 ageret,
3059 4597 3166 4649 quo
3216 4597 3276 4638 se
3327 4594 3566 4642 verteret
3593 4590 3648 4643 in
3681 4592 3788 4644 dn-

2199 4655 2343 4710 bium
2373 4668 2611 4716 venerat.
2645 4660 2830 4732 Neque
2851 4667 2994 4720 enim
3023 4667 3163 4725 illius
3189 4672 3418 4728 similem
3455 4677 3599 4731 inter
3630 4693 3784 4735 mor-

2205 4743 2336 4799 tales
2361 4745 2603 4803 invenire
2631 4751 2882 4807 habebat.

2274 4834 2470 4888 Verum
2503 4838 2628 4906 quia
2677 4839 3050 4910 Godefridum,
3081 4849 3174 4917 qui
3203 4859 3328 4908 tunc
3367 4857 3612 4913 marchio
3657 4873 3786 4915 erat

2201 4919 2604 5018 Longohardize,
2635 4943 2738 4982 non
2772 4930 3056 4999 ignorabat
3085 4939 3266 4994 valere
3293 4959 3403 5011 pra:
3427 4948 3638 5001 cmteris
3678 4965 3777 5018 po-

2204 5013 2368 5065 tentia
2393 5021 2446 5066 et
2473 5014 2753 5084 dignitate,
2779 5019 3016 5092 itemque
3037 5028 3178 5093 apud
3203 5045 3382 5100 regem
3403 5043 3457 5088 et
3481 5013 3784 5104 optima-tes

2199 5115 2357 5169 posse
2387 5103 2677 5171 plurimum
2729 5113 2955 5169 consilio
3003 5125 3057 5170 et
3086 5116 3476 5188 familiaritate,
3519 5103 3588 5180 ad
3619 5129 3781 5185 illum
3859 5187 3869 5194 ,

2203 5195 2555 5260 recuperandi
2587 5198 2758 5262 gratia
2789 5215 2850 5254 se
2887 5213 3058 5258 totum
3108 5212 3334 5266 contulit
3361 5217 3538 5283 pretio
3586 5222 3782 5286 preci-

2197 5279 2422 5349 busque.
2449 5283 2498 5337 ls
2523 5285 2774 5340 nimirum
2803 5297 2928 5346 tunc
2957 5293 3242 5353 affectabat
3266 5301 3320 5356 in
3343 5279 3605 5359 ducamen
3629 5325 3774 5370 pra:-
