4026 5370
210 323 304 378 591

1239 320 1643 378 TRIUMPIIUS
1678 322 1736 375 S.
1771 321 2090 378 IIEMACLI.
2127 352 2196 363 —
2233 323 2362 377 LIB.
2403 326 2443 378 I.

3369 338 3472 396 303

209 434 536 505 dixerimus)
566 435 617 489 in
648 434 750 490 hoc
773 434 952 490 minus
977 443 1122 492 recte
1148 435 1344 491 fecisse
1377 437 1792 507 reprehenditur
1820 444 1864 500 Α
1896 437 2203 505 perdiderat
2229 449 2704 509 recuperaturum;
2737 443 2832 498 sed
2878 443 3160 502 minimum
3205 449 3476 520 profuisse

206 528 347 598 quod
387 527 442 581 in
475 526 730 581 humanis
765 527 981 581 auxiliis
1008 542 1104 596 spe
1151 527 1506 596 recuperandi
1561 527 1788 581 nimium

207 619 390 673 ﬁdisse
431 617 659 683 dicitur,
683 631 804 671 cum
852 616 1076 672 minime
1118 617 1191 671 sit
1219 625 1334 670 tuta
1372 616 1640 684 defensio,
1665 632 1786 686 quae

203 723 297 780 per
317 708 600 764 hominem
631 723 791 778 posse
821 708 1122 763 consistere
1149 716 1394 777 putatur.

786 832 1216 874 ADNOTA'I'IONES.

269 929 546 984 Erocatur
567 930 730 984 abbas
760 930 962 999 Tegeae
994 947 1060 984 e1:
1083 930 1312 984 arnobio
1361 930 1668 985 Brouwilre.
1711 932 1788 985 De

203 1001 300 1054 hoc
325 1003 528 1055 abbate
577 1003 908 1055 monasterio
948 1000 1454 1056 Malunmdariensis
1509 1001 1783 1070 priefecto,

202 1070 440 1152 loquitur
469 1071 838 1152 satis-aperte
857 1071 1180 1126 Fredcricus
1211 1072 1652 1152 archiepiscppns
1682 1070 1786 1125 Co-

201 1141 459 1211 loniensis
500 1142 554 1194 in
589 1141 878 1209 diplomate
909 1157 1002 1211 per
1035 1158 1132 1194 nos
1163 1153 1286 1195 ante
1320 1142 1491 1195 citato
1519 1141 1604 1195 his
1657 1156 1784 1193 ver~

200 1210 278 1263 bis
306 1226 322 1265 :
351 1230 370 1262 ‹
403 1210 681 1280 Tempore
719 1210 928 1279 quoque
961 1211 1163 1265 domini
1201 1211 1415 1265 Henrici
1445 1212 1786 1279 imperatoris

199 1281 351 1346 hujus
389 1282 636 1336 nominis
663 1283 837 1349 quarti
869 1297 963 1349 per
991 1282 1266 1335 dominum
1313 1283 1782 1350 archiepiscopum

197 1351 506 1413 Annonem,
540 1367 734 1404 rursus
764 1351 904 1404 facto
927 1351 1179 1411 divortio.
1212 1349 1380 1405 abbas
1407 1352 1626 1420 quidam
1655 1349 1784 1404 Mal-

195 1421 461 1474 mundarii
494 1422 784 1475 ordinatus
821 1431 921 1487 est,
959 1441 976 1471 ο
1008 1430 1112 1475 etc.

810 1575 1037 1632 CAPUT
1077 1576 1164 1630 ΧΙ.

193 1710 446 1765 Narratio
479 1728 639 1781 super
661 1721 852 1781 natura
888 1722 934 1764 et
967 1711 1199 1781 moribus
1227 1721 1274 1764 et
1298 1712 1552 1764 a't'stantia
1591 1712 1779 1767 [torum

404 1779 636 1835 duorum
668 1779 939 1836 Frederici
971 1792 1018 1835 et
1047 1780 1321 1850 Codefridi
1346 1783 1559 1835 ducum.

248 1897 424 1967 Igitur
447 1896 805 1962 Godcfridus,
827 1897 908 1950 vir
935 1897 1150 1966 quidem
1194 1905 1403 1968 potens,
1441 1905 1495 1952 et
1529 1905 1782 1953 strenuus

189 1987 470 2056 bonusque
501 1986 755 2051 consilio,
789 1986 890 2041 fide
913 1996 1093 2040 tamen
1134 2003 1198 2041 ac
1229 1987 1454 2041 veritate
1484 1986 1638 2057 longe
1667 1986 1780 2042 dis-

187 2076 446 2145 crcpabat
477 2090 506 2127 a
554 2074 863 2130 Frederico.
894 2076 1038 2142 Quos
1065 2085 1323 2146 utrosque
1346 2076 1490 2135 viros
1514 2077 1780 2147 egregios,

186 2165 438 2232 quoniam
464 2181 553 2220 res
575 2165 773 2219 obtulit
795 2166 847 2218 in
873 2167 1122 2234 praesenti
1151 2167 1482 2234 narratione,
1505 2168 1778 2238 indignum

187 2256 496 2321 putavimus
526 2255 594 2310 de
627 2255 825 2311 virtute
851 2266 907 2311 et
928 2271 1113 2312 eorum
1141 2258 1383 2312 moribus
1411 2257 1626 2313 silentio
1646 2274 1781 2328 prte-

187 2346 277 2401 teri
287 2362 371 2401 re.

249 2437 350 2493 IIis
391 2454 592 2509 genus,
640 2449 793 2505 aetas,
829 2440 1069 2510 potentia
1119 2456 1286 2512 prope
1331 2451 1489 2496 erant
1517 2441 1774 2512 mqualia;

187 2529 500 2601 magnitudo
528 2531 717 2596 animi,
753 2547 853 2602 par
875 2540 930 2586 et
959 2531 1152 2603 gloria.
1201 2532 1306 2588 Sed
1336 2532 1425 2588 alii
1450 2532 1607 2588 aliter
1638 2533 1774 2589 alia:

187 2619 476 2675 Frederico
521 2622 830 2677 innocentia
864 2631 918 2676 et
949 2623 1070 2678 vita:
1117 2623 1399 2695 integritas
1447 2625 1642 2693 inerat,
1693 2627 1778 2682 cui

185 2712 447 2765 severitas
483 2728 605 2766 eum
629 2711 918 2766 honestate
948 2715 1306 2768 reverentiam
1357 2715 1780 2788 dignitatemque

186 2801 488 2866 addiderat,
534 2805 696 2857 rebus
738 2803 905 2858 etiam
935 2802 1064 2873 ipsis
1111 2804 1286 2872 palam
1339 2805 1500 2860 dabat
1555 2807 1777 2880 intelligi

185 2895 325 2961 quod
344 2910 524 2965 neque
539 2896 851 2960 amicitiam,
873 2910 1045 2964 neque
1063 2894 1518 2964 propinquitatem
1539 2899 1776 2969 generis,

188 2984 253 3039 ad
280 2985 388 3041 hoc
418 3001 520 3042 nec
545 2986 938 3041 sublimitatem
994 2987 1144 3058 regni
1195 2985 1406 3056 justitia
1447 3000 1502 3044 et
1550 2993 1778 3048 verit-tte

187 3090 422 3148 utquam
450 3081 658 3148 potiora
689 3078 961 3133 habuerit.

253 3171 352 3225 Ast
379 3171 433 3226 in
465 3170 759 3227 Godcfrido
793 3170 985 3239 ingens
1012 3171 1187 3229 virtus
1222 3176 1465 3246 corporis
1497 3184 1551 3230 et
1583 3177 1772 3244 animi,
1804 3148 1847 3209 Ο

188 3259 337 3316 bellis
361 3263 796 3333 militaribusque
821 3263 1100 3319 exercitiis
1121 3265 1354 3331 enitens,
1399 3267 1772 3324 claritudinem

189 3354 301 3407 viro
343 3357 596 3424 parabat,
627 3357 681 3410 in
710 3371 818 3426 quo
847 3356 1157 3427 eloquentia
1192 3374 1345 3428 mque
1392 3375 1455 3415 ac
1491 3361 1774 3429 prudentia

191 3445 298 3498 acri
321 3446 541 3514 ingenio
584 3450 994 3519 przceminebat.
1021 3450 1220 3506 Verum
1254 3451 1434 3506 verbis
1458 3468 1564 3507 non
1595 3454 1775 3509 minus

192 3550 347 3603 quam
396 3537 557 3594 factis
605 3540 688 3594 sui
755 3540 960 3598 famam
1014 3543 1248 3598 nominis
1289 3541 1602 3611 extendere,
1647 3544 1774 3600 item

194 3629 420 3687 honores
450 3633 852 3704 dignitatesque
877 3633 1057 3689 szeculi
1081 3636 1312 3700 ambire,
1344 3651 1595 3705 magnum
1619 3651 1775 3690 exer.

195 3722 350 3777 citum
398 3740 614 3793 parare,
675 3725 816 3782 bella
883 3727 1152 3782 interdum
1204 3741 1446 3791 movere,
1498 3726 1775 3782 laboribus

197 3813 300 3869 dies
330 3826 623 3888 noctesque
655 3817 964 3890 invigilare,
995 3820 1186 3886 caules,
1221 3819 1491 3884 incendia,
1531 3821 1771 3889 praedas-

197 3921 292 3974 que
323 3908 548 3965 bellicas
580 3909 878 3975 facere,his
923 3912 1174 3967 omnibus
1215 3927 1314 3983 pro
1351 3928 1408 3968 re
1442 3923 1499 3968 et
1535 3923 1776 3984 tempore

198 4013 293 4052 non
345 3999 606 4070 inglorius
636 4002 713 4057 uti
747 4003 987 4058 habebat
1033 4004 1366 4068 delectabile,
1411 4006 1589 4075 qualia
1633 3991 1800 4063 nun-i

199 4103 346 4158 quam
370 4092 421 4145 in
453 4092 631 4148 altero
655 4093 837 4149 locum
876 4095 1153 4150 invenere.

260 4183 413 4249 Iluic,
451 4187 502 4240 id
527 4197 612 4242 est
655 4186 973 4253 Frederico,
1006 4204 1217 4260 semper
1263 4205 1369 4260 pax
1400 4189 1502 4246 fuit
1550 4192 1774 4248 charior

199 4273 357 4339 bellis,
396 4289 763 4349 pacatumque
792 4281 1053 4334 reddebat
1076 4282 1327 4351 prudenti
1359 4284 1578 4354 ingenio
1622 4286 1776 4356 quid-

200 4370 311 4436 quid
341 4372 392 4426 in
443 4373 580 4428 bella
623 4381 680 4427 et
725 4373 1022 4427 seditiones
1051 4374 1254 4428 moveri
1293 4375 1562 4430 sentiebat
1588 4392 1652 4433 ex
1683 4379 1777 4434 ad-

1891 525 1946 581 in
1973 527 2074 583 hoc
2101 545 2281 584 rerum
2309 546 2506 600 genere
2535 533 2667 588 satis
2695 534 2958 591 habemus
2985 550 3342 608 compertum.
3371 545 3470 600 Ita-

1891 631 1996 684 que
2019 633 2118 688 pro
2148 620 2249 674 hac
2278 619 2501 699 ejusque
2528 625 2609 678 sui
2639 624 2871 679 utilitate
2901 628 3091 683 suadet
3117 645 3305 685 secum
3348 651 3469 703 pro-

1891 707 2057 764 ficisci
2085 712 2150 764 ad
2177 713 2407 777 curiam,
2445 714 2534 768 ubi
2559 730 2657 784 pro
2683 730 2748 772 eo
2770 720 2999 788 spondet
3031 720 3324 792 plurimum
3373 727 3473 781 im-

1891 801 2124 868 pendere
2153 802 2234 857 sui
2272 819 2513 873 operam.

2495 917 2723 976 CAPUT
2747 920 2857 976 XII.

1888 1023 2058 1077 Abbas
2089 1036 2264 1079 noster
2293 1027 2354 1083 S.
2384 1045 2571 1103 corpus
2621 1049 2715 1086 stto
2767 1033 2882 1088 loco
2930 1037 3187 1103 restituit;
3234 1040 3469 1098 abbatem

1957 1111 2113 1169 super
2131 1107 2462 1169 sestatutum
2493 1102 2779 1157 obtestatur
2799 1105 2893 1157 sub
2923 1102 3346 1166 interminatiane
3387 1116 3471 1169 div

1950 1165 2069 1218 riuo
2095 1177 2148 1218 ut
2170 1166 2424 1235 discedat,
2451 1181 2498 1224 et
2531 1172 2721 1234 iniuste
2749 1190 2986 1243 possessa
3010 1178 3288 1248 relinquat.

1956 1254 2160 1311 Interea
2197 1257 2451 1317 deinitms
2485 1262 2652 1317 abbas
2684 1263 2904 1330 fratres,
2955 1283 3091 1336 quos
3120 1270 3305 1326 tristes
3352 1277 3464 1331 reli-

1884 1354 2100 1411 querat,
2155 1348 2344 1404 habuit
2405 1351 2663 1418 revisere,
2714 1355 3041 1426 veniensque
3102 1365 3468 1420 venerandum

1881 1449 2081 1506 corpus
2125 1439 2328 1496 domini
2361 1443 2530 1498 nostri
2559 1443 2616 1499 S.
2651 1445 2891 1501 Remacli
2929 1449 3134 1506 invenit
3163 1452 3467 1524 depositum

1885 1526 1937 1580 in
1967 1531 2276 1597 pavimento
2321 1535 2434 1603 jam
2488 1535 2688 1593 multos
2757 1539 2872 1594 dies
2937 1541 3193 1610 jacnisse.
3247 1547 3472 1622 Insuper

1881 1633 1988 1688 quo
2023 1623 2232 1680 tristius
2282 1626 2358 1681 nil
2407 1628 2597 1684 audire
2643 1640 2879 1701 poterat,
2935 1634 3168 1692 alienum
3213 1639 3332 1696 loco
3369 1658 3470 1699 suo

1881 1713 2030 1769 audit
2055 1715 2635 1777 Mahnundariensibus
2682 1725 2994 1793 praesidere.
3027 1728 3211 1783 Visum
3235 1743 3316 1786 est
3339 1749 3474 1806 ergo

1811 1803 1857 1864 B
1885 1804 1984 1873 ipsi
2017 1809 2239 1877 rectius,
2269 1811 2404 1867 inito
2425 1813 2674 1880 consilio,
2703 1825 2757 1868 ut
2785 1817 2829 1871 si
2853 1833 3051 1888 corpus
3081 1820 3263 1876 Sancti
3294 1803 3468 1880 refer-

1884 1904 2036 1951 retur
2076 1897 2127 1966 in
2165 1899 2343 1956 locmn
2375 1917 2530 1957 suum
2579 1904 2786 1960 honore
2845 1908 3048 1975 debito,
3108 1927 3212 1966 non
3266 1914 3470 1974 idcirco

1884 1988 2040 2043 nobis
2061 1990 2238 2047 minus
2267 1993 2458 2052 deesse
2484 2010 2602 2062 suo,
2628 2011 2750 2051 cum
2777 1997 2952 2063 vellet,
2984 2001 3206 2056 auxilio.
3237 2003 3389 2072 Quod
3414 2017 3470 2063 et

1885 2076 1957 2131 ita
1985 2079 2184 2137 factum
2208 2093 2309 2139 est.

1954 2169 2084 2228 Post
2106 2176 2220 2231 haec
2244 2193 2349 2231 non
2384 2177 2683 2235 inconsulte
2706 2197 2889 2252 agens.
2920 2200 2977 2239 se
3008 2197 3226 2258 regente
3257 2191 3470 2260 patien-

1883 2264 1981 2330 tia,
2013 2281 2135 2322 cum
2155 2270 2312 2325 facile
2348 2286 2475 2326 suas
2505 2273 2689 2328 ulcisci
2714 2285 2896 2346 posset
2926 2275 3147 2344 injurias
3171 2280 3223 2334 in
3255 2282 3346 2336 illo
3369 2298 3468 2338 suo

1880 2357 2216 2424 adversario.
2242 2364 2514 2418 continuit
2539 2380 2598 2420 se
2643 2367 2818 2436 magis
2865 2369 3266 2436 benevolentia,
3293 2384 3346 2429 ct
3371 2390 3470 2444 pet

1879 2451 2145 2518 quosdam
2177 2454 2420 2510 seniores
2449 2470 2512 2508 ex
2539 2458 2740 2513 nostris
2769 2460 2991 2514 mandat
3044 2461 3117 2514 illi
3170 2466 3465 2519 secundum

1879 2544 1998 2599 ha:c
2031 2547 2194 2600 verba
2243 2565 2254 2600 :
2298 2547 2354 2602 Si
2391 2547 2538 2616 juste
2582 2551 2721 2620 agis,
2753 2553 3000 2622 quisquis
3030 2568 3110 2620 es,
3140 2565 3326 2610 contra
3352 2571 3464 2616 me.

1883 2635 2514 2708 tuimetsapicntumque
2553 2639 2759 2711 judicio
2787 2643 3162 2699 aestimandum
3213 2648 3360 2702 vide.
3407 2647 3466 2701 Si

1880 2725 2082 2780 malum
2113 2741 2235 2782 esse
2277 2728 2385 2783 scis
2435 2731 2924 2801 supplantationem
2975 2734 3109 2797 fieri,
3143 2751 3241 2791 cur
3280 2737 3334 2791 in
3363 2738 3467 2792 hor.

1881 2816 2316 2884 reprehensibilis
2353 2819 2533 2874 sedem
2566 2836 2740 2875 mean:
2770 2822 2982 2877 alienus
3004 2823 3268 2891 invnsisti,
3300 2842 3462 2896 quam

1881 2904 2134 2974 nonjurc
2169 2924 2267 2963 nec
2309 2909 2517 2980 juJicio
2552 2925 2787 2980 unquam
2839 2913 3083 2982 culpatus
3141 2915 3341 2970 amisi?
3387 2915 3468 2971 Ne

1879 3009 2009 3065 ergo
2030 2997 2235 3062 durius,
2270 3016 2392 3054 cum
2430 3012 2579 3057 recte
2608 3002 2833 3070 possim,
2867 3005 3056 3059 videar
3080 3016 3253 3061 tecum
3280 3021 3462 3076 agere,

1880 3099 2070 3154 precor
2104 3097 2161 3143 et
2197 3105 2390 3146 moneo
2434 3092 2534 3146 sub
2591 3091 2791 3147 Christi
2829 3096 3064 3150 nominis
3107 3097 3467 3154 obtestatione

1877 3183 1934 3228 et
1963 3173 2020 3229 S.
2048 3175 2326 3232 Benedicti
2352 3181 2576 3250 regulze,
2607 3190 2666 3235 ut
2696 3181 2740 3235 si
2773 3181 2939 3238 habes
2983 3184 3148 3238 Deum
3177 3187 3466 3257 aliquando

1875 3265 2067 3320 timere
2089 3283 2185 3336 pro
2214 3269 2316 3323 hac
2355 3268 2637 3337 iniustitia,
2691 3287 2759 3326 ne
2815 3272 3186 3330 fraudulenter
3230 3279 3466 3335 retineas

1875 3357 2069 3421 aliena,
2103 3361 2198 3413 sed
2225 3361 2508 3416 discedens
2541 3363 2696 3418 nobis
2717 3364 2994 3434 relinquas
3016 3369 3256 3436 propria.
3284 3371 3465 3426 Atille

1876 3445 1951 3498 nil
1979 3446 2113 3499 certi
2145 3449 2211 3502 ad
2247 3448 2363 3504 haec
2414 3452 2791 3519 respondente,
2837 3469 2940 3507 non
2983 3470 3048 3509 ex
3080 3467 3202 3512 voto
3232 3461 3461 3516 consulti

1876 3537 2045 3591 nostri
2084 3539 2311 3592 rediere.

2466 3675 2694 3733 CAPUT
2720 3676 2857 3732 XIII.

1877 3783 2002 3842 Dux
2030 3786 2348 3858 Codefridus
2369 3789 2583 3858 e/fectus
2621 3801 2754 3844 recte
2773 3791 2982 3860 judicat
3030 3791 3220 3848 Sancto
3271 3797 3462 3850 bonum

1947 3874 2101 3934 suum
2143 3861 2326 3912 debere
2365 3862 2599 3934 restitui;
2640 3863 2796 3934 quod
2834 3865 3104 3932 episcopus
3157 3867 3461 3934 proximum

1944 3929 2120 4008 [acere
2143 3945 2244 3981 uott
2272 3931 2549 4008 acquievit,
2565 3942 2613 3984 et
2640 3929 2828 4008 tempfo
2850 3929 2898 3986 et
2926 3929 3117 3988 a'ra-rt'o
3141 3929 3319 3990 nostra
3339 3955 3462 4008 spo-

1946 4000 2096 4064 liato,
2131 4014 2209 4052 res
2242 4011 2419 4053 nostra
2441 4000 2594 4053 irrita
2625 4002 2838 4054 mansit.

1947 4114 2076 4170 Post
2111 4115 2227 4169 haec
2253 4129 2377 4170 cum
2433 4115 2748 4172 marchione
2794 4117 3086 4174 Godcfrido
3130 4122 3196 4175 ad
3250 4123 3456 4178 curiam

1876 4204 2071 4260 Goslar
2106 4205 2277 4260 abbas
2321 4204 2704 4275 proficiscitur,
2755 4207 2843 4261 ubi
2889 4207 2978 4262 ille
3028 4211 3290 4264 ducamen
3335 4228 3458 4268 cum

1878 4298 2232 4354 advocatione
2277 4297 2588 4352 Stabulensi
2643 4299 2888 4368 adeptus,
2945 4300 3202 4370 magister
3253 4302 3461 4358 militia:

1877 4390 2243 4462 Lotharingia:
2269 4390 2446 4445 denuo
2471 4390 2813 4445 sublimatur.
2841 4391 3098 4445 Dominus
3117 4407 3247 4447 vero
3268 4393 3456 4460 abbas,

199 4475 359 4518 verso.
386 4465 519 4520 Cum
555 4465 608 4518 in
639 4464 816 4518 altero
846 4474 992 4519 esset
1017 4465 1172 4520 malis
1192 4466 1441 4530 exitium,
1465 4466 1518 4520 in
1543 4468 1645 4523 isto
1667 4471 1772 4523 mi-

1886 4483 1946 4537 de
1983 4481 2128 4536 illata
2151 4481 2252 4537 sibi
2294 4479 2558 4549 injustitia
2586 4489 2941 4550 conquestus,
2992 4481 3242 4552 privatim
3270 4493 3326 4538 et
3353 4498 3456 4554 pu-

199 4555 320 4610 seris
344 4557 672 4628 perfugium.
704 4556 993 4626 Nunquam
1021 4558 1070 4612 in
1099 4573 1163 4614 eo
1186 4559 1435 4617 dominus
1466 4578 1595 4617 suus
1625 4563 1776 4619 inve-

201 4647 268 4700 nit
289 4651 621 4704 contrarium
654 4649 760 4704 sibi
787 4657 883 4702 aut
909 4649 1351 4717 reprehensibile,
1381 4653 1504 4722 quia
1534 4655 1770 4720 mentiri,

200 4739 271 4792 vel
297 4743 532 4811 pejerare
564 4757 788 4812 semper
821 4740 899 4795 illi
932 4739 1031 4795 fuit
1056 4758 1150 4810 pro
1181 4745 1426 4799 crimine.
1455 4744 1633 4800 Bonus
1655 4762 1776 4802 esse

201 4841 338 4895 quam
363 4835 527 4891 videri
568 4835 841 4896 malebat,
867 4840 926 4887 et
977 4833 1098 4889 ideo
1142 4837 1314 4906 magis
1349 4837 1572 4909 gloriam
1623 4855 1775 4895 asse-

201 4923 432 4986 quebatur
452 4942 620 4996 quam
645 4925 839 4979 minus
870 4926 1182 4993 appetebat.

255 5010 494 5073 Fstemur
533 5027 592 5075 et
651 5017 707 5072 in
763 5012 1070 5071 Godcfrido
1106 5014 1270 5072 fuisse
1326 5028 1472 5073 artes
1521 5021 1776 5088 optimas,

195 5115 306 5169 quas
351 5119 523 5168 tamen
591 5106 919 5180 aliquando
968 5108 1328 5176 przepedicbat
1381 5112 1665 5180 cupiditas.
1719 5115 1775 5171 Id

190 5208 282 5240 erat
302 5202 346 5240 in
371 5205 456 5240 ἶΙΙΛ
478 5223 647 5240 nnnm
668 5197 1156 5240 nﬁnnclmlilahila
1197 5204 1338 5240 lnan
1368 5218 1509 5240 c-nnn
1533 5215 1748 5240 rnnotno

1878 4577 2452 4649 blicequibuscunque
2493 4585 2671 4645 potest
2697 4575 2924 4630 Romani
2952 4575 3163 4646 imperii
3187 4578 3458 4649 episcopis

1877 4677 1932 4723 et
1970 4646 2197 4723 ducibus
2224 4682 2331 4721 non
2370 4675 2552 4722 cessat
2594 4681 2708 4721 rem
2763 4681 2918 4720 suam
2967 4667 3269 4734 notiflcare,
3325 4686 3462 4740 quos

1877 4759 2039 4814 etiam
2061 4759 2162 4815 sibi
2193 4757 2476 4829 suffragari
2510 4758 2742 4827 postulat
2773 4757 2826 4812 in
2851 4758 2956 4812 hac
2981 4759 3064 4814 sui
3111 4765 3458 4820 necessitate.

1948 4850 2131 4906 Multis
2148 4866 2303 4921 ergo,
2333 4849 2638 4920 lmjusmodi
2667 4849 3042 4917 compassione
3063 4863 3338 4924 suscepta,
3363 4857 3462 4912 hoc

1878 4943 2135 5013 injustam
2182 4957 2304 4999 esse
2349 4943 2550 4998 factum
2610 4940 3012 5013 proﬁtentibus,
3068 4947 3464 5016 veritatemque

1879 5033 1991 5102 regi
2021 5046 2126 5087 non
2156 5032 2503 5088 occulendam
2528 5031 2760 5100 benigne
2789 5035 3223 5104 suggerentibus,
3276 5035 3467 5089 decre-

1841 5179 1843 5182 .
1881 5133 1992 5180 tum
2021 5134 2106 5179 est
2127 5124 2339 5179 tandem
2360 5121 2590 5191 judicari
2638 5123 2833 5180 debere
2874 5125 2920 5178 si
2949 5124 3156 5180 licitum
3193 5125 3383 5180 fuisset
3410 5127 3462 5180 id

2443 5210 2622 5240 3..."..-
2669 5208 2994 5240 t‘-.s..l..:.t....
3023 5217 3124 5240 4--..
3154 5221 3174 5240 ι
3194 5218 3457 5240 .s---....:.---

1883 5214 1997 5240 (2-..:
2028 5214 2145 5240 ,ξε-Α
2175 5228 2330 5240 οιΑ-,ΑΛ
2365 5221 2411 5240 ΑΙ
