4026 5370
456 319 568 376 503

1461 303 1783 362 CODEFRE
1795 301 1855 354 Di
1896 295 2368 356 STABULENSIS
2401 291 2704 350 MONACHI

3633 287 3701 338 δέ)
3713 287 3738 339 i

459 428 921 490 contradicentem
955 421 1104 478 illum
1137 419 1269 476 satis
1297 433 1358 472 ex
1387 417 1534 487 justo
1572 423 1828 480 rectoque
1866 417 2047 482 posset
2080 415 2120 468 Α
2151 408 2268 460 sine
2303 405 2482 458 dolore
2504 411 2555 455 et
2586 401 2810 472 gemitu,
2842 403 3202 468 prosequente
3239 409 3344 449 non
3399 407 3570 464 parvo
3596 396 3744 464 ejus-

460 525 731 584 evincere,
776 518 820 572 si
869 514 1044 570 lidelis
1071 513 1368 566 advocatus
1416 521 1566 575 irque
1616 519 1678 558 ac
1729 501 2049 554 Fredericus

463 613 746 670 retinendo
782 625 844 664 ac
891 603 1283 678 propngnando
1325 599 1582 654 voluisset
1631 597 1830 650 bonum
1863 601 2051 647 sancto

462 707 712 768 Solidare,
744 701 844 756 nisi
874 700 1016 769 quod
1049 704 1360 766 suspectum
1390 692 1594 745 habens
1619 705 1738 742 cum
1765 701 1862 756 pro
1891 685 2052 738 benc—

465 797 588 851 licio
617 793 758 862 quod
784 805 848 842 ex
900 803 964 842 eo
1019 787 1234 840 tenebat
1285 782 1462 836 facere
1504 778 1794 842 dubitavit,
1821 775 2049 844 itlipsum

463 885 692 941 avaritia
725 880 1108 952 praepediente.
1146 873 1281 928 Nam
1309 883 1362 928 et
1389 874 1518 926 item
1559 869 1776 938 impleta
1825 865 2056 935 prophe—

466 980 538 1034 tia
569 977 804 1038 videtur,
834 985 955 1041 quae
977 969 1106 1024 dicit
1137 985 1150 1021 :
1187 965 1412 1018 Factum
1441 971 1513 1016 est
1537 961 1802 1031 judicium
1823 967 1868 1010 et
1888 954 2054 1024 judea:

466 1068 685 1137 accepit,
724 1073 995 1134 propterea
1035 1059 1118 1112 lex
1165 1057 1503 1118 subvertitur,
1541 1062 1586 1105 et
1620 1051 1688 1102 ad
1717 1049 1872 1116 linem
1905 1045 2024 1114 judi

466 1162 604 1214 cium
627 1173 728 1210 non
755 1153 1058 1224 perducitur
1081 1149 1312 1221 (Hebae.
1352 1146 1416 1212 ι).
1451 1141 1827 1211 litlcrpelluttts
1850 1138 1916 1191 ab
1943 1152 2057 1190 ont-

467 1253 627 1306 nibtts
665 1248 756 1317 qui
821 1246 1048 1300 aderant
1097 1249 1321 1310 rogatur
1364 1238 1650 1308 cpiscopus
1710 1231 2057 1301 acquiescere

463 1341 856 1414 justojudicio,
895 1337 987 1391 sed
1017 1344 1073 1388 ut
1098 1342 1216 1387 crat
1242 1332 1326 1384 vir
1352 1327 1660 1383 inflexibilis
1705 1341 1732 1378 a
1786 1338 1880 1374 sua
1933 1337 2055 1374 seu-

471 1435 659 1498 tentia,
683 1445 804 1486 cum
831 1429 988 1482 aliter
1021 1439 1125 1478 non
1171 1430 1356 1491 posset
1393 1417 1647 1477 evadere,
1697 1413 1928 1466 induciis
1964 1426 2060 1464 inc-

469 1525 640 1596 ccptis
671 1520 955 1577 consilium
990 1513 1172 1569 differt
1211 1513 1264 1565 in
1295 1510 1538 1580 proxima
1569 1506 1740 1560 curia.

542 1619 620 1671 Ex
657 1626 785 1669 tunc
811 1609 1050 1666 decuria
1106 1607 1156 1659 in
1205 1605 1410 1658 curiam
1462 1598 1795 1655 induciarum
1846 1606 2060 1660 semper

471 1705 784 1764 extenditur
813 1699 1024 1756 dilatio.
1083 1697 1149 1750 Et
1198 1693 1449 1757 dominus
1509 1688 1675 1742 abbas
1722 1683 1875 1736 vanis
1935 1681 2061 1734 licet

2153 497 2273 551 dem
2305 494 2521 548 familiae
2550 492 2828 546 comitatu.

2223 587 2324 642 Ubi
2353 587 2875 640 Malmundarisnses
2900 583 2964 636 dc
2995 581 3135 636 Sacri
3180 579 3424 650 corporis
3459 579 3743 634 erectionc

2151 681 2476 752 percipiunt,
2527 680 2708 735 slatim
2739 693 2860 732 cum
2918 676 3196 730 colcrilate
3249 673 3662 742 archiepisroiio
3695 674 3746 725 id

2155 773 2406 828 intimare
2438 788 2544 826 non
2569 768 2844 830 diﬂ'crnnl,
2875 759 3225 821 obsecrantes
3252 780 3374 818 cum
3415 770 3608 818 contra
3657 771 3739 816 te-

2158 879 2288 920 nere
2346 865 2426 918 sui
2486 860 2848 916 constantiam
2914 859 3202 927 fidemque,
3277 871 3435 926 quam
3485 870 3611 909 eum
3667 855 3750 907 eis

2157 954 2465 1007 firmaverat
2499 965 2602 1004 non
2645 948 2823 1004 facere
2858 947 3086 1001 irritam.
3155 946 3268 1012 Qua
3321 945 3388 997 de
3443 957 3610 997 causa
3663 942 3750 995 ille

2157 1058 2281 1114 rege
2310 1041 2472 1106 adito,
2505 1056 2569 1095 ex
2598 1039 2715 1110 ejus
2761 1037 2978 1092 nomine
3005 1036 3281 1090 dominum
3330 1031 3582 1086 abbatem
3615 1047 3752 1085 con-

2157 1135 2454 1189 strinxerat
2483 1131 2665 1202 gravis
2687 1127 3031 1186 necessitatis
3059 1125 3305 1188 articulo,
3333 1124 3476 1192 quod
3529 1123 3634 1178 nisi
3661 1138 3756 1176 ve-

2161 1234 2298 1280 taret
2331 1237 2427 1280 nos
2451 1223 2672 1296 propius
2698 1221 2980 1284 accedere,
3009 1219 3153 1273 dono
3182 1216 3332 1288 regia
3355 1216 3585 1270 haberet
3635 1227 3756 1267 om-

2160 1317 2287 1370 nino
2318 1328 2524 1369 carere.

2235 1407 2390 1462 Venit
2411 1421 2538 1475 ergo
2559 1403 2712 1473 quasi
2763 1401 2844 1456 sic
2897 1401 3141 1454 facturus
3189 1397 3360 1452 tristis
3405 1407 3461 1452 et
3512 1410 3758 1450 mmrens
3839 1425 3844 1428 -

2161 1499 2314 1554 nobis
2341 1499 2554 1562 obvius,
2584 1499 2677 1552 sed
2703 1511 2827 1552 eum
2859 1509 3022 1564 super
3051 1495 3153 1548 hac
3181 1505 3240 1548 re
3273 1491 3494 1546 minime
3524 1489 3752 1543 audivi-

2163 1608 2301 1647 mus.
2353 1590 2624 1647 Continno
2671 1588 2814 1642 enim
2864 1587 2954 1641 illo
3000 1585 3187 1650 invito,
3247 1599 3412 1654 seque
3479 1581 3758 1636 infelicem

2161 1683 2545 1754 proclamando
2567 1681 2896 1752 prosilintns,
2925 1678 3366 1748 apprehensoque
3393 1676 3606 1746 lipsano
3631 1690 3762 1730 sau-

473 1803 767 1855 frustratus
794 1787 1274 1865 pollicitationibus
1297 1783 1615 1852 fatigaretur
1642 1791 1783 1846 saepe
1810 1787 2060 1837 numero,
2093 1765 2134 1823 Β
2163 1775 2235 1828 cti
2257 1773 2509 1843 oppidum
2557 1771 2809 1840 Aquense
2837 1769 3121 1822 intramus.
3169 1767 3395 1820 Audires
3443 1766 3650 1822 ιυςιυιη
3705 1774 3761 1819 ﬂ

476 1903 580 1945 non
611 1897 787 1944 tamen
827 1883 1072 1940 defessus
1121 1876 1346 1948 quievit,
1389 1872 1442 1926 id
1480 1869 1738 1938 iniustum
1767 1879 1908 1934 stupe
1939 1877 2062 1932 pro-

475 1979 780 2042 clamando,
805 1975 976 2030 doncc
1007 1977 1288 2040 respectus
1315 1963 1702 2020 misericordiae
1753 1955 2064 2028 proveniret

477 2072 544 2126 :tb
589 2069 886 2124 Altissitno.
929 2060 1198 2130 Quidquid
1236 2055 1527 2128 pretiosius
1574 2051 1855 2105 videbatur
1891 2049 1944 2101 in
1977 2061 2062 2100 re-

477 2165 575 2217 bus
605 2159 876 2220 Ecclesirc,
904 2167 1118 2222 semper
1147 2151 1199 2204 in
1223 2162 1373 2217 spem
1403 2139 1758 2212 recuperandi
1779 2137 2062 2199 adductus,

479 2253 817 2324 profuturum
889 2244 992 2300 sibi
1055 2249 1209 2312 putat
1255 2237 1558 2293 liberaliter
1603 2231 1930 2288 distribuere
1971 2240 2068 2295 per

482 2317 711 2410 amicos,
741 2339 991 2396 videlicet
1035 2349 1188 2405 quos
1218 2332 1304 2387 bis
1343 2325 1624 2384 beneficiis
1679 2323 1912 2378 habebat
1965 2317 2067 2374 sibi

479 2435 802 2507 acquirere:
842 2447 936 2485 rex
976 2426 1146 2496 pluris
1183 2423 1460 2477 testimans
1480 2415 1730 2471 terat-inm
1776 2420 1964 2480 captus
1987 2415 2070 2462 est

482 2500 597 2597 ipse
624 2523 872 2586 avaritia,
925 2515 1130 2588 expetit
1151 2515 1204 2568 in
1231 2521 1440 2583 partem
1473 2521 1630 2562 suam
1658 2519 1721 2557 ex
1771 2501 1852 2555 his
1882 2500 2072 2554 cedere

481 2592 684 2688 aliqua.
717 2615 846 2668 Erat
895 2605 1338 2666 commutationis
1379 2601 1583 2655 indicta
1638 2592 1980 2654 vicissitudo,
2015 2597 2072 2642 ut

484 2679 829 2776 sifqttantitas
859 2698 1099 2768 pecunia!
1135 2693 1278 2762 regis
1313 2689 1608 2746 inferretur
1643 2683 1858 2746 :erario,
1889 2679 2072 2733 statim

487 2771 610 2850 boni
635 2793 776 2862 quod
799 2791 1134 2844 subtractum
1162 2791 1277 2837 erat
1313 2779 1555 2836 absoluta
1581 2777 1733 2830 licrct
1758 2771 2070 2838 redemptio.

491 2885 598 2941 Sed
620 2860 924 2953 esspoliato
947 2876 1166 2945 templo,
1200 2881 1255 2929 et
1281 2873 1366 2927 liis
1393 2885 1513 2941 quin
1543 2873 1862 2936 supererant
1891 2860 2075 2915 subla-

488 2980 578 3042 tis,
603 2976 690 3030 hic
713 2971 959 3028 cutnulus
987 2969 1250 3023 malorum
1273 2963 1471 3018 nostris
1489 2959 1718 3014 accessit
1747 2955 2076 3018 infortuniis,

491 3083 620 3122 nam
650 3065 800 3120 irrita
829 3061 984 3116 nobis
1017 3057 1218 3113 mansit
1249 3053 1546 3124 promissio
1583 3047 1900 3120 impcrialis.

1067 3180 1496 3224 ADNOTAT‘.0NES.

563 3309 1136 3384 Impieriipropitetiii“
1164 3306 1384 3384 videtur,
1418 3317 1534 3384 qtae
1582 3298 1716 3384 dicit
1756 3296 1985 3384 (Hahae.
2019 3291 2078 3384 ι)Ξ

490 3387 582 3442 Sic
612 3368 742 3456 ldgtt
773 3368 1012 3456 \lnlgzitm
1045 3377 1268 3456 Etiillq‘:
1306 3368 1380 3456 Ilii
1415 3368 1610 3456 factum
1645 3379 1716 3422 est
1741 3368 2008 3456 Ῑςιιιρτίξωςι
2033 3374 2080 3416 et

487 3435 831 3511 contradictio
875 3435 1154 3520 potentior.
1193 3435 1544 3520 Propter:th
1569 3435 1826 3520 incerato
1859 3447 1933 3518 est
1975 3435 2081 3515 (ex,

490 3538 536 3582 et
693 3506 920 3594 peruenit
947 3535 1106 3594 usque
1135 3522 1202 3570 ad
1231 3506 1386 3585 ﬁnem
1409 3513 1708 3582 judicium:
1737 3507 1864 3594 quia
1892 3506 2082 3594 impius

489 3576 742 3666 {iniiinii
765 3576 1034 3646 adversus.
1053 3576 1284 3660 justum,
1333 3576 1608 3656 propterea
1644 3576 1910 3649 egreditur
1932 3576 2088 3646 judi-

491 3682 629 3720 ειαηι
661 3677 978 3734 perversum.

1089 3767 1317 3824 CAPUT
1343 3766 1480 3821 XIV.

495 3888 702 3956 Corpus
725 3881 1068 3956 sanctiiapud
1085 3881 1290 3956 curiam
1323 3877 1485 3947 Aquis
1513 3874 1767 3956 defertur,
1808 3871 1898 3924 ubi
1928 3869 2084 3940 jussu

831 3945 1058 4023 episcopi
1085 3950 1230 4005 nullo
1256 3945 1452 4002 honore
1477 3945 1753 4014 excipitur.

568 4069 772 4126 Eodem
799 4081 942 4120 anno
976 4061 1305 4134 Aquisgrani
1335 4059 1644 4115 celebratur
1691 4054 1884 4125 regalis
1909 4052 2084 4116 curia,

496 4179 605 4236 quo
645 4173 884 4231 tempore
906 4158 1187 4227 ‘agebatur
1219 4149 1704 4225 quadragesimalis
1739 4145 2088 4217 parcimonia:

495 4248 862 4312 observantia.
893 4249 1152 4305 Dominus
1167 4247 1356 4310 abbas,
1381 4251 1654 4300 annuente
1671 4240 2086 4312 rcge,placitum

501 4353 786 4416 acceperat
825 4340 940 4395 illic
961 4339 1172 4402 adesse,
1229 4337 1282 4390 in
1337 4334 1622 4406 propatulo
1667 4333 1946 4387 locuturus
1975 4341 2086 4386 tam

2167 1862 2585 1918 vociferationes
2617 1859 2806 1930 quales
2837 1872 3108 1928 nunquam
3139 1855 3333 1911 fuerint
3380 1856 3582 1910 nostris
3623 1864 3762 1908 tem-

2165 1955 2417 2024 poribus,
2451 1953 2812 2023 qualibusque
2839 1949 3095 2020 lacrymis
3135 1948 3238 2002 nisi
3282 1947 3517 2018 peccatis
3551 1961 3762 2017 praepe-

2169 2047 2445 2103 dientibus
2476 2045 2640 2100 etiam
2669 2043 2843 2112 ipsum
2893 2039 3088 2096 coelum
3154 2047 3340 2110 petere
3393 2053 3498 2092 non
3547 2035 3760 2091 didide—

2171 2155 2376 2195 remtts.
3226 2115 3234 2123 ’

2243 2231 2349 2288 Sed
2391 2229 2474 2284 his
2505 2236 2681 2282 motus
2717 2241 2821 2282 non
2875 2233 2959 2280 est
2988 2239 3016 2279 a
3045 2238 3142 2278 sua
3194 2221 3462 2278 sententia
3501 2215 3768 2290 Agrippi-

2172 2323 2356 2378 nensis
2395 2321 2505 2385 ille,
2536 2319 2644 2374 imo
2668 2317 2794 2387 quia
2833 2331 2990 2371 secus
3016 2313 3278 2384 processit
3301 2326 3462 2380 quatn
3493 2293 3767 2370 voluerat,

2173 2415 2371 2470 dicitur
2423 2413 2635 2468 dedisse
2672 2425 2891 2480 operam
2929 2405 3396 2462 contradictionis.
3444 2402 3578 2456 Nam
3614 2402 3770 2456 dehi-

2177 2515 2288 2559 ttmt
2321 2505 2603 2566 honorem,
2631 2517 2791 2571 quem
2833 2499 3057 2554 decebat
3081 2507 3366 2568 patronum
3424 2493 3593 2548 totius
3640 2491 3772 2546 Gal.

2175 2597 2281 2662 lite,
2329 2597 2586 2649 exhibere
2616 2593 2896 2664 prohibuit
2929 2608 2958 2644 a
3007 2589 3221 2644 clericis
3269 2587 3439 2658 ipsius
3491 2585 3774 2654 quondam

2177 2688 2464 2758 parochiae.
2495 2684 2660 2754 Cujus
2693 2683 3002 2738 venerando
3025 2682 3239 2753 corpori
3271 2679 3562 2749 exsequias
3592 2678 3774 2731 inces-

2179 2789 2363 2836 santer
2388 2779 2668 2834 celebrant
2709 2775 2905 2847 angeli,
2963 2775 3225 2844 cujusque
3279 2773 3455 2828 anima
3512 2771 3773 2842 gaudium

2180 2871 2420 2942 possidet
2457 2869 2726 2940 paradisi,
2762 2872 2904 2923 ltttuc
2935 2866 3263 2937 injuriando,
3303 2866 3446 2918 velut
3475 2863 3560 2918 sui
3619 2863 3778 2917 simi-

2183 2965 2306 3028 lem,
2364 2979 2530 3017 ttnum
2583 2976 2651 3016 ex
2691 2961 2892 3015 infimis
2953 2959 3274 3015 mortalibus
3320 2957 3586 3029 repellere
3637 2970 3781 3026 pra:-

2183 3055 2411 3124 stnnpsit
2439 3069 2466 3108 a
2497 3055 2609 3109 suis
2635 3053 3036 3124 conspectibus.

2763 3179 3187 3220 ADNOTATIONES.

2256 3255 2684 3336 apprehensoque
2710 3255 2911 3336 [ipsane
2941 3256 3132 3308 sancti.
3153 3253 3382 3323 Lipsana
3415 3263 3628 3309 tantum
3662 3256 3784 3324 pht-

2186 3319 2374 3397 raliter
2395 3319 2717 3380 dceiina'tur.
2747 3319 2948 3380 Nomen
2978 3335 3062 3380 est
3093 3341 3200 3394 quo
3219 3319 3370 3397 apud
3399 3341 3498 3380 nos
3529 3319 3788 3394 reliquis:

2185 3396 2525 3467 significantu
2537 3412 2580 3449 r.
2651 3421 2654 3424 λ

2784 3506 3012 3564 CAPUT
3063 3507 3178 3564 XV.

2190 3620 2358 3676 Nobis
2425 3619 2720 3692 lugentibus
2771 3631 2818 3674 et
2869 3638 2986 3675 cmn
3056 3618 3247 3689 populo
3302 3622 3782 3692 proclamantibus,

2257 3691 2497 3761 proterre
2575 3691 2838 3760 Spirensis
2911 3692 3184 3760 episcopus
3263 3691 3461 3760 glebam
3540 3705 3784 3743 nostram

2259 3763 2436 3831 eﬂ'erri
2476 3761 2670 3829 jubet,
2714 3771 2763 3815 et
2808 3762 2876 3814 ad
2929 3761 3168 3814 ultimum
3217 3777 3334 3814 cum
3383 3777 3525 3830 grav:
3559 3777 3790 3814 uicerat-.2

2256 3832 2414 3886 simul
2437 3837 2594 3886 etiam
2620 3848 2737 3886 cum
2767 3833 2934 3886 saucii
2964 3847 3178 3900 corpore
3227 3831 3372 3885 nobis
3415 3831 3562 3886 itiiuc
3583 3832 3784 3884 disces-

2257 3919 2372 3957 sum
2399 3911 2495 3956 est.

2259 3985 2590 4072 Continuata
2621 4005 2752 4061 ergo
2795 3989 3008 4072 planctu
3035 3999 3098 4070 et
3121 3989 3530 4063 lamentatione,
3557 3990 3782 4072 injusti-

2191 4083 2324 4164 tiatn
2365 4082 2507 4135 hanc
2535 4079 2998 4151 proclamantibus
3028 4079 3081 4132 in
3129 4079 3288 4133 domo
3319 4080 3413 4133 Dei
3455 4077 3784 4146 Genitricis,

2191 4173 2388 4228 missus
2415 4187 2444 4225 a
2483 4185 2608 4242 rege
2636 4169 2913 4240 Spirensis
2938 4170 3243 4240 cpiscopus,
3276 4183 3500 4225 causam
3551 4169 3786 4237 tnquirit

2193 4260 2658 4332 proclamationis.
2717 4260 2914 4314 Paucis
2971 4273 3069 4329 pro
3119 4273 3178 4313 re
3237 4259 3473 4323 auditis,
3531 4257 3788 4326 nihilque

2189 4350 2326 4406 certi
2355 4351 2421 4406 ab
2457 4365 2522 4406 eo
2551 4350 2791 4420 cognito,
2826 4365 2944 4414 nos,
2977 4349 3171 4419 quibus
3199 4365 3295 4418 pro
3321 4364 3478 4404 muro
3506 4358 3630 4402 erat
3655 4349 3784 4401 ani-

499 4439 568 4494 de
596 4451 692 4492 sua
713 4445 878 4504 quam
911 4433 978 4486 de
1003 4429 1300 4486 sanctuarii
1325 4426 1675 4483 rectitudine.
1699 4423 1814 4479 Rex
1839 4423 1984 4479 enim
2020 4423 2086 4478 de
2119 4449 2162 4507 υ
2191 4457 2310 4496 mus
2358 4441 2528 4496 ﬁdens
2587 4441 2638 4494 ίη
2692 4441 2940 4504 Domino,
2991 4438 3343 4495 ascendemes
3393 4439 3654 4510 palatium
3707 4439 3784 4492 aq

499 4529 586 4583 his
609 4527 806 4596 quibus
834 4537 921 4579 res
945 4530 1064 4577 erat
1093 4521 1148 4577 in
1188 4521 1352 4576 dubio
1375 4534 1436 4575 se
1473 4518 1623 4586 juste
1657 4516 1922 4571 facturum
1954 4530 2082 4586 pro-

501 4617 764 4678 miserat,
791 4613 836 4669 si
875 4613 1160 4684 praeceptis
1185 4619 1242 4666 et.
1283 4610 1578 4680 privilegiis
1625 4608 2083 4678 praedecessorum

501 4714 689 4776 posset
715 4703 976 4759 infectum
1002 4703 1066 4757 iri
1089 4702 1231 4772 quod
1260 4701 1493 4762 fecerat,
1524 4701 1620 4754 sed
1658 4700 1709 4752 id
1743 4699 1935 4752 iterum
1969 4697 2084 4750 fru-

503 4804 618 4850 stra
645 4791 766 4848 fuit.
809 4791 942 4846 Nam
976 4793 1156 4845 animo
1202 4791 1437 4861 episcopi
1485 4790 1624 4845 male
1673 4789 1777 4843 fixa
1818 4789 2085 4843 sententia

505 4883 734 4940 minime
757 4881 914 4936 avelli
938 4881 1132 4950 potuit,
1159 4881 1266 4934 imo
1289 4881 1458 4951 ipsius
1471 4881 1611 4951 regis
1640 4881 1902 4942 animum,
1925 4893 2085 4948 quem

503 4973 838 5044 possidebat,
879 4970 1027 5025 velut
1067 4971 1354 5040 quoddam
1387 4973 1734 5041 mancipium,
1792 4984 1962 5041 pravo
2007 4969 2088 5022 in-

506 5062 666 5135 genio
696 5077 727 5116 a
749 5059 884 5116 recti
909 5059 1178 5114 sententia
1205 5061 1446 5116 deduxit.
1609 5115 1617 5118 _
1946 5105 1955 5112 .

577 5150 850 5208 Eﬂocerat
875 5151 1098 5220 insuper
1119 5151 1258 5220 apud
1285 5153 1532 5206 eumdem
1554 5151 1620 5206 de
1647 5161 1844 5208 caetero
1866 5153 1939 5208 nil
1967 5167 2089 5224 pro-

505 5242 752 5298 futurum
783 5240 1050 5311 ejusmodi
1097 5239 1409 5294 clamorem.
1452 5241 1605 5307 Quod
1637 5253 1696 5296 ut
1736 5245 1892 5299 nobis
1938 5259 2088 5300 com-

505 5339 720 5370 nm-Ium
753 5339 834 5370 oet
864 5331 937 5370 ita
959 5329 1226 5370 ρνριιίςυι.
1261 5329 1431 5370 vinum
1458 5339 1534 5370 ραι
1563 5335 1832 5370 nnmmnni
1863 5336 2090 5370 nnnciltn

2189 4525 2358 4599 usque
2391 4530 2570 4602 regias
2599 4529 2744 4585 fores
2775 4531 3137 4600 procedimus,
3169 4531 3259 4584 ubi
3311 4529 3466 4600 pauci
3517 4530 3664 4583 intro
3709 4530 3784 4584 ad

2188 4619 2340 4674 missi
2365 4635 2487 4674 cum
2515 4618 2706 4674 baculo
2729 4620 2898 4674 nostri
2922 4621 3122 4676 domini
3147 4619 3335 4676 flentes
3359 4635 3542 4674 coram
3566 4619 3788 4674 assisti-

2187 4724 2329 4762 mus.
2357 4707 2472 4762 Rex
2501 4709 2635 4763 nihil
2663 4711 2752 4764 dat
2783 4711 3026 4781 responsi
3059 4719 3252 4767 sedens
3293 4711 3442 4766 velut
3491 4721 3674 4765 mutus
3723 4726 3788 4766 et

2189 4797 2474 4862 attonitus,
2509 4799 2602 4853 sed
2630 4798 2747 4866 ejus
2785 4801 2904 4854 vice
2934 4815 3032 4869 pro
3079 4813 3202 4855 voto
3259 4801 3549 4870 respondet
3598 4803 3784 4856 archio

2188 4891 2494 4960 cpiscopus,
2513 4891 2584 4944 ttil
2609 4890 2867 4959 injustam
2897 4893 3359 4964 dandoproprium
3386 4893 3579 4951 fecisse
3603 4895 3780 4948 domi-

2190 4995 2317 5036 num
2352 4989 2620 5047 nostrum,
2652 4997 2752 5037 nec
2779 4997 2836 5038 se
2862 4985 3173 5054 recipiendo
3197 4986 3492 5056 quidquam
3517 5001 3788 5055 peccasse

2189 5074 2243 5128 in
2293 5082 2538 5128 sanctum
2587 5083 2872 5140 nostrum;
2923 5076 3117 5145 quibus
3167 5077 3622 5146 respondentibus
3673 5077 3788 5134 hoc

2190 5178 2348 5234 posse
2396 5164 2752 5217 animadverti
2792 5179 2860 5217 ex
2890 5169 3172 5236 prmceptis
3220 5177 3272 5220 et
3311 5167 3609 5237 privilegiis
3656 5184 3784 5222 ma—

2185 5252 2388 5322 jorum,
2421 5254 2463 5308 si
2494 5254 2698 5308 licitum
2731 5253 2923 5310 fuisset
2953 5257 3002 5310 id
3034 5257 3174 5322 ﬁeri,
3203 5257 3425 5313 dilatttttt
3449 5269 3530 5313 est
3558 5260 3612 5312 in
3654 5274 3786 5314 cra-

2192 5343 2390 5370 n':nIII“
2415 5343 2468 5370 ξι.
2503 5343 2785 5370 ιῘξΙῘι-Ληιη-
2818 5347 3111 5370 Α-.λη.ρ.ξ-......ξ
