4026 5370
545 388 650 445 307

1514 389 1927 448 'GODEFREDI
1968 389 2436 448 STABULENSIS
2476 389 2779 448 MONACHI

3693 380 3798 438 308

545 514 721 562 vastat
750 515 806 563 et
855 505 1057 577 diripit,
1089 508 1263 578 ipsum
1295 505 1556 562 novitium
1603 507 1909 577 pontiﬁcem
1957 496 2114 562 inhuo
2148 512 2192 568 Λ
2221 507 2437 561 vinculo
2465 506 2659 561 debitae
2680 503 2952 560 servitutis
2975 501 3421 573 astringerentur,
3449 495 3798 552 totisnisibus

547 611 708 652 mane
730 604 969 652 tractans
997 583 1055 652 iri
1099 597 1313 652 vincula
1342 596 1581 666 conjicit,
1616 595 1886 666 Spirensis
1943 606 2122 653 autem

547 687 829 757 episcopus
867 688 920 742 in
951 687 1236 744 ecclesiam
1271 704 1429 744 secus
1475 689 1644 744 altare
1691 704 1750 745 se
1807 690 2124 760 pracripiens

546 778 833 834 delituerat
858 819 874 841 ,
903 780 1014 848 qui,
1047 780 1341 850 requisitus
1377 779 1754 851 inventusque,
1799 795 1904 835 non
1936 781 2123 835 imme-

547 869 681 922 ritas
711 870 870 924 solvit
897 885 1104 940 ptenas,
1133 872 1200 926 ob
1251 872 1675 928 vicissitudinem
1724 887 1888 942 quam
1936 880 2121 927 saneto

547 958 888 1030 irrogaverat
935 961 1060 1015 dum
1106 962 1317 1031 glebam
1369 973 1612 1018 nostram
1671 963 1850 1018 efferri
1886 964 2122 1019 tumidus

546 1052 992 1119 proclamaverat.
1021 1053 1154 1108 Nam
1181 1054 1548 1124 colaphizatus
1571 1053 1922 1125 etpropulsus
1945 1070 1976 1108 ει
1993 1070 2120 1110 san-

546 1143 790 1208 οιυειτῐο,
826 1143 971 1198 velut
1017 1145 1166 1199 canis
1201 1144 1511 1200 immundus
1554 1145 1906 1210 abstrahitur,
1963 1153 2017 1200 ct
2063 1155 2120 1200 ut

544 1247 661 1290 erat
693 1237 927 1292 intectus
973 1239 1239 1310 nudisque
1265 1239 1490 1310 pedibus
1511 1281 1524 1304 ,
1557 1239 1902 1309 vilijumento
1948 1241 2119 1310 impo-

545 1327 699 1393 situs,
729 1331 809 1383 sic
829 1329 897 1383 ad
925 1344 1022 1383 sna
1057 1331 1234 1386 redire
1260 1331 1586 1401 praccipitur.
1637 1331 1746 1388 Nec.
1791 1343 1968 1388 tamen
2018 1333 2119 1389 ista

543 1421 820 1475 sufﬁciunt
847 1419 1185 1492 ejusjudicio
1216 1423 1304 1492 qui
1349 1438 1447 1492 per
1479 1424 1793 1494 prophetam
1842 1424 2116 1495 loquitur:

542 1511 679 1566 Mihi
712 1513 961 1579 vindicta,
992 1524 1040 1567 et
1080 1531 1111 1567 ιι
1139 1530 1216 1567 me
1237 1515 1333 1568 erit
1378 1515 1646 1568 retributio
1695 1514 1871 1586 (Deut.
1925 1532 2074 1570 xxx"
2101 1533 2116 1582 ;

543 1599 697 1656 Bom.
731 1603 850 1673 xu).
884 1602 1124 1672 Denique
1151 1603 1359 1673 probis
1394 1620 1513 1674 qua:
1550 1605 1648 1658 sibi
1674 1620 1780 1659 non
1813 1622 1877 1660 ex
1902 1614 2120 1660 senten-

543 1692 616 1746 tia
647 1693 955 1764 obtigerant
978 1693 1164 1750 dolore
1199 1704 1253 1749 et
1281 1697 1499 1750 tristitia
1528 1696 1806 1752 confectus
1829 1696 2117 1766 plurimum

539 1781 652 1837 vita
681 1784 916 1839 excessit
946 1783 1083 1839 infra
1118 1785 1261 1840 illius
1299 1787 1425 1840 anni
1457 1786 1806 1841 curriculum.
1859 1785 1996 1853 Quid
2043 1785 2116 1839 illi

543 1874 609 1928 de
639 1888 737 1928 suo
767 1872 993 1930 fecerint
1023 1877 1275 1946 episeopo
1303 1876 1390 1931 hic
1411 1891 1554 1931 nunc
1600 1877 1849 1947 persequi
1883 1892 1988 1930 non
2019 1892 2118 1929 va-
2149 1848 2195 1907 Β

542 1977 653 2034 cat,
682 1978 946 2038 quantum
991 1969 1058 2023 ad
1105 1985 1204 2025 nos
1243 1970 1437 2025 attinet
1487 1970 1553 2025 de
1603 1970 1686 2025 bis
1743 1970 1876 2025 satis
1922 1969 2124 2025 dixisse

541 2057 796 2112 sufﬁciat.
823 2059 1076 2114 Attamen
1104 2059 1170 2114 ad
1202 2059 1400 2113 malum
1432 2060 1534 2115 hoc
1561 2060 1634 2114 illi
1665 2076 1694 2114 a
1735 2060 1843 2114 Deo
1866 2060 1919 2114 in
1941 2058 2122 2116 futuro

543 2164 648 2203 non
681 2160 979 2219 rcputetur,
1011 2163 1232 2222 propter
1268 2167 1426 2222 quem
1483 2161 1688 2206 tantum
1743 2152 1948 2208 crimen
1991 2159 2121 2206 tam-

541 2257 646 2310 que
677 2242 968 2297 nelandum
1000 2243 1350 2299 homicidium
1396 2243 1695 2314 perpetrari
1737 2243 1977 2312 potuisse
2007 2257 2123 2298 cre-

542 2330 704 2385 ditur.
737 2329 842 2387 Sed
865 2331 978 2404 jam
1008 2331 1077 2386 ad
1105 2330 1435 2386 narrationis
1461 2333 1657 2387 seriem
1704 2333 2013 2387 redeamus.

1101 2464 1331 2522 CAPUT
1376 2464 1554 2520 XVill.

540 2571 741 2627 Iterum
780 2573 939 2628 abbas
967 2573 1121 2628 licere
1171 2576 1270 2628 sibi
1309 2576 1638 2630 revendicare
1675 2575 1846 2629 locant
1886 2593 2039 2629 suum
2089 2595 2120 2631 a

612 2660 728 2712 rege
768 2647 1044 2712 impetrat,
1087 2645 1539 2700 Malmundarium
1585 2647 1814 2715 repedat,
1853 2657 1901 2700 et
1945 2647 2122 2701 delato

610 2731 783 2768 secum
823 2717 989 2768 sancti
1020 2732 1255 2783 corpore,
1289 2733 1494 2780 omnes,
1521 2726 1566 2768 et
1605 2717 1886 2771 monac/tos
1929 2727 1978 2770 et
2023 2716 2126 2770 lai-

611 2801 720 2848 (οε,
746 2785 839 2838 sub
863 2795 1191 2839 sacramento
1215 2786 1434 2853 prtelato
1468 2785 1716 2853 refrenat.

610 2876 814 2932 Exacto
849 2886 1088 2947 tempore
1135 2877 1469 2931 induciarum
1517 2893 1651 2946 quas
1705 2889 1984 2948 acceperat
2038 2896 2123 2934 ar-

540 2967 935 3037 chiepiscopus,
986 2967 1234 3021 dominus
1288 2967 1454 3022 abbas
1504 2967 1571 3020 ad
1628 2967 1832 3020 curiam
1879 2968 2019 3022 redit
2070 2970 2122 3023 in

541 3057 672 3126 ipsis
711 3058 967 3112 nnLtliUS
1008 3056 1215 3112 diebus.
1255 3056 1384 3110 Erat
1424 3056 1476 3110 in
1522 3057 1636 3128 ipsa
1686 3056 1999 3112 celebritate
2032 3074 2124 3113 rex

539 3150 680 3220 apud
723 3149 1123 3220 Bavcubergam
1187 3150 1500 3214 civitatem,
1553 3150 1642 3204 ubi
1705 3165 1887 3204 coram
1949 3166 2014 3206 eo
2067 3162 2193 3248 etC

539 3239 890 3309 optimatibus
919 3239 1054 3308 ejus,
1083 3255 1190 3294 non
1217 3239 1432 3295 insolito
1455 3241 1647 3310 repetit
1682 3241 2123 3310 proclamationis

540 3345 657 3385 sua:
675 3332 1023 3386 mentionem.
1052 3330 1158 3386 Sed
1176 3331 1447 3386 obstinato
1467 3332 1649 3399 corde,
1671 3333 1834 3387 etiam
1860 3345 2122 3389 renuente

541 3421 970 3491 archiepiscopo,
1014 3429 1156 3475 totus
1184 3435 1321 3491 pene
1368 3429 1666 3475 conventus
1703 3421 1976 3476 curiarum
2029 3424 2125 3477 do-

540 3513 688 3566 mino
713 3512 896 3568 abbati
925 3511 1138 3567 favebat
1157 3528 1225 3568 ex
1251 3501 1456 3567 animo.
1503 3511 1621 3582 ipse
1649 3527 1744 3567 rex
1775 3513 2121 3568 consentiens

538 3602 780 3668 Veritati,
802 3601 1095 3658 benevolus
1115 3611 1235 3658 erat
1262 3603 1328 3656 ad
1355 3602 1681 3658 reddendum
1698 3603 1896 3658 bonum
1918 3584 2120 3659 Christi

538 3690 892 3755 confessoris,
922 3693 1022 3746 nisi
1053 3692 1193 3762 quod
1224 3692 1277 3746 in
1327 3691 1488 3748 dubio
1523 3700 1641 3746 crat
1666 3732 1680 3756 ,
1722 3709 1789 3748 ne
1818 3693 1871 3748 id
1919 3693 2122 3750 faceret

543 3789 742 3850 praeter
784 3796 902 3836 eam
933 3796 1095 3851 quam
1143 3792 1450 3852 suspectam
1500 3782 1735 3837 habebat
1785 3783 2119 3839 voluntatem

541 3871 802 3941 episcopi.
831 3871 968 3943 Nam
998 3881 1125 3926 ante
1171 3872 1272 3927 hac
1317 3875 1456 3928 infra
1507 3874 1680 3943 ipsum
1732 3888 1950 3936 annum,
1996 3889 2120 3930 cum

540 3963 686 4032 apud
713 3978 811 4017 nos
831 3937 984 4018 ‘essct
1012 3979 1132 4018 cum
1160 3965 1340 4035 regina
1361 4006 1376 4030 ,
1407 3966 1604 4020 bonum
1635 3966 1735 4021 hoc
1783 3965 1883 4035 ip‘si
1932 3974 2121 4021 sancto

539 4071 636 4124 per
668 4054 916 4110 baculum
943 4055 1110 4124 ipsius
1145 4056 1512 4119 reddiderant,
1537 4072 1658 4111 cum
1705 4056 1866 4109 etiam
1907 4070 2120 4111 sacrum

539 4147 804 4216 lipsanum
855 4145 1158 4215 expositqu
1210 4146 1311 4200 hac
1361 4145 1429 4200 de
1459 4161 1620 4201 causa
1678 4145 1731 4198 in
1771 4144 1973 4210 medio,
2008 4145 2123 4215 ipse

541 4237 803 4292 revehens
831 4237 883 4290 in
907 4235 1026 4291 loco
1048 4235 1164 4306 ejus
1185 4236 1468 4306 condignis
1491 4236 1738 4290 laudibus
1761 4235 2117 4291 relocaverat.

538 4325 650 4381 Nos
681 4334 846 4381 testes
890 4341 1096 4388 sumus,
1139 4325 1232 4394 qui
1281 4324 1587 4379 audivimus
1635 4334 1689 4379 et
1737 4326 1967 4381 vidimus
2019 4326 2124 4382 hoc

539 4415 692 4481 ﬁeri,
741 4415 989 4484 quamvis
1028 4422 1215 4484 postea
1261 4413 1456 4467 timore
1511 4413 1784 4483 pontiﬁcis
1839 4414 1991 4469 nefas
2045 4415 2120 4469 illi

2223 595 2521 652 elaborare.
2568 596 2700 650 Nam
2729 595 2902 666 pudor
2931 601 3048 650 erat
3096 608 3189 648 eos
3235 592 3361 657 dici,
3421 590 3562 659 quod
3615 598 3798 643 tamen

2224 688 2444 742 difﬁteri
2483 703 2587 742 non
2617 695 2886 758 poterant,
2913 700 3097 740 servos
3133 683 3306 738 sancti
3354 680 3620 742 Remacli,
3646 677 3800 744 cujus

2225 796 2413 835 revera
2471 780 2570 850 ipsi
2620 778 2896 833 beneﬁciis
2947 786 3001 831 et
3052 773 3494 844 opitulationibus
3544 769 3801 823 vivebant

2224 869 2440 938 ingrati.
2464 868 2707 922 Monachi
2735 867 2920 930 laieos,
2950 865 3070 918 laici
3091 863 3385 917 monachos
3410 860 3462 914 in
3481 860 3582 914 hoc
3608 858 3803 912 cohor-

2225 959 2482 1014 tabantur
2511 973 2568 1012 se
2597 957 2845 1020 invicem,
2885 964 2942 1009 ut
2975 953 3194 1008 domino
3228 950 3432 1014 abbati,
3457 948 3549 1018 qui
3585 947 3801 1010 aderat,

2223 1051 2664 1106 eontradicercnt
2717 1045 3006 1101 venerandi
3059 1043 3304 1115 corporis
3356 1039 3800 1110 susceptionem,

2223 1143 2377 1196 autsi
2403 1141 2584 1196 invitis
2612 1141 2690 1194 eis
2720 1155 2818 1210 per
2857 1139 2961 1190 vim
3013 1136 3327 1200 inferretur,
3359 1133 3559 1204 ipsi'de
3609 1139 3802 1187 contra

2223 1234 2607 1290 monasterium
2638 1231 2718 1285 vel
2750 1231 2924 1285 locum
2953 1232 3355 1300 egrederentur.

2293 1327 2498 1393 Quibus
2543 1325 2710 1379 abbas
2738 1323 2991 1393 cognitis,
3038 1336 3178 1374 nunc
3203 1317 3499 1381 blanditiis,
3549 1324 3661 1369 tum
3697 1321 3805 1368 ter-

2224 1418 2438 1472 roribus
2460 1415 2721 1486 repressit
2755 1411 3152 1469 contumaciam
3194 1408 3404 1465 servilis
3444 1406 3708 1470 audacim,
3745 1413 3807 1459 ut

2223 1509 2440 1566 tandem
2505 1509 2827 1580 acquievere
2879 1509 2998 1562 sine
3045 1505 3248 1560 oll'ensa
3306 1501 3582 1558 dominum
3642 1515 3804 1555 suum

2221 1603 2512 1672 suscipere.
2566 1601 2699 1656 Cum
2755 1615 2884 1670 ergo
2940 1599 3188 1653 dominus
3241 1595 3406 1649 abbas
3446 1592 3512 1647 ad
3563 1604 3809 1659 praesens

2220 1696 2522 1751 celebraret
2574 1694 2892 1764 mysterium
2949 1691 3195 1744 humana:
3256 1684 3676 1756 Rcdemptionis,
3739 1682 3808 1736 ad

2221 1785 2406 1840 laudes
2453 1785 2562 1839 Deo
2616 1783 2892 1838 nobiscum
2921 1780 3253 1843 referendas,
3286 1793 3384 1831 nec
3416 1790 3554 1829 unus
3584 1772 3806 1842 quidem

2224 1892 2410 1932 eorum
2438 1873 2683 1929 interfuit
2737 1873 3020 1926 missarum
3064 1868 3394 1933 solemniis,
3427 1866 3602 1920 adhuc
3658 1864 3808 1918 enim

2225 1968 2471 2030 ﬁdentes,
2503 1966 2569 2022 de
2607 1965 2848 2035 potentia
2879 1963 3118 2032 episcopi
3155 1972 3204 2016 ct
3254 1959 3640 2028 suffragatione
3670 1971 3811 2026 pra:-

2224 2059 2529 2123 sumebant,
2571 2058 2698 2128 quia
2757 2055 2807 2110 id
2862 2056 2978 2126 ejus
3023 2069 3130 2109 non
3180 2067 3300 2108 esse
3355 2050 3650 2107 voluntatis
3698 2062 3810 2102 non

2225 2148 2572 2222 ignorabant.

2297 2242 2386 2297 Sic
2416 2243 2532 2296 loco
2589 2241 2948 2306 revintlicato,
2979 2237 3355 2306 revocatisque
3381 2236 3548 2290 abbas
3569 2233 3810 2289 homini-

2223 2333 2322 2387 bus
2375 2332 2626 2386 Ecclesia:
2675 2331 2772 2385 sub
2827 2346 2925 2385 suo
2957 2335 3316 2390 sacramento,
3352 2326 3589 2394 itemque
3616 2338 3810 2378 mona-

2223 2422 2364 2488 chis,
2411 2422 2537 2476 licet
2579 2420 2778 2484 inﬁdis,
2809 2420 2908 2475 sub
2941 2418 3169 2489 regulari
3203 2418 3468 2482 instituto,
3499 2413 3806 2469 Stabulaus

2227 2517 2432 2580 rediit,
2495 2513 2627 2569 nihil
2695 2513 2903 2568 adversi
2969 2512 3255 2582 suspicans
3313 2509 3434 2564 illos
3493 2506 3674 2562 moliri
3737 2505 3812 2560 de

2223 2618 2439 2662 (κριοῖο.

2804 2693 3032 2750 CAPUT
3072 2692 3213 2747 XIX.

2225 2813 2398 2868 Abbas
2431 2811 2648 2865 Romam
2674 2811 2879 2865 veniens
2908 2813 3048 2880 apud
3074 2809 3433 2864 Alexandrum
3461 2824 3818 2880 papa‘msnas

2295 2885 2624 2953 presequitur
2655 2899 2863 2953 causas.
2893 2877 2981 2951 qui
3010 2883 3163 2953 etiam
3193 2897 3286 2953 pro
3307 2896 3364 2953 eo
3393 2897 3515 2932 snas
3571 2877 3810 2933 σοιωιῑε

2293 2949 2450 3006 mittit
2479 2951 2749 3020 epistolas,
2775 2953 2864 3005 sed
2903 2949 3066 3005 totum
3096 2951 3150 3004 id
3181 2951 3280 3019 fuit
3309 2949 3533 3018 frustra.

2296 3063 2412 3133 Ipse
2439 3078 2634 3132 paucos
2658 3061 2797 3114 infra
2827 3061 2941 3115 dies
2971 3060 3196 3114 Romam
3231 3059 3408 3128 petiit,
3440 3056 3818 3126 Ecclesiaaque

2228 3163 2422 3207 nostrae
2453 3151 2729 3222 privilegia
2756 3150 3080 3205 auctoritate
3107 3145 3400 3220 apostolica
3427 3151 3811 3214 innovaturus,

2225 3245 2592 3299 Alexandrum
2627 3259 2817 3313 papam
2849 3241 3217 3296 Romanorum
3248 3241 3398 3295 adiit.
3443 3239 3557 3294 lllic
3599 3255 3697 3307 pro
3726 3255 3812 3303 se.

2224 3351 2321 3406 pro
2359 3334 2501 3398 loco,
2535 3349 2632 3404 pro
2662 3332 2905 3387 adversis
2928 3333 3164 3396 casibus,
3199 3331 3439 3401 itemque
3465 3345 3563 3400 pro
3596 3329 3815 3399 injusti-

2224 3429 2334 3492 tiis,
2374 3443 2509 3498 quas
2530 3435 2720 3481 saneto
2745 3425 3005 3481 Remaclo
3031 3425 3242 3495 sibique
3265 3423 3521 3478 intulerat
3557 3422 3816 3493 Agrippi-

2224 3536 2306 3576 ηερ.
2349 3520 2585 3577 Colonia:
2624 3521 2931 3590 episcopus,
2987 3519 3117 3574 satis
3167 3533 3263 3588 pro
3290 3525 3534 3586 tempore
3585 3532 3813 3572 causam

2223 3619 2556 3682 prosecutus,
2582 3619 2789 3682 gratam
2814 3610 3098 3664 admodum
3134 3609 3561 3664 consolationem
3595 3607 3810 3662 invenit

2224 3704 2292 3758 ab
2317 3701 2407 3757 illo
2431 3711 2489 3758 et
2523 3718 2553 3756 a
2602 3701 2910 3772 reipublica:
2956 3699 3288 3755 consulibus.
3337 3698 3471 3753 Nam
3505 3699 3618 3768 ipse
3645 3713 3810 3767 papa,

2223 3791 2441 3850 relectis
2527 3794 2988 3862 prtedecessortnn
3057 3804 3277 3844 suorum
3348 3788 3624 3851 decretis,
3701 3801 3812 3838 non

2223 3887 2492 3942 mediocre
2521 3883 2819 3956 periculum
2848 3884 3115 3955 agnoscit,
3147 3881 3548 3952 arehiprzcsulis
3576 3879 3816 3933 miratus

2223 3987 2331 4033 tam
2354 3975 2614 4046 sapientis
2636 3974 2736 4028 viri
2765 3975 3044 4044 deceptam
3073 3971 3436 4043 prudentiam,
3471 3980 3578 4024 tam
3613 3969 3810 4021 incon-

2222 4070 2362 4126 sulte
2395 4069 2635 4138 potuisse
2682 4067 2932 4135 desipere
2979 4065 3035 4119 in
3085 4065 3192 4119 his.
3242 4063 3424 4132 Itaque
3475 4070 3582 4115 tam
3616 4066 3813 4126 rogatu

2221 4159 2422 4213 domini
2451 4157 2587 4212 abba
2618 4158 2662 4212 is
2709 4172 2870 4226 quam
2897 4171 2993 4225 pro
3019 4170 3083 4209 eo
3113 4155 3255 4224 quod
3283 4149 3699 4208 sollicitudinem
3742 4150 3812 4203 de

2222 4249 2495 4312 onutibus,
2539 4258 2724 4316 utpote
2755 4246 3078 4301 universalis
3126 4253 3308 4314 pastor
3334 4255 3523 4313 gerere
3549 4237 3812 4301 habebat,

2223 4355 2290 4394 ex
2337 4339 2661 4394 auctoritate
2709 4336 2852 4392 Petri
2901 4335 3130 4405 apostoli
3187 4327 3238 4388 in
3291 4334 3404 4388 suis
3453 4331 3674 4400 scriptis
3734 4330 3811 4384 illi

2222 4430 2524 4494 denuntiat,
2573 4437 2631 4483 ut
2673 4443 2742 4483 ne
2773 4442 3098 4497 quemquam
3127 4441 3223 4495 pro
3252 4425 3335 4478 his
3369 4421 3515 4491 jusle
3543 4423 3815 4476 damnare

535 4508 701 4562 fuerit
733 4507 834 4562 hoc
867 4505 1119 4560 inliciari.
1177 4509 1432 4560 Attamen
1487 4522 1630 4562 nunc
1683 4507 2120 4563 animadvertens

2229 4520 2442 4582 habeat,
2479 4518 2703 4572 ulterius
2723 4516 2936 4581 alienis,
2965 4530 3083 4584 qum
3103 4513 3184 4568 sui
3212 4511 3350 4582 juris
3372 4526 3477 4565 non
3500 4519 3680 4574 erant,
3702 4511 3815 4563 vim

537 4595 708 4652 abbas
734 4604 842 4650 tam
873 4595 988 4666 ejus
1022 4595 1457 4651 benevolentiam
1495 4612 1658 4664 quam
1694 4597 1862 4666 ipsius
1893 4599 2121 4668 optima-

537 4698 674 4754 tum,
703 4702 993 4758 aggressus
1025 4697 1108 4742 est
1163 4703 1284 4743 eum
1346 4687 1648 4756 deprecari,
1700 4696 1759 4741 ut
1803 4687 1950 4743 salva
2002 4688 2118 4758 ejus

534 4781 727 4850 gratia,
755 4779 966 4834 tametsi
990 4779 1154 4835 nollet
1175 4780 1476 4852 episcopus,
1500 4780 1688 4836 liceret
1709 4782 1758 4837 ei
1781 4782 2118 4839 revindieare

537 4873 715 4924 locum
745 4870 796 4923 in
827 4868 916 4938 jus
942 4870 1245 4938 proprium.

607 4960 883 5028 llisjustis
931 4961 1276 5031 petitionibus
1325 4978 1452 5034 rege
1498 4979 1604 5020 non
1660 4973 1956 5034 renuente,
2007 4966 2118 5022 into

535 5055 748 5111 cunctis
777 5054 1202 5110 assentientibus
1246 5054 1526 5125 idjustum
1578 5057 1695 5112 ﬁeri
1744 5057 1964 5124 debere,
2019 5058 2109 5114 do-

533 5149 714 5194 minus
765 5148 930 5194 ahltas
982 5147 1430 5194 ὶέεξΙεῃεεῃεέεξςίηιιι
1486 5150 1686 5194 rediit.
1749 5167 1812 5194 an
1868 5165 1935 5194 ηεξ
1989 5151 2116 5194 illaesi

2225 4607 2425 4663 inferre
2466 4607 2673 4662 timeat.
2719 4605 2883 4660 Multa
2933 4603 3153 4676 (inquit)
3182 4617 3250 4658 ex
3279 4609 3329 4656 le
3363 4601 3501 4655 bona
3539 4614 3706 4671 opera
3743 4603 3813 4652 aJ

2224 4699 2406 4754 sedem
2435 4711 2607 4766 usque
2630 4696 2834 4750 domini
2870 4696 2975 4748 mei
3020 4695 3164 4748 Petri
3218 4692 3394 4748 delata
3432 4690 3813 4760 cognovimus,

2223 4805 2363 4860 quze,
2387 4788 2531 4842 velut
2553 4789 2784 4858 quadam
2812 4788 2978 4850 nube,
3009 4786 3142 4840 mihi
3165 4785 3419 4840 oll‘uscari
3443 4783 3702 4838 videntur
3726 4783 3815 4836 his

2226 4881 2331 4936 tuis
2380 4880 2910 4949 praesumptionibus.
2948 4877 3068 4932 Non
3109 4893 3240 4946 ergo
3265 4885 3388 4948 eget
3433 4877 3576 4930 Deus
3617 4873 3810 4928 offerri

2223 4970 2325 5025 sibi
2355 4969 2482 5040 quid
2507 4982 2572 5022 ex
2598 4968 2860 5038 injustitia
2887 4986 2900 5021 :
2949 4967 3128 5035 Quare
3148 4968 3222 5021 sic
3261 4967 3396 5034 ﬁunt
3418 4966 3466 5019 ei
3493 4965 3717 5018 victima:
3748 4979 3815 5016 ea:

2224 5059 2429 5129 rapina,
2454 5042 2788 5129 quomodo'si
2813 5068 3002 5112 mactet
3039 5057 3155 5123 quis
3177 5055 3346 5123 ﬁlium
3375 5056 3427 5108 in
3452 5054 3622 5124 patris
3670 5069 3817 5122 prw-

2220 5151 2386 5194 nmitia
2437 5149 2574 5194 llsn-
2627 5153 2805 5194 Lu'll-
2851 5162 2916 5194 ac.
2950 5163 3016 5194 ne.
3048 5149 3224 5194 dando
3266 5145 3500 5194 videaris
3534 5143 3818 5194 Gaetltlerc
