4026 5370
205 353 316 410 δηθ

1251 361 1652 422 TRIUMPIIUS
1689 365 1744 420 S.
1791 367 2106 427 REllACLI.
2138 401 2212 414 —
2245 369 2370 428 LIB.
2409 373 2448 428 I.

3384 357 3490 431 sm

213 470 432 524 rienses
461 469 647 524 dehis
681 485 802 540 qtue
833 485 960 542 erga
987 485 1048 526 se
1091 480 1146 526 et
1197 471 1370 530 locum
1401 487 1520 530 acta
1567 479 1695 542 sint,
1729 479 1800 532 illi
1831 487 1877 546 Α
1909 480 1978 534 iis
2051 497 2282 553 arguens
2339 501 2495 538 suum
2559 485 2782 540 militem
2817 515 2832 548 ,-
2900 485 3046 554 quod
3109 482 3314 551 iniussu
3391 501 3492 558 θυι,

213 560 620 614 mandaveram
652 561 852 614 omnia.
879 563 946 616 Et
985 565 1110 630 quia
1163 575 1290 620 tunc
1324 583 1428 620 non
1453 577 1570 620 erat
1617 569 1806 637 ipsein

213 650 530 718 provincia,
553 651 806 706 dicuntur
828 651 1072 707 Gerlasio
1097 658 1428 722 procuratori
1457 659 1572 726 eius
1597 659 1807 712 dedisse

217 740 480 808 praemia,
521 749 582 792 ut
619 755 686 794 ex
737 741 906 810 ipsius
945 745 1162 798 nomine
1206 747 1320 800 cito
1377 749 1806 804 reviudiearetur

213 829 368 882 locus
399 827 521 882 vice
553 831 848 884 contraria.
875 833 940 884 At
974 839 1084 884 tum
1115 833 1200 888 his
1229 833 1314 888 ille
1335 837 1586 904 Cognitis,
1637 839 1802 892 animi

213 917 294 970 sui
323 918 640 970 constantia
671 919 904 972 retinens
937 920 1292 986 iracundiam,
1317 925 1570 978 veniebat.
1593 926 1800 982 deloco

215 1007 488 1072 Sarcvelt,
519 1025 631 1078 quo
653 1019 784 1064 tunc
807 1011 1136 1078 morabatur,
1157 1013 1312 1082 quasi
1339 1013 1598 1070 adversus
1623 1017 1800 1072 locum

215 1105 460 1152 nostrum
492 1099 578 1152 sui
615 1098 986 1154 vindicaturus
1015 1099 1288 1166 iniuriam.
1322 1102 1618 1158 Ferebatur
1642 1107 1804 1160 etiam

218 1193 340 1238 tunc
361 1184 680 1240 decrevisse
705 1187 922 1242 formari
957 1199 1198 1244 castrum
1222 1191 1274 1244 in
1303 1192 1506 1246 eisdem
1535 1195 1804 1250 Malmun-

221 1277 254 1328 d
273 1277 354 1327 :rii
379 1277 804 1344 munitionibus,
827 1292 962 1347 quas
991 1281 1092 1338 sibi
1122 1283 1426 1336 contrarias
1457 1293 1582 1338 ante
1611 1283 1798 1339 firma-

221 1377 390 1430 verat,
426 1368 557 1422 t'um
609 1371 888 1424 adviveret
936 1371 1044 1424 diu
1097 1372 1436 1428 Fredcricus.
1489 1375 1592 1429 Sed
1641 1392 1708 1430 ne
1755 1377 1806 1432 id

223 1459 428 1513 faceret
457 1459 746 1515 dissuasus
777 1463 1076 1516 amicorum
1107 1465 1370 1524 consiliis.
1401 1467 1500 1520 alia
1527 1467 1608 1520 via
1643 1480 1804 1538 parat

217 1549 397 1602 ulcisci
433 1566 592 1604 suam
622 1551 872 1620 iniuriam
905 1553 1154 1608 adversis
1181 1553 1412 1622 injuriis.

807 1685 1036 1741 CAPUT
1089 1687 1208 1742 XX.

221 1771 490 1825 (ἴθι-[σεξυτι
523 1783 842 1842 procurator
869 1775 1114 1844 episcopi,
1148 1793 1212 1830 ea:
1253 1777 1415 1845 ipsius
1457 1779 1663 1832 nomine
1711 1781 1801 1834 ite-

1911 570 2144 626 iuimicis
2229 573 2340 626 suis
2418 577 2823 628 eommunicans
2903 589 3010 626 non
3086 573 3218 627 satis
3299 586 3488 642 ageret

1911 677 2008 730 pro
2037 679 2096 718 se
2117 664 2566 719 vicissitudinem.
2593 666 2769 731 Quare
2792 653 3198 719 advocationem
3227 664 3485 718 Maleum-

1908 753 2211 806 daricusem
2255 769 2322 810 ex
2368 756 2586 811 nomine
2633 773 2729 810 suo
2755 757 2872 811 vice
2903 757 3048 811 illius
3079 757 3291 820 vicarii,
3331 773 3479 810 com-

1911 847 2128 900 mendat
2171 849 2282 900 acri
2337 865 2488 917 mque
2523 849 2640 903 viro
2671 849 2978 914 Fredeloui,
3033 859 3088 903 ut
3127 849 3481 919 Opportunior

1909 937 2194 1006 acriorque
2252 939 2521 994 insisteret
2575 942 2676 997 loci
2723 943 2870 996 illius
2924 942 3246 996 defensioni.
3287 941 3352 994 At
3396 943 3484 996 ille

1909 1037 2124 1096 accepta
2161 1037 2444 1098 potestate,
2489 1039 2743 1102 tanquam
2785 1031 3046 1100 majorem
3079 1033 3374 1102 adepturus
3417 1033 3484 1086 oh

1909 1121 2010 1174 hoc
2037 1119 2266 1190 gratiam
2301 1129 2392 1174 aut
2436 1123 2738 1190 prsemium,
2795 1131 2907 1177 toto
2960 1121 3148 1176 adnisu
3201 1137 3324 1176 eum
3373 1123 3483 1177 suis

1909 1212 2152 1282 invigilat
2181 1211 2294 1266 dies
2317 1221 2612 1282 noctesque
2647 1215 2712 1268 ad
2741 1215 3048 1284 huiusmodi
3075 1213 3370 1282 negotium.

1979 1303 2206 1358 Maxima
2237 1307 2429 1360 iterum
2465 1305 2662 1359 nostris
2689 1285 2946 1358 incumbit
2985 1305 3303 1374 persecutio,
3337 1305 3472 1357 adeo

1909 1403 1968 1446 ut
2015 1409 2201 1448 servos
2255 1411 2312 1452 se
2339 1409 2460 1448 esse
2509 1393 2566 1448 S.
2612 1394 2872 1458 Itemacli,
2919 1395 3149 1449 nonnisi
3185 1395 3480 1448 discrimen

1907 1485 2173 1554 passeris,
2197 1485 2364 1538 libera
2387 1493 2536 1538 esset
2563 1482 2847 1552 professio.
2867 1483 3016 1537 Unde
3047 1493 3098 1538 et
3127 1485 3386 1553 quosdam
3413 1499 3478 1535 ex

1907 1574 2221 1628 melioribus
2251 1575 2502 1628 Ecclesia:
2531 1575 2662 1628 dira:
2687 1575 2950 1643 captionis
2977 1575 3319 1644 pergravavit
3349 1574 3480 1628 infe-

1905 1665 2086 1718 statio.
2145 1665 2250 1719 Sed
2311 1665 2392 1718 sic
2449 1665 2664 1718 valeant
2725 1679 2914 1718 omnes
2981 1665 3032 1718 in
3089 1677 3184 1718 nos
3239 1664 3478 1718 volentes

1907 1771 2199 1826 exsurgere
2229 1773 2336 1826 quo
2363 1758 2522 1810 modo
2547 1756 2632 1810 ille
2661 1756 2898 1824 gaudere
2929 1757 3088 1810 habet
3117 1773 3238 1810 cum
3261 1757 3372 1810 suis
3415 1759 3484 1810 ob

285 1861 404 1896 ηιηι
447 1825 667 1896 animi
700 1825 1205 1910 dimittunt-larium:
1225 1825 1805 1905 siit"'i.'u.iii£"i5i}m3}e
1839 1825 1880 1884 Β
1913 1845 2014 1900 hoc
2045 1845 2328 1914 pulchrum
2376 1843 2586 1900 facinus
2634 1846 2688 1899 in
2735 1855 2984 1900 sanctum
3033 1845 3126 1898 Dei
3161 1847 3478 1898 surrexisse.

291 1916 488 1967 incerto
520 1914 678 1966 citius
713 1914 923 1982 [cuium
955 1917 1201 1970 reditum.

285 2026 454 2097 Igitur
497 2025 780 2080 Gerlasius
807 2025 1256 2084 Malmundarium
1301 2029 1494 2084 iterato
1542 2031 1804 2086 invadens

219 2133 286 2170 ex
333 2117 550 2171 nomine
580 2117 854 2186 pontificis
889 2118 1212 2183 reviudicat,
1267 2137 1372 2175 non
1429 2123 1634 2177 veritus
1685 2139 1802 2178 ma-

219 2225 346 2262 num
403 2210 744 2276 inexpertam
801 2210 1124 2277 possidentis
1173 2212 1350 2280 ipsum
1399 2213 1602 2278 locum,
1639 2230 1802 2284 quem

217 2300 604 2370 protegendum
637 2301 818 2354 adhuc
861 2317 928 2355 ex
970 2311 1083 2358 toto
1133 2319 1241 2356 non
1275 2303 1586 2375 reliquerat.
1620 2305 1804 2374 Neque

215 2393 382 2456 enim,
427 2401 488 2444 ut
532 2407 674 2447 nunc
707 2393 882 2461 palam
925 2403 1026 2456 est,
1067 2395 1188 2464 quis
1217 2411 1454 2466 unquam
1483 2397 1556 2450 illi
1591 2397 1804 2454 auferre

217 2481 430 2549 poterit,
461 2482 586 2544 nisi,
611 2483 759 2551 quod
781 2483 942 2544 absit,
988 2499 1080 2552 pro
1101 2487 1378 2553 pra'seutia
1401 2487 1804 2540 inhabitantium

219 2571 324 2636 ipse
381 2573 630 2640 primum,
689 2581 749 2625 ut
787 2570 1050 2628 Jeremias
1103 2575 1196 2636 ait,
1245 2576 1605 2632 [nereditatem
1653 2595 1802 2631 suam

223 2663 356 2716 ultra
395 2681 496 2717 non
531 2681 726 2718 curans
767 2665 1032 2736 reliquerit
1069 2665 1204 2736 (λεν.
1259 2672 1382 2738 xu).
1414 2666 1494 2722 Ac
1535 2685 1640 2721 non
1685 2669 1803 2723 ideo

225 2755 384 2808 toties
422 2755 835 2820 calumniando,
883 2757 1042 2811 toties
1091 2758 1532 2828 remancipando,
1585 2774 1802 2812 manum

229 2845 458 2899 alienam
491 2861 654 2914 super
707 2861 768 2900 se
807 2848 1133 2916 patiebatur,
1167 2849 1321 2916 quasi
1355 2849 1586 2902 invalida
1617 2865 1804 2903 manus

223 2933 336 3002 eius
359 2934 429 2988 ad
473 2933 850 2992 defensionem
906 2935 1048 2990 illam
1095 2937 1327 2992 deficere
1358 2937 1652 3002 videretur,
1709 2939 1804 2994 sed

225 3025 406 3078 volens
457 3025 508 3077 in
563 3025 814 3080 adversis
840 3027 1044 3098 corripi.
1071 3041 1260 3082 servos
1299 3043 1426 3082 suos
1475 3029 1537 3084 ad
1567 3038 1800 3098 tempus,

223 3129 350 3183 quos
379 3113 590 3168 videbat
619 3131 690 3169 ex
719 3115 1078 3170 somnolentia
1108 3115 1212 3172 labi
1247 3117 1300 3170 iu
1343 3119 1612 3184 deterius,
1663 3135 1800 3190 prte—

223 3207 440 3260 videbat
509 3207 886 3276 Opportuniori
945 3220 1192 3278 tempore
1261 3211 1576 3264 recedentes
1635 3201 1876 3266 etiam"

224 3298 451 3351 adverso
475 3298 721 3363 humero,
760 3300 828 3352 ad
857 3313 914 3352 se
936 3299 1220 3355 retrahere
1249 3301 1526 3355 beneficiis
1554 3311 1610 3358 et
1641 3303 1802 3358 mira-

223 3387 436 3440 bilibus.

291 3477 388 3531 Vix
419 3481 644 3547 patratis
671 3479 756 3534 his
781 3495 880 3548 pro
903 3481 1097 3550 quibus
1129 3491 1353 3536 venerat
1385 3484 1541 3539 miles
1571 3494 1802 3538 temerav—

225 3567 354 3633 rius,
399 3569 682 3623 monachis
732 3571 896 3623 etiam
946 3587 1047 3624 non
1099 3573 1276 3626 minus
1300 3589 1460 3641 quam
1505 3573 1678 3638 Iuicis,
1720 3583 1802 3628 ut-

227 3667 348 3724 pote
401 3660 454 3711 in
512 3673 743 3727 quorum
801 3649 1026 3715 arbitrio
1065 3677 1148 3716 res
1177 3659 1482 3730 huiusmodi
1515 3665 1798 3732 pendebat,

225 3749 449 3818 relapsis
488 3766 550 3804 ex
583 3763 710 3806 voto
739 3753 840 3806 sub
875 3753 1064 3807 alienis
1093 3754 1410 3819 ditiouibus,
1445 3757 1657 3812 difﬁcile
1689 3775 1802 3814 tuo-

227 3853 312 3892 ras
355 3840 408 3892 in
454 3842 727 3895 redeundo
759 3841 1068 3910 patiebatur
1099 3842 1310 3912 fugiens
1342 3843 1460 3900 fure
1503 3862 1802 3916 prOperan-

229 3929 354 3982 tius.
383 3928 518 3983 Nam
550 3947 735 3985 rumor
765 3933 976 3986 exierat
1004 3941 1262 4002 tanquam
1294 3951 1357 3988 ex
1405 3941 1606 3992 nostris
1631 3940 1798 4008 parti-

225 4017 322 4073 hus
379 4015 607 4074 multum
646 4023 950 4075 exercitum
1003 4023 1382 4092 supervenire,
1441 4042 1547 4095 quo
1593 4035 1801 4082 terrore

225 4109 452 4178 perculsi
513 4127 610 4180 per
674 4111 858 4182 fugam
902 4152 917 4166 .
961 4152 974 4165 .
1021 4151 1036 4166 .
1078 4152 1095 4168 .
1139 4155 1151 4166 .
1195 4152 1212 4168 .
1277 4131 1335 4170 se
1387 4115 1616 4171 invicem
1669 4119 1802 4172 adeo

227 4199 566 4256 debilitavere
625 4211 681 4255 ut
729 4204 887 4272 equis
927 4204 1304 4262 deficientibus
1351 4207 1417 4262 ad
1445 4223 1538 4262 sua
1571 4209 1801 4280 quisque

227 4292 307 4345 vix
332 4302 512 4362 posset
533 4294 816 4364 proripere

810 4425 1039 4482 CAPUT
1075 4427 1216 4483 XXI.

230 4539 386 4592 Abbas
411 4557 444 4590 α
475 4539 645 4593 Ruina
681 4542 976 4611 revertitur,
1019 4559 1204 4610 parum
1249 4541 1484 4611 epistolis
1507 4543 1800 4611 apostolicis

289 4611 646 4682 adjutus.imo
667 4628 758 4679 per
775 4609 1118 4682 Fredelouem
1139 4609 1416 4682 quemdam
1439 4609 1612 4682 acrem
1639 4617 1802 4668 virum

289 4681 575 4752 persecutio
603 4683 639 4752 ig
659 4683 700 4736 ti
729 4692 776 4734 et
807 4681 955 4734 nobis
985 4680 1352 4744 innovatur,et
1376 4700 1465 4752 per
1488 4680 1801 4748 Gerardum,

289 4751 372 4819 qui
412 4749 519 4804 Deo
536 4750 720 4818 judice
742 4765 928 4820 postea
967 4763 1038 4805 est
1067 4749 1438 4820 pessuudutus.

289 4859 490 4915 Interea
533 4861 784 4916 dominus
830 4861 1001 4916 abbas
1030 4879 1280 4920 reversus
1311 4863 1376 4917 de
1407 4865 1533 4918 sede
1582 4875 1801 4934 aposto-

227 4947 316 5004 lica
345 4951 416 5005 nil
441 4953 577 5006 certi
608 4951 674 5006 ad
705 4969 806 5008 nos
835 4953 1020 5007 retulit
1042 4965 1236 5024 printer
1263 4955 1598 5008 auctorizala
1633 4955 1800 5025 privi-

227 5037 382 5110 legia;
421 5057 548 5094 nam
572 5050 626 5095 et
647 5043 935 5112 epistolam
965 5042 1130 5109 illam,
1158 5043 1314 5112 cuius
1343 5045 1619 5114 exemplar
1641 5061 1804 5115 penes

227 5131 475 5197 schabet,
509 5149 670 5208 quam
704 5135 967 5190 dicebant
994 5137 1060 5188 ab
1093 5135 1391 5206 apostolico
1427 5137 1648 5192 missam
1683 5154 1802 5195 esse

1907 1937 2042 1992 Nam
2079 1937 2368 1992 defluxisse
2415 1937 2586 2006 liquet
2615 1939 2758 1991 hunc
2785 1937 2852 1990 de
2881 1939 3022 1992 bona
3077 1935 3219 1990 fama
3252 1937 3318 1990 ad
3349 1936 3484 1988 infa-

1907 2029 2101 2092 miam;
2131 2028 2312 2096 itaque
2337 2043 2400 2081 ex
2431 2042 2624 2097 magna
2660 2026 2934 2096 opulentia
2959 2027 3024 2080 ad
3061 2027 3318 2094 inopiam.
3343 2025 3482 2078 Praei

1909 2128 2054 2176 terea
2079 2135 2298 2174 suorum
2323 2121 2608 2188 quemdam
2639 2119 2994 2173 intolerabilis
3021 2118 3280 2182 atnlacize,
3315 2117 3486 2170 nomi-

1908 2225 1976 2264 ne
1999 2210 2324 2274 Gerardum,
2368 2211 2458 2279 qui
2479 2211 2566 2263 ‘ad
2597 2212 2768 2264 caedes
2797 2219 2850 2262 et
2885 2209 3130 2263 incendia
3161 2223 3264 2262 non
3309 2209 3488 2260 minus

1905 2319 2066 2371 quam
2094 2305 2158 2356 ad
2199 2305 2410 2372 prtedas
2449 2311 2504 2356 ct
2547 2303 2829 2356 latrocinia
2869 2301 3166 2370 promptior
3189 2299 3486 2382 ellieacior:

1905 2411 2011 2464 que
2061 2396 2114 2448 iu
2162 2405 2378 2449 nostros
2406 2393 2751 2450 efferebatur.
2791 2393 2936 2446 velut
2969 2391 3166 2444 animal
3215 2391 3496 2448 rabidum.

1905 2487 2092 2542 divino
2113 2487 2294 2558 potius
2321 2502 2484 2555 quam
2513 2487 2753 2540 humano
2780 2484 2984 2554 judicio
3021 2491 3232 2536 constat
3261 2496 3484 2550 pessun—

1906 2581 2110 2636 datum.

2484 2689 2712 2745 CAPUT
2747 2689 2908 2744 XXII.

1908 2806 2203 2875 Episcopus
2237 2803 2455 2856 Roumm
2501 2796 3062 2876 pt'oﬁciscitttr,_abbus
3091 2811 3209 2876 eum
3255 2793 3485 2876 insequi-

1977 2863 2248 2937 tur;'unte
2267 2890 2454 2940 papam
2485 2863 2530 2924 et
2579 2863 2816 2924 senatum
2845 2867 3234 2940 discutiuntur;
3261 2865 3329 2916 ad
3359 2863 3491 2914 ulti~

1977 2935 2141 3008 ruunt,
2165 2935 2276 2996 sine
2302 2935 2478 3011 aliqua
2512 2952 2686 2996 nostro
2709 2940 2946 3008 profectu
2975 2935 3326 2988 dirimuntur.

1978 3035 2106 3090 Post
2131 3035 2242 3087 lucc
2274 3034 2560 3102 episcopus
2590 3047 2694 3084 non
2725 3029 2971 3084 diﬂidens
2999 3027 3110 3080 suis
3137 3025 3342 3078 viribus
3365 3033 3486 3076 tan-

1907 3141 2069 3195 quam
2115 3125 2435 3178 austeritale
2492 3139 2586 3178 sua
2627 3121 2856 3175 devictis
2904 3107 3158 3172 omnibus
3189 3155 3202 3178 ,
3261 3115 3384 3168 nam
3431 3123 3486 3167 et

1907 3232 2086 3286 regem
2103 3217 2450 3284 acquiescere
2475 3213 2696 3276 fecerat,
2719 3229 2784 3265 ne
2808 3212 2871 3265 de
2895 3210 2998 3263 hac
3019 3221 3080 3262 re
3103 3223 3160 3262 se
3177 3205 3488 3274 interpella:-

1905 3317 1987 3363 ret
2037 3308 2288 3370 ulterius,
2319 3307 2544 3360 Romam
2578 3313 2733 3374 parat
2779 3301 3194 3372 profectionem,
3225 3291 3380 3366 quasi
3419 3297 3485 3349 ab

1903 3397 2200 3468 apostolico
2251 3405 2566 3465 recepturus
2631 3385 2792 3463 super
2857 3393 2962 3447 hoc
3023 3389 3166 3443 bono
3219 3387 3486 3458 privilegii

1903 3487 2306 3542 auctoritatem.
3019 3531 3022 3534 .

1975 3579 2232 3634 Dominus
2279 3575 2475 3641 abbas,
2523 3575 2656 3630 satis
2681 3573 2885 3627 utiliter
2908 3569 3326 3638 necessarioque
3348 3581 3481 3620 con-

1905 3671 2076 3726 sultus
2105 3685 2134 3724 a
2168 3671 2281 3724 suis
2315 3669 2579 3732 fidelibus,
2609 3666 2848 3721 decernit
2877 3664 2968 3718 illo
3017 3662 3226 3732 pariter
3271 3659 3480 3718 adesse.

1903 3763 2232 3818 auctoritate
2275 3761 2528 3814 videlicet
2559 3758 2822 3828 majorum
2871 3741 3356 3810 contradictionem
3409 3751 3484 3804 illi

1905 3855 2102 3909 facere.
2144 3854 2212 3906 At
2245 3853 2333 3907 ille
2375 3852 2520 3922 regia
2555 3851 2820 3921 legatione
2854 3849 3094 3912 functus,
3138 3846 3266 3899 ibat
3294 3853 3486 3914 potens

1903 3963 2000 4016 per
2029 3945 2237 3999 Italiam
2283 3945 2438 4014 quasi
2477 3942 2820 4013 perfecturus
2873 3942 3017 4012 regis
3047 3939 3346 4010 negotium,
3394 3935 3488 3989 sed

1903 4038 2062 4108 longe
2085 4035 2246 4090 aliter
2277 4049 2342 4089 ac
2373 4035 2514 4089 ratio
2541 4043 2682 4098 erat,
2718 4049 2779 4089 ea
2819 4049 2906 4088 res
2930 4032 3099 4087 cessit
3141 4031 3194 4084 in
3241 4027 3484 4082 dubium.

1907 4131 2136 4184 Ventum
2191 4137 2274 4184 est
2315 4143 2446 4198 ergo
2483 4129 2548 4182 ad
2593 4128 2737 4183 beati
2777 4125 2922 4181 Petri
2949 4122 3364 4184 confessionem,
3392 4117 3488 4172 sed

1905 4222 2074 4276 abbas
2105 4219 2460 4290 prteveniens,
2491 4218 2715 4279 eisdem,
2743 4231 2878 4286 quos
2926 4223 3050 4269 ante
3076 4213 3312 4273 adierat,
3341 4224 3486 4263 eam-

1903 4313 2023 4367 dem
2051 4311 2240 4380 repetit
2269 4308 2769 4378 proclanmtionem,
2793 4309 2858 4362 de
2897 4321 3002 4375 qua
3033 4320 3090 4359 re
3111 4317 3242 4358 sane
3269 4297 3487 4354 consul.

1907 4413 1992 4459 tus
2048 4417 2078 4455 a
2137 4403 2368 4456 domino
2409 4401 2732 4468 apostolico,
2773 4397 3076 4454 advenienti
3121 4397 3374 4465 episcopo
3431 4389 3484 4453 in

1833 4506 1879 4563 ι)
1911 4493 2340 4550 satisfactionem
2383 4503 2442 4546 se
2469 4491 2754 4556 exhibens,
2801 4489 3049 4544 humiliat
3089 4501 3272 4542 coram
3317 4489 3486 4556 ipsius

1908 4587 2116 4642 scilicet
2143 4588 2298 4643 altari
2327 4585 2482 4655 cuius
2507 4585 2812 4639 devotionis
2845 4583 3020 4654 gratia
3057 4583 3326 4636 veniebat.
3355 4581 3485 4648 Sed,

1907 4679 2044 4748 proh
2076 4678 2258 4732 nefas!
2313 4691 2492 4748 neque
2539 4675 2764 4740 timore,
2811 4687 2912 4726 nec
2959 4687 3142 4726 amore
3189 4672 3488 4728 dulcissimi

1907 4769 2051 4824 Petri
2118 4768 2386 4822 dolentem
2462 4764 2776 4829 consolari,
2849 4762 3298 4834 humiliatmnque
3374 4781 3481 4820 non

1909 4858 2214 4928 respexisse
2239 4857 2518 4928 diguatum
2556 4857 2776 4919 dicitur,
2801 4853 2910 4907 imo
2939 4868 3060 4908 cum
3089 4869 3151 4907 ea
3185 4855 3482 4923 pertinacia

1909 4952 1976 5006 ad
2006 4949 2422 5005 celebrationem
2446 4947 2750 5002 divinorum
2775 4953 3234 4998 sacramentorum
3265 4959 3487 5014 progre-

1910 5045 2076 5099 ditur.
2112 5043 2322 5097 Rursus
2373 5043 2516 5095 iuter
2563 5040 2681 5110 ipsa
2707 5047 3046 5092 sacramenta
3078 5050 3196 5104 quae
3231 5034 3488 5100 celebrat,

1908 5135 2076 5190 abbas
2111 5131 2414 5200 efﬂagitans
2439 5144 2498 5186 se
2526 5129 2780 5188 miserari
2804 5127 3071 5192 humiliat,
3099 5129 3190 5182 sed
3219 5141 3388 5192 neque
3409 5126 3488 5181 sic
