4026 5370
562 307 654 360 5H

1531 319 1928 378 CODEFREDI
1971 324 2442 388 STABULENSIS
2483 332 2788 392 MONACI-il

3711 351 3828 406 31?.-

561 422 700 492 quod
726 439 825 482 suo
863 422 1070 493 injussu
1105 431 1593 504 communicaret-it
1615 437 1810 492 remulo
1839 454 1962 505 suo,
2006 441 2136 494 Par-
2167 451 2210 508 Α
2243 459 2432 500 norum
2459 463 2556 517 per
2581 449 2818 507 dedecus
2865 451 3070 510 inferre
3098 457 3206 512 vim
3255 459 3418 515 ullam
3464 477 3570 516 non
3599 464 3809 526 debere.

559 515 730 570 mensi
779 515 1034 573 videlicet
1071 519 1347 591 episc0po,
1377 539 1534 593 quem
1565 529 1927 586 anatbernatis
1955 536 2134 603 perbi-

557 605 756 660 nebant
783 606 1303 681 subjacereiudicio.
1335 615 1503 685 Igitur
1541 633 1606 673 ex
1641 629 1862 678 senatus
1883 627 2134 682 consultu

556 696 772 762 tutetur
796 698 866 754 ob
910 699 1013 756 hoc
1057 704 1232 756 arceri
1282 720 1310 759 a
1351 719 1641 778 conspectu
1679 728 1830 781 papae.
1865 716 2135 786 totiusque

556 786 786 841 Romani
823 789 1060 854 concilii,
1097 793 1200 847 nisi
1225 797 1437 864 publica
1470 801 1844 860 satisfactione
1880 818 2135 877 purgaret

555 873 812 932 otiensam
843 893 1003 946 quam
1032 884 1378 940 commiserat
1421 898 1606 943 contra
1648 889 1736 959 jus
1765 894 2134 966 honoremque

557 969 742 1024 vicarii
775 969 919 1026 Petri
951 975 1200 1043 apostoli.
1233 975 1340 1032 Pro
1363 994 1466 1048 qua
1493 997 1549 1036 re
1589 983 1678 1038 ille
1703 985 2004 1054 consultus,
2031 1003 2132 1058 pro

554 1059 754 1115 delicto
782 1063 1054 1120 conducto
1102 1069 1388 1125 marebisae
1413 1071 1678 1130 Beatricis
1717 1077 1876 1132 nudis
1907 1081 2132 1149 pedibus

551 1153 796 1219 procedit
825 1155 878 1209 in
907 1157 1208 1226 publicum,
1259 1171 1488 1234 postque
1528 1167 1978 1238 satisfactionem,
2008 1172 2130 1228 data

551 1241 902 1314 indulgentia,
928 1245 1225 1318 suseipﬂur
1258 1252 1312 1307 in
1337 1256 1689 1312 consortium.
2031 1283 2038 1288 ·

625 1333 734 1390 Illic
765 1335 1024 1394 Dominus
1051 1341 1239 1409 abbas,
1272 1359 1456 1400 coram
1489 1347 1744 1405 liornanzc
1775 1351 2028 1409 Ecclesiae
2043 1355 2130 1426 ju-

549 1425 760 1482 rlicibus
783 1443 848 1484 ac
875 1431 1184 1502 reipublicae
1207 1438 1518 1496 consulibus
1543 1443 1765 1510 exponit
1781 1445 1986 1513 omnia,
2009 1425 2132 1518 qui-

545 1517 648 1572 bus
679 1519 770 1580 ille
799 1523 1087 1580 tenebatur
1121 1527 1405 1597 obnoxius,
1456 1547 1672 1593 omnem
1714 1538 1966 1596 videlicet
1993 1517 2127 1612 sup-

545 1607 896 1676 plantationis
951 1625 1422 1691 consequentiam;
1483 1637 1744 1696 praeterea
1801 1644 1990 1688 contra
2045 1634 2126 1692 fas

544 1706 860 1772 usurpando
892 1707 1091 1766 bonum
1119 1711 1176 1768 S.
1211 1715 1474 1784 Remacli,
1511 1721 1708 1778 factam
1734 1725 1802 1780 ab
1817 1741 1884 1780 eo
1909 1727 2125 1796 injusti-

2237 545 2496 604 przeterea
2521 549 2582 594 ut
2622 556 2877 598 concessa
2907 546 3010 600 sibi
3041 545 3184 602 dono
3217 551 3364 619 regio
3395 555 3666 622 perderet,
3707 571 3810 611 non

2237 627 2358 682 ideo
2379 645 2435 684 se
2473 630 2598 686 illuc
2623 634 2926 692 advenisse.
3239 689 3242 692 .

2304 718 2436 772 Cum
2465 735 2594 792 ergo
2633 737 2919 794 rogaretur
2941 744 2968 782 a
3002 745 3166 800 papa,
3196 742 3256 787 ut
3282 748 3468 788 amore
3494 737 3642 792 beati
3667 737 3812 793 Petri

2233 815 2426 884 suique
2457 816 2509 870 in
2553 819 2642 874 illo
2664 819 2870 889 justam
2903 825 3292 882 humanitatem
3329 828 3554 895 faceret,
3587 835 3816 902 spondet

2233 921 2292 960 se
2314 909 2534 964 omnino
2561 908 2856 978 facturum,
2881 916 3006 970 dum
3033 917 3086 970 in
3111 919 3283 987 patria
3309 935 3492 976 coram
3517 937 3646 992 rege
3674 933 3814 978 uter-

2231 1013 2338 1068 que
2363 1000 2594 1056 veniret.
2625 1001 2796 1072 igitur
2820 1019 2941 1076 post
2965 1008 3080 1064 ba-c
3123 1018 3179 1065 et
3228 1011 3332 1066 alia
3388 1015 3814 1084 quamplurima,

2229 1089 2528 1148 disees'sum
2550 1103 2635 1150 est
2663 1097 2733 1152 ab
2762 1099 3006 1169 utrisque
3033 1101 3098 1157 de
3137 1101 3307 1157 Italia.
3336 1105 3568 1160 Atamen
3613 1106 3688 1160 nil
3717 1109 3816 1162 bo-

2229 1198 2350 1238 rum
2419 1185 2656 1243 obtinuit
2707 1191 2994 1262 episcopus
3061 1209 3291 1263 quarum
3341 1197 3578 1252 maxime
3631 1213 3813 1254 rerum

2231 1273 2370 1332 ierat
2423 1280 2618 1348 gratia.
2667 1279 2936 1340 Reversus
2967 1285 3021 1340 in
3064 1287 3262 1356 patria,
3317 1305 3422 1344 non
3468 1289 3644 1344 solum
3692 1306 3814 1360 qnze

2228 1367 2551 1434 promiserat
2579 1368 2708 1424 fecit
2745 1371 2920 1436 irrita,
2973 1389 3162 1430 verum
3192 1385 3245 1432 et
3277 1376 3452 1447 ipsum
3501 1394 3688 1449 regem
3721 1381 3814 1434 dc-

2229 1467 2472 1526 spectum
2505 1461 2686 1517 aiebat
2717 1464 2771 1518 in
2813 1479 2910 1520 sua
2941 1465 3158 1535 injuria,
3199 1476 3256 1522 ut
3287 1469 3338 1523 in
3373 1471 3625 1524 abbatem
3668 1471 3816 1524 illius

2228 1546 2468 1602 animum
2497 1551 2646 1619 gravi
2675 1563 3014 1622 permutaret
3061 1557 3366 1613 inimicitia.
3401 1557 3508 1614 Sed
3533 1560 3601 1613 de
3631 1561 3816 1614 diver-

2227 1635 2302 1690 sis
2329 1639 2562 1706 partium
2583 1643 2795 1709 studiis,
2829 1644 3070 1716 itemque
3091 1647 3160 1702 de
3197 1647 3414 1704 abbatis
3455 1651 3628 1703 nostri
3661 1650 3815 1706 labo-

2227 1729 2378 1784 ribus
2401 1732 2678 1798 maximis,
2705 1743 2982 1805 postremo
3021 1737 3087 1792 de
3113 1739 3373 1808 qualitate
3399 1741 3571 1795 tetius
3613 1743 3813 1796 adrer-

545 1790 707 1860 tiam;
743 1805 1016 1863 postremo
1043 1811 1149 1857 tam
1178 1809 1464 1874 praesentis
1494 1827 1647 1882 papa:
1677 1830 1840 1885 quam
1870 1790 2123 1878 anteces—
2155 1810 2204 1872 Β
2229 1821 2428 1888 sitatis,
2454 1823 2499 1878 si
2521 1825 2832 1896 singillatim
2859 1829 3130 1886 disserere
3155 1831 3385 1886 velimus
3413 1843 3626 1902 tempus
3647 1849 3812 1902 quam

544 1897 728 1939 serum
777 1891 1158 1949 auctoritatem
1197 1897 1539 1957 decretorum
1588 1903 1867 1964 violatam.
1919 1913 2126 1980 Quibus

541 1973 635 2030 ille
657 1992 724 2032 ex
751 1983 1086 2039 conscientia
1121 1999 1374 2060 tanquam
1407 2009 1532 2050 reus
1577 1995 1705 2054 iacti
1735 2001 1994 2061 confusus
2023 2022 2130 2061 ex-

538 2063 724 2134 pallet,
752 2084 816 2124 ac
850 2075 1088 2129 maxime
1112 2079 1366 2136 omnibus
1393 2082 1448 2137 iu
1475 2098 1742 2142 conventu
1778 2089 1868 2146 illo
1895 2093 1946 2147 id
1981 2095 2121 2165 inju-

539 2163 684 2208 stum
735 2161 1212 2227 proclamantibus.
1254 2167 1431 2225 Pauca
1469 2188 1536 2227 ex
1575 2176 1840 2235 industria
1889 2161 2124 2249 locutus,

2225 1923 2314 1965 res
2363 1926 2470 1966 non
2511 1913 2729 1970 deficiet
2785 1919 3070 1974 maturius.
3107 1919 3476 1986 Quamobrem
3509 1923 3596 1977 bis
3647 1923 3814 1978 finem

2217 1999 2424 2070 facere,
2438 2021 2560 2076 quat
2583 2007 2833 2064 maeroris
2853 2008 3012 2080 plena
3031 2010 3305 2078 videntur,
3331 2020 3588 2081 tanquam
3615 2027 3814 2067 earum

2221 2113 2406 2152 rerum
2445 2098 2604 2153 ta:dio
2644 2099 2802 2154 fessis
2851 2101 3035 2155 animo
3065 2101 3260 2169 libeat;
3311 2103 3378 2157 ad
3429 2119 3496 2158 ea
3525 2119 3662 2159 vero
3691 2118 3814 2172 qua:

2221 2191 2402 2258 gaudii
2433 2199 2559 2246 sunt
2607 2201 2664 2246 et
2713 2190 2912 2248 brtitiae
2951 2195 3276 2264 propensius
3321 2196 3531 2268 accingi
3577 2209 3689 2251 non
3730 2196 3812 2265 pi-

537 2247 670 2336 satis
693 2266 790 2320 pro
811 2268 869 2309 se
892 2258 958 2312 ad
982 2273 1224 2328 praesens
1249 2267 1538 2336 respondet
1560 2269 1738 2342 legato
1761 2275 1904 2346 regis
1924 2275 2128 2334 Roma-
2219 2247 2366 2354 igeat.
2458 2299 2462 2302 '

1837 2448 1990 2506 Finis
2023 2453 2142 2507 libri
2166 2457 2344 2526 primi.

1667 2685 2025 2780 LIBER
2097 2691 2713 2791 SECUNDUS

1117 2931 1506 2992 morosus.
1555 2901 1560 2998 ί

607 3060 660 3114 In
713 3063 1092 3132 textuprioris
1141 3067 1322 3136 operis
1359 3069 1427 3126 de
1468 3071 1712 3146 adversis
1749 3079 1984 3146 casibus,
2017 3083 2108 3151 qui

535 3153 686 3208 nobis
733 3154 1085 3225 obtigerant,
1149 3160 1360 3217 tristem
1423 3165 1714 3224 admodum
1771 3173 2110 3242 explevimus

529 3243 836 3314 historiam,
863 3253 1184 3308 exercitium
1215 3271 1346 3312 vero
1389 3263 1670 3328 sequentis
1699 3267 1881 3333 operis
1925 3283 1993 3323 ex
2024 3286 2111 3326 se-

524 3336 717 3392 cundis
744 3337 925 3404 rebus,
950 3357 1068 3410 qua:
1091 3345 1156 3401 ad
1179 3347 1634 3426 glorificatiouem
1665 3356 1746 3408 sui
1776 3357 2108 3416 confessoris

525 3441 552 3477 a
587 3425 694 3481 Deo
718 3425 1246 3506 successrrunt,jam
1281 3456 1424 3496 nunc
1451 3425 1740 3511 percurrat
1768 3463 1952 3516 parem
1975 3467 2106 3522 apo-

522 3515 783 3572 stolorum
814 3535 880 3575 ex
908 3529 1308 3586 resurrectione
1335 3531 1594 3590 laetitiam.
1639 3537 2103 3604 Quemadmodum

525 3605 668 3659 e:.im
694 3607 798 3664 illis
824 3611 1072 3669 tristibus
1101 3615 1342 3687 Magistri
1364 3623 1454 3676 "sui
1485 3638 1686 3692 morte,
1714 3632 1948 3697 gaudere
1977 3649 2106 3689 con-

523 3694 722 3764 tigerat
751 3697 806 3752 in
857 3701 1029 3769 ipsius
1077 3712 1476 3766 resurrectione
1514 3694 1942 3788 (ΜαιΙιίχινιιω
1979 3725 2103 3780 Luc.

523 3798 688 3847 xxrv;
721 3783 883 3842 Joau.
930 3793 1042 3861 xx).
1088 3795 1220 3849 nibil
1249 3800 1404 3856 nobis
1441 3783 1620 3860 minus
1653 3823 1804 3877 mque
1840 3813 2100 3876 tristibus.

519 3883 573 3930 et
597 3875 710 3942 jam
733 3879 1105 3949 quinquennio
1151 3894 1206 3939 et
1255 3904 1322 3943 co
1359 3894 1591 3961 amplius
1638 3875 1879 3968 .rtllictis,
1911 3918 2104 3972 prme—

523 3967 669 4021 uisse
699 3969 1097 4036 quodammodo
1124 3979 1442 4049 gaudemus,
1485 3985 1602 4055 ipso
1631 3991 1934 4063 eodemque
1963 4007 2104 4052 tern-

517 4145 683 4202 tione.
732 4149 812 4206 Tu
841 4169 990 4221 vero,
1017 4169 1201 4214 noster
1223 4161 1460 4232 domine,
1482 4145 2095 4234 Tbcodoricevabbatum

519 4242 989 4309 rererendissime,
1033 4247 1330 4308 latioribus
1362 4257 1650 4314 videndum
1681 4264 1880 4320 animis
1911 4270 2098 4339 accipe

511 4341 568 4386 et
614 4333 718 4390 hoc
763 4339 1110 4407 opusculum,
1162 4345 1367 4404 inculto
1413 4352 1632 4421 quidem
1663 4357 1802 4427 stylo
1830 4374 1897 4414 ex
1933 4362 2095 4418 arcba

509 4430 684 4484 nostri
727 4431 983 4502 ingenioli
1013 4440 1314 4508 prmlatum,
1359 4448 1450 4500 sed
1483 4457 1572 4503 tuo
1615 4454 1900 4510 rnaturiori
1933 4471 2096 4513 sensu

510 4521 894 4591 examinanda,
953 4531 1358 4602 corrigendum.
1397 4537 1640 4594 Petimus
1669 4557 1799 4611 ergo
1827 4554 1918 4600 tua
1972 4563 2096 4604 cor-

511 4609 757 4666 roborari
788 4621 1133 4686 auctoritate,
1169 4627 1485 4698 priusquam
1537 4633 1588 4686 in
1639 4609 1882 4703 publicas
1932 4657 2092 4698 aures

507 4695 843 4758 diffundatur
874 4706 1180 4766 incorreeta
1211 4695 1555 4784 garrulitate.

1027 4845 1256 4903 CAPUT
1293 4851 1582 4911 ΡιιιιιυΜ.

507 4946 664 5012 Quod
728 4956 782 5035 in
807 4973 1116 5048 npromeruit
1154 4983 1342 5048 versus
1379 4969 1590 5039 Legiam
1645 4976 1812 5046 bnjuli
1857 4983 2090 5048 corporis

579 5025 752 5117 fill-"fill:
799 5025 1033 5082 Remucli
1061 5025 1516 5117 fonquerelmntijir
1555 5061 1610 5097 se
1658 5025 1798 5099 tria/ri
1834 5067 1864 5098 (ι
1895 5025 2089 5117 ωτι-ιτε-

577 5090 840 5160 dentibus,
869 5090 1214 5165 prwccdenlés
1243 5121 1297 5160 se
1317 5090 1509 5178 irnpelii
1532 5090 1986 5184 “ﬁroIiEL-i'oi’rr'iis'l

579 5202 793 5273 [legalis
840 5211 990 5265 curia
1033 5217 1280 5272 condicta
1308 5231 1426 5275 crat
1457 5223 1633 5295 Legite
1656 5230 1946 5299 celebrari,
1983 5235 2084 5290 Do-

2217 2929 2327 2985 illie
2379 2931 2672 2999 indixerat,
2709 2943 2770 2990 ut
2805 2935 2854 2991 si
2901 2937 3010 2992 ullo
3041 2937 3200 2994 modo
3241 2938 3459 2996 ﬂectere
3485 2951 3670 3012 posset
3693 2945 3806 2998 Au-

2219 3037 2415 3078 nonem
2473 3027 2966 3097 arcltiepisc0pnm,
3033 3029 3126 3098 qui
3179 3031 3279 3084 sibi
3319 3030 3804 3102 Malmuudarinm,

2220 3116 2361 3184 quod
2394 3116 2451 3170 S.
2482 3117 2723 3174 Remacli
2745 3119 2886 3189 juris
2917 3129 3019 3182 est,
3054 3137 3176 3176 cum
3201 3123 3450 3178 omnibus
3471 3127 3806 3196 appenditiis

2217 3207 2332 3264 suis
2377 3221 2752 3280 USUI‘pﬂVCI‘ill,
2801 3213 2916 3282 ipse
2963 3211 3178 3281 juberet
3215 3224 3270 3270 et
3313 3214 3592 3273 laboraret
3641 3219 3804 3274 reddi

2217 3299 2358 3366 quod
2387 3301 2710 3358 abstulerat.

2285 3409 2582 3468 Pracdietus
2637 3430 2851 3486 quoque
2905 3415 3065 3472 Pater
3121 3428 3308 3473 noster
3337 3433 3434 3488 pro
3460 3434 3526 3474 eo
3563 3421 3712 3489 quod
3746 3421 3798 3475 in

2214 3520 2410 3559 vanum
2441 3507 2668 3575 plurima
2711 3509 2934 3564 dederat
2973 3509 3040 3564 de
3063 3509 3318 3566 Ecclesia:
3353 3511 3644 3578 thesauris,
3673 3522 3798 3567 tan-

2210 3597 2330 3650 dem
2389 3599 2612 3654 affectus
2651 3601 2826 3668 taedio,
2872 3613 2928 3658 et
2975 3603 3220 3658 diﬂidens
3249 3605 3500 3658 omnilms
3540 3607 3802 3662 humanis

2211 3687 2450 3754 auxiliis,
2494 3689 2620 3745 licet.
2668 3707 2809 3758 sero,
2851 3695 3120 3749 seniorum
3164 3707 3471 3750 nostrorum
3513 3698 3794 3766 acquievit

2207 3777 2476 3846 consiliis;
2519 3782 2714 3848 quibus
2762 3784 2964 3852 placuit
2990 3785 3054 3838 ad
3083 3785 3329 3840 eamdem
3352 3787 3560 3841 curiam
3591 3803 3800 3858 corpus

2208 3868 2406 3925 deferri
2449 3871 2690 3940 ejusdem
2729 3873 2786 3928 S.
2835 3877 3074 3932 ltemaeli
3122 3879 3292 3933 nostri
3347 3881 3701 3947 protectoris,
3737 3882 3796 3936 in

2207 3975 2312 4028 qua
2344 3961 2466 4014 villa
2489 3964 2760 4032 quondam
2799 3965 2913 4033 ipse
2940 3967 3156 4035 praefuit
3183 3969 3444 4040 magister
3463 3969 3800 4038 pontificalis

517 4071 669 4124 pore,
703 4058 758 4112 in
791 4063 1118 4122 confessoris
1155 4070 1236 4124 sui
1289 4081 1398 4126 tam
1449 4051 1768 4135 admiranda
1821 4051 2096 4154 giorifica-
2131 4054 2171 4112 (ἶ
2205 4051 2450 4150 .honoris'
2489 4051 2630 4154 Quo,
2657 4070 2924 4154 co'lsens"
2970 4057 3078 4112 "Oli
3133 4069 3434 4154 °_°_'“P‘_"es.
3469 4060 3597 4154 tam
3635 4066 3794 4154 ἕψω

2204 4139 2518 4211 inceperant
2565 4145 2630 4198 ad
2688 4147 2964 4212 effectum,
3017 4150 3354 4217 providentia
3407 4151 3499 4206 Dei
3557 4151 3790 4216 suﬂ'ulti,

2201 4235 2502 4300 producere
2566 4239 2932 4294 maturabant.
2991 4239 3094 4294 Sed
3151 4242 3544 4311 aliquantulum
3596 4255 3790 4300 nostra

2201 4325 2537 4392 profectione
2572 4328 2836 4393 tardante,
2873 4329 3132 4396 Dominus
3167 4334 3336 4388 abbas
3361 4335 3533 4404 pridie
3559 4349 3788 4405 proces-

2199 4427 2346 4471 serat
2377 4433 2582 4488 nosquc
2607 4460 2622 4485 ,
2671 4421 2833 4490 digne
2876 4429 3106 4476 tractato
3149 4439 3307 4478 sacro
3336 4439 3584 4494 corpore,
3625 4429 3788 4495 sequi

2200 4514 2570 4569 mandaverat.
2625 4516 2968 4588 Quapropter
2999 4519 3053 4572 in
3085 4519 3231 4573 exitu
3287 4529 3472 4574 nostro
3498 4535 3624 4574 cum
3658 4533 3790 4588 pro-

2197 4604 2554 4672 grederemur
2588 4607 2820 4662 celerius
2871 4610 3176 4664 anteriores
3209 4609 3372 4678 bajnli
3409 4611 3552 4666 sacri
3584 4625 3789 4680 corpo-

2199 4697 2294 4761 ris,
2333 4711 2496 4767 quam
2535 4707 2825 4766 sequentes
2855 4709 3074 4768 possent
3119 4701 3262 4756 ferre
3296 4702 3508 4757 labores
3539 4703 3784 4768 itineris,

2196 4789 2666 4858 conquerebantur
2717 4791 3049 4859 posteriores
3093 4809 3152 4848 se
3184 4795 3323 4848 trahi
3363 4810 3391 4847 a
3426 4797 3790 4864 prmcetlenti-

2195 4879 2313 4939 bus.
2343 4879 2578 4949 itemque
2605 4881 2973 4950 praecedentes
2997 4899 3056 4936 se
3081 4885 3278 4952 impelli
3305 4901 3337 4939 a
3357 4885 3783 4954 posterioribus.

2195 4971 2377 5026 Ductis
2409 4987 2642 5041 namque
2681 4973 2866 5027 divino
2894 4973 3126 5044 impulsu
3161 4977 3334 5030 sacris
3361 4976 3622 5046 reliquiis.
3649 4995 3786 5047 pro—

2193 5061 2347 5114 bibiti
2389 5071 2517 5115 sunt
2565 5071 2841 5131 portantes
2881 5063 3158 5118 immorari
3185 5067 3443 5136 vestigiis.
3485 5067 3638 5122 Unde
3668 5086 3784 5124 non

2188 5151 2544 5208 dubitabatur
2594 5155 2652 5209 S.
2708 5153 2995 5211 Remaclus
3025 5155 3082 5211 Β.
3111 5153 3456 5214 Lambertum
3481 5159 3621 5214 velle
3645 5163 3786 5218 visi-

2189 5252 2322 5306 tare,
2360 5245 2446 5299 cui
2496 5247 2701 5314 pridem
2739 5248 2790 5300 in
2817 5265 2983 5304 carne
3034 5249 3204 5305 factus
3227 5260 3312 5306 est
3358 5251 3469 5314 ipse
3501 5253 3780 5314 refugium
