4026 5370
219 387 222 390 λ
251 358 352 416 313

1211 363 1611 424 TRIUMI’IIUS
1741 369 2065 426 ItEMACLI.
2097 401 2162 412 -—
2205 375 2329 431 LIB.
2377 378 2440 433 ΙΙ.

3389 394 3497 448 3H

251 483 514 536 societate
554 495 862 550 corporum,
915 483 1070 538 nobis
1113 485 1332 554 quidam
1399 489 1820 559 incomparabili}
1851 489 1893 548 Α
1925 489 2014 571 die
2045 491 2217 576 .‘Ilartii
2269 495 2604 576 stabuletur}!
2652 503 3022 576 enurbymnis
3049 518 3103 562 ct
3153 513 3498 576 processionc

249 570 528 636 garidinm,
561 571 786 627 infirmis
817 582 997 628 autem
1023 583 1076 628 et
1106 576 1372 632 debilibus
1403 583 1650 648 pervenit
1673 585 1820 636 salu-

248 657 340 712 brc
370 659 704 730 suffragium.
739 662 934 716 Verum
967 664 1079 718 luee
1104 665 1258 720 alias.

865 803 1092 860 CAPUT
1127 803 1188 858 II.

247 911 320 966 De
346 915 578 992 reliquiis
608 915 664 970 S.
701 917 968 992 Symelrii,
996 925 1208 991 etquod
1246 941 1340 992 per
1383 937 1582 980 noctem
1619 945 1818 984 maere

309 984 390 1036 vin
429 999 638 1038 ostensa
695 984 760 1040 sil
802 991 866 1042 ab
906 984 1136 1047 oratorio
1183 984 1486 1050 Stabit/ensi
1535 1015 1696 1054 usaue
1747 1003 1816 1054 ad

311 1055 524 1107 deorum
549 1055 606 1109 S.
635 1055 898 1114 Lamber!‘

310 1167 438 1221 Cum
506 1182 688 1224 autem
743 1173 1078 1232 venissemus
1133 1177 1185 1232 in
1224 1179 1406 1236 villam
1461 1183 1632 1238 nostri
1677 1183 1815 1253 juris

243 1256 528 1314 Lovincias
587 1264 822 1328 nomine,
876 1265 934 1320 S.
987 1270 1242 1338 martyris
1268 1269 1522 1342 Symetrii
1553 1289 1582 1327 a
1613 1273 1814 1330 Lader—

241 1365 371 1404 uaco
441 1353 600 1408 nobis
644 1355 856 1410 obviam
905 1358 1112 1416 delatas
1167 1361 1420 1434 reliquias
1475 1368 1812 1436 suscepimus

237 1440 554 1510 honoriﬁce,
587 1462 709 1516 qua:
755 1465 858 1503 non
906 1451 1106 1506 fnlstra
1131 1453 1183 1508 in
1212 1465 1454 1510 nostrum
1483 1457 1808 1527 adjutorium

235 1531 388 1586 simul
431 1535 624 1591 delatm
655 1548 780 1593 sunt
805 1539 1062 1596 Leodinm
1092 1560 1214 1598 eum
1245 1563 1399 1603 sacro
1439 1531 1652 1618 patroni
1680 1567 1808 1606 cor-

233 1639 376 1692 pore,
407 1626 528 1682 sise
554 1631 718 1685 dubio
745 1633 970 1690 adaucta
993 1637 1232 1692 omnium
1246 1655 1340 1708 spe
1365 1656 1430 1696 ex
1461 1651 1811 1714 utrorumque

230 1715 382 1786 digna
413 1726 702 1790 pitesemia
742 1728 1038 1796 profutura:
1085 1734 1242 1790 nobis
1273 1734 1366 1789 Dei
1399 1737 1805 1794 misericordiae.

1925 561 1978 612 iu
2005 561 2267 638 iudiciuin
2293 567 2469 621 lilialis
2490 561 3166 636 subjectiouis'deferrent:
3195 580 3274 632 Fit
3313 593 3490 638 autem

1925 634 2270 708 utentiouloci
2303 647 2356 708 et
2387 634 2639 708 martyris
2685 644 2734 694 in
2771 645 2906 698 libro
2961 648 3220 702 vicesimo
3263 634 3496 706 mit-aeu:

1924 699 2092 792 Inui-um
2119 705 2374 792 [ternae-li,
2399 711 2503 792 μυί.
2523 699 2740 781 Notgeri
2770 723 2850 768 est
2878 699 3194 774 Leodiensis
3216 723 3448 792 episcopi
3479 743 3492 778 :

1923 770 2113 828 Fiscus
2145 776 2364 846 (inquii)
2397 770 2708 838 IIedernaius
2762 797 2947 839 nostro
2985 770 3312 844 titoiiasteiiio
3341 770 3493 846 aditi-

1920 853 2040 896 elus
2064 855 2161 926 est.
2209 845 2368 930 Inueo
2394 850 2618 930 ecclesia
2655 864 2737 908 est
2767 855 2953 910 Sancti
2987 857 3244 930 Symetrii
3277 871 3330 916 et
3361 845 3492 920 alio-

1921 925 2060 976 rum,
2103 915 2390 972 virtutibus
2417 919 2657 977 illustris.

2526 1033 2752 1090 CAPUT
2789 1037 2872 1092 Ill.

1920 1137 2224 1196 Leodiensis
2249 1145 2530 1228 [episcopus
2568 1151 2776 1218 corpori
2801 1165 2986 1228 sancto
3015 1157 3192 1228 ebrius
3217 1161 3448 1226 procedit
3471 1204 3488 1228 ,

1985 1220 2032 1264 el
2065 1227 2180 1264 cum
2213 1213 2350 1268 clero
2385 1213 2626 1286 oumique
2652 1213 3154 1298 populoﬁouoriﬁre
3181 1213 3415 1298 suscipit.

1989 1302 2200 1360 Interea
2232 1307 2542 1378 episcopum
2575 1312 2774 1368 adeunt
2794 1357 2808 1382 ,
2844 1317 3091 1384 iujuriam
3124 1324 3294 1378 sancti
3327 1341 3490 1396 grave

1915 1393 2148 1452 ferentes
2185 1399 2594 1468 archidiaconi,
2629 1421 2693 1460 ac
2743 1409 2806 1462 de
2844 1410 3002 1464 deum
3049 1415 3247 1484 quique
3296 1432 3484 1471 sanum

1911 1485 2184 1554 sapientes
2229 1489 2448 1554 clerici,
2493 1503 2857 1560 protestantes
2901 1510 3095 1566 praeter
3135 1518 3346 1572 aequum
3393 1507 3490 1560 bo-

1915 1593 2154 1648 numque
2189 1579 2240 1633 id
2275 1579 2390 1634 fieri
2415 1622 2429 1646 ,
2463 1584 2750 1640 consulere
2788 1587 2988 1643 debere
3023 1607 3126 1644 non
3171 1594 3346 1652 minus
3384 1599 3484 1654 sibi

1911 1682 2074 1736 quam
2121 1668 2286 1722 etiam
2335 1673 2497 1726 totius
2543 1673 2694 1728 urbis
2741 1676 2934 1742 saluti,
2985 1689 3042 1732 nt
3085 1691 3261 1736 tantus
3303 1696 3488 1754 pastor

1911 1759 2186 1828 quondam
2232 1775 2419 1815 eorum
2463 1763 2757 1829 mirificus,
2793 1767 2936 1821 inter
2967 1771 3269 1842 prmeipuos
3297 1775 3484 1832 Gallia)

293 1831 464 1888 Nobis
507 1837 670 1905 igitur
693 1840 784 1894 illa
823 1853 982 1902 nocte
1011 1845 1064 1900 in
1097 1847 1222 1902 villa
1249 1849 1438 1904 eadem
1469 1867 1594 1906 cum
1629 1853 1806 1908 sacris
1837 1826 1882 1888 Β
1907 1826 2126 1903 sanctos
2149 1848 2382 1905 famosos
2409 1853 2722 1920 honorifice,
2753 1865 2810 1910 ut
2833 1857 3090 1926 decebat,
3121 1863 3486 1934 susciperetur

226 1923 470 1993 reliquiis
495 1929 926 2000 quiescentibus,
951 1937 1082 1992 hora
1105 1941 1494 1997 matutinorum
1522 1953 1800 2000 ostensum

223 2021 302 2066 est
347 2014 534 2073 Leodii
570 2021 894 2089 quibusdam
925 2027 1142 2096 signum
1203 2032 1472 2098 mirabile,
1505 2033 1564 2090 S.
1599 2037 1800 2092 [tema-

223 2105 362 2160 clum
419 2125 486 2164 eo
539 2112 892 2172 deferendum
943 2123 1332 2180 nescientibus.
1387 2127 1684 2182 Videbatur
1733 2132 1800 2186 ab

219 2201 460 2255 oratorio
510 2202 818 2264 Stabulensi
865 2225 1038 2281 usque
1080 2215 1148 2268 ad
1181 2216 1398 2272 domum
1430 2219 1486 2273 S.
1525 2219 1798 2278 Lamberti

219 2291 372 2358 quasi
409 2297 654 2362 quaedam
685 2299 770 2352 via
805 2299 982 2358 lucida
1030 2304 1360 2374 splendifero
1385 2317 1560 2365 tractu
1591 2311 1644 2365 in
1675 2327 1801 2368 aere

217 2384 488 2448 protendi.
513 2385 676 2456 Citius
727 2391 806 2444 rei
855 2393 1064 2462 species
1113 2397 1244 2465 quid
1297 2401 1644 2466 portenderet
1673 2403 1797 2458 dum

217 2471 464 2529 videntes
511 2477 864 2547 mirarentur,
913 2483 1058 2540 illico
1099 2489 1234 2542 tanti
1281 2491 1510 2561 hospitis
1565 2494 1798 2550 adventu

215 2563 588 2634 solvebantur,
633 2572 722 2626 cui
775 2587 890 2630 rem
939 2577 1110 2634 visam
1157 2582 1346 2651 procul
1394 2585 1558 2642 dubio
1593 2589 1800 2644 servire

217 2655 548 2714 fatebantur.

283 2768 396 2824 Nos
431 2787 648 2844 quoque
693 2779 872 2846 primo
923 2784 1186 2852 gallorum
1231 2799 1394 2845 cantu
1424 2803 1709 2863 surgentes
1736 2797 1798 2850 de

215 2857 330 2916 loco
357 2861 414 2916 in
439 2877 548 2932 quo
586 2867 912 2938 quievimus,
941 2873 1308 2935 difﬁcultatem
1337 2882 1435 2936 via:
1461 2885 1576 2938 s’ne
1613 2885 1799 2941 labore

213 2960 266 3006 et
323 2953 712 3022 impedimento
757 2963 943 3024 faciles
993 2971 1398 3046 gaudentesque
1467 2979 1793 3049 peregimus.

214 3045 324 3101 Nec
351 3050 580 3108 deerant
607 3054 752 3110 inter
787 3061 1022 3116 eundum
1053 3063 1238 3122 laudes
1265 3069 1475 3124 Domini
1513 3088 1608 3142 per
1639 3087 1798 3142 posse

215 3148 266 3194 et
289 3156 452 3198 nosse
477 3145 794 3206 comitantis
825 3153 1026 3222 populi.

279 3253 400 3308 Non
431 3255 590 3327 longe
624 3269 800 3316 tamen
832 3263 898 3317 ab
927 3268 1058 3320 urbe
1079 3269 1527 3336 przestolabamur
1549 3275 1795 3330 nuntium

217 3345 560 3414 prmmissum
621 3351 688 3404 ad
741 3353 1018 3409 dominum
1081 3359 1354 3424 abbatem,
1407 3364 1496 3432 qui
1550 3380 1798 3422 reversus

219 3438 428 3494 nuntiat
456 3451 652 3509 prreter
679 3457 828 3512 spem
873 3445 1138 3519 fidemque
1179 3453 1499 3520 procedendi
1534 3453 1648 3510 fieri
1671 3473 1801 3511 con-

222 3531 621 3596 tradictionem.
659 3551 762 3590 nec
814 3537 1014 3594 audere
1049 3541 1324 3598 dominum
1375 3546 1668 3601 antistitem
1701 3565 1798 3602 no-

221 3631 386 3677 strum
449 3625 826 3681 Tbeoduiuum
885 3632 1188 3688 venerabile
1257 3650 1452 3705 corpus
1499 3640 1670 3693 sancti
1738 3651 1796 3695 ut

221 3713 434 3783 dignum
465 3727 610 3783 erat,
647 3721 942 3789 suscipere,
979 3725 1104 3794 quia
1139 3725 1363 3782 timebat
1404 3728 1456 3783 id
1489 3730 1794 3801 indignanti

221 3807 632 3876 metropolitano
671 3811 974 3881 displicere.
1017 3813 1146 3881 Nos,
1175 3820 1388 3873 tametsi
1423 3835 1510 3876 res
1542 3822 1594 3875 in
1636 3823 1798 3879 dubio

219 3909 252 3964 p
265 3898 448 3952 ‘ndere
463 3900 655 3958 videbo
665 3911 773 3968 tur,
807 3913 988 3961 tamen
1003 3906 1304 3966 difﬁdentes
1326 3923 1683 3982 preperanter
1705 3914 1796 3972 illo

220 3989 612 4059 progredimur.

799 4101 1223 4148 ADNOTA'HONES.

393 4216 651 4290 Martyris
703 4219 957 4290 Symetrii
986 4242 1018 4278 ιι
1056 4225 1364 4284 Lndernaco
1415 4233 1562 4286 nobis
1591 4235 1793 4288 obviam

221 4287 411 4374 delatas
437 4287 690 4374 rel-irini“
721 4287 1072 4374 suscepimus.
1111 4297 1574 4374 De_hoe_martyre
1602 4287 1793 4374 suae;

222 4357 318 4428 trio
363 4357 444 4413 sic
471 4357 720 4413 Halanus
765 4357 1006 4426 loquitur
1057 4366 1110 4420 in
1161 4367 1438 4426 Natalibus
1478 4357 1790 4428 sanctorum

221 4425 398 4500 ljelgii.
434 4430 522 4500 had
565 4429 636 4482 26
687 4425 856 4488 Maii:
893 4451 910 4482 ι
947 4434 1130 4491 Roma:
1155 4425 1466 4494 sanctorum
1491 4425 1788 4500 martvrum

221 4495 466 4572 Symetrii
488 4509 542 4551 et
567 4500 798 4556 aliorum
823 4503 1010 4572 viginti
1038 4506 1284 4562 duorum.
1313 4509 1444 4564 Cum
1470 4495 1612 4566 enim
1634 4495 1788 4569 iilulo
1815 4511 1868 4570 D

203 4581 368 4634 «ptem
399 4569 681 4646 piuspapa
714 4569 1100 4646 construxerat
1123 4579 1262 4646 apud
1287 4578 1580 4635 Praxedem
1607 4583 1784 4638 latita-

219 4649 292 4690 ret
333 4647 388 4692 et
433 4639 614 4723 divina
667 4643 934 4723 mysteria
963 4639 1277 4723 celebraret,
1306 4650 1572 4723 Antonius
1595 4655 1778 4723 Augu-

217 4717 324 4762 stus
375 4710 868 4791 eos'absqueulla
911 4713 1340 4791 interrogatione
1375 4721 1553 4790 gladio
1605 4710 1781 4791 puniri

218 4779 462 4857 praecepit
487 4780 540 4832 in
563 4783 754 4857 eodem
804 4783 979 4857 titulo.
1005 4779 1240 4857 Quorum
1273 4779 1499 4857 corpora
1529 4779 1785 4850 Praxedis

219 4848 422 4921 collegit
451 4858 504 4904 et
532 4853 778 4918 sepelivit
805 4848 1048 4921 septimo
1085 4855 1352 4914 Kalendas
1371 4848 1543 4915 'Junii.
1581 4848 1782 4919 Lader;

218 4920 456 4991 naeeusis
501 4921 753 4977 Ecclesia:
803 4920 1036 4978 lliStoria
1082 4928 1232 4983 addit
1277 4946 1398 4985 eum
1425 4933 1476 4985 in
1503 4933 1783 4991 infantiaa

219 4986 364 5066 beato
403 4989 644 5066 Materno
679 5009 806 5048 esse
859 4996 1256 5063 resuscitatum,
1289 5017 1461 5066 eaque
1499 4986 1785 5061 occasimle

219 5057 468 5135 Albanam
497 5061 608 5129 ejus
661 5075 898 5118 matrem
950 5080 1071 5119 cum
1102 5057 1255 5135 prole
1295 5057 1412 5125 fitlei
1441 5057 1782 5132 sacramenta

219 5129 526 5212 suscepisse,
556 5135 711 5212 eique
741 5129 1182 5212 nomendgdisse
1205 5140 1535 5210 Symetrium
1569 5129 1780 5202 sextum

1911 1952 2036 1992 cum
2067 1937 2164 1993 Dei
2197 1939 2468 1995 laudibus.

1979 2027 2149 2092 Item,
2197 2029 2296 2100 ipsi
2341 2031 2604 2086 adeuntes
2645 2035 3108 2107 aratltiepiseOpnm
3151 2043 3216 2094 ad
3257 2057 3482 2097 consen-

1908 2133 2030 2172 sum
2057 2117 2278 2174 llectere
2305 2120 2622 2176 nitebantur
2647 2122 2763 2192 ejus
2788 2127 3046 2182 animum.
3074 2130 3172 2197 Qui
3206 2131 3328 2186 licet
3351 2117 3486 2188 alias

1909 2208 2071 2264 aliter
2113 2211 2370 2276 sentiret,
2405 2213 2456 2266 in
2491 2213 2592 2270 hoc
2626 2225 2805 2270 tamen
2837 2233 2902 2272 ne
2935 2229 3040 2274 tam
3071 2221 3231 2291 justm
3259 2233 3485 2278 cuncto-

1903 2315 2024 2353 rum
2073 2301 2336 2356 voluntati
2381 2306 2656 2360 contraire
2693 2308 2988 2376 videretur,
3020 2313 3246 2380 prmbuit
3285 2331 3474 2370 assen-

1901 2405 2046 2447 sum.
2093 2391 2242 2448 Illico
2291 2405 2443 2464 parat
2491 2412 2550 2450 se
2599 2399 2666 2453 ad
2717 2403 3113 2469 procedendum
3160 2393 3284 2457 cum
3330 2405 3480 2460 onmi

1901 2483 2048 2538 clero
2085 2499 2184 2540 suo
2216 2487 2464 2542 dominus
2495 2500 2678 2544 noster
2709 2491 3028 2560 cpiscopus,
3063 2494 3480 2562 metropolitano

1904 2586 2217 2632 remanente
2247 2577 2300 2631 in
2331 2577 2532 2646 palatio
2559 2595 2682 2634 cum
2711 2581 2811 2634 sibi
2839 2582 3322 2637 consentientibus.
3355 2583 3478 2637 Fie-

1900 2665 1994 2721 bat
2035 2669 2192 2722 nobis
2227 2669 2435 2723 interea
2483 2671 2717 2726 maxima
2764 2671 3048 2742 impressio
3084 2675 3318 2742 undique
3356 2690 3478 2728 cum

1903 2755 2058 2813 laude
2087 2757 2180 2812 Dei
2213 2759 2426 2830 pupulis
2453 2763 2892 2826 occurrentibus,
2919 2763 2972 2818 in
3006 2779 3109 2833 qua
3141 2781 3242 2821 nec
3268 2765 3480 2818 modice

1901 2847 2124 2917 quidem
2156 2847 2454 2903 Ιωιίεικιιυι·
2483 2851 2716 2920 quisque
2744 2867 2808 2906 ea
2849 2853 3324 2920 conuenientibus,
3355 2869 3477 2907 eum

1901 2935 2054 2991 multi
2083 2937 2132 2990 vi
2165 2937 2643 2998 substet-uerentur
2672 2941 3056 3011 impellenlium
3089 2943 3331 3012 pedibus.

1973 3029 2028 3082 In
2072 3046 2178 3100 quo
2225 3043 2526 3097 conventu,
2572 3035 2692 3102 quis
2731 3037 3005 3092 abstinere.
3037 3040 3209 3107 potuit
3238 3055 3264 3091 a
3295 3037 3474 3109 lacry-

1825 3165 1872 3224 C
1904 3121 2033 3186 mis,
2067 3137 2191 3176 cum
2223 3139 2359 3178 unus
2387 3141 2456 3179 ex
2488 3126 2678 3180 militia
2707 3127 2944 3183 cmlestis
2983 3129 3324 3198 imperatoris
3362 3131 3476 3200 jam

1903 3213 1992 3266 diu
2024 3213 2258 3282 palmam
2290 3217 2542 3271 obtinens
2583 3220 2838 3288 perennis
2881 3219 3066 3286 gloria:
3105 3231 3160 3275 et
3202 3223 3479 3276 immorta-

1903 3303 2077 3358 litatis
2106 3345 2122 3372 ,
2165 3307 2479 3375 expetendae
2517 3307 2744 3376 justitia:
2793 3325 2956 3364 causa
3007 3311 3280 3364 videretur
3325 3312 3478 3364 adire

1901 3395 2108 3449 curiam
2157 3397 2390 3452 hominis
2436 3401 2622 3470 regis?
2664 3399 2897 3456 Maxime
2945 3403 3270 3456 clericorum
3317 3420 3478 3473 super

1901 3486 2006 3539 hoc
2042 3484 2188 3554 justa
2221 3497 2338 3541 erat
2370 3490 2765 3554 consideratio,
2810 3506 3040 3560 quorum
3082 3493 3242 3546 corda
3287 3493 3354 3546 ad
3401 3495 3476 3546 la-

1901 3593 2115 3648 crymas
2139 3590 2528 3650 compunxerat
2554 3581 2620 3636 de
2649 3590 2794 3635 tanta
2830 3582 3092 3652 iniustitia
3123 3584 3206 3651 pia
3231 3599 3476 3653 corttpas-

1900 3668 1981 3724 sio
2001 3709 2016 3736 ,
2049 3669 2290 3740 itemque
2319 3670 2386 3724 de
2415 3670 2788 3728 bumiliatione
2818 3675 2950 3728 tanti
2982 3673 3337 3740 confessoris,
3371 3691 3475 3730 non

1901 3760 2016 3814 sine
2046 3773 2247 3830 pavore
2276 3761 2436 3830 digna
2467 3761 2776 3818 admiratio.
3129 3779 3132 3782 '
3342 3837 3350 3844 _

1903 3841 1906 3844 ’
1970 3849 2235 3904 Caeterum
2273 3851 2523 3908 dominus
2563 3863 2749 3908 noster
2783 3851 3100 3926 episcolius,
3130 3841 3350 3922 lieet'ab
3379 3855 3476 3908 ini-

1901 3940 1975 3995 tio
2035 3941 2198 4011 hujus
2233 3941 2386 4008 mali,
2421 3943 2550 3998 satis
2588 3959 2685 4012 pro
2729 3953 3001 4014 tempore,
3050 3963 3108 4001 re
3157 3957 3211 4000 et
3250 3946 3474 4000 consilio

1897 4045 2018 4085 sese
2058 4031 2417 4100 impenderit,
2453 4050 2594 4089 nunc
2624 4043 2800 4089 tatncn
2844 4053 2966 4090 cum
3012 4037 3228 4105 optimis
3263 4037 3476 4118 clericis

1895 4123 2046 4188 suis,
2079 4141 2202 4178 cum
2234 4125 2456 4180 ducibus
2500 4137 2554 4180 et
2595 4127 2954 4196 pra'sentibus'
2991 4129 3184 4198 cor-ptis
3230 4128 3282 4180 id
3323 4127 3474 4181 adni-

1897 4215 2058 4268 tendo
2107 4221 2281 4270 totum
2327 4215 2547 4270 biduum
2591 4217 2888 4288 impensius
2929 4218 3167 4288 peragit,
3207 4227 3476 4287 quatenus

1895 4317 2074 4372 regem
2115 4311 2170 4358 et
2197 4304 2634 4374 archiprzesulcm
2666 4317 2924 4378 utrosque
2965 4305 3126 4377 hujus
3166 4308 3292 4362 lacti
3339 4319 3461 4362 reus

1892 4393 1960 4448 ab
1992 4391 2216 4464 incoepti
2243 4396 2512 4452 sententia
2544 4396 2856 4454 deduceret.

2469 4525 2716 4566 ADNO'I‘AT
2725 4525 2892 4566 IONES.

1961 4621 2222 4694 Creterum
2259 4623 2507 4694 dominus
2547 4635 2722 4678 noster
2759 4624 3030 4694 episcopus
3067 4623 3184 4678 licet
3215 4618 3281 4676 ab
3319 4618 3468 4683 initio

1891 4691 2051 4774 hujus
2083 4693 2645 4776 mali.“Tb_eoiluinum
2691 4691 2975 4776 intelligit,
3009 4709 3169 4776 quem
3197 4699 3466 4776 superior

1887 4762 2066 4831 capite
2095 4763 2386 4846 timidioris
2417 4763 2586 4818 fuisse
2623 4764 2790 4846 animi
2823 4762 3026 4818 indicat
3045 4762 3446 4846 ._modo'instin

1887 4841 1976 4887 ctu
2023 4835 2542 4889 arcbidiaconorum
2585 4843 2642 4888 et
2683 4835 2916 4888 aliorum
2958 4835 3304 4902 prmlatorum
3347 4835 3468 4888 ani-

1888 4919 2034 4974 mum
2081 4905 2470 4974 resumpsisse,
2503 4911 2559 4956 et
2604 4911 2719 4958 toto
2762 4902 2926 4958 biduo
2975 4921 3072 4973 pro
3103 4907 3456 4966 recuperandi

1889 4973 2360 5044 Malmundariensi
2407 4974 2657 5028 emnobio
2686 4974 2954 5044 insignem
2983 4989 3202 5044 operam
3243 4983 3476 5027 navasse

1887 5043 2176 5113 significat.
2803 5043 2816 5044 ί
3203 5071 3210 5080 ’

2495 5153 2729 5212 CAPUT
2777 5159 2867 5212 IV.
