4026 5370
515 373 622 430 515
705 343 708 346 ’

519 508 819 584 imperialis
848 483 1276 576 potentim.Nam
1305 497 1418 566 ipse
1445 492 1885 561 archiepiscopus
1913 504 1977 542 eo
2007 489 2090 541 in-

519 579 812 662 ﬂet-sibilent
837 597 1222 654 obtirmaverat
1259 591 1496 645 animum
1544 595 1632 650 ut,
1681 585 1724 638 si
1769 582 1986 652 quamlo
2028 579 2091 634 de

521 700 626 754 hac
673 710 730 749 re
782 690 1179 750 consuleretur,
1231 681 1546 751 displiceret
1589 679 1638 732 ei
1687 691 1808 732 cum
1864 683 2092 727 auclore

519 803 680 842 omne
721 783 1028 840 consilium.
1062 779 1358 847 Episcopus
1390 769 1774 832 Vcrcellensis,
1807 766 1964 835 quasi
2011 763 2092 816 fa-

519 878 806 939 miliarior,
853 882 1139 942 rogaturus
1185 869 1252 922 de
1295 867 1396 921 hac
1438 879 1496 916 re
1539 861 1689 915 illum
1737 858 1896 922 adiit’,
1938 871 2002 910 ac
2043 853 2094 908 ci

523 969 849 1039 persuadere
898 964 1152 1033 cupiens,
1203 961 1317 1014 [nec
1363 955 1582 1012 auribus
1627 952 1743 1020 ejus
1791 949 2093 1004 humillime

524 1063 764 1133 suggerit
790 1077 804 1115 :
835 1058 889 1114 Si
915 1057 1096 1128 justis,
1125 1055 1328 1124 inquit,
1367 1050 1640 1111 consiliis,
1671 1061 1881 1101 summe
1916 1044 2095 1099 archi-

523 1153 756 1224 praesul,
809 1151 1217 1221 acquiesceres,
1272 1154 1486 1213 tua-que
1535 1140 1696 1196 saluti
1749 1140 1853 1193 rite
1897 1153 2094 1192 consu-

525 1244 699 1306 leres,
739 1240 1100 1309 justissimnm
1146 1237 1418 1289 videretur
1454 1240 1706 1300 Oportere
1751 1237 1803 1282 te
1833 1229 2092 1283 honorem

527 1337 636 1392 Deo
687 1335 867 1388 facere
897 1373 912 1398 ,
967 1338 1263 1398 sanctoque
1303 1325 1426 1381 huic
1469 1325 1734 1395 justitiam
1783 1323 2095 1394 impendere

523 1441 686 1496 quam
726 1421 874 1491 juste
923 1422 1136 1475 videtur
1176 1425 1454 1488 expetere.
1503 1417 1835 1485 Agnovimus
1869 1415 1920 1468 id
1953 1413 2094 1482 inju-

523 1531 666 1574 Stum
711 1531 831 1570 esse
881 1514 1021 1582 quod
1071 1511 1216 1580 agis,
1266 1508 1587 1578 agnovimus
1635 1515 1690 1562 et
1735 1508 1806 1562 ob
1847 1507 1948 1560 hoc
2001 1503 2093 1557 tibi

525 1608 812 1663 imminens
868 1603 1164 1676 periculum
1197 1643 1211 1668 ,
1267 1602 1320 1654 ni
1375 1599 1701 1655 sententiam
1757 1595 2094 1659 mutaveris,

527 1715 702 1768 coque
733 1711 1011 1751 mouemus
1040 1703 1098 1748 ut
1129 1701 1336 1747 rectum
1367 1708 1520 1746 suum
1565 1705 1921 1760 recognoscas
1967 1703 2094 1742 san-

526 1799 612 1844 cto
646 1787 752 1850 illi,
783 1785 870 1839 cui
899 1786 1004 1838 hoc
1033 1782 1306 1850 adiudicat
1336 1795 1632 1835 consensus
1671 1778 1974 1848 principum
2016 1787 2096 1830 to-

529 1880 740 1946 tiusque
781 1875 958 1946 p0puli
987 1891 1001 1940 ;
1047 1865 1150 1930 hoc
1189 1873 1304 1926 vult
1341 1873 1453 1942 ipse
1485 1886 1580 1925 rex
1613 1883 1969 1939 magnopere,
2003 1869 2092 1935 qui

527 1985 633 2024 non
667 1969 865 2022 frustra
915 1969 1066 2020 timet
1113 1965 1309 2020 involvi
1351 1965 1538 2018 eodem
1588 1961 1917 2016 discrimine.
1959 1961 2098 2026 Quid

529 2078 660 2118 sane
691 2061 900 2116 consilii
935 2058 1165 2113 referam
1199 2057 1428 2120 edicito,
1461 2071 1582 2108 nam
1615 2055 1680 2107 ad
1724 2063 1776 2107 te
1816 2051 2100 2106 consulen-

526 2154 652 2206 dum
681 2152 803 2206 veni
834 2149 1182 2204 transmissus
1212 2147 1279 2201 ab
1309 2147 1417 2200 illo.
1469 2145 1562 2200 Ille
1595 2143 1762 2198 refert
1803 2151 1979 2198 motus
2021 2141 2100 2198 sic

529 2242 853 2311 indignando
877 2241 1084 2294 locutus
1117 2257 1128 2292 :
1163 2240 1355 2293 Desine
1383 2252 1469 2291 me
1503 2237 1615 2301 his,
1647 2235 1814 2289 frater
1841 2243 1893 2288 et
1917 2235 2093 2303 coepi-

527 2349 720 2403 scope,
769 2334 955 2387 desine
999 2347 1086 2386 me
1132 2331 1216 2384 his
1263 2329 1568 2398 importune
1608 2325 1945 2390 obtundere,
1977 2325 2096 2394 qui-

529 2425 630 2479 bus
670 2425 852 2478 animo
895 2423 966 2478 nil
991 2423 1206 2493 gravius
1229 2436 1465 2491 unquam
1497 2419 1598 2473 fuit
1627 2419 1938 2482 intendere,
1973 2432 2100 2470 nam

535 2516 748 2572 definivi
785 2515 924 2587 apud
959 2531 1045 2569 me
1077 2513 1176 2568 sub
1215 2513 1574 2584 jurejurando
1615 2511 1755 2566 velle
1803 2526 1888 2565 me
1934 2511 2102 2564 satius

536 2615 703 2667 emori
735 2629 893 2682 quam
923 2628 988 2666 ex
1017 2627 1103 2666 me
1133 2609 1393 2664 infirmari
1418 2608 1745 2663 sententiam
1771 2604 2098 2676 hnjnsmodi.

533 2702 673 2770 Quid
707 2703 798 2756 tibi
829 2702 907 2754 vis
936 2701 1153 2754 dicam?
1199 2715 1303 2754 non
1345 2699 1430 2754 his
1471 2699 1797 2752 mulabimur
1839 2710 2098 2765 unquam.

531 2793 707 2846 Etiam
739 2792 852 2860 ipse
878 2807 1036 2861 quem
1063 2791 1246 2844 dicunt
1275 2797 1542 2850 sanctum,
1564 2783 2105 2856 si,corporalispecio

537 2889 833 2948 resumpta,
857 2894 953 2947 per
983 2894 1040 2932 se
1069 2887 1351 2948 rogaturus
1377 2875 1602 2940 veniret,
1624 2890 1960 2944 nequaquam
1987 2888 2105 2926 meo

532 2969 800 3038 permissu
834 2985 942 3022 sua:
977 2968 1249 3038 petitionis
1277 2981 1494 3036 compos
1522 2965 1695 3020 ﬁeret.
1740 2965 1906 3031 Bona,
1933 2966 2106 3034 inquit

537 3059 658 3124 ille,
688 3059 860 3123 bona,
891 3073 1073 3128 qutcso
1093 3098 1106 3123 ,
1137 3059 1296 3112 verba
1318 3099 1332 3122 ,
1363 3073 1427 3111 ne
1454 3057 1518 3110 ad
1549 3056 1872 3126 pontificalis
1899 3055 2106 3109 ordinis

1508 353 1896 414 GODEFREDI
1933 347 2401 408 STABULENSIS
2439 343 2744 404 MO'NACHI

2117 482 2164 530 Α
2193 478 2374 520 coram
2425 477 2550 531 rege
2599 475 2666 512 ao
2713 456 2969 527 placitum
3019 461 3286 524 praesente
3319 453 3537 508 domino
3575 453 3770 510 abbate

3667 341 3768 395 516

2191 563 2378 610 nostro
2405 568 2528 608 cum
2559 547 2964 620 archipmsule,
2993 547 3158 616 cmpit
3184 545 3250 602 dc
3279 555 3460 601 nostra
3489 562 3546 602 re
3575 547 3766 617 agitari

2193 644 2506 700 consilium.

2263 736 2472 789 Interea
2501 747 2623 787 cum
2651 745 2762 801 prae
2791 729 2997 784 foribus
3027 725 3465 798 praestolarentur
3495 727 3574 780 rei
3602 741 3772 781 even-

2197 834 2348 891 tum,
2395 822 2585 879 incidit
2633 821 2788 875 nobis
2815 820 3066 874 omnibus
3113 819 3199 874 his
3247 817 3441 872 melius
3483 817 3768 872 consilium

2191 931 2290 987 pro
2316 913 2532 968 instanti
2565 911 2884 966 necessitate
2929 908 3237 963 auxiliatori
3281 907 3392 963 Deo
3437 909 3538 962 soli
3589 907 3764 977 magis

2194 1019 2316 1062 esse
2343 1002 2770 1074 supplicandum.
2801 1000 2984 1070 Itaque
3011 999 3326 1054 assistentes
3355 999 3410 1053 in
3442 999 3640 1068 spiritu
3668 998 3770 1050 hu-

2195 1098 2437 1154 militatis
2465 1097 2678 1151 Sanctae
2709 1094 2989 1149 Trinitatis
3017 1091 3194 1157 altari,
3249 1105 3411 1160 super
3441 1090 3584 1158 quod
3618 1089 3772 1159 jace-

2195 1191 2287 1244 bat
2313 1187 2616 1243 venerabile
2639 1199 2836 1255 corpus
2865 1183 3090 1254 piissimi
3120 1182 3290 1236 nostri
3319 1181 3532 1250 patroni
3559 1198 3571 1233 :
3607 1179 3771 1239 Veni.

2195 1295 2402 1340 creator
2439 1282 2665 1352 Spiritus
2690 1323 2704 1346 ,
2746 1294 2915 1349 usque
2955 1279 3022 1332 ad
3062 1277 3221 1330 finem
3263 1275 3770 1348 hymniﬁeavimus.

2195 1389 2304 1444 quo
2335 1387 2457 1428 cum
2487 1371 2798 1425 dulcissima
2832 1365 3222 1436 supplicatione
3253 1364 3536 1434 pet-linito,
3567 1372 3776 1432 septem

2196 1463 2432 1534 psalmos
2467 1477 2591 1516 cum
2630 1459 2814 1514 litania
2867 1457 3236 1528 percurrimus
3283 1455 3467 1508 animo
3513 1453 3774 1508 contrito.

2198 1553 2402 1607 Deinde
2450 1550 2849 1620 proccssionem
2907 1547 3134 1601 fecimus
3181 1544 3534 1598 decantando.
3577 1542 3779 1611 Magna

2197 1659 2329 1708 vox,
2369 1641 2556 1702 laude,
2597 1648 2729 1703 elc.,
2767 1638 2833 1690 ad
2869 1636 3130 1690 Sanctum
3167 1633 3511 1688 Lambertnm
3553 1629 3606 1684 in
3647 1645 3776 1699 ety-

2201 1745 2310 1802 pta.
2365 1731 2494 1786 lnde
2541 1732 2606 1785 ad
2659 1729 2916 1784 Sanctam
2970 1727 3191 1780 Mariam
3247 1741 3368 1779 cum
3425 1723 3780 1793 responsorio

2131 1805 2171 1864 Β
2201 1822 2424 1885 Christi,
2465 1819 2620 1890 Virgo
2649 1817 3028 1880 dilectissime;
3059 1813 3204 1868 unde
3241 1825 3297 1868 ct
3335 1813 3538 1867 reversi
3579 1825 3772 1866 sumus

2199 1911 2270 1964 ad
2317 1907 2570 1966 Sanctam
2619 1906 2926 1960 Trinitatem
2973 1918 3098 1958 cum
3145 1902 3440 1971 autiphona
3489 1899 3560 1954 Te
3605 1899 3776 1952 Deum

2199 1999 2414 2054 Patrem
2443 1997 2754 2067 ingenitum,
2786 1991 3239 2062 subsequentibus
3271 1991 3394 2045 aliis
3425 1989 3780 2044 orationibus

2200 2092 2265 2146 ad
2288 2087 2940 2161 impetrandumpjusdem
2971 2085 3031 2140 S.
3065 2083 3350 2138 Trinitatis
3377 2080 3666 2134 auxilium.

2271 2183 2342 2237 At
2371 2197 2499 2236 vero
2527 2181 2730 2250 quique
2757 2178 3080 2234 clericorum
3111 2191 3178 2230 ac
3205 2174 3464 2230 laicorum
3499 2173 3784 2226 intuentes

2203 2271 2412 2326 vultum
2447 2279 2758 2324 nostrorum
2789 2268 3242 2336 immutatumqne
3269 2264 3504 2318 colorem
3534 2261 3786 2315 indicau-

2214 2371 2321 2417 tcm
2352 2361 2626 2416 internum
2658 2360 2824 2414 animi
2851 2355 3090 2414 dolorem
3123 2367 3302 2412 mente
3329 2355 3784 2416 vulnerabantur,

2205 2451 2652 2521 continentesque
2687 2451 2900 2522 publica
2933 2449 3328 2519 supplicatione
3357 2448 3526 2501 nostri
3574 2445 3788 2500 similes

2203 2543 2594 2600 eﬂiciebantur.
2635 2541 3025 2598 Protendentes
3063 2555 3192 2609 ergo
3241 2553 3430 2610 manus
3479 2537 3533 2590 in
3577 2535 3786 2590 cadum

2206 2635 2442 2690 universi
2471 2634 2905 2702 deprecabantur
2932 2631 3100 2686 Deum
3138 2630 3290 2684 nobis
3317 2629 3606 2698 propitium
3635 2627 3783 2680 ﬁeri.

2205 2725 2320 2782 Non
2371 2725 2582 2781 modica
2621 2739 2750 2780 vero
2785 2731 2906 2779 erat
2941 2733 3246 2777 nostrorum
3283 2719 3622 2782 obsecratio,
3663 2718 3782 2772 into

2206 2825 2259 2872 et
2302 2816 2618 2886 trepidatio,
2661 2830 2757 2884 pro
2798 2829 2864 2868 co
2891 2811 3032 2883 quod
3081 2811 3132 2864 in
3182 2819 3546 2877 contemptum
3591 2807 3788 2862 venire

2206 2907 2340 2962 tanti
2377 2903 2703 2962 confessoris
2740 2904 2982 2958 videntes
3023 2900 3400 2962 reverentiam,
3433 2899 3530 2952 loci
3563 2899 3782 2953 desola-

2209 2997 2407 3052 tionem
2456 2995 2718 3050 timebant
2770 2993 3087 3058 affuturam,
3121 2989 3790 3060 amplius-insultantium

2209 3087 2515 3158 perpessuri
2547 3085 2966 3154 blasphemiam.

537 3147 818 3201 infamiam
851 3147 902 3201 in
931 3147 1173 3216 publicas
1201 3163 1360 3202 aures
1390 3144 1756 3200 diﬁ'undantur
1783 3147 1896 3200 lucc
1927 3145 2105 3200 minus
2133 3153 2176 3214 ε
2209 3144 2222 3156 “
2283 3144 2388 3233 S‘cd
2425 3179 2515 3248 qui
2553 3144 2684 3231 11οη’
2706 3176 3046 3230 oblivisci,“
3095 3173 3338 3226 misereri
3391 3174 3529 3228 Deus
3585 3173 3602 3236 ί
3629 3171 3788 3226 pud.

534 3241 791 3304 honesta,
821 3239 904 3294 vel
943 3241 1104 3294 etiam
1147 3239 1428 3294 occasione
1471 3239 1629 3307 hujus
1680 3238 1960 3292 sententia:
2004 3237 2100 3291 ab-

533 3341 762 3384 utantur
791 3340 1038 3400 potentes
1066 3331 1244 3385 caueri
1275 3331 1428 3400 quasi
1480 3331 1710 3399 quadam
1754 3328 2099 3383 auctoritate.

534 3423 676 3494 Ergo
703 3423 801 3478 etsi
837 3439 941 3478 non
975 3425 1223 3492 precibus
1265 3439 1438 3492 neque
1483 3421 1725 3476 consiliis
1765 3422 2063 3476 amicorum
2085 3459 2102 3485 ,

534 3523 717 3568 tamen
743 3515 1013 3568 credimus
1058 3523 1106 3568 te
1137 3513 1189 3568 id
1218 3513 1298 3568 vel
1338 3513 1537 3566 virtute
1579 3513 1670 3567 Dei
1707 3513 1996 3566 facturum.
2044 3509 2100 3564 Si

533 3607 668 3669 hoc,
699 3605 788 3660 ille
817 3607 993 3674 inquit
1014 3647 1028 3670 ,
1061 3607 1184 3658 dum
1216 3605 1323 3658 vita
1356 3619 1536 3658 comes
1570 3605 1730 3658 fuerit
1759 3603 1824 3658 de
1855 3601 2104 3656 manibus

533 3695 655 3748 istis
703 3696 904 3748 videris
950 3704 1228 3764 ereptum,
1280 3695 1530 3762 spiritum
1580 3693 1738 3748 simul
1784 3694 1917 3761 eripi
1961 3693 2032 3747 sit
2073 3707 2102 3744 a

535 3783 762 3841 Domino
799 3794 1144 3854 praeceptum.
1196 3784 1239 3840 Ο
1294 3787 1426 3838 mira
1475 3785 1568 3838 Dei
1619 3783 1933 3848 clementia,
1983 3798 2106 3836 san-

536 3874 718 3942 ctique
764 3875 1090 3929 confessoris
1136 3875 1217 3930 sui
1258 3875 1555 3944 patientia!
1600 3891 1706 3928 non
1755 3877 1936 3928 stalim
1981 3889 2104 3927 cum

539 3973 724 4033 erepta
785 3967 1125 4033 possessione
1186 3966 1470 4020 subsecuta
1525 3975 1608 4019 εει
1657 3965 1922 4030 vindicta,
1983 3964 2106 4018 licet

537 4057 834 4110 secundum
891 4071 1042 4110 suam
1095 4056 1365 4126 optionem
1418 4056 1768 4126 archiprzesul
1824 4065 2105 4124 pateretur

529 4145 733 4216 judicia
784 4155 966 4208 recta;
1019 4147 1114 4202 sed
1159 4163 1264 4200 non
1307 4155 1390 4200 est
1432 4146 1573 4201 Deus
1619 4155 1676 4200 ut
1709 4147 1900 4214 homo,
1931 4148 2104 4216 gratis

535 4235 829 4306 pr0pitians
859 4236 1185 4291 conformari
1216 4237 1365 4291 limo.

1149 4327 1376 4384 CAPUT
1431 4327 1494 4383 ν.

530 4415 748 4472 Fratres
774 4419 990 4486 pedibus
1016 4418 1125 4486 suis
1154 4429 1442 4488 prostratos
1466 4419 1536 4472 ad
1562 4419 1816 4474 Sanctum
1844 4419 2100 4474 Joannem

2203 3272 2410 3337 Lxxvr),
2456 3269 2646 3324 extulit
2691 3269 2792 3323 hac
2843 3266 3127 3322 occasione
3175 3275 3420 3319 sanctum
3455 3281 3610 3319 suum
3643 3267 3782 3318 sub-

2203 3361 2407 3416 lituius.

2799 3425 3028 3482 CAPUT
3065 3425 3173 3480 Vll.

2205 3521 2471 3577 Scrinium
2521 3519 2686 3573 sancti
2732 3535 2848 3571 cum
2894 3518 3066 3571 sonitu
3101 3516 3164 3568 ab
3197 3514 3356 3568 altari
3385 3513 3690 3566 subleratur
3737 3509 3790 3566 et

2362 3592 2481 3643 inde
2510 3587 2798 3642 consolatio
2827 3587 3052 3656 plurima
3086 3585 3408 3638 cernentibus
3439 3586 3618 3637 tiatur.

2276 3680 2404 3736 Post
2430 3679 2700 3749 expletam
2731 3693 2964 3747 namque
2989 3676 3432 3746 supplicationem
3451 3717 3466 3736 ,
3499 3691 3622 3741 quae
3647 3691 3794 3743 prte—

2206 3774 2344 3828 dicta
2394 3782 2497 3837 est,
2531 3771 2829 3826 ambientes
2882 3773 3024 3840 regis
3075 3769 3440 3838 praesentiam,
3489 3775 3548 3820 ut
3591 3782 3780 3820 coram

2208 3865 2356 3920 fatuli
2391 3864 2582 3920 saltem
2629 3877 3085 3932 consequeremur
3133 3843 3452 3923 licentiam,
3489 3860 3789 3914 manifeste

2205 3956 2368 4026 Regis
2393 3955 2773 4024 omnipotentis
2798 3955 3002 4023 experti
3031 3968 3218 4006 sumus
3241 3951 3661 4021 providentiam,
3688 3967 3791 4021 per

2207 4048 2466 4101 virtutum
2507 4059 2726 4100 suarum
2777 4045 3038 4114 insignem
3075 4051 3130 4098 et
3159 4042 3532 4096 admirabilem
3587 4053 3788 4111 poten-

2213 4139 2361 4192 tiam.
2390 4137 2600 4190 Etenim
2629 4135 2890 4190 scrinium
2918 4134 3126 4198 sancti,
3151 4133 3294 4202 quod
3323 4133 3634 4202 impositum
3661 4143 3790 4188 erat

2213 4229 2430 4282 Sancta:
2461 4225 2748 4282 Trinitatis
2781 4225 2979 4294 altari,
3010 4241 3132 4280 cum
3167 4225 3450 4294 repentino
3481 4224 3664 4279 sonitu
3703 4223 3791 4278 vi.

2207 4337 2324 4376 sum
2355 4330 2438 4375 est
2473 4319 2524 4374 in
2565 4335 2692 4373 aera
2719 4317 3014 4373 sublevari.
3046 4317 3199 4383 Quod
3229 4317 3486 4371 nimirum
3519 4317 3570 4370 in
3603 4317 3786 4371 admi-

2209 4413 2472 4466 rationem
2523 4419 2866 4480 promoverat
2911 4423 3004 4462 eos
3063 4409 3152 4478 qui
3205 4407 3522 4473 astiterant,
3575 4407 3790 4477 quique

601 4490 655 4568 in
706 4484 878 4542 insula
931 4484 1279 4544 arcltiortesul
1347 4489 1561 4544 dimittit
1620 4491 1712 4545 sub
1773 4491 2098 4560 responsione

2207 4519 2310 4558 una
2341 4518 2465 4558 cum
2514 4502 2734 4558 custode
2769 4507 3079 4556 sanctarmn
3117 4499 3468 4568 reliquiarum
3510 4499 3784 4553 excubias
3807 4547 3826 4566 ,

603 4559 822 4611 incerta.

604 4647 661 4700 ln
693 4649 1056 4720 crastino,qui
1086 4651 1633 4718 dieseralDominit-ze
1664 4652 2098 4718 resurrectionis,

528 4735 700 4792 nostri
741 4739 982 4793 seniores
1033 4742 1098 4794 ad
1132 4744 1390 4807 templum
1420 4742 1602 4800 Sancti
1643 4741 1867 4797 Joannis
1909 4742 1964 4795 in
2011 4743 2098 4796 in-

538 4828 656 4882 sula
701 4829 789 4883 ubi
820 4831 1176 4888 dedicationis
1221 4835 1458 4896 ejusdem
1510 4833 1692 4904 templi
1743 4835 1935 4904 agebat
1983 4849 2096 4904 my-

530 4919 723 4986 steria,
757 4921 1009 4990 prostrati
1041 4923 1263 4991 pedibus
1286 4925 1421 4994 ejus,
1447 4923 1810 4978 Misericordia
1859 4923 2094 4988 Domini,

529 5009 817 5079 inquiunt,
865 5011 1018 5079 plena
1078 5023 1150 5065 est
1195 5022 1333 5066 terra
1382 5013 1574 5080 (Psal.
1605 5014 1820 5085 nm).
1855 5013 1930 5067 Ne
1973 5027 2101 5082 ergo

534 5097 767 5152 alienum
797 5100 864 5153 ab
891 5099 976 5153 illa
1008 5109 1056 5154 Ie
1091 5101 1366 5172 contingat
1399 5102 1515 5158 ﬁeri
1537 5144 1552 5167 ,
1603 5103 1690 5158 fac
1733 5119 1854 5158 eam
1876 5144 1890 5166 ,
1936 5117 2098 5170 quam

2206 4595 2582 4658 celebrabant,
2630 4603 2686 4648 et
2729 4592 2872 4662 quod
2919 4591 3092 4646 visum
3139 4599 3223 4645 est
3263 4590 3422 4658 digna
3473 4590 3578 4644 fide
3623 4591 3792 4643 nobis

2207 4685 2580 4742 dubitantibus
2607 4681 2968 4753 exponebant.
2997 4681 3150 4736 Unde
3173 4681 3462 4750 plurimum
3485 4680 3764 4734 consolati

2207 4787 2320 4832 toto
2353 4778 2470 4830 nisu
2505 4775 2614 4830 Deo
2642 4771 3143 4828 commendavimus
3174 4771 3335 4826 ﬁnem
3365 4770 3514 4824 facti.

2235 4852 2446 4868 "(H-
2779 4875 3200 4915 amarumst-:3.

2275 4956 2482 5009 Etenim
2515 4955 2765 5007 scrinium
2803 4955 2970 5006 sancti
2999 4952 3137 5021 quod
3163 4952 3464 5020 impositum
3489 4961 3604 5004 erat
3639 4950 3786 5021 ξοη-

2204 5037 2297 5079 cta:
2332 5025 2604 5079 Trinitatis
2633 5023 2816 5076 altari.
2855 5024 2928 5075 Ex
2959 5019 3060 5076 hoc
3086 5019 3262 5089 capite
3291 5021 3595 5089 desumpsit
3621 5019 3790 5089 Egi.-

2205 5096 2324 5174 tlius
2357 5099 2549 5174 ἔμε-κίκι
2579 5093 2736 5174 vallis
2767 5093 3056 5172 secundum
3095 5100 3257 5174 caput
3286 5089 3572 5174 (iustorum
3601 5092 3790 5174 sa_ncti
