4026 5370
227 411 320 465 517
1203 425 1602 482 TRIUMPHUS
1643 425 1698 479 S.
1743 421 2060 479 REMACLI.
2101 455 2166 466 «-
2200 423 2325 478 LIB.
2353 421 2414 478 ll.

221 531 320 601 jam
351 529 572 588 dixerat
609 535 680 590 nil
715 546 920 593 certum
957 539 1057 596 sibi
1101 545 1324 598 tractari
1367 547 1436 598 ab
1476 545 1748 612 aliquibus
1775 545 1793 610 )
1823 549 1876 602 Α

227 623 512 678 consilium
567 625 670 681 hoc
720 627 772 681 in
823 645 1108 688 commune
1157 633 1388 700 inimus,
1439 644 1498 690 ut
1539 636 1800 690 adeuntes

228 725 402 779 regem
433 728 536 782 pro
564 715 722 770 nobis
755 717 887 788 ipsi,
922 727 982 776 ut
1011 737 1098 776 res
1135 723 1420 792 poscebat,
1459 739 1642 780 coram
1682 724 1796 780 clo-

227 813 536 868 queremur.
591 803 855 862 latrantes
901 808 1084 878 itaque
1126 815 1462 882 pomarium,
1502 813 1590 870 ubi
1629 813 1796 886 regali

227 893 634 960 magnificentia
687 898 1056 956 discumbebat
1101 917 1194 958 rex
1240 919 1362 960 cmn
1414 907 1526 962 suis
1569 907 1798 976 optima-

229 983 362 1038 tibus
393 985 461 1039 ad
490 989 810 1056 prandium,
850 993 1274 1064 assistentesque
1313 1012 1434 1052 cum
1469 998 1557 1068 pia
1592 997 1800 1068 suppli-

227 1074 451 1141 catione,
487 1078 582 1133 uni
612 1081 986 1140 commisimus
1013 1085 1364 1158 prmloquium
1402 1108 1416 1142 :

359 1199 503 1278 ᾔει.-
521 1203 690 1273 inquit
709 1244 725 1267 ,
755 1206 992 1278 domine,
1021 1207 1150 1276 felix
1175 1227 1268 1278 per
1299 1213 1494 1265 sa’cula
1525 1214 1650 1278 vive,

361 1269 428 1322 Et
457 1269 624 1325 ricm'r
645 1290 844 1344 regnes,
871 1269 1032 1332 velut
1051 1269 1290 1348 aptantur
1321 1269 1680 1338 Strtbulenses.

289 1393 648 1462 Suggen-imus
677 1397 954 1454 humiliter
985 1410 1088 1455 tua:
1115 1401 1382 1471 majestati
1415 1413 1473 1458 ut
1521 1404 1664 1474 quod
1715 1405 1796 1460 fa-

225 1493 304 1538 cto
325 1499 462 1554 opus
487 1487 582 1551 sit,
610 1488 825 1556 videas;
855 1499 912 1547 et
939 1493 1068 1562 quid
1093 1494 1430 1550 commiseris
1461 1496 1512 1550 in
1545 1506 1792 1552 sanctum

225 1574 332 1640 Dei,
357 1577 446 1632 cui
493 1580 784 1646 servimus,
827 1596 1204 1654 recognoscas,
1251 1583 1502 1656 factaque
1551 1589 1798 1658 recogni-

225 1665 380 1732 tione,
417 1683 540 1722 cum
567 1671 810 1739 patrihus
837 1673 942 1728 tuis
963 1673 1018 1728 in
1045 1683 1304 1730 arternum
1333 1679 1502 1733 vivas.
1529 1677 1798 1734 Obsecra-

223 1769 334 1808 tnus
353 1769 574 1826 quoque
599 1766 650 1812 te
679 1773 778 1828 pro
795 1769 938 1814 statu
965 1762 1116 1832 regni
1145 1764 1288 1834 quod
1333 1765 1638 1834 possedisti,
1695 1782 1798 1838 pro

219 1843 354 1898 bono
381 1861 494 1902 san:
517 1847 582 1911 ti,
613 1849 758 1916 quod
789 1851 1084 1920 cupiditate
1131 1856 1484 1922 quorumdam
1530 1857 1790 1925 deprava-

223 1943 302 1988 tus
331 1934 644 2000 inlirmasti,
693 1941 940 2010 quodque
987 1943 1090 1998 sibi
1119 1944 1462 2002 contulerunt
1507 1957 1562 2001 et
1589 1948 1792 2002 contir-

221 2034 494 2080 maverunt
571 2030 932 2096 potentissimi
1012 2037 1439 2104 pra-decessores
1488 2038 1594 2103 tui,
1647 2041 1792 2109 quod

219 2115 374 2170 etiam
419 2115 744 2172 inviolatum
793 2129 850 2175 et
875 2121 1250 2178 inconvulsum
1279 2128 1593 2194 permansit,
1621 2145 1792 2200 usque

217 2202 282 2256 ad
309 2204 422 2260 haec
465 2215 714 2276 tempora
749 2209 824 2264 tui
873 2211 1122 2278 dominii,
1155 2223 1212 2267 ut
1243 2215 1320 2270 sic
1349 2217 1630 2285 praecipias
1661 2219 1790 2274 illud

217 2297 448 2364 r.s:itui,
479 2301 756 2368 quomodo
803 2303 1084 2374 privilegia
1133 2315 1398 2361 testantur
1441 2309 1788 2375 monasterii;

217 2386 298 2440 vel
321 2387 366 2441 si
392 2403 554 2444 secus
578 2391 660 2444 vis
689 2389 830 2457 ﬁeri,
861 2391 966 2447 erit
1011 2393 1108 2448 tibi
1136 2409 1298 2451 causa
1337 2397 1584 2467 periculi.
1617 2397 1792 2455 Locus

215 2479 352 2532 enim
375 2487 586 2549 noster,
615 2484 888 2552 quondam
917 2485 1251 2542 honorabilis
1281 2496 1334 2542 et
1375 2489 1680 2559 opulentus,
1712 2490 1791 2544 vi-

214 2570 365 2624 detur
409 2573 628 2642 penitus
657 2575 889 2630 desolari
923 2577 1030 2631 tuis
1075 2579 1430 2648 temporibus,
1474 2595 1634 2648 quem
1665 2591 1790 2636 ante

215 2671 264 2716 te
293 2663 578 2718 coluerunt
617 2666 974 2736 imperatores
1017 2671 1244 2724 summis
1299 2671 1612 2726 honoribus.
1641 2671 1788 2727 Con-

217 2753 376 2806 traria
407 2767 646 2823 namque
675 2753 824 2809 illata
854 2757 1182 2824 conditione,
1216 2759 1454 2829 undique
1480 2761 1789 2816 distrahun-

215 2851 298 2896 tur
323 2843 468 2900 illius
491 2847 698 2915 optima
723 2861 982 2916 quaquae.
1019 2849 1164 2920 Ergo
1187 2865 1256 2906 ne
1285 2852 1551 2906 consistas
1573 2851 1678 2906 illis
1709 2853 1788 2907 in-

213 2932 392 2996 ferior,
419 2935 498 2990 vel
528 2953 582 2990 in
609 2937 793 3006 aliquo
823 2937 972 3007 regni
1001 2947 1206 2994 statuto
1235 2940 1494 3006 deterior,
1519 2941 1790 3012 plantetur

213 3024 264 3078 iu
293 3026 458 3081 corde
488 3037 582 3083 tuo
603 3027 839 3095 iustitia,
866 3035 920 3083 et
955 3027 1258 3084 lirmahitur
1301 3033 1528 3086 tln'onus
1570 3041 1692 3087 tuus
1733 3033 1787 3086 in

211 3117 400 3172 sarcula
424 3117 606 3190 (Prov.
631 3120 784 3189 xxv).

3371 415 3478 472 5l8

2473 550 2893 591 ANNOTLTIONES.

1974 625 2087 698 Ubii
2103 626 2266 698 regali
2287 627 2674 696 magniﬁcentia
2702 623 3056 698 dignmbeltat
3079 639 3198 698 cum
3231 621 3360 698 suis.
3389 621 3480 674 Al-

1897 695 2036 751 latas
2065 691 2232 750 fnis'se
2258 697 2322 749 ad
2351 691 2527 764 regem
2557 695 2726 750 sancti
2767 693 3006 748 Retnacli
3054 691 3332 764 reliquias_
3354 707 3476 744 cum

1937 783 2198 822 ransurns
2223 761 2604 826 discuniberct,
2631 773 2862 820 testatur
2885 763 3102 818 disertis
3119 763 3296 816 verbis
3315 761 3476 814 Lam-

1931 847 2083 916 ertus
2114 835 2666 916 Scitainahurgeusis;
2687 837 2768 916 sic
2789 834 2934 888 ettim
2963 834 3094 916 ille;
3131 849 3148 882 ι
3179 831 3315 912 Inito
3339 845 3478 916 coir-

1895 905 2020 960 silio
2047 907 2132 962 (ut
2175 905 2368 968 fertur)
2418 900 2598 958 divina
2633 905 2700 958 ad
2732 905 2833 958 hoc
2879 902 3202 958 revelatione
3247 900 3476 964 incitati,

1895 990 2018 1029 ossa
2050 975 2190 1028 beati
2219 973 2452 1028 Remacli
2485 973 2686 1038 levant,
2705 973 2961 1028 Leodium
2991 973 3328 1034 defe’runt,ct
3353 983 3479 1036 rege

1897 1045 2096 1098 celebri
2123 1044 2357 1114 quodam
2397 1043 2514 1098 loco
2541 1044 2848 1099 convivium
2879 1053 3094 1112 agente,
3135 1055 3296 1110 super
3323 1055 3476 1093 inen-

1895 1129 2010 1170 sam
2042 1115 2210 1184 ipsam
2239 1122 2564 1184 apponunt»

2507 1223 2736 1280 CAPUT
2775 1223 2866 1278 IX.

1895 1333 2098 1408 Corpus
2129 1337 2296 1390 sancti
2315 1337 2790 1408 impra’scntiarum
2817 1335 3042 1404 afferam
3065 1351 3478 1408 supermensam

2025 1419 2072 1462 et
2099 1408 2163 1462 de
2187 1405 2412 1461 induciis
2437 1417 2824 1474 conquerentes,
2863 1415 3038 1474 petunt
3069 1405 3346 1472 iustitiam.

1965 1517 2062 1572 llis
2098 1517 2334 1588 episcOpi
2367 1517 2545 1574 verbis
2581 1515 2861 1580 increduli,
2894 1515 3002 1571 imo
3029 1516 3178 1570 dubii
3235 1515 3364 1569 facti
3411 1515 3478 1568 de

1895 1608 2154 1674 crastino,
2185 1609 2308 1676 quia
2349 1605 2481 1662 nihil
2529 1606 2662 1662 satis
2693 1605 2980 1659 festinatur
3009 1604 3242 1674 cupienti
3272 1603 3474 1666 animo.

1895 1713 2090 1766 corpus
2121 1699 2330 1766 patroni
2361 1697 2528 1752 nostri
2559 1695 3048 1765 imprmsentiarum
3072 1693 3264 1748 alierre
3292 1709 3480 1748 neces-

1895 1789 2094 1843 sarium
2135 1787 2387 1842 duximus
2407 1786 2678 1842 communi
2727 1785 2984 1848 consilio;
3021 1800 3126 1855 quo
3174 1800 3240 1838 ex
3281 1783 3478 1852 impro-

1824 1891 1866 1950 Β
1893 1880 2009 1934 viso
2057 1879 2300 1948 exposito
2343 1893 2504 1946 super
2551 1893 2789 1932 mensam
2833 1877 3058 1948 regiam,
3087 1875 3188 1940 En,
3219 1873 3475 1936 diximus,

1893 1971 2066 2040 ipsum
2097 1972 2204 2035 cui,
2237 1985 2354 2035 rex,
2385 1969 2517 2024 facis
2551 1967 2887 2044 injustitiam,
2914 1980 3238 2037 recognosce
3271 1979 3397 2032 ergo
3427 1962 3476 2016 ei

1892 2061 2034 2132 quod
2063 2069 2208 2115 totus
2239 2061 2387 2114 orbis
2423 2059 2524 2128 ipsi
2556 2058 2826 2128 adjudicat
2861 2059 3160 2130 preprium.
3215 2055 3356 2111 Ecce
3381 2068 3478 2123 pro

1893 2153 2008 2222 ipsa
2037 2151 2301 2222 injuslitia
2327 2160 2474 2204 tuum
2500 2165 2661 2220 super
2689 2159 2888 2204 terram
2931 2149 3160 2218 requirit
3180 2145 3474 2215 judicium:

1891 2242 2012 2316 vide
2037 2257 2103 2296 ne
2140 2241 2404 2311 negligas,
2435 2247 2492 2292 ut
2521 2255 2627 2293 non
2661 2239 2712 2292 in
2751 2239 2902 2294 cmlis
2946 2239 3231 2291 adversum
3261 2245 3310 2289 te
3335 2249 3480 2304 quac-

1891 2343 1974 2385 rat
2012 2331 2248 2400 judicent
2283 2331 2470 2384 Deum.
2501 2327 2730 2398 Pr0pter
2758 2337 2807 2382 te
2851 2327 3049 2398 (inquit
3078 2340 3170 2380 rex
3201 2325 3266 2378 ad
3293 2323 3478 2376 archi—

1891 2422 2193 2492 przesulem)
2227 2421 2286 2476 lit
2333 2403 2488 2474 nobis
2549 2420 2662 2474 haec
2713 2419 3021 2488 importuna
3075 2417 3331 2472 invectio.
3367 2415 3475 2469 Sed

1891 2512 2126 2583 quandiu
2155 2520 2353 2584 praeter
2377 2525 2582 2565 morem
2615 2506 2880 2578 majorum
2911 2523 3154 2562 ineorum
3205 2507 3322 2561 lucc
3361 2505 3474 2574 pati

1891 2605 2098 2660 habeo?
2151 2601 2538 2658 Auimadvete
2589 2601 2732 2671 quod
2789 2599 2890 2654 nisi
2951 2609 3154 2654 mutata
3207 2595 3476 2652 sententia

1890 2696 2036 2752 aliud
2059 2697 2480 2758 decreverimus,
2515 2694 2580 2746 de
2602 2691 2777 2746 salute
2825 2699 3014 2746 nostra
3067 2687 3361 2760 periclitari
3405 2689 3474 2741 oh

1889 2785 1993 2842 hoc
2023 2786 2076 2840 in
2106 2785 2353 2854 proximo
2375 2782 2694 2852 poterimus.
2744 2779 2849 2836 Sed
2893 2779 2980 2834 illo
3009 2779 3080 2832 nil
3111 2779 3266 2835 nobis
3315 2776 3480 2848 proli-

1890 2891 2051 2932 cuum
2103 2877 2169 2930 ad
2222 2891 2283 2930 ea
2325 2876 2686 2944 respondente
2751 2871 2845 2927 sed
2892 2871 3061 2941 magis
3091 2869 3479 2941 pronuntiante

1891 2983 1990 3022 nos
2042 2967 2220 3020 nimia:
2248 2964 2683 3036 prmsumptionis
2736 2973 2791 3018 et
2844 2963 3100 3026 audacim,
3148 2976 3242 3015 rex
3278 2959 3473 3014 iterum

1890 3057 2234 3127 sponsionem
2258 3055 2384 3110 fecit
2408 3069 2504 3125 per
2525 3053 2770 3110 inducias
2799 3054 2849 3108 in
2881 3053 3205 3118 crastinum,
3241 3065 3298 3104 se
3323 3048 3479 3102 nobis

1889 3163 2104 3204 omnem
2147 3148 2414 3218 justitiam
2469 3163 2569 3217 pro
2624 3155 2750 3201 voto
2805 3153 2996 3200 nostro
3047 3141 3338 3204 facturum,
3370 3154 3476 3194 non

277 3231 392 3286 Rex
445 3243 628 3287 autem
683 3249 808 3289 cum
845 3235 898 3290 in
945 3237 1414 3318 archiepiscopum
1465 3239 1786 3304 intenderet,
1817 3225 1861 3287 (ἶ
1893 3255 2034 3305 esse,
2085 3239 2358 3309 inquiens,
2421 3247 2782 3308 Opportunum
2843 3225 3070 3305 tempori
3104 3250 3216 3288 rem
3247 3229 3478 3286 ditlinire

211 3321 360 3388 quasi
385 3322 664 3378 docendus
690 3325 759 3380 ab
787 3325 904 3395 ipso
955 3327 1082 3395 quid
1113 3328 1288 3395 licret,
1335 3329 1555 3398 ipseque
1584 3329 1791 3400 cupidi-

213 3421 318 3468 tate
340 3415 467 3469 honi
512 3424 694 3471 tentus
729 3419 1144 3485 conticesceret,
1176 3421 1425 3490 apposuit
1466 3422 1644 3476 adhuc
1693 3437 1790 3476 no-

209 3515 322 3560 ster
345 3517 554 3574 orator,
607 3519 674 3564 ut
713 3511 960 3566 diceret:
989 3511 1152 3578 Quid,
1181 3511 1396 3567 domine
1422 3527 1537 3577 rex,
1571 3523 1790 3583 propter

212 3596 350 3650 hunc
369 3596 542 3652 solum
577 3598 858 3653 hominem
889 3601 1228 3665 obmutuisti,
1268 3603 1355 3656 cui
1393 3611 1580 3658 contra
1625 3603 1790 3658 decus

211 3687 358 3754 regni
371 3689 666 3754 indecenti
694 3690 1016 3759 discipulatui
1045 3701 1096 3746 te
1117 3692 1440 3748 subdidisti?
1459 3693 1790 3748 Conversus-

209 3793 310 3846 que
337 3779 404 3834 ad
431 3779 642 3836 circum
683 3781 974 3860 sedentes:
999 3782 1139 3850 Quid
1182 3799 1296 3847 vos,
1329 3783 1521 3853 inquit,
1553 3783 1788 3852 episcopi

211 3870 462 3940 regnique
509 3872 840 3941 optimates?
888 3887 986 3927 cur
1027 3887 1210 3930 coram
1264 3873 1652 3940 conticescitis,
1691 3887 1789 3944 pro

205 3959 408 4028 justitia
431 3961 578 4031 loqui
611 3963 908 4020 timentes?

273 4077 354 4130 Ad
383 4077 498 4131 haec
539 4077 688 4133 vultu
727 4085 936 4134 mutato
978 4079 1418 4149 archiepiscopus
1447 4097 1462 4136 :
1493 4079 1632 4148 Quid
1683 4081 1790 4150 (in-

209 4166 343 4236 quit)
369 4167 526 4222 vobis
559 4168 860 4224 auferendo
889 4169 1082 4225 admisi
1117 4171 1332 4226 reatus?
1353 4183 1449 4227 aut
1475 4189 1582 4243 quo
1601 4185 1790 4229 sancto

211 4257 320 4310 viro
348 4273 466 4312 sum
495 4258 802 4313 obnoxius?
831 4257 916 4312 Nil
943 4275 1118 4315 causae
1152 4261 1218 4315 ad
1261 4263 1662 4331 impetrandum
1693 4265 1790 4317 hac

209 4345 392 4402 hentes
445 4347 644 4402 frustra
707 4349 970 4413 nitimini,
999 4351 1126 4418 quia
1176 4351 1312 4405 nihil
1355 4367 1590 4421 unquam
1622 4352 1790 4406 vestri

205 4432 338 4502 juris
361 4437 542 4507 attigi.
573 4437 664 4493 llle
693 4446 942 4502 econtra,
967 4455 1072 4493 non
1097 4439 1201 4494 nisi
1227 4449 1434 4494 rectum
1458 4440 1604 4508 justa
1627 4455 1788 4495 causa

1893 3333 2014 3388 talis
2037 3331 2259 3403 negotii.
2289 3331 2584 3386 Identidem
2633 3329 2812 3384 omnis
2867 3341 3156 3382 consessus
3185 3324 3472 3393 episcopo-

1891 3440 2009 3478 rum
2044 3424 2386 3488 hortabatur,
2415 3421 2746 3492 rogahatque
2771 3427 2826 3472 ut
2858 3417 3070 3472 interim
3099 3414 3392 3470 referretur
3423 3413 3476 3464 in

1891 3515 2148 3585 templum
2183 3528 2380 3582 corpus
2401 3509 2729 3566 venerabile.
2763 3510 3030 3565 Incertum
3081 3514 3185 3570 est,
3215 3503 3474 3570 diximus,

1890 3605 2020 3676 quid
2049 3604 2288 3674 paritura
2321 3603 2391 3659 sit
2411 3603 2524 3656 dies
2547 3601 2810 3665 crastina,
2835 3601 2958 3655 dum
2983 3597 3142 3652 modo
3161 3611 3315 3665 teque
3337 3597 3476 3650 bene

1891 3696 2071 3751 facere
2095 3711 2200 3750 non
2237 3695 2416 3750 minus
2443 3695 2513 3749 sit
2539 3693 2747 3748 licitum
2773 3690 3040 3763 imperiali
3064 3690 3337 3760 potentia).
3369 3688 3476 3743 Pro

1890 3791 2064 3846 salute
2093 3805 2190 3846 sua
2218 3789 2455 3860 itemque
2477 3805 2576 3861 pro
2609 3788 2908 3844 stabilitate
2936 3787 3016 3842 sui
3045 3785 3262 3855 imperii
3294 3797 3475 3854 regem

1891 3887 2124 3955 petimus
2149 3901 2216 3941 ne
2236 3883 2440 3940 diutius
2467 3899 2564 3940 nos
2593 3883 2886 3951 suspendat
2913 3879 2996 3934 his
3027 3879 3368 3934 induciarum
3393 3878 3475 3930 di-

1892 3977 2200 4031 lationibus.
2233 3979 2303 4028 At
2357 3977 2510 4029 bona:
2563 3974 2760 4029 indolis
2813 3972 2996 4042 regina
3037 3969 3238 4040 conjnx
3285 3967 3473 4039 ipsius,

1890 4083 2011 4124 cum
2037 4069 2294 4138 prodesse
2331 4067 2546 4136 quidem
2587 4079 2691 4120 non
2727 4071 2932 4132 posset,
2972 4062 3240 4132 lacrymas
3289 4058 3478 4112 intide-

1889 4161 1984 4216 hat
2009 4175 2108 4230 pro
2132 4160 2404 4232 precibus.

2469 4259 2894 4302 LDNOTATIONES.

1963 4339 2284 4410 Recognosce
2307 4355 2435 4410 ergo,
2477 4339 2524 4392 ei
2551 4337 2692 4410 quod
2718 4347 2856 4390 lotus
2885 4333 3026 4410 orbis
3053 4331 3154 4410 ipsi
3179 4329 3470 4410 adjmlicat.

1891 4407 2058 4477 Hujus
2079 4402 2473 4466 obsecrationis
2499 4402 2873 4477 religiosorum
2903 4402 3336 4477 Stabulcnsiunt,
3363 4415 3476 4454 me-

1892 4469 2046 4550 minit
2072 4496 2286 4550 quoque
2315 4469 2646 4550 Latnhertu's
2674 4471 3201 4550 Schafnahurgensis
3225 4469 3475 4550 liis‘ver—

211 4528 504 4595 querimus,
527 4529 872 4598 przebendam
897 4527 1105 4584 scilicet
1131 4539 1392 4595 nostram,
1415 4544 1576 4599 quam
1601 4529 1788 4584 incon-
1817 4559 1862 4616 ι)
1889 4527 3047 4620 ᾖξ’’,Ίόιζέξεὶῖηᾞῖέζ’(έξῖῖίεξεῖ’ξέιίέῑοέὶ
3107 4539 3338 4620 praefati}
3381 4553 3479 4618 per

213 4616 362 4682 salte,
392 4629 666 4674 annuente
688 4619 912 4675 domino
959 4634 1104 4690 rege,
1158 4619 1402 4674 invasisti
1441 4621 1783 4675 temerarius.

213 4703 310 4772 Qui
349 4711 494 4764 enim
531 4711 598 4765 ah
629 4710 796 4766 initio
855 4718 1172 4765 constructa
1219 4711 1336 4764 hmc
1381 4709 1488 4764 duo
1537 4693 1788 4766 cmuohia

215 4801 399 4866 pnesul
426 4811 482 4857 et
509 4803 672 4858 abbas
707 4813 948 4868 rexerat,
981 4805 1120 4859 sicut
1147 4804 1200 4858 in
1231 4803 1492 4858 ambobus
1519 4805 1786 4859 constitu-

217 4888 281 4943 tis
295 4903 390 4945 cor
417 4906 540 4948 esse
565 4909 741 4960 unum,
759 4903 818 4949 et
843 4893 1082 4948 animam
1115 4907 1276 4947 unam
1307 4893 1576 4959 voluerat,
1625 4895 1704 4950 sic
1730 4903 1788 4948 ut

203 4995 314 5036 una
340 4993 480 5040 esset
501 4986 790 5054 praebenda
831 4985 1083 5040 omnibus
1105 4994 1326 5040 aetatum
1356 4987 1789 5042 suecessionibus

221 5075 498 5130 tenendum
543 5075 860 5146 reliquerat.
897 5073 990 5131 Sic
1035 5091 1166 5147 ergo
1211 5086 1268 5132 et
1318 5093 1418 5132 nos
1444 5077 1579 5134 velle
1605 5089 1788 5135 tenere

221 5177 318 5216 non
344 5173 426 5220 est
453 5164 860 5234 injustitia,sed
888 5173 942 5220 te
986 5167 1276 5224 abstulisse
1327 5181 1589 5240 quantum
1636 5169 1788 5226 nefas

219 5255 332 5286 ‘Ezllﬂ
375 5266 679 5286 ﬂllﬁn'nnlnn
708 5261 775 5286 n:l
829 5258 1028 5286 :-|:l‘-:n
1093 5258 1146 5286 Δ.
1199 5261 1482 5286 ΑᾎεΑΑΑΑ--Α
1527 5263 1764 5286 D----I.-_

1889 4617 2078 4682 Deum,
2109 4629 2166 4671 ιιι
2191 4621 2236 4672 si
2267 4620 2444 4673 minus
2475 4608 2729 4680 ﬁliorum,
2761 4608 2949 4668 saltem
2992 4612 3166 4665 Patris
3194 4608 3334 4682 tanti
3378 4608 3480 4682 mi-

1891 4679 2166 4744 sereretur
2181 4687 2294 4754 jam
2343 4705 2462 4742 eum
2509 4679 2728 4742 Christo
2767 4682 3066 4754 regnantis,
3091 4689 3146 4734 et
3174 4681 3239 4754 de
3267 4679 3481 4754 injuriis

1891 4760 2003 4812 suis
2026 4749 2266 4881 quotidie
2295 4760 2362 4812 ad
2389 4757 2622 4812 tribunal
2645 4749 3062 4812 mterni—Judicis
3093 4749 3476 4821 proclatuatio-

1891 4843 2010 4881 nem
2056 4841 2308 4881 actenus.
2339 4848 2356 4880 ι

1891 4843 2010 4881 nem
2035 4841 2308 4883 lilClCllllS.
2339 4848 2356 4880 ι

2519 4937 2746 4995 CAPUT
2786 4935 2856 4992 Χ.

1889 5033 2082 5100 Regem
2121 5043 2169 5086 et
2235 5034 2532 5102 episcoyum
2587 5047 2620 5082 a
2669 5045 2859 5102 mensa
2891 5025 3196 5102 exsiliente;
3255 5025 3480 5080 insecuti

1961 5096 2172 5174 fratres,
2204 5121 2236 5156 ιι
2263 5096 2462 5174 palatia
2490 5107 2632 5174 sunt
2656 5099 2946 5174 prohibiti,_
2978 5106 3026 5174 et
3051 5096 3228 5174 relato
3271 5110 3491 5163 corpore

1957 5166 2112 5240 Super
2131 5166 2360 5226 mensam
2385 5167 2592 5239 fabrica
2616 5166 2732 5236 ipsa
2761 5167 2872 5223 solo
2912 5166 3129 5222 decidit.

1959 5261 2090 5286 οη...
2117 5261 2533 5286 *Α--²η..ι-αωηοιη
2565 5259 2616 5286 ξ..
2645 5263 2729 5286 ιε..
2749 5257 3098 5286 ..ΑΙτιξΑητιιιιιι
3123 5267 3169 5286 ΑΙ
3193 5256 3293 5286 Ισιηη
3319 5251 3491 5286 ιαΙΛΙη-

2321 5273 2533 5286 ,ιι-αωηοιεὶ
2565 5259 2616 5286 :0.
2645 5263 2729 5286 L:.-
2749 5276 2813 5286 ..Α
