  <div class='ocr_page' id='page_1' title='image "/cluster/home/n/w/nwhite01/storage/ocr_20150623/149/hvd.32044015473770/165.png"; bbox 0 0 4026 5370; ppageno 0'>
   <div class='ocr_carea' id='block_1_1' title="bbox 565 315 668 368">
    <p class='ocr_par' dir='ltr' id='par_1_1' title="bbox 565 315 668 368">
     <span class='ocr_line' id='line_1_1' title="bbox 565 315 668 368; baseline 0.019 -2"><span class='ocrx_word' id='word_1_1' title='bbox 565 315 668 368; x_wconf 73' lang='grc'><strong>519</strong></span> 
     </span>
    </p>
   </div>
   <div class='ocr_carea' id='block_1_2' title="bbox 1583 310 2828 384">
    <p class='ocr_par' dir='ltr' id='par_1_2' title="bbox 1583 310 2828 384">
     <span class='ocr_line' id='line_1_2' title="bbox 1583 310 2828 384; baseline -0.004 -11"><span class='ocrx_word' id='word_1_2' title='bbox 1583 313 1972 382; x_wconf 68' lang='lat' dir='ltr'><strong>GODEFIIEDI</strong></span> <span class='ocrx_word' id='word_1_3' title='bbox 2005 310 2478 368; x_wconf 65' lang='lat' dir='ltr'><strong>STABULENSIS</strong></span> <span class='ocrx_word' id='word_1_4' title='bbox 2519 311 2828 384; x_wconf 69' lang='lat' dir='ltr'><strong>.‘lONACIII</strong></span> 
     </span>
    </p>
   </div>
   <div class='ocr_carea' id='block_1_3' title="bbox 3733 315 3836 368">
    <p class='ocr_par' dir='ltr' id='par_1_3' title="bbox 3733 315 3836 368">
     <span class='ocr_line' id='line_1_3' title="bbox 3733 315 3836 368; baseline 0 -1"><span class='ocrx_word' id='word_1_5' title='bbox 3733 315 3836 368; x_wconf 70' lang='lat'><strong>523</strong></span> 
     </span>
    </p>
   </div>
   <div class='ocr_carea' id='block_1_4' title="bbox 561 423 3837 498">
    <p class='ocr_par' dir='ltr' id='par_1_4' title="bbox 561 423 3837 498">
     <span class='ocr_line' id='line_1_4' title="bbox 561 423 3837 498; baseline 0.001 -18"><span class='ocrx_word' id='word_1_6' title='bbox 561 445 696 497; x_wconf 78' lang='lat' dir='ltr'><strong>quos</strong></span> <span class='ocrx_word' id='word_1_7' title='bbox 741 429 900 480; x_wconf 64' lang='lat' dir='ltr'><strong>etiam</strong></span> <span class='ocrx_word' id='word_1_8' title='bbox 957 429 1126 494; x_wconf 83' lang='lat' dir='ltr'><strong>pudor</strong></span> <span class='ocrx_word' id='word_1_9' title='bbox 1151 437 1232 482; x_wconf 83' lang='lat' dir='ltr'><strong>est</strong></span> <span class='ocrx_word' id='word_1_10' title='bbox 1279 429 1452 498; x_wconf 82' lang='lat' dir='ltr'><strong>palam</strong></span> <span class='ocrx_word' id='word_1_11' title='bbox 1484 429 1690 484; x_wconf 86' lang='lat' dir='ltr'><strong>audire.</strong></span> <span class='ocrx_word' id='word_1_12' title='bbox 1725 429 1816 482; x_wconf 89' lang='lat' dir='ltr'><strong>Sic</strong></span> <span class='ocrx_word' id='word_1_13' title='bbox 1841 445 1930 482; x_wconf 81' lang='lat' dir='ltr'><strong>rex</strong></span> <span class='ocrx_word' id='word_1_14' title='bbox 1965 437 2144 498; x_wconf 81' lang='lat' dir='ltr'><strong>spreta</strong></span> <span class='ocrx_word' id='word_1_15' title='bbox 2181 433 2220 488; x_wconf 70' lang='grc' dir='ltr'><strong>Α</strong></span> <span class='ocrx_word' id='word_1_16' title='bbox 2253 423 2640 493; x_wconf 85' lang='lat' dir='ltr'><strong>spectaculum.</strong></span> <span class='ocrx_word' id='word_1_17' title='bbox 2672 425 2752 478; x_wconf 82' lang='lat' dir='ltr'><strong>Ad</strong></span> <span class='ocrx_word' id='word_1_18' title='bbox 2779 427 3230 496; x_wconf 84' lang='lat' dir='ltr'><strong>comprobandam</strong></span> <span class='ocrx_word' id='word_1_19' title='bbox 3275 427 3438 497; x_wconf 80' lang='lat' dir='ltr'><strong>igitur</strong></span> <span class='ocrx_word' id='word_1_20' title='bbox 3483 443 3596 482; x_wconf 89' lang='lat' dir='ltr'><strong>rem</strong></span> <span class='ocrx_word' id='word_1_21' title='bbox 3641 428 3837 484; x_wconf 69' lang='lat' dir='ltr'><strong>divina:</strong></span> 
     </span>
    </p>
   </div>
   <div class='ocr_carea' id='block_1_5' title="bbox 561 519 2143 588">
    <p class='ocr_par' dir='ltr' id='par_1_5' title="bbox 561 519 2143 588">
     <span class='ocr_line' id='line_1_5' title="bbox 561 519 2143 588; baseline -0.003 -12"><span class='ocrx_word' id='word_1_22' title='bbox 561 537 742 576; x_wconf 88' lang='lat' dir='ltr'><strong>mensa</strong></span> <span class='ocrx_word' id='word_1_23' title='bbox 808 521 1094 588; x_wconf 76' lang='lat' dir='ltr'><strong>prosiliens</strong></span> <span class='ocrx_word' id='word_1_24' title='bbox 1153 537 1272 575; x_wconf 91' lang='lat' dir='ltr'><strong>cum</strong></span> <span class='ocrx_word' id='word_1_25' title='bbox 1328 521 1440 576; x_wconf 86' lang='lat' dir='ltr'><strong>suis</strong></span> <span class='ocrx_word' id='word_1_26' title='bbox 1482 522 1762 582; x_wconf 77' lang='lat' dir='ltr'><strong>omnibus;</strong></span> <span class='ocrx_word' id='word_1_27' title='bbox 1813 519 2143 574; x_wconf 88' lang='lat' dir='ltr'><strong>inconsultos</strong></span> 
     </span>
    </p>
   </div>
   <div class='ocr_carea' id='block_1_6' title="bbox 559 607 2140 678">
    <p class='ocr_par' dir='ltr' id='par_1_6' title="bbox 559 607 2140 678">
     <span class='ocr_line' id='line_1_6' title="bbox 559 607 2140 678; baseline -0.001 -15"><span class='ocrx_word' id='word_1_28' title='bbox 559 627 678 672; x_wconf 77' lang='lat' dir='ltr'><strong>ll&#39;lS,</strong></span> <span class='ocrx_word' id='word_1_29' title='bbox 709 610 802 664; x_wconf 60' lang='lat' dir='ltr'><strong>sed</strong></span> <span class='ocrx_word' id='word_1_30' title='bbox 853 625 958 663; x_wconf 89' lang='lat' dir='ltr'><strong>non</strong></span> <span class='ocrx_word' id='word_1_31' title='bbox 987 609 1229 664; x_wconf 86' lang='lat' dir='ltr'><strong>defessos</strong></span> <span class='ocrx_word' id='word_1_32' title='bbox 1275 609 1488 678; x_wconf 83' lang='lat' dir='ltr'><strong>reliquit</strong></span> <span class='ocrx_word' id='word_1_33' title='bbox 1540 617 1595 664; x_wconf 89' lang='lat' dir='ltr'><strong>et</strong></span> <span class='ocrx_word' id='word_1_34' title='bbox 1635 610 1748 678; x_wconf 88' lang='lat' dir='ltr'><strong>ipse</strong></span> <span class='ocrx_word' id='word_1_35' title='bbox 1781 607 2140 672; x_wconf 84' lang='lat' dir='ltr'><strong>inconsultus,</strong></span> 
     </span>
    </p>
   </div>
   <div class='ocr_carea' id='block_1_7' title="bbox 559 698 2146 768">
    <p class='ocr_par' dir='ltr' id='par_1_7' title="bbox 559 698 2146 768">
     <span class='ocr_line' id='line_1_7' title="bbox 559 698 2146 768; baseline -0.003 -14"><span class='ocrx_word' id='word_1_36' title='bbox 559 703 818 755; x_wconf 83' lang='lat' dir='ltr'><strong>habentes</strong></span> <span class='ocrx_word' id='word_1_37' title='bbox 875 700 1154 754; x_wconf 88' lang='lat' dir='ltr'><strong>nobiscmn</strong></span> <span class='ocrx_word' id='word_1_38' title='bbox 1205 699 1347 752; x_wconf 91' lang='lat' dir='ltr'><strong>illam</strong></span> <span class='ocrx_word' id='word_1_39' title='bbox 1396 699 1668 764; x_wconf 85' lang='lat' dir='ltr'><strong>fiduciam,</strong></span> <span class='ocrx_word' id='word_1_40' title='bbox 1699 714 1801 768; x_wconf 89' lang='lat' dir='ltr'><strong>qua</strong></span> <span class='ocrx_word' id='word_1_41' title='bbox 1835 698 1906 752; x_wconf 91' lang='lat' dir='ltr'><strong>nil</strong></span> <span class='ocrx_word' id='word_1_42' title='bbox 1937 707 2146 768; x_wconf 81' lang='lat' dir='ltr'><strong>poterat</strong></span> 
     </span>
    </p>
   </div>
   <div class='ocr_carea' id='block_1_8' title="bbox 555 789 2144 860">
    <p class='ocr_par' dir='ltr' id='par_1_8' title="bbox 555 789 2144 860">
     <span class='ocr_line' id='line_1_8' title="bbox 555 789 2144 860; baseline -0.002 -16"><span class='ocrx_word' id='word_1_43' title='bbox 555 807 678 844; x_wconf 72' lang='lat' dir='ltr'><strong>esse</strong></span> <span class='ocrx_word' id='word_1_44' title='bbox 705 790 969 854; x_wconf 77' lang='lat' dir='ltr'><strong>securius,</strong></span> <span class='ocrx_word' id='word_1_45' title='bbox 997 791 1124 860; x_wconf 87' lang='lat' dir='ltr'><strong>quid</strong></span> <span class='ocrx_word' id='word_1_46' title='bbox 1157 800 1284 842; x_wconf 88' lang='lat' dir='ltr'><strong>tunc</strong></span> <span class='ocrx_word' id='word_1_47' title='bbox 1318 789 1469 842; x_wconf 85' lang='lat' dir='ltr'><strong>fieret</strong></span> <span class='ocrx_word' id='word_1_48' title='bbox 1497 791 1547 844; x_wconf 91' lang='lat' dir='ltr'><strong>in</strong></span> <span class='ocrx_word' id='word_1_49' title='bbox 1577 800 1826 858; x_wconf 85' lang='lat' dir='ltr'><strong>promptu</strong></span> <span class='ocrx_word' id='word_1_50' title='bbox 1873 805 1977 844; x_wconf 90' lang='lat' dir='ltr'><strong>non</strong></span> <span class='ocrx_word' id='word_1_51' title='bbox 2025 800 2144 841; x_wconf 81' lang='lat' dir='ltr'><strong>erat</strong></span> 
     </span>
    </p>
   </div>
   <div class='ocr_carea' id='block_1_9' title="bbox 559 879 2145 948">
    <p class='ocr_par' dir='ltr' id='par_1_9' title="bbox 559 879 2145 948">
     <span class='ocr_line' id='line_1_9' title="bbox 559 879 2145 948; baseline 0 -17"><span class='ocrx_word' id='word_1_52' title='bbox 559 881 861 944; x_wconf 71' lang='lat' dir='ltr'><strong>rms’linm,</strong></span> <span class='ocrx_word' id='word_1_53' title='bbox 911 881 1012 936; x_wconf 88' lang='lat' dir='ltr'><strong>nisi</strong></span> <span class='ocrx_word' id='word_1_54' title='bbox 1068 896 1266 948; x_wconf 80' lang='lat' dir='ltr'><strong>regem.</strong></span> <span class='ocrx_word' id='word_1_55' title='bbox 1298 896 1393 948; x_wconf 87' lang='lat' dir='ltr'><strong>pro</strong></span> <span class='ocrx_word' id='word_1_56' title='bbox 1421 895 1526 948; x_wconf 89' lang='lat' dir='ltr'><strong>quo</strong></span> <span class='ocrx_word' id='word_1_57' title='bbox 1557 895 1898 944; x_wconf 86' lang='lat' dir='ltr'><strong>veneramus,</strong></span> <span class='ocrx_word' id='word_1_58' title='bbox 1929 880 1972 932; x_wconf 89' lang='lat' dir='ltr'><strong>si</strong></span> <span class='ocrx_word' id='word_1_59' title='bbox 2007 879 2145 931; x_wconf 87' lang='lat' dir='ltr'><strong>forte</strong></span> 
     </span>
    </p>
   </div>
   <div class='ocr_carea' id='block_1_10' title="bbox 560 971 2144 1044">
    <p class='ocr_par' dir='ltr' id='par_1_10' title="bbox 560 971 2144 1044">
     <span class='ocr_line' id='line_1_10' title="bbox 560 971 2144 1044; baseline -0.005 -16"><span class='ocrx_word' id='word_1_60' title='bbox 560 989 592 1044; x_wconf 86' lang='lat' dir='ltr'><strong>p</strong></span> <span class='ocrx_word' id='word_1_61' title='bbox 625 973 858 1036; x_wconf 65' lang='lat' dir='ltr'><strong>oicssct,</strong></span> <span class='ocrx_word' id='word_1_62' title='bbox 891 971 1178 1028; x_wconf 84' lang='lat' dir='ltr'><strong>abeuntem</strong></span> <span class='ocrx_word' id='word_1_63' title='bbox 1227 971 1378 1040; x_wconf 81' lang='lat' dir='ltr'><strong>sequi</strong></span> <span class='ocrx_word' id='word_1_64' title='bbox 1425 971 1478 1024; x_wconf 87' lang='lat' dir='ltr'><strong>in</strong></span> <span class='ocrx_word' id='word_1_65' title='bbox 1535 971 1816 1039; x_wconf 66' lang='lat' dir='ltr'><strong>palatium,</strong></span> <span class='ocrx_word' id='word_1_66' title='bbox 1868 984 1974 1037; x_wconf 85' lang='lat' dir='ltr'><strong>quo</strong></span> <span class='ocrx_word' id='word_1_67' title='bbox 2019 971 2144 1022; x_wconf 88' lang='lat' dir='ltr'><strong>dum</strong></span> 
     </span>
    </p>
   </div>
   <div class='ocr_carea' id='block_1_11' title="bbox 561 1063 2144 1132">
    <p class='ocr_par' dir='ltr' id='par_1_11' title="bbox 561 1063 2144 1132">
     <span class='ocr_line' id='line_1_11' title="bbox 561 1063 2144 1132; baseline 0.001 -17"><span class='ocrx_word' id='word_1_68' title='bbox 561 1065 750 1119; x_wconf 63' lang='lat' dir='ltr'><strong>fuisset</strong></span> <span class='ocrx_word' id='word_1_69' title='bbox 779 1073 1115 1132; x_wconf 88' lang='lat' dir='ltr'><strong>perventum,</strong></span> <span class='ocrx_word' id='word_1_70' title='bbox 1139 1063 1508 1132; x_wconf 78' lang='lat' dir='ltr'><strong>praecedentes</strong></span> <span class='ocrx_word' id='word_1_71' title='bbox 1527 1063 1844 1116; x_wconf 70' lang='lat' dir='ltr'><strong>cubicularii</strong></span> <span class='ocrx_word' id='word_1_72' title='bbox 1873 1063 2144 1132; x_wconf 52' lang='lat' dir='ltr'><strong>indignum</strong></span> 
     </span>
    </p>
   </div>
   <div class='ocr_carea' id='block_1_12' title="bbox 559 1153 1756 1221">
    <p class='ocr_par' dir='ltr' id='par_1_12' title="bbox 559 1153 1756 1221">
     <span class='ocr_line' id='line_1_12' title="bbox 559 1153 1756 1221; baseline 0 -15"><span class='ocrx_word' id='word_1_73' title='bbox 559 1163 746 1206; x_wconf 85' lang='lat' dir='ltr'><strong>sancto</strong></span> <span class='ocrx_word' id='word_1_74' title='bbox 775 1153 1020 1206; x_wconf 85' lang='lat' dir='ltr'><strong>fecerunt</strong></span> <span class='ocrx_word' id='word_1_75' title='bbox 1054 1153 1324 1221; x_wconf 77' lang='lat' dir='ltr'><strong>repulsam</strong></span> <span class='ocrx_word' id='word_1_76' title='bbox 1353 1153 1418 1204; x_wconf 88' lang='lat' dir='ltr'><strong>ad</strong></span> <span class='ocrx_word' id='word_1_77' title='bbox 1449 1153 1756 1206; x_wconf 88' lang='lat' dir='ltr'><strong>introitum.</strong></span> 
     </span>
    </p>
   </div>
   <div class='ocr_carea' id='block_1_13' title="bbox 628 1245 2142 1314">
    <p class='ocr_par' dir='ltr' id='par_1_13' title="bbox 628 1245 2142 1314">
     <span class='ocr_line' id='line_1_13' title="bbox 628 1245 2142 1314; baseline 0 -16"><span class='ocrx_word' id='word_1_78' title='bbox 628 1246 758 1313; x_wconf 83' lang='lat' dir='ltr'><strong>Quis</strong></span> <span class='ocrx_word' id='word_1_79' title='bbox 785 1259 912 1298; x_wconf 84' lang='lat' dir='ltr'><strong>vero</strong></span> <span class='ocrx_word' id='word_1_80' title='bbox 939 1245 1190 1314; x_wconf 80' lang='lat' dir='ltr'><strong>planctus</strong></span> <span class='ocrx_word' id='word_1_81' title='bbox 1219 1253 1440 1314; x_wconf 69' lang='lat' dir='ltr'><strong>repente</strong></span> <span class='ocrx_word' id='word_1_82' title='bbox 1488 1255 1788 1314; x_wconf 86' lang='lat' dir='ltr'><strong>quantusvc</strong></span> <span class='ocrx_word' id='word_1_83' title='bbox 1822 1260 2024 1300; x_wconf 76' lang='lat' dir='ltr'><strong>inmror</strong></span> <span class='ocrx_word' id='word_1_84' title='bbox 2051 1263 2142 1298; x_wconf 79' lang='lat' dir='ltr'><strong>ex-</strong></span> 
     </span>
    </p>
   </div>
   <div class='ocr_carea' id='block_1_14' title="bbox 558 1335 2222 1406">
    <p class='ocr_par' dir='ltr' id='par_1_14' title="bbox 558 1335 2222 1406">
     <span class='ocr_line' id='line_1_14' title="bbox 558 1335 2222 1406; baseline 0.002 -18"><span class='ocrx_word' id='word_1_85' title='bbox 558 1340 788 1390; x_wconf 83' lang='lat' dir='ltr'><strong>crcverit</strong></span> <span class='ocrx_word' id='word_1_86' title='bbox 823 1345 1128 1390; x_wconf 71' lang='lat' dir='ltr'><strong>nostrorum</strong></span> <span class='ocrx_word' id='word_1_87' title='bbox 1158 1335 1422 1398; x_wconf 83' lang='lat' dir='ltr'><strong>(minium,</strong></span> <span class='ocrx_word' id='word_1_88' title='bbox 1447 1345 1678 1404; x_wconf 85' lang='lat' dir='ltr'><strong>quantus</strong></span> <span class='ocrx_word' id='word_1_89' title='bbox 1702 1337 1934 1406; x_wconf 85' lang='lat' dir='ltr'><strong>denique</strong></span> <span class='ocrx_word' id='word_1_90' title='bbox 1961 1336 2011 1390; x_wconf 90' lang='lat' dir='ltr'><strong>in</strong></span> <span class='ocrx_word' id='word_1_91' title='bbox 2038 1349 2148 1390; x_wconf 76' lang='grc' dir='ltr'><strong>ςω-</strong></span> <span class='ocrx_word' id='word_1_92' title='bbox 2219 1387 2222 1392; x_wconf 94' lang='grc'>.</span> 
     </span>
    </p>
   </div>
   <div class='ocr_carea' id='block_1_15' title="bbox 557 1425 2146 1496">
    <p class='ocr_par' dir='ltr' id='par_1_15' title="bbox 557 1425 2146 1496">
     <span class='ocr_line' id='line_1_15' title="bbox 557 1425 2146 1496; baseline -0.001 -18"><span class='ocrx_word' id='word_1_93' title='bbox 557 1426 665 1478; x_wconf 85' lang='lat' dir='ltr'><strong>l-nn</strong></span> <span class='ocrx_word' id='word_1_94' title='bbox 697 1425 902 1480; x_wconf 88' lang='lat' dir='ltr'><strong>clamor</strong></span> <span class='ocrx_word' id='word_1_95' title='bbox 923 1425 1288 1496; x_wconf 78' lang='lat' dir='ltr'><strong>popularium,</strong></span> <span class='ocrx_word' id='word_1_96' title='bbox 1321 1425 1615 1494; x_wconf 78' lang='lat' dir='ltr'><strong>qualesque</strong></span> <span class='ocrx_word' id='word_1_97' title='bbox 1641 1439 1798 1478; x_wconf 83' lang='lat' dir='ltr'><strong>voces</strong></span> <span class='ocrx_word' id='word_1_98' title='bbox 1830 1426 1968 1478; x_wconf 84' lang='lat' dir='ltr'><strong>hanc</strong></span> <span class='ocrx_word' id='word_1_99' title='bbox 2004 1425 2146 1493; x_wconf 80' lang='lat' dir='ltr'><strong>inju-</strong></span> 
     </span>
    </p>
   </div>
   <div class='ocr_carea' id='block_1_16' title="bbox 557 1515 2143 1586">
    <p class='ocr_par' dir='ltr' id='par_1_16' title="bbox 557 1515 2143 1586">
     <span class='ocr_line' id='line_1_16' title="bbox 557 1515 2143 1586; baseline -0.001 -16"><span class='ocrx_word' id='word_1_100' title='bbox 557 1519 760 1570; x_wconf 79' lang='lat' dir='ltr'><strong>stitiam</strong></span> <span class='ocrx_word' id='word_1_101' title='bbox 789 1518 896 1572; x_wconf 88' lang='lat' dir='ltr'><strong>Deo</strong></span> <span class='ocrx_word' id='word_1_102' title='bbox 928 1517 1406 1586; x_wconf 73' lang='lat' dir='ltr'><strong>p&#39;oclannantium,</strong></span> <span class='ocrx_word' id='word_1_103' title='bbox 1430 1517 1550 1584; x_wconf 75' lang='lat' dir='ltr'><strong>quis</strong></span> <span class='ocrx_word' id='word_1_104' title='bbox 1573 1515 1607 1568; x_wconf 84' lang='lat' dir='ltr'>ﬂ</span> <span class='ocrx_word' id='word_1_105' title='bbox 1632 1528 1767 1570; x_wconf 80' lang='lat' dir='ltr'><strong>.cms</strong></span> <span class='ocrx_word' id='word_1_106' title='bbox 1797 1515 2143 1585; x_wconf 68' lang='lat' dir='ltr'><strong>eloquentiae.</strong></span> 
     </span>
    </p>
   </div>
   <div class='ocr_carea' id='block_1_17' title="bbox 557 1607 2144 1676">
    <p class='ocr_par' dir='ltr' id='par_1_17' title="bbox 557 1607 2144 1676">
     <span class='ocr_line' id='line_1_17' title="bbox 557 1607 2144 1676; baseline 0.001 -18"><span class='ocrx_word' id='word_1_107' title='bbox 557 1621 678 1675; x_wconf 49' lang='lat' dir='ltr'><strong>quae</strong></span> <span class='ocrx_word' id='word_1_108' title='bbox 703 1607 882 1676; x_wconf 79' lang='lat' dir='ltr'><strong>lingua</strong></span> <span class='ocrx_word' id='word_1_109' title='bbox 917 1615 1090 1675; x_wconf 82' lang='lat' dir='ltr'><strong>potest</strong></span> <span class='ocrx_word' id='word_1_110' title='bbox 1121 1607 1402 1660; x_wconf 69' lang='lat' dir='ltr'><strong>C\0I\0l&#39;0?</strong></span> <span class='ocrx_word' id='word_1_111' title='bbox 1431 1607 1564 1662; x_wconf 74' lang='lat' dir='ltr'><strong>Cum</strong></span> <span class='ocrx_word' id='word_1_112' title='bbox 1596 1622 1702 1675; x_wconf 87' lang='lat' dir='ltr'><strong>quo</strong></span> <span class='ocrx_word' id='word_1_113' title='bbox 1733 1609 1872 1660; x_wconf 86' lang='lat' dir='ltr'><strong>inter</strong></span> <span class='ocrx_word' id='word_1_114' title='bbox 1898 1607 2010 1661; x_wconf 79' lang='lat' dir='ltr'><strong>haec</strong></span> <span class='ocrx_word' id='word_1_115' title='bbox 2041 1625 2144 1660; x_wconf 85' lang='lat' dir='ltr'><strong>non</strong></span> 
     </span>
    </p>
   </div>
   <div class='ocr_carea' id='block_1_18' title="bbox 557 1679 2148 1766">
    <p class='ocr_par' dir='ltr' id='par_1_18' title="bbox 557 1679 2148 1766">
     <span class='ocr_line' id='line_1_18' title="bbox 557 1679 2148 1766; baseline 0.001 -18"><span class='ocrx_word' id='word_1_116' title='bbox 557 1705 772 1766; x_wconf 89' lang='lat' dir='ltr'><strong>pateret</strong></span> <span class='ocrx_word' id='word_1_117' title='bbox 805 1679 984 1750; x_wconf 86' lang='lat' dir='ltr'><strong>aditus</strong></span> <span class='ocrx_word' id='word_1_118' title='bbox 1016 1711 1288 1766; x_wconf 85' lang='lat' dir='ltr'><strong>quoquam</strong></span> <span class='ocrx_word' id='word_1_119' title='bbox 1325 1697 1550 1750; x_wconf 88' lang='lat' dir='ltr'><strong>honeste</strong></span> <span class='ocrx_word' id='word_1_120' title='bbox 1581 1697 1864 1766; x_wconf 68' lang='lat' dir='ltr'><strong>progt‘t‘di?</strong></span> <span class='ocrx_word' id='word_1_121' title='bbox 1895 1697 2025 1750; x_wconf 71' lang='lat' dir='ltr'><strong>Nam</strong></span> <span class='ocrx_word' id='word_1_122' title='bbox 2050 1713 2148 1751; x_wconf 93' lang='lat' dir='ltr'><strong>un-</strong></span> 
     </span>
    </p>
   </div>
   <div class='ocr_carea' id='block_1_19' title="bbox 557 1779 2214 1857">
    <p class='ocr_par' dir='ltr' id='par_1_19' title="bbox 557 1779 2214 1857">
     <span class='ocr_line' id='line_1_19' title="bbox 557 1779 2214 1857; baseline 0 -17"><span class='ocrx_word' id='word_1_123' title='bbox 557 1789 721 1856; x_wconf 86' lang='lat' dir='ltr'><strong>dique</strong></span> <span class='ocrx_word' id='word_1_124' title='bbox 759 1788 1002 1842; x_wconf 85' lang='lat' dir='ltr'><strong>clausum</strong></span> <span class='ocrx_word' id='word_1_125' title='bbox 1049 1797 1170 1843; x_wconf 89' lang='lat' dir='ltr'><strong>erat</strong></span> <span class='ocrx_word' id='word_1_126' title='bbox 1201 1788 1500 1857; x_wconf 80' lang='lat' dir='ltr'><strong>pomarium</strong></span> <span class='ocrx_word' id='word_1_127' title='bbox 1559 1787 1885 1842; x_wconf 80' lang='lat' dir='ltr'><strong>conﬂucnaia</strong></span> <span class='ocrx_word' id='word_1_128' title='bbox 1943 1789 2140 1842; x_wconf 86' lang='lat' dir='ltr'><strong>tumul-</strong></span> <span class='ocrx_word' id='word_1_129' title='bbox 2181 1779 2214 1833; x_wconf 77' lang='lat' dir='ltr'><strong>li</strong></span> 
     </span>
    </p>
   </div>
   <div class='ocr_carea' id='block_1_20' title="bbox 559 1878 2144 1948">
    <p class='ocr_par' dir='ltr' id='par_1_20' title="bbox 559 1878 2144 1948">
     <span class='ocr_line' id='line_1_20' title="bbox 559 1878 2144 1948; baseline 0.003 -18"><span class='ocrx_word' id='word_1_130' title='bbox 559 1879 760 1932; x_wconf 74' lang='lat' dir='ltr'><strong>tuantis</strong></span> <span class='ocrx_word' id='word_1_131' title='bbox 789 1879 965 1947; x_wconf 80' lang='lat' dir='ltr'><strong>populi</strong></span> <span class='ocrx_word' id='word_1_132' title='bbox 996 1897 1008 1932; x_wconf 91' lang='lat'><strong>:</strong></span> <span class='ocrx_word' id='word_1_133' title='bbox 1033 1881 1380 1933; x_wconf 87' lang='lat' dir='ltr'><strong>monentibus</strong></span> <span class='ocrx_word' id='word_1_134' title='bbox 1411 1878 1540 1946; x_wconf 77' lang='lat' dir='ltr'><strong>ipsis</strong></span> <span class='ocrx_word' id='word_1_135' title='bbox 1563 1879 1876 1940; x_wconf 80' lang='lat' dir='ltr'><strong>curialibus,</strong></span> <span class='ocrx_word' id='word_1_136' title='bbox 1903 1879 1992 1947; x_wconf 89' lang='lat' dir='ltr'><strong>qui</strong></span> <span class='ocrx_word' id='word_1_137' title='bbox 2015 1895 2144 1948; x_wconf 81' lang='lat' dir='ltr'><strong>erga</strong></span> 
     </span>
    </p>
   </div>
   <div class='ocr_carea' id='block_1_21' title="bbox 557 1968 2146 2038">
    <p class='ocr_par' dir='ltr' id='par_1_21' title="bbox 557 1968 2146 2038">
     <span class='ocr_line' id='line_1_21' title="bbox 557 1968 2146 2038; baseline 0.001 -18"><span class='ocrx_word' id='word_1_138' title='bbox 557 1977 804 2020; x_wconf 79' lang='lat' dir='ltr'><strong>sanctum</strong></span> <span class='ocrx_word' id='word_1_139' title='bbox 830 1977 878 2020; x_wconf 90' lang='lat' dir='ltr'><strong>et</strong></span> <span class='ocrx_word' id='word_1_140' title='bbox 906 1983 1002 2021; x_wconf 90' lang='lat' dir='ltr'><strong>nos</strong></span> <span class='ocrx_word' id='word_1_141' title='bbox 1029 1969 1256 2037; x_wconf 86' lang='lat' dir='ltr'><strong>benigne</strong></span> <span class='ocrx_word' id='word_1_142' title='bbox 1286 1983 1345 2022; x_wconf 91' lang='lat' dir='ltr'><strong>se</strong></span> <span class='ocrx_word' id='word_1_143' title='bbox 1373 1968 1646 2022; x_wconf 77' lang='lat' dir='ltr'><strong>habebam</strong></span> <span class='ocrx_word' id='word_1_144' title='bbox 1675 1969 1759 2038; x_wconf 90' lang='lat' dir='ltr'><strong>pia</strong></span> <span class='ocrx_word' id='word_1_145' title='bbox 1793 1968 2146 2022; x_wconf 72' lang='lat' dir='ltr'><strong>miseratione</strong></span> 
     </span>
    </p>
   </div>
   <div class='ocr_carea' id='block_1_22' title="bbox 557 2051 2146 2127">
    <p class='ocr_par' dir='ltr' id='par_1_22' title="bbox 557 2051 2146 2127">
     <span class='ocr_line' id='line_1_22' title="bbox 557 2051 2146 2127; baseline 0.001 -17"><span class='ocrx_word' id='word_1_146' title='bbox 557 2058 837 2122; x_wconf 65' lang='lat' dir='ltr'><strong>earnmoti,</strong></span> <span class='ocrx_word' id='word_1_147' title='bbox 872 2057 1096 2111; x_wconf 73' lang='lat' dir='ltr'><strong>relatum</strong></span> <span class='ocrx_word' id='word_1_148' title='bbox 1120 2067 1202 2112; x_wconf 87' lang='lat' dir='ltr'><strong>est</strong></span> <span class='ocrx_word' id='word_1_149' title='bbox 1248 2074 1445 2127; x_wconf 77' lang='lat' dir='ltr'><strong>corpus</strong></span> <span class='ocrx_word' id='word_1_150' title='bbox 1493 2051 1665 2112; x_wconf 76' lang='lat' dir='ltr'><strong>sancti</strong></span> <span class='ocrx_word' id='word_1_151' title='bbox 1697 2059 1762 2111; x_wconf 87' lang='lat' dir='ltr'><strong>ad</strong></span> <span class='ocrx_word' id='word_1_152' title='bbox 1791 2060 2036 2112; x_wconf 81' lang='lat' dir='ltr'><strong>ctiindcm</strong></span> <span class='ocrx_word' id='word_1_153' title='bbox 2067 2059 2146 2113; x_wconf 72' lang='lat' dir='ltr'><strong>lo-</strong></span> 
     </span>
    </p>
   </div>
   <div class='ocr_carea' id='block_1_23' title="bbox 557 2150 2148 2217">
    <p class='ocr_par' dir='ltr' id='par_1_23' title="bbox 557 2150 2148 2217">
     <span class='ocr_line' id='line_1_23' title="bbox 557 2150 2148 2217; baseline 0.003 -20"><span class='ocrx_word' id='word_1_154' title='bbox 557 2161 680 2198; x_wconf 91' lang='lat' dir='ltr'><strong>cum</strong></span> <span class='ocrx_word' id='word_1_155' title='bbox 709 2161 871 2215; x_wconf 83' lang='lat' dir='ltr'><strong>super</strong></span> <span class='ocrx_word' id='word_1_156' title='bbox 897 2161 1138 2200; x_wconf 80' lang='lat' dir='ltr'><strong>mensam</strong></span> <span class='ocrx_word' id='word_1_157' title='bbox 1169 2151 1369 2217; x_wconf 74' lang='lat' dir='ltr'><strong>regiam</strong></span> <span class='ocrx_word' id='word_1_158' title='bbox 1401 2150 1498 2202; x_wconf 91' lang='lat' dir='ltr'><strong>sub</strong></span> <span class='ocrx_word' id='word_1_159' title='bbox 1527 2159 1750 2217; x_wconf 76' lang='lat' dir='ltr'><strong>aspectu</strong></span> <span class='ocrx_word' id='word_1_160' title='bbox 1773 2165 1898 2202; x_wconf 92' lang='lat' dir='ltr'><strong>omn</strong></span> <span class='ocrx_word' id='word_1_161' title='bbox 1925 2166 2013 2203; x_wconf 90' lang='lat' dir='ltr'><strong>um</strong></span> <span class='ocrx_word' id='word_1_162' title='bbox 2048 2151 2148 2202; x_wconf 81' lang='lat' dir='ltr'><strong>uii-</strong></span> 
     </span>
    </p>
   </div>
   <div class='ocr_carea' id='block_1_24' title="bbox 558 2237 2142 2310">
    <p class='ocr_par' dir='ltr' id='par_1_24' title="bbox 558 2237 2142 2310">
     <span class='ocr_line' id='line_1_24' title="bbox 558 2237 2142 2310; baseline 0.001 -18"><span class='ocrx_word' id='word_1_163' title='bbox 558 2238 798 2292; x_wconf 72' lang='lat' dir='ltr'><strong>sa&#39;rabili.</strong></span> <span class='ocrx_word' id='word_1_164' title='bbox 830 2237 982 2306; x_wconf 84' lang='lat' dir='ltr'><strong>Quod</strong></span> <span class='ocrx_word' id='word_1_165' title='bbox 1005 2241 1384 2294; x_wconf 78' lang='lat' dir='ltr'><strong>aestimandum</strong></span> <span class='ocrx_word' id='word_1_166' title='bbox 1415 2241 1626 2294; x_wconf 85' lang='lat' dir='ltr'><strong>videtur</strong></span> <span class='ocrx_word' id='word_1_167' title='bbox 1656 2257 1760 2294; x_wconf 90' lang='lat' dir='ltr'><strong>non</strong></span> <span class='ocrx_word' id='word_1_168' title='bbox 1807 2251 2006 2310; x_wconf 84' lang='lat' dir='ltr'><strong>praeter</strong></span> <span class='ocrx_word' id='word_1_169' title='bbox 2047 2257 2142 2294; x_wconf 82' lang='lat' dir='ltr'><strong>vo-</strong></span> 
     </span>
    </p>
   </div>
   <div class='ocr_carea' id='block_1_25' title="bbox 555 2331 2148 2399">
    <p class='ocr_par' dir='ltr' id='par_1_25' title="bbox 555 2331 2148 2399">
     <span class='ocr_line' id='line_1_25' title="bbox 555 2331 2148 2399; baseline 0.004 -17"><span class='ocrx_word' id='word_1_170' title='bbox 555 2331 818 2384; x_wconf 74' lang='lat' dir='ltr'><strong>luntatem</strong></span> <span class='ocrx_word' id='word_1_171' title='bbox 871 2331 1037 2399; x_wconf 83' lang='lat' dir='ltr'><strong>ipsius</strong></span> <span class='ocrx_word' id='word_1_172' title='bbox 1082 2332 1413 2386; x_wconf 88' lang='lat' dir='ltr'><strong>confessoris</strong></span> <span class='ocrx_word' id='word_1_173' title='bbox 1443 2332 1676 2386; x_wconf 88' lang='lat' dir='ltr'><strong>Domini.</strong></span> <span class='ocrx_word' id='word_1_174' title='bbox 1713 2331 1848 2388; x_wconf 72' lang='lat' dir='ltr'><strong>Nam</strong></span> <span class='ocrx_word' id='word_1_175' title='bbox 1876 2331 2058 2386; x_wconf 85' lang='lat' dir='ltr'><strong>statim</strong></span> <span class='ocrx_word' id='word_1_176' title='bbox 2089 2345 2148 2388; x_wconf 89' lang='lat' dir='ltr'><strong>ut</strong></span> 
     </span>
    </p>
   </div>
   <div class='ocr_carea' id='block_1_26' title="bbox 559 2421 2148 2492">
    <p class='ocr_par' dir='ltr' id='par_1_26' title="bbox 559 2421 2148 2492">
     <span class='ocr_line' id='line_1_26' title="bbox 559 2421 2148 2492; baseline 0.004 -20"><span class='ocrx_word' id='word_1_177' title='bbox 559 2422 812 2474; x_wconf 86' lang='lat' dir='ltr'><strong>materies</strong></span> <span class='ocrx_word' id='word_1_178' title='bbox 841 2421 934 2475; x_wconf 89' lang='lat' dir='ltr'><strong>illa</strong></span> <span class='ocrx_word' id='word_1_179' title='bbox 989 2423 1320 2476; x_wconf 87' lang='lat' dir='ltr'><strong>insensibilis</strong></span> <span class='ocrx_word' id='word_1_180' title='bbox 1370 2424 1603 2492; x_wconf 72' lang='lat' dir='ltr'><strong>quodam</strong></span> <span class='ocrx_word' id='word_1_181' title='bbox 1635 2425 1792 2478; x_wconf 52' lang='lat' dir='ltr'><strong>modo</strong></span> <span class='ocrx_word' id='word_1_182' title='bbox 1823 2425 1994 2478; x_wconf 88' lang='lat' dir='ltr'><strong>sensit</strong></span> <span class='ocrx_word' id='word_1_183' title='bbox 2025 2440 2148 2478; x_wconf 87' lang='lat' dir='ltr'><strong>san-</strong></span> 
     </span>
    </p>
   </div>
   <div class='ocr_carea' id='block_1_27' title="bbox 555 2512 2150 2586">
    <p class='ocr_par' dir='ltr' id='par_1_27' title="bbox 555 2512 2150 2586">
     <span class='ocr_line' id='line_1_27' title="bbox 555 2512 2150 2586; baseline 0.003 -20"><span class='ocrx_word' id='word_1_184' title='bbox 555 2513 626 2566; x_wconf 86' lang='lat' dir='ltr'><strong>cti</strong></span> <span class='ocrx_word' id='word_1_185' title='bbox 681 2512 945 2581; x_wconf 80' lang='lat' dir='ltr'><strong>lipsanum</strong></span> <span class='ocrx_word' id='word_1_186' title='bbox 987 2514 1142 2583; x_wconf 83' lang='lat' dir='ltr'><strong>quasi</strong></span> <span class='ocrx_word' id='word_1_187' title='bbox 1189 2530 1292 2568; x_wconf 89' lang='lat' dir='ltr'><strong>non</strong></span> <span class='ocrx_word' id='word_1_188' title='bbox 1339 2513 1481 2569; x_wconf 84' lang='lat' dir='ltr'><strong>ferre</strong></span> <span class='ocrx_word' id='word_1_189' title='bbox 1511 2516 1812 2585; x_wconf 84' lang='lat' dir='ltr'><strong>praevalens</strong></span> <span class='ocrx_word' id='word_1_190' title='bbox 1843 2515 2056 2586; x_wconf 90' lang='lat' dir='ltr'><strong>pondus</strong></span> <span class='ocrx_word' id='word_1_191' title='bbox 2087 2516 2150 2570; x_wconf 90' lang='lat' dir='ltr'><strong>il-</strong></span> 
     </span>
    </p>
   </div>
   <div class='ocr_carea' id='block_1_28' title="bbox 557 2603 2149 2670">
    <p class='ocr_par' dir='ltr' id='par_1_28' title="bbox 557 2603 2149 2670">
     <span class='ocr_line' id='line_1_28' title="bbox 557 2603 2149 2670; baseline 0.003 -14"><span class='ocrx_word' id='word_1_192' title='bbox 557 2603 648 2658; x_wconf 90' lang='lat' dir='ltr'><strong>lud</strong></span> <span class='ocrx_word' id='word_1_193' title='bbox 699 2606 962 2670; x_wconf 67' lang='lat' dir='ltr'><strong>divinum,</strong></span> <span class='ocrx_word' id='word_1_194' title='bbox 987 2603 1240 2660; x_wconf 78' lang='lat' dir='ltr'><strong>facillime</strong></span> <span class='ocrx_word' id='word_1_195' title='bbox 1264 2607 1435 2660; x_wconf 89' lang='lat' dir='ltr'><strong>instar</strong></span> <span class='ocrx_word' id='word_1_196' title='bbox 1457 2621 1740 2660; x_wconf 86' lang='lat' dir='ltr'><strong>cercurum</strong></span> <span class='ocrx_word' id='word_1_197' title='bbox 1784 2607 2041 2662; x_wconf 88' lang='lat' dir='ltr'><strong>dissoluta</strong></span> <span class='ocrx_word' id='word_1_198' title='bbox 2066 2617 2149 2662; x_wconf 79' lang='lat' dir='ltr'><strong>est</strong></span> 
     </span>
    </p>
   </div>
   <div class='ocr_carea' id='block_1_29' title="bbox 559 2695 2148 2765">
    <p class='ocr_par' dir='ltr' id='par_1_29' title="bbox 559 2695 2148 2765">
     <span class='ocr_line' id='line_1_29' title="bbox 559 2695 2148 2765; baseline 0.001 -17"><span class='ocrx_word' id='word_1_199' title='bbox 559 2697 616 2749; x_wconf 85' lang='lat' dir='ltr'><strong>in</strong></span> <span class='ocrx_word' id='word_1_200' title='bbox 653 2695 846 2762; x_wconf 86' lang='lat' dir='ltr'><strong>frusta,</strong></span> <span class='ocrx_word' id='word_1_201' title='bbox 883 2695 1132 2750; x_wconf 78' lang='lat' dir='ltr'><strong>videlicet</strong></span> <span class='ocrx_word' id='word_1_202' title='bbox 1157 2697 1524 2750; x_wconf 73' lang='lat' dir='ltr'><strong>ﬁrmissimum</strong></span> <span class='ocrx_word' id='word_1_203' title='bbox 1557 2696 1720 2750; x_wconf 90' lang='lat' dir='ltr'><strong>robur</strong></span> <span class='ocrx_word' id='word_1_204' title='bbox 1745 2697 1873 2750; x_wconf 87' lang='lat' dir='ltr'><strong>illud</strong></span> <span class='ocrx_word' id='word_1_205' title='bbox 1901 2697 2148 2765; x_wconf 87' lang='lat' dir='ltr'><strong>tripoda-</strong></span> 
     </span>
    </p>
   </div>
   <div class='ocr_carea' id='block_1_30' title="bbox 561 2771 2150 2858">
    <p class='ocr_par' dir='ltr' id='par_1_30' title="bbox 561 2771 2150 2858">
     <span class='ocr_line' id='line_1_30' title="bbox 561 2771 2150 2858; baseline -0.003 -13"><span class='ocrx_word' id='word_1_206' title='bbox 561 2771 702 2856; x_wconf 78' lang='lat' dir='ltr'><strong>rnm,</strong></span> <span class='ocrx_word' id='word_1_207' title='bbox 731 2791 1132 2858; x_wconf 81' lang='lat' dir='ltr'><strong>demissumque</strong></span> <span class='ocrx_word' id='word_1_208' title='bbox 1163 2789 1228 2842; x_wconf 90' lang='lat' dir='ltr'><strong>ad</strong></span> <span class='ocrx_word' id='word_1_209' title='bbox 1259 2797 1459 2842; x_wconf 82' lang='lat' dir='ltr'><strong>terram</strong></span> <span class='ocrx_word' id='word_1_210' title='bbox 1489 2788 1787 2842; x_wconf 86' lang='lat' dir='ltr'><strong>humillime</strong></span> <span class='ocrx_word' id='word_1_211' title='bbox 1853 2786 2028 2858; x_wconf 84' lang='lat' dir='ltr'><strong>jacuit</strong></span> <span class='ocrx_word' id='word_1_212' title='bbox 2076 2789 2150 2858; x_wconf 90' lang='lat' dir='ltr'><strong>ip-</strong></span> 
     </span>
    </p>
   </div>
   <div class='ocr_carea' id='block_1_31' title="bbox 560 2877 2146 2948">
    <p class='ocr_par' dir='ltr' id='par_1_31' title="bbox 560 2877 2146 2948">
     <span class='ocr_line' id='line_1_31' title="bbox 560 2877 2146 2948; baseline -0.001 -15"><span class='ocrx_word' id='word_1_213' title='bbox 560 2895 679 2933; x_wconf 84' lang='lat' dir='ltr'><strong>sum</strong></span> <span class='ocrx_word' id='word_1_214' title='bbox 705 2878 899 2948; x_wconf 81' lang='lat' dir='ltr'><strong>pignus</strong></span> <span class='ocrx_word' id='word_1_215' title='bbox 927 2877 1382 2932; x_wconf 79' lang='lat' dir='ltr'><strong>sacralissimltm.</strong></span> <span class='ocrx_word' id='word_1_216' title='bbox 1411 2877 1738 2948; x_wconf 84' lang='lat' dir='ltr'><strong>Implebatur</strong></span> <span class='ocrx_word' id='word_1_217' title='bbox 1763 2879 1904 2933; x_wconf 79' lang='lat' dir='ltr'><strong>illico</strong></span> <span class='ocrx_word' id='word_1_218' title='bbox 1927 2887 1992 2934; x_wconf 88' lang='lat' dir='ltr'><strong>de</strong></span> <span class='ocrx_word' id='word_1_219' title='bbox 2013 2879 2146 2934; x_wconf 85' lang='lat' dir='ltr'><strong>viei-</strong></span> 
     </span>
    </p>
   </div>
   <div class='ocr_carea' id='block_1_32' title="bbox 563 2969 2148 3038">
    <p class='ocr_par' dir='ltr' id='par_1_32' title="bbox 563 2969 2148 3038">
     <span class='ocr_line' id='line_1_32' title="bbox 563 2969 2148 3038; baseline -0.001 -16"><span class='ocrx_word' id='word_1_220' title='bbox 563 2969 651 3022; x_wconf 87' lang='lat' dir='ltr'><strong>nia</strong></span> <span class='ocrx_word' id='word_1_221' title='bbox 685 2977 740 3023; x_wconf 90' lang='lat' dir='ltr'><strong>et</strong></span> <span class='ocrx_word' id='word_1_222' title='bbox 779 2978 887 3023; x_wconf 85' lang='lat' dir='ltr'><strong>tota</strong></span> <span class='ocrx_word' id='word_1_223' title='bbox 916 2971 1047 3022; x_wconf 71' lang='lat' dir='ltr'><strong>urbe</strong></span> <span class='ocrx_word' id='word_1_224' title='bbox 1074 2979 1302 3038; x_wconf 85' lang='lat' dir='ltr'><strong>utroque</strong></span> <span class='ocrx_word' id='word_1_225' title='bbox 1324 2984 1454 3022; x_wconf 81' lang='lat' dir='ltr'><strong>sexu</strong></span> <span class='ocrx_word' id='word_1_226' title='bbox 1481 2969 1778 3036; x_wconf 73' lang='lat' dir='ltr'><strong>amplitudo</strong></span> <span class='ocrx_word' id='word_1_227' title='bbox 1821 2971 1982 3022; x_wconf 88' lang='lat' dir='ltr'><strong>totius</strong></span> <span class='ocrx_word' id='word_1_228' title='bbox 2008 2969 2148 3022; x_wconf 87' lang='lat' dir='ltr'><strong>illius</strong></span> 
     </span>
    </p>
   </div>
   <div class='ocr_carea' id='block_1_33' title="bbox 559 3057 2217 3138">
    <p class='ocr_par' dir='ltr' id='par_1_33' title="bbox 559 3057 2217 3138">
     <span class='ocr_line' id='line_1_33' title="bbox 559 3057 2217 3138; baseline 0 -24"><span class='ocrx_word' id='word_1_229' title='bbox 559 3059 1298 3128; x_wconf 46' lang='lat' dir='ltr'><strong>pomarii,‘mulliplicabatur</strong></span> <span class='ocrx_word' id='word_1_230' title='bbox 1347 3059 1401 3113; x_wconf 87' lang='lat' dir='ltr'><strong>in</strong></span> <span class='ocrx_word' id='word_1_231' title='bbox 1433 3059 1627 3111; x_wconf 65' lang='lat' dir='ltr'><strong>(‘twlum</strong></span> <span class='ocrx_word' id='word_1_232' title='bbox 1672 3057 1876 3112; x_wconf 86' lang='lat' dir='ltr'><strong>clamor</strong></span> <span class='ocrx_word' id='word_1_233' title='bbox 1920 3059 2148 3114; x_wconf 82' lang='lat' dir='ltr'><strong>dolentis</strong></span> <span class='ocrx_word' id='word_1_234' title='bbox 2179 3119 2217 3138; x_wconf 51' lang='grc' dir='ltr'><strong><em>η</em></strong></span> 
     </span>
    </p>
   </div>
   <div class='ocr_carea' id='block_1_34' title="bbox 560 3151 2144 3226">
    <p class='ocr_par' dir='ltr' id='par_1_34' title="bbox 560 3151 2144 3226">
     <span class='ocr_line' id='line_1_34' title="bbox 560 3151 2144 3226; baseline 0.003 -23"><span class='ocrx_word' id='word_1_235' title='bbox 560 3151 790 3220; x_wconf 78' lang='lat' dir='ltr'><strong>populi:</strong></span> <span class='ocrx_word' id='word_1_236' title='bbox 819 3153 1113 3222; x_wconf 82' lang='lat' dir='ltr'><strong>Cur,juste</strong></span> <span class='ocrx_word' id='word_1_237' title='bbox 1157 3153 1408 3226; x_wconf 81' lang='lat' dir='ltr'><strong>Domine,</strong></span> <span class='ocrx_word' id='word_1_238' title='bbox 1463 3153 1724 3224; x_wconf 81' lang='lat' dir='ltr'><strong>injustutn</strong></span> <span class='ocrx_word' id='word_1_239' title='bbox 1779 3154 1880 3208; x_wconf 90' lang='lat' dir='ltr'><strong>hoc</strong></span> <span class='ocrx_word' id='word_1_240' title='bbox 1921 3154 2054 3208; x_wconf 88' lang='lat' dir='ltr'><strong>sinis</strong></span> <span class='ocrx_word' id='word_1_241' title='bbox 2093 3155 2144 3208; x_wconf 90' lang='lat' dir='ltr'><strong>in</strong></span> 
     </span>
    </p>
   </div>
   <div class='ocr_carea' id='block_1_35' title="bbox 563 3241 897 3298">
    <p class='ocr_par' dir='ltr' id='par_1_35' title="bbox 563 3241 897 3298">
     <span class='ocr_line' id='line_1_35' title="bbox 563 3241 897 3298; baseline -0.003 -2"><span class='ocrx_word' id='word_1_242' title='bbox 563 3251 710 3297; x_wconf 88' lang='lat' dir='ltr'><strong>terra</strong></span> <span class='ocrx_word' id='word_1_243' title='bbox 742 3241 858 3298; x_wconf 83' lang='lat' dir='ltr'><strong>fieri</strong></span> <span class='ocrx_word' id='word_1_244' title='bbox 875 3243 897 3295; x_wconf 88' lang='lat'><strong>?</strong></span> 
     </span>
    </p>
   </div>
   <div class='ocr_carea' id='block_1_36' title="bbox 1145 3354 1572 3395">
    <p class='ocr_par' dir='ltr' id='par_1_36' title="bbox 1145 3354 1572 3395">
     <span class='ocr_line' id='line_1_36' title="bbox 1145 3354 1572 3395; baseline 0.007 -4"><span class='ocrx_word' id='word_1_245' title='bbox 1145 3354 1572 3395; x_wconf 68' lang='lat' dir='ltr'><strong>ADNO&#39;TATIONES.</strong></span> 
     </span>
    </p>
   </div>
   <div class='ocr_carea' id='block_1_37' title="bbox 635 3425 2150 3500">
    <p class='ocr_par' dir='ltr' id='par_1_37' title="bbox 635 3425 2150 3500">
     <span class='ocr_line' id='line_1_37' title="bbox 635 3425 2150 3500; baseline 0.009 -23"><span class='ocrx_word' id='word_1_246' title='bbox 635 3425 737 3500; x_wconf 54' lang='lat' dir='ltr'><strong>Sig</strong></span> <span class='ocrx_word' id='word_1_247' title='bbox 755 3443 844 3480; x_wconf 65' lang='lat' dir='ltr'><strong>rex</strong></span> <span class='ocrx_word' id='word_1_248' title='bbox 871 3439 1040 3496; x_wconf 81' lang='lat' dir='ltr'><strong>sprela</strong></span> <span class='ocrx_word' id='word_1_249' title='bbox 1067 3447 1242 3484; x_wconf 76' lang='lat' dir='ltr'><strong>incum</strong></span> <span class='ocrx_word' id='word_1_250' title='bbox 1267 3433 1560 3500; x_wconf 73' lang='lat' dir='ltr'><strong>prosiliens.</strong></span> <span class='ocrx_word' id='word_1_251' title='bbox 1597 3435 1668 3486; x_wconf 84' lang='lat' dir='ltr'><strong>De.</strong></span> <span class='ocrx_word' id='word_1_252' title='bbox 1703 3433 1803 3488; x_wconf 86' lang='lat' dir='ltr'><strong>huc</strong></span> <span class='ocrx_word' id='word_1_253' title='bbox 1829 3433 2150 3490; x_wconf 77' lang='lat' dir='ltr'><strong>Lambertus</strong></span> 
     </span>
    </p>
   </div>
   <div class='ocr_carea' id='block_1_38' title="bbox 561 3495 2152 3574">
    <p class='ocr_par' dir='ltr' id='par_1_38' title="bbox 561 3495 2152 3574">
     <span class='ocr_line' id='line_1_38' title="bbox 561 3495 2152 3574; baseline 0.006 -24"><span class='ocrx_word' id='word_1_254' title='bbox 561 3495 1089 3574; x_wconf 73' lang='lat' dir='ltr'><strong>schafnalmrgensis</strong></span> <span class='ocrx_word' id='word_1_255' title='bbox 1126 3503 1218 3574; x_wconf 4' lang='lat' dir='ltr'><strong>psic</strong></span> <span class='ocrx_word' id='word_1_256' title='bbox 1267 3495 1546 3572; x_wconf 79' lang='lat' dir='ltr'><strong>loquitur:</strong></span> <span class='ocrx_word' id='word_1_257' title='bbox 1591 3523 1610 3554; x_wconf 72' lang='grc' dir='ltr'><strong>ι</strong></span> <span class='ocrx_word' id='word_1_258' title='bbox 1635 3503 1748 3558; x_wconf 79' lang='lat' dir='ltr'><strong>Hoc</strong></span> <span class='ocrx_word' id='word_1_259' title='bbox 1801 3506 2152 3574; x_wconf 78' lang='lat' dir='ltr'><strong>suppIECatic-</strong></span> 
     </span>
    </p>
   </div>
   <div class='ocr_carea' id='block_1_39' title="bbox 565 3567 2151 3640">
    <p class='ocr_par' dir='ltr' id='par_1_39' title="bbox 565 3567 2151 3640">
     <span class='ocr_line' id='line_1_39' title="bbox 565 3567 2151 3640; baseline 0.004 -21"><span class='ocrx_word' id='word_1_260' title='bbox 565 3567 649 3620; x_wconf 86' lang='lat' dir='ltr'><strong>uis</strong></span> <span class='ocrx_word' id='word_1_261' title='bbox 679 3583 877 3640; x_wconf 79' lang='lat' dir='ltr'><strong>genere</strong></span> <span class='ocrx_word' id='word_1_262' title='bbox 906 3569 1046 3637; x_wconf 82' lang='lat' dir='ltr'><strong>quod</strong></span> <span class='ocrx_word' id='word_1_263' title='bbox 1071 3573 1136 3624; x_wconf 88' lang='lat' dir='ltr'><strong>ad</strong></span> <span class='ocrx_word' id='word_1_264' title='bbox 1169 3567 1490 3640; x_wconf 81' lang='lat' dir='ltr'><strong>captandam</strong></span> <span class='ocrx_word' id='word_1_265' title='bbox 1541 3567 1970 3629; x_wconf 75' lang='lat' dir='ltr'><strong>benevolentiam</strong></span> <span class='ocrx_word' id='word_1_266' title='bbox 2004 3591 2151 3627; x_wconf 82' lang='lat' dir='ltr'><strong>com-</strong></span> 
     </span>
    </p>
   </div>
   <div class='ocr_carea' id='block_1_40' title="bbox 565 3639 2146 3704">
    <p class='ocr_par' dir='ltr' id='par_1_40' title="bbox 565 3639 2146 3704">
     <span class='ocr_line' id='line_1_40' title="bbox 565 3639 2146 3704; baseline 0.008 -16"><span class='ocrx_word' id='word_1_267' title='bbox 565 3646 809 3704; x_wconf 87' lang='lat' dir='ltr'><strong>paratum</strong></span> <span class='ocrx_word' id='word_1_268' title='bbox 841 3639 1036 3699; x_wconf 87' lang='lat' dir='ltr'><strong>fuerat,</strong></span> <span class='ocrx_word' id='word_1_269' title='bbox 1079 3657 1170 3694; x_wconf 81' lang='lat' dir='ltr'><strong>rex</strong></span> <span class='ocrx_word' id='word_1_270' title='bbox 1227 3639 1382 3696; x_wconf 66' lang='lat' dir='ltr'><strong>versa</strong></span> <span class='ocrx_word' id='word_1_271' title='bbox 1433 3645 1550 3698; x_wconf 86' lang='lat' dir='ltr'><strong>vice</strong></span> <span class='ocrx_word' id='word_1_272' title='bbox 1600 3645 1824 3698; x_wconf 88' lang='lat' dir='ltr'><strong>nimium</strong></span> <span class='ocrx_word' id='word_1_273' title='bbox 1873 3645 2146 3700; x_wconf 74' lang='lat' dir='ltr'><strong>efferatus.</strong></span> 
     </span>
    </p>
   </div>
   <div class='ocr_carea' id='block_1_41' title="bbox 565 3708 2152 3782">
    <p class='ocr_par' dir='ltr' id='par_1_41' title="bbox 565 3708 2152 3782">
     <span class='ocr_line' id='line_1_41' title="bbox 565 3708 2152 3782; baseline 0.006 -24"><span class='ocrx_word' id='word_1_274' title='bbox 565 3708 812 3758; x_wconf 81' lang='lat' dir='ltr'><strong>concitus</strong></span> <span class='ocrx_word' id='word_1_275' title='bbox 845 3723 923 3782; x_wconf 77' lang='lat' dir='ltr'><strong>se,</strong></span> <span class='ocrx_word' id='word_1_276' title='bbox 953 3711 1154 3782; x_wconf 76' lang='lat' dir='ltr'><strong>relictis</strong></span> <span class='ocrx_word' id='word_1_277' title='bbox 1183 3713 1374 3780; x_wconf 76' lang='lat' dir='ltr'><strong>epulis,</strong></span> <span class='ocrx_word' id='word_1_278' title='bbox 1412 3713 1462 3766; x_wconf 90' lang='lat' dir='ltr'><strong>in</strong></span> <span class='ocrx_word' id='word_1_279' title='bbox 1501 3715 1756 3781; x_wconf 88' lang='lat' dir='ltr'><strong>palatium</strong></span> <span class='ocrx_word' id='word_1_280' title='bbox 1787 3715 2072 3782; x_wconf 75' lang='lat' dir='ltr'><strong>proripuit.</strong></span> <span class='ocrx_word' id='word_1_281' title='bbox 2099 3725 2152 3768; x_wconf 79' lang='lat' dir='ltr'><strong>rt</strong></span> 
     </span>
    </p>
   </div>
   <div class='ocr_carea' id='block_1_42' title="bbox 567 3777 2154 3844">
    <p class='ocr_par' dir='ltr' id='par_1_42' title="bbox 567 3777 2154 3844">
     <span class='ocr_line' id='line_1_42' title="bbox 567 3777 2154 3844; baseline 0.005 -18"><span class='ocrx_word' id='word_1_282' title='bbox 567 3791 676 3842; x_wconf 89' lang='lat' dir='ltr'><strong>quo</strong></span> <span class='ocrx_word' id='word_1_283' title='bbox 703 3779 947 3844; x_wconf 73' lang='lat' dir='ltr'><strong>exemplo</strong></span> <span class='ocrx_word' id='word_1_284' title='bbox 977 3777 1028 3830; x_wconf 91' lang='lat' dir='ltr'><strong>in</strong></span> <span class='ocrx_word' id='word_1_285' title='bbox 1063 3777 1310 3834; x_wconf 76' lang='lat' dir='ltr'><strong>abbatem</strong></span> <span class='ocrx_word' id='word_1_286' title='bbox 1343 3777 1448 3834; x_wconf 85' lang='lat' dir='ltr'><strong>tam</strong></span> <span class='ocrx_word' id='word_1_287' title='bbox 1493 3777 1710 3836; x_wconf 77' lang='lat' dir='ltr'><strong>audacis</strong></span> <span class='ocrx_word' id='word_1_288' title='bbox 1742 3777 1864 3837; x_wconf 74' lang='lat' dir='ltr'><strong>fat-li</strong></span> <span class='ocrx_word' id='word_1_289' title='bbox 1919 3777 2154 3836; x_wconf 77' lang='lat' dir='ltr'><strong>incento-</strong></span> 
     </span>
    </p>
   </div>
   <div class='ocr_carea' id='block_1_43' title="bbox 571 3847 2150 3924">
    <p class='ocr_par' dir='ltr' id='par_1_43' title="bbox 571 3847 2150 3924">
     <span class='ocr_line' id='line_1_43' title="bbox 571 3847 2150 3924; baseline 0.007 -29"><span class='ocrx_word' id='word_1_290' title='bbox 571 3859 684 3924; x_wconf 74' lang='lat' dir='ltr'><strong>rem</strong></span> <span class='ocrx_word' id='word_1_291' title='bbox 731 3847 1163 3903; x_wconf 80' lang='lat' dir='ltr'><strong>animadvertere</strong></span> <span class='ocrx_word' id='word_1_292' title='bbox 1209 3850 1450 3916; x_wconf 86' lang='lat' dir='ltr'><strong>deberet,</strong></span> <span class='ocrx_word' id='word_1_293' title='bbox 1503 3854 1691 3922; x_wconf 86' lang='lat' dir='ltr'><strong>plenus</strong></span> <span class='ocrx_word' id='word_1_294' title='bbox 1747 3855 1948 3908; x_wconf 87' lang='lat' dir='ltr'><strong>irarum</strong></span> <span class='ocrx_word' id='word_1_295' title='bbox 2001 3857 2150 3924; x_wconf 72' lang='lat' dir='ltr'><strong>engi-</strong></span> 
     </span>
    </p>
   </div>
   <div class='ocr_carea' id='block_1_44' title="bbox 571 3917 812 3972">
    <p class='ocr_par' dir='ltr' id='par_1_44' title="bbox 571 3917 812 3972">
     <span class='ocr_line' id='line_1_44' title="bbox 571 3917 812 3972; baseline 0.025 -6"><span class='ocrx_word' id='word_1_296' title='bbox 571 3917 741 3970; x_wconf 83' lang='lat' dir='ltr'><strong>tabat.</strong></span> <span class='ocrx_word' id='word_1_297' title='bbox 808 3969 812 3972; x_wconf 93' lang='lat'><em>_</em></span> 
     </span>
    </p>
   </div>
   <div class='ocr_carea' id='block_1_45' title="bbox 1181 4031 1535 4088">
    <p class='ocr_par' dir='ltr' id='par_1_45' title="bbox 1181 4031 1535 4088">
     <span class='ocr_line' id='line_1_45' title="bbox 1181 4031 1535 4088; baseline -0.017 0"><span class='ocrx_word' id='word_1_298' title='bbox 1181 4031 1408 4088; x_wconf 74' lang='lat' dir='ltr'><strong>CAPUT</strong></span> <span class='ocrx_word' id='word_1_299' title='bbox 1446 4034 1535 4088; x_wconf 73' lang='lat' dir='ltr'><strong>XI.</strong></span> 
     </span>
    </p>
   </div>
   <div class='ocr_carea' id='block_1_46' title="bbox 570 4113 2152 4190">
    <p class='ocr_par' dir='ltr' id='par_1_46' title="bbox 570 4113 2152 4190">
     <span class='ocr_line' id='line_1_46' title="bbox 570 4113 2152 4190; baseline 0.006 -22"><span class='ocrx_word' id='word_1_300' title='bbox 570 4113 720 4170; x_wconf 77' lang='lat' dir='ltr'><strong>Tibia</strong></span> <span class='ocrx_word' id='word_1_301' title='bbox 772 4117 1046 4172; x_wconf 59' lang='lat' dir='ltr'><strong>Cauteruli</strong></span> <span class='ocrx_word' id='word_1_302' title='bbox 1099 4139 1342 4190; x_wconf 74' lang='lat' dir='ltr'><strong>oppressa</strong></span> <span class='ocrx_word' id='word_1_303' title='bbox 1381 4135 1428 4178; x_wconf 84' lang='lat' dir='ltr'><strong>et</strong></span> <span class='ocrx_word' id='word_1_304' title='bbox 1477 4125 1702 4178; x_wconf 75' lang='lat' dir='ltr'><strong>rartrila</strong></span> <span class='ocrx_word' id='word_1_305' title='bbox 1747 4125 2065 4178; x_wconf 75' lang='lat' dir='ltr'><strong>resolidamr</strong></span> <span class='ocrx_word' id='word_1_306' title='bbox 2106 4137 2152 4181; x_wconf 65' lang='grc' dir='ltr'><strong>εἰ</strong></span> 
     </span>
    </p>
   </div>
   <div class='ocr_carea' id='block_1_47' title="bbox 871 4191 1844 4264">
    <p class='ocr_par' dir='ltr' id='par_1_47' title="bbox 871 4191 1844 4264">
     <span class='ocr_line' id='line_1_47' title="bbox 871 4191 1844 4264; baseline 0.003 -22"><span class='ocrx_word' id='word_1_307' title='bbox 871 4206 1032 4260; x_wconf 72' lang='lat' dir='ltr'><strong>usque</strong></span> <span class='ocrx_word' id='word_1_308' title='bbox 1061 4191 1128 4244; x_wconf 83' lang='lat' dir='ltr'><strong>ad</strong></span> <span class='ocrx_word' id='word_1_309' title='bbox 1165 4193 1304 4260; x_wconf 75' lang='lat' dir='ltr'><strong>[om</strong></span> <span class='ocrx_word' id='word_1_310' title='bbox 1327 4196 1495 4263; x_wconf 73' lang='lat' dir='ltr'><strong>regias</strong></span> <span class='ocrx_word' id='word_1_311' title='bbox 1521 4195 1844 4264; x_wconf 66' lang='lat' dir='ltr'><strong>prodi-citur.</strong></span> 
     </span>
    </p>
   </div>
   <div class='ocr_carea' id='block_1_48' title="bbox 643 4277 2154 4354">
    <p class='ocr_par' dir='ltr' id='par_1_48' title="bbox 643 4277 2154 4354">
     <span class='ocr_line' id='line_1_48' title="bbox 643 4277 2154 4354; baseline 0.006 -24"><span class='ocrx_word' id='word_1_312' title='bbox 643 4277 698 4330; x_wconf 86' lang='lat' dir='ltr'><strong>III</strong></span> <span class='ocrx_word' id='word_1_313' title='bbox 727 4279 846 4347; x_wconf 84' lang='lat' dir='ltr'><strong>ejus</strong></span> <span class='ocrx_word' id='word_1_314' title='bbox 873 4279 1076 4348; x_wconf 88' lang='lat' dir='ltr'><strong>itaque,</strong></span> <span class='ocrx_word' id='word_1_315' title='bbox 1127 4297 1290 4350; x_wconf 89' lang='lat' dir='ltr'><strong>quam</strong></span> <span class='ocrx_word' id='word_1_316' title='bbox 1327 4283 1583 4347; x_wconf 73' lang='lat' dir='ltr'><strong>diximus,</strong></span> <span class='ocrx_word' id='word_1_317' title='bbox 1614 4283 2005 4346; x_wconf 81' lang='lat' dir='ltr'><strong>Innniliatione.</strong></span> <span class='ocrx_word' id='word_1_318' title='bbox 2037 4287 2154 4354; x_wconf 79' lang='lat' dir='ltr'><strong>qni-</strong></span> 
     </span>
    </p>
   </div>
   <div class='ocr_carea' id='block_1_49' title="bbox 569 4367 2152 4444">
    <p class='ocr_par' dir='ltr' id='par_1_49' title="bbox 569 4367 2152 4444">
     <span class='ocr_line' id='line_1_49' title="bbox 569 4367 2152 4444; baseline 0.006 -22"><span class='ocrx_word' id='word_1_319' title='bbox 569 4367 694 4422; x_wconf 87' lang='lat' dir='ltr'><strong>dam</strong></span> <span class='ocrx_word' id='word_1_320' title='bbox 743 4383 812 4423; x_wconf 75' lang='lat' dir='ltr'><strong>ex</strong></span> <span class='ocrx_word' id='word_1_321' title='bbox 869 4372 1068 4426; x_wconf 88' lang='lat' dir='ltr'><strong>nostris</strong></span> <span class='ocrx_word' id='word_1_322' title='bbox 1115 4373 1476 4428; x_wconf 81' lang='lat' dir='ltr'><strong>servientibus</strong></span> <span class='ocrx_word' id='word_1_323' title='bbox 1525 4376 1693 4444; x_wconf 88' lang='lat' dir='ltr'><strong>ipsius</strong></span> <span class='ocrx_word' id='word_1_324' title='bbox 1741 4375 1957 4429; x_wconf 83' lang='lat' dir='ltr'><strong>familiae</strong></span> <span class='ocrx_word' id='word_1_325' title='bbox 2029 4376 2152 4431; x_wconf 90' lang='lat' dir='ltr'><strong>dum</strong></span> 
     </span>
    </p>
   </div>
   <div class='ocr_carea' id='block_1_50' title="bbox 2245 514 3839 584">
    <p class='ocr_par' dir='ltr' id='par_1_50' title="bbox 2245 514 3839 584">
     <span class='ocr_line' id='line_1_50' title="bbox 2245 514 3839 584; baseline 0.001 -16"><span class='ocrx_word' id='word_1_326' title='bbox 2245 514 2574 584; x_wconf 87' lang='lat' dir='ltr'><strong>operationis</strong></span> <span class='ocrx_word' id='word_1_327' title='bbox 2604 515 2920 570; x_wconf 81' lang='lat' dir='ltr'><strong>disealceari</strong></span> <span class='ocrx_word' id='word_1_328' title='bbox 2945 515 3197 584; x_wconf 85' lang='lat' dir='ltr'><strong>juvenem</strong></span> <span class='ocrx_word' id='word_1_329' title='bbox 3245 517 3512 582; x_wconf 86' lang='lat' dir='ltr'><strong>fecerunt,</strong></span> <span class='ocrx_word' id='word_1_330' title='bbox 3542 528 3595 572; x_wconf 92' lang='lat' dir='ltr'><strong>et</strong></span> <span class='ocrx_word' id='word_1_331' title='bbox 3626 518 3680 572; x_wconf 93' lang='lat' dir='ltr'><strong>in</strong></span> <span class='ocrx_word' id='word_1_332' title='bbox 3721 519 3839 572; x_wconf 76' lang='lat' dir='ltr'><strong>loca</strong></span> 
     </span>
    </p>
   </div>
   <div class='ocr_carea' id='block_1_51' title="bbox 2249 603 3838 676">
    <p class='ocr_par' dir='ltr' id='par_1_51' title="bbox 2249 603 3838 676">
     <span class='ocr_line' id='line_1_51' title="bbox 2249 603 3838 676; baseline 0.005 -21"><span class='ocrx_word' id='word_1_333' title='bbox 2249 603 2480 658; x_wconf 72' lang='lat' dir='ltr'><strong>laesiouis</strong></span> <span class='ocrx_word' id='word_1_334' title='bbox 2507 619 2603 673; x_wconf 90' lang='lat' dir='ltr'><strong>pro</strong></span> <span class='ocrx_word' id='word_1_335' title='bbox 2653 605 2908 660; x_wconf 84' lang='lat' dir='ltr'><strong>cicatrice</strong></span> <span class='ocrx_word' id='word_1_336' title='bbox 2938 607 3210 675; x_wconf 88' lang='lat' dir='ltr'><strong>quoddam</strong></span> <span class='ocrx_word' id='word_1_337' title='bbox 3239 607 3448 676; x_wconf 78' lang='lat' dir='ltr'><strong>signum</strong></span> <span class='ocrx_word' id='word_1_338' title='bbox 3485 607 3658 662; x_wconf 88' lang='lat' dir='ltr'><strong>instar</strong></span> <span class='ocrx_word' id='word_1_339' title='bbox 3691 610 3838 663; x_wconf 82' lang='lat' dir='ltr'><strong>rubri</strong></span> 
     </span>
    </p>
   </div>
   <div class='ocr_carea' id='block_1_52' title="bbox 2245 695 3840 767">
    <p class='ocr_par' dir='ltr' id='par_1_52' title="bbox 2245 695 3840 767">
     <span class='ocr_line' id='line_1_52' title="bbox 2245 695 3840 767; baseline 0.001 -17"><span class='ocrx_word' id='word_1_340' title='bbox 2245 695 2321 750; x_wconf 84' lang='lat' dir='ltr'><strong>liii</strong></span> <span class='ocrx_word' id='word_1_341' title='bbox 2345 696 2488 750; x_wconf 74' lang='lat' dir='ltr'><strong>tibia:</strong></span> <span class='ocrx_word' id='word_1_342' title='bbox 2512 696 2868 750; x_wconf 82' lang='lat' dir='ltr'><strong>circumducti</strong></span> <span class='ocrx_word' id='word_1_343' title='bbox 2893 713 2998 751; x_wconf 90' lang='lat' dir='ltr'><strong>non</strong></span> <span class='ocrx_word' id='word_1_344' title='bbox 3024 699 3141 752; x_wconf 88' lang='lat' dir='ltr'><strong>sine</strong></span> <span class='ocrx_word' id='word_1_345' title='bbox 3168 697 3525 751; x_wconf 85' lang='lat' dir='ltr'><strong>admiratione</strong></span> <span class='ocrx_word' id='word_1_346' title='bbox 3541 705 3840 767; x_wconf 76' lang='lat' dir='ltr'><strong>c&#39;onspexe-</strong></span> 
     </span>
    </p>
   </div>
   <div class='ocr_carea' id='block_1_53' title="bbox 2249 787 3838 857">
    <p class='ocr_par' dir='ltr' id='par_1_53' title="bbox 2249 787 3838 857">
     <span class='ocr_line' id='line_1_53' title="bbox 2249 787 3838 857; baseline -0.001 -17"><span class='ocrx_word' id='word_1_347' title='bbox 2249 797 2392 840; x_wconf 91' lang='lat' dir='ltr'><strong>runt.</strong></span> <span class='ocrx_word' id='word_1_348' title='bbox 2426 787 2520 840; x_wconf 80' lang='lat' dir='ltr'><strong>Ilci</strong></span> <span class='ocrx_word' id='word_1_349' title='bbox 2550 801 2680 857; x_wconf 77' lang='lat' dir='ltr'><strong>ergo</strong></span> <span class='ocrx_word' id='word_1_350' title='bbox 2701 787 2988 842; x_wconf 87' lang='lat' dir='ltr'><strong>veritatem</strong></span> <span class='ocrx_word' id='word_1_351' title='bbox 3019 789 3084 842; x_wconf 77' lang='lat' dir='ltr'><strong>aal</strong></span> <span class='ocrx_word' id='word_1_352' title='bbox 3114 787 3390 840; x_wconf 89' lang='lat' dir='ltr'><strong>dominum</strong></span> <span class='ocrx_word' id='word_1_353' title='bbox 3437 803 3592 840; x_wconf 90' lang='lat' dir='ltr'><strong>suum</strong></span> <span class='ocrx_word' id='word_1_354' title='bbox 3656 802 3838 856; x_wconf 76' lang='lat' dir='ltr'><strong>regem</strong></span> 
     </span>
    </p>
   </div>
   <div class='ocr_carea' id='block_1_54' title="bbox 2247 881 3842 952">
    <p class='ocr_par' dir='ltr' id='par_1_54' title="bbox 2247 881 3842 952">
     <span class='ocr_line' id='line_1_54' title="bbox 2247 881 3842 952; baseline -0.001 -16"><span class='ocrx_word' id='word_1_355' title='bbox 2247 883 2504 936; x_wconf 86' lang='lat' dir='ltr'><strong>continuo</strong></span> <span class='ocrx_word' id='word_1_356' title='bbox 2533 881 2851 946; x_wconf 88' lang='lat' dir='ltr'><strong>retulerunt,</strong></span> <span class='ocrx_word' id='word_1_357' title='bbox 2877 883 3160 952; x_wconf 89' lang='lat' dir='ltr'><strong>ipsumque</strong></span> <span class='ocrx_word' id='word_1_358' title='bbox 3185 897 3356 951; x_wconf 88' lang='lat' dir='ltr'><strong>usque</strong></span> <span class='ocrx_word' id='word_1_359' title='bbox 3394 881 3460 934; x_wconf 86' lang='lat' dir='ltr'><strong>ad</strong></span> <span class='ocrx_word' id='word_1_360' title='bbox 3489 882 3666 952; x_wconf 78' lang='lat' dir='ltr'><strong>regias</strong></span> <span class='ocrx_word' id='word_1_361' title='bbox 3693 881 3842 935; x_wconf 86' lang='lat' dir='ltr'><strong>fores</strong></span> 
     </span>
    </p>
   </div>
   <div class='ocr_carea' id='block_1_55' title="bbox 2249 973 3838 1044">
    <p class='ocr_par' dir='ltr' id='par_1_55' title="bbox 2249 973 3838 1044">
     <span class='ocr_line' id='line_1_55' title="bbox 2249 973 3838 1044; baseline -0.003 -16"><span class='ocrx_word' id='word_1_362' title='bbox 2249 991 2345 1044; x_wconf 89' lang='lat' dir='ltr'><strong>pro</strong></span> <span class='ocrx_word' id='word_1_363' title='bbox 2391 985 2528 1030; x_wconf 90' lang='lat' dir='ltr'><strong>teste</strong></span> <span class='ocrx_word' id='word_1_364' title='bbox 2581 974 2940 1028; x_wconf 78' lang='lat' dir='ltr'><strong>deduxerunt.</strong></span> <span class='ocrx_word' id='word_1_365' title='bbox 3003 974 3109 1028; x_wconf 89' lang='lat' dir='ltr'><strong>Sed</strong></span> <span class='ocrx_word' id='word_1_366' title='bbox 3153 983 3374 1043; x_wconf 86' lang='lat' dir='ltr'><strong>propter</strong></span> <span class='ocrx_word' id='word_1_367' title='bbox 3425 973 3838 1042; x_wconf 79' lang='lat' dir='ltr'><strong>impressionem</strong></span> 
     </span>
    </p>
   </div>
   <div class='ocr_carea' id='block_1_56' title="bbox 2247 1061 3612 1128">
    <p class='ocr_par' dir='ltr' id='par_1_56' title="bbox 2247 1061 3612 1128">
     <span class='ocr_line' id='line_1_56' title="bbox 2247 1061 3612 1128; baseline -0.004 -10"><span class='ocrx_word' id='word_1_368' title='bbox 2247 1065 2710 1128; x_wconf 82' lang='lat' dir='ltr'><strong>concurrentium,</strong></span> <span class='ocrx_word' id='word_1_369' title='bbox 2739 1079 2844 1118; x_wconf 91' lang='lat' dir='ltr'><strong>non</strong></span> <span class='ocrx_word' id='word_1_370' title='bbox 2867 1071 2950 1118; x_wconf 90' lang='lat' dir='ltr'><strong>est</strong></span> <span class='ocrx_word' id='word_1_371' title='bbox 2973 1063 3244 1117; x_wconf 87' lang='lat' dir='ltr'><strong>admissus</strong></span> <span class='ocrx_word' id='word_1_372' title='bbox 3270 1063 3324 1116; x_wconf 91' lang='lat' dir='ltr'><strong>in</strong></span> <span class='ocrx_word' id='word_1_373' title='bbox 3351 1061 3612 1117; x_wconf 88' lang='lat' dir='ltr'><strong>medium.</strong></span> 
     </span>
    </p>
   </div>
   <div class='ocr_carea' id='block_1_57' title="bbox 2859 1151 3240 1208">
    <p class='ocr_par' dir='ltr' id='par_1_57' title="bbox 2859 1151 3240 1208">
     <span class='ocr_line' id='line_1_57' title="bbox 2859 1151 3240 1208; baseline -0.01 0"><span class='ocrx_word' id='word_1_374' title='bbox 2859 1151 3088 1208; x_wconf 81' lang='lat' dir='ltr'><strong>CAPUT</strong></span> <span class='ocrx_word' id='word_1_375' title='bbox 3127 1151 3240 1208; x_wconf 80' lang='lat' dir='ltr'>XII.</span> 
     </span>
    </p>
   </div>
   <div class='ocr_carea' id='block_1_58' title="bbox 2541 1243 3534 1299">
    <p class='ocr_par' dir='ltr' id='par_1_58' title="bbox 2541 1243 3534 1299">
     <span class='ocr_line' id='line_1_58' title="bbox 2541 1243 3534 1299; baseline -0.002 0"><span class='ocrx_word' id='word_1_376' title='bbox 2541 1244 2696 1299; x_wconf 82' lang='lat' dir='ltr'><strong>Ca&#39;m</strong></span> <span class='ocrx_word' id='word_1_377' title='bbox 2735 1244 2922 1298; x_wconf 77' lang='lat' dir='ltr'><strong>mulier</strong></span> <span class='ocrx_word' id='word_1_378' title='bbox 2955 1245 3144 1297; x_wconf 79' lang='lat' dir='ltr'><strong>ibidem</strong></span> <span class='ocrx_word' id='word_1_379' title='bbox 3185 1243 3534 1298; x_wconf 81' lang='lat' dir='ltr'><strong>illaminatur.</strong></span> 
     </span>
    </p>
   </div>
   <div class='ocr_carea' id='block_1_59' title="bbox 2317 1333 3842 1407">
    <p class='ocr_par' dir='ltr' id='par_1_59' title="bbox 2317 1333 3842 1407">
     <span class='ocr_line' id='line_1_59' title="bbox 2317 1333 3842 1407; baseline -0.003 -17"><span class='ocrx_word' id='word_1_380' title='bbox 2317 1336 2526 1392; x_wconf 87' lang='lat' dir='ltr'><strong>Interea</strong></span> <span class='ocrx_word' id='word_1_381' title='bbox 2551 1337 2974 1392; x_wconf 85' lang='lat' dir='ltr'><strong>clarescentibus</strong></span> <span class='ocrx_word' id='word_1_382' title='bbox 2999 1337 3212 1390; x_wconf 87' lang='lat' dir='ltr'><strong>meritis</strong></span> <span class='ocrx_word' id='word_1_383' title='bbox 3241 1336 3574 1407; x_wconf 81' lang='lat' dir='ltr'><strong>gloriﬁcandi</strong></span> <span class='ocrx_word' id='word_1_384' title='bbox 3617 1333 3842 1388; x_wconf 79' lang='lat' dir='ltr'><strong>confes-</strong></span> 
     </span>
    </p>
   </div>
   <div class='ocr_carea' id='block_1_60' title="bbox 2249 1423 3846 1495">
    <p class='ocr_par' dir='ltr' id='par_1_60' title="bbox 2249 1423 3846 1495">
     <span class='ocr_line' id='line_1_60' title="bbox 2249 1423 3846 1495; baseline -0.004 -15"><span class='ocrx_word' id='word_1_385' title='bbox 2249 1427 2406 1489; x_wconf 87' lang='lat' dir='ltr'><strong>soris,</strong></span> <span class='ocrx_word' id='word_1_386' title='bbox 2441 1425 2640 1480; x_wconf 87' lang='lat' dir='ltr'><strong>factum</strong></span> <span class='ocrx_word' id='word_1_387' title='bbox 2669 1435 2752 1480; x_wconf 89' lang='lat' dir='ltr'><strong>est</strong></span> <span class='ocrx_word' id='word_1_388' title='bbox 2799 1427 3070 1495; x_wconf 87' lang='lat' dir='ltr'><strong>quoddam</strong></span> <span class='ocrx_word' id='word_1_389' title='bbox 3115 1425 3262 1480; x_wconf 85' lang='lat' dir='ltr'><strong>aliud</strong></span> <span class='ocrx_word' id='word_1_390' title='bbox 3319 1423 3570 1480; x_wconf 88' lang='lat' dir='ltr'><strong>mirabile</strong></span> <span class='ocrx_word' id='word_1_391' title='bbox 3623 1426 3676 1478; x_wconf 91' lang='lat' dir='ltr'><strong>in</strong></span> <span class='ocrx_word' id='word_1_392' title='bbox 3705 1437 3846 1491; x_wconf 77' lang='lat' dir='ltr'><strong>prae-</strong></span> 
     </span>
    </p>
   </div>
   <div class='ocr_carea' id='block_1_61' title="bbox 2249 1511 3848 1583">
    <p class='ocr_par' dir='ltr' id='par_1_61' title="bbox 2249 1511 3848 1583">
     <span class='ocr_line' id='line_1_61' title="bbox 2249 1511 3848 1583; baseline -0.005 -12"><span class='ocrx_word' id='word_1_393' title='bbox 2249 1517 2424 1572; x_wconf 86' lang='lat' dir='ltr'><strong>sentia</strong></span> <span class='ocrx_word' id='word_1_394' title='bbox 2475 1515 2726 1570; x_wconf 81' lang='lat' dir='ltr'><strong>videlicet</strong></span> <span class='ocrx_word' id='word_1_395' title='bbox 2779 1515 3020 1569; x_wconf 88' lang='lat' dir='ltr'><strong>omnium</strong></span> <span class='ocrx_word' id='word_1_396' title='bbox 3079 1517 3174 1583; x_wconf 87' lang='lat' dir='ltr'><strong>qui</strong></span> <span class='ocrx_word' id='word_1_397' title='bbox 3229 1515 3456 1568; x_wconf 87' lang='lat' dir='ltr'><strong>aderant</strong></span> <span class='ocrx_word' id='word_1_398' title='bbox 3489 1513 3544 1568; x_wconf 89' lang='lat' dir='ltr'><strong>in</strong></span> <span class='ocrx_word' id='word_1_399' title='bbox 3575 1511 3848 1582; x_wconf 87' lang='lat' dir='ltr'><strong>ipsoIoco</strong></span> 
     </span>
    </p>
   </div>
   <div class='ocr_carea' id='block_1_62' title="bbox 2248 1606 3848 1678">
    <p class='ocr_par' dir='ltr' id='par_1_62' title="bbox 2248 1606 3848 1678">
     <span class='ocr_line' id='line_1_62' title="bbox 2248 1606 3848 1678; baseline -0.003 -16"><span class='ocrx_word' id='word_1_400' title='bbox 2248 1624 2356 1678; x_wconf 86' lang='lat' dir='ltr'><strong>quo</strong></span> <span class='ocrx_word' id='word_1_401' title='bbox 2381 1623 2576 1677; x_wconf 89' lang='lat' dir='ltr'><strong>corpus</strong></span> <span class='ocrx_word' id='word_1_402' title='bbox 2593 1606 2810 1675; x_wconf 84' lang='lat' dir='ltr'><strong>jacebat</strong></span> <span class='ocrx_word' id='word_1_403' title='bbox 2837 1607 3162 1662; x_wconf 86' lang='lat' dir='ltr'><strong>venerabile.</strong></span> <span class='ocrx_word' id='word_1_404' title='bbox 3177 1608 3326 1662; x_wconf 75' lang='lat' dir='ltr'><strong>Cteca</strong></span> <span class='ocrx_word' id='word_1_405' title='bbox 3349 1607 3546 1661; x_wconf 86' lang='lat' dir='ltr'><strong>mulier</strong></span> <span class='ocrx_word' id='word_1_406' title='bbox 3565 1606 3634 1660; x_wconf 86' lang='lat' dir='ltr'><strong>de</strong></span> <span class='ocrx_word' id='word_1_407' title='bbox 3659 1609 3848 1674; x_wconf 72' lang='lat' dir='ltr'><strong>proxi-</strong></span> 
     </span>
    </p>
   </div>
   <div class='ocr_carea' id='block_1_63' title="bbox 2251 1696 3844 1774">
    <p class='ocr_par' dir='ltr' id='par_1_63' title="bbox 2251 1696 3844 1774">
     <span class='ocr_line' id='line_1_63' title="bbox 2251 1696 3844 1774; baseline -0.001 -22"><span class='ocrx_word' id='word_1_408' title='bbox 2251 1715 2338 1752; x_wconf 88' lang='lat' dir='ltr'><strong>mo</strong></span> <span class='ocrx_word' id='word_1_409' title='bbox 2363 1699 2546 1774; x_wconf 75' lang='lat' dir='ltr'><strong>Leodii</strong></span> <span class='ocrx_word' id='word_1_410' title='bbox 2579 1697 2854 1752; x_wconf 84' lang='lat' dir='ltr'><strong>territorio</strong></span> <span class='ocrx_word' id='word_1_411' title='bbox 2877 1698 3104 1752; x_wconf 85' lang='lat' dir='ltr'><strong>deducta</strong></span> <span class='ocrx_word' id='word_1_412' title='bbox 3137 1697 3318 1752; x_wconf 88' lang='lat' dir='ltr'><strong>stabat</strong></span> <span class='ocrx_word' id='word_1_413' title='bbox 3345 1696 3410 1750; x_wconf 88' lang='lat' dir='ltr'><strong>ad</strong></span> <span class='ocrx_word' id='word_1_414' title='bbox 3435 1697 3844 1750; x_wconf 83' lang='lat' dir='ltr'><strong>venerationem</strong></span> 
     </span>
    </p>
   </div>
   <div class='ocr_carea' id='block_1_64' title="bbox 2248 1787 3844 1858">
    <p class='ocr_par' dir='ltr' id='par_1_64' title="bbox 2248 1787 3844 1858">
     <span class='ocr_line' id='line_1_64' title="bbox 2248 1787 3844 1858; baseline 0 -16"><span class='ocrx_word' id='word_1_415' title='bbox 2248 1805 2370 1842; x_wconf 88' lang='lat' dir='ltr'><strong>cum</strong></span> <span class='ocrx_word' id='word_1_416' title='bbox 2395 1790 2480 1857; x_wconf 75' lang='lat' dir='ltr'><strong>pia</strong></span> <span class='ocrx_word' id='word_1_417' title='bbox 2505 1787 2912 1858; x_wconf 85' lang='lat' dir='ltr'><strong>supp’icatione,</strong></span> <span class='ocrx_word' id='word_1_418' title='bbox 2945 1803 3066 1858; x_wconf 76' lang='lat' dir='ltr'><strong>quae</strong></span> <span class='ocrx_word' id='word_1_419' title='bbox 3091 1797 3302 1842; x_wconf 88' lang='lat' dir='ltr'><strong>noctem</strong></span> <span class='ocrx_word' id='word_1_420' title='bbox 3333 1787 3650 1842; x_wconf 87' lang='lat' dir='ltr'><strong>continuam</strong></span> <span class='ocrx_word' id='word_1_421' title='bbox 3679 1789 3844 1842; x_wconf 84' lang='lat' dir='ltr'><strong>cacci-</strong></span> 
     </span>
    </p>
   </div>
   <div class='ocr_carea' id='block_1_65' title="bbox 2252 1876 3698 1946">
    <p class='ocr_par' dir='ltr' id='par_1_65' title="bbox 2252 1876 3698 1946">
     <span class='ocr_line' id='line_1_65' title="bbox 2252 1876 3698 1946; baseline 0 -16"><span class='ocrx_word' id='word_1_422' title='bbox 2252 1876 2375 1932; x_wconf 89' lang='lat' dir='ltr'><strong>tatis</strong></span> <span class='ocrx_word' id='word_1_423' title='bbox 2399 1891 2460 1930; x_wconf 90' lang='lat' dir='ltr'><strong>se</strong></span> <span class='ocrx_word' id='word_1_424' title='bbox 2485 1877 2780 1930; x_wconf 88' lang='lat' dir='ltr'><strong>incurrisse</strong></span> <span class='ocrx_word' id='word_1_425' title='bbox 2809 1877 3096 1944; x_wconf 86' lang='lat' dir='ltr'><strong>deplorans</strong></span> <span class='ocrx_word' id='word_1_426' title='bbox 3111 1877 3224 1946; x_wconf 80' lang='lat' dir='ltr'><strong>jam</strong></span> <span class='ocrx_word' id='word_1_427' title='bbox 3254 1876 3412 1946; x_wconf 77' lang='lat' dir='ltr'><strong>longo</strong></span> <span class='ocrx_word' id='word_1_428' title='bbox 3447 1886 3698 1946; x_wconf 84' lang='lat' dir='ltr'><strong>tempore</strong></span> 
     </span>
    </p>
   </div>
   <div class='ocr_carea' id='block_1_66' title="bbox 2429 1969 3656 2028">
    <p class='ocr_par' dir='ltr' id='par_1_66' title="bbox 2429 1969 3656 2028">
     <span class='ocr_line' id='line_1_66' title="bbox 2429 1969 3656 2028; baseline 0 -6"><span class='ocrx_word' id='word_1_429' title='bbox 2429 1970 2635 2022; x_wconf 83' lang='lat' dir='ltr'><strong>Dicitur</strong></span> <span class='ocrx_word' id='word_1_430' title='bbox 2669 1969 2894 2024; x_wconf 73' lang='lat' dir='ltr'><strong>exclusis</strong></span> <span class='ocrx_word' id='word_1_431' title='bbox 2929 1971 3094 2024; x_wconf 79' lang='lat' dir='ltr'><strong>larem</strong></span> <span class='ocrx_word' id='word_1_432' title='bbox 3131 1971 3378 2024; x_wconf 80' lang='lat' dir='ltr'><strong>meruisse</strong></span> <span class='ocrx_word' id='word_1_433' title='bbox 3409 1971 3656 2028; x_wconf 79' lang='lat' dir='ltr'><strong>tenebris.</strong></span> 
     </span>
    </p>
   </div>
   <div class='ocr_carea' id='block_1_67' title="bbox 2321 2059 3844 2128">
    <p class='ocr_par' dir='ltr' id='par_1_67' title="bbox 2321 2059 3844 2128">
     <span class='ocr_line' id='line_1_67' title="bbox 2321 2059 3844 2128; baseline 0 -16"><span class='ocrx_word' id='word_1_434' title='bbox 2321 2059 2444 2113; x_wconf 79' lang='lat' dir='ltr'><strong>llaec</strong></span> <span class='ocrx_word' id='word_1_435' title='bbox 2481 2060 2755 2127; x_wconf 86' lang='lat' dir='ltr'><strong>accipiens</strong></span> <span class='ocrx_word' id='word_1_436' title='bbox 2799 2075 3015 2114; x_wconf 88' lang='lat' dir='ltr'><strong>crucem</strong></span> <span class='ocrx_word' id='word_1_437' title='bbox 3066 2075 3186 2128; x_wconf 81' lang='lat' dir='ltr'><strong>quae</strong></span> <span class='ocrx_word' id='word_1_438' title='bbox 3213 2059 3282 2112; x_wconf 89' lang='lat' dir='ltr'><strong>ibi</strong></span> <span class='ocrx_word' id='word_1_439' title='bbox 3315 2067 3452 2118; x_wconf 86' lang='lat' dir='ltr'><strong>erat.</strong></span> <span class='ocrx_word' id='word_1_440' title='bbox 3493 2060 3712 2112; x_wconf 86' lang='lat' dir='ltr'><strong>nemine</strong></span> <span class='ocrx_word' id='word_1_441' title='bbox 3737 2059 3844 2112; x_wconf 82' lang='lat' dir='ltr'><strong>sibi</strong></span> 
     </span>
    </p>
   </div>
   <div class='ocr_carea' id='block_1_68' title="bbox 2249 2150 3848 2220">
    <p class='ocr_par' dir='ltr' id='par_1_68' title="bbox 2249 2150 3848 2220">
     <span class='ocr_line' id='line_1_68' title="bbox 2249 2150 3848 2220; baseline 0.001 -16"><span class='ocrx_word' id='word_1_442' title='bbox 2249 2152 2434 2217; x_wconf 79' lang='lat' dir='ltr'><strong>dante,</strong></span> <span class='ocrx_word' id='word_1_443' title='bbox 2459 2152 2620 2220; x_wconf 66' lang='lat' dir='ltr'><strong>coepit</strong></span> <span class='ocrx_word' id='word_1_444' title='bbox 2647 2151 3028 2206; x_wconf 74' lang='lat' dir='ltr'><strong>venerabiliter</strong></span> <span class='ocrx_word' id='word_1_445' title='bbox 3049 2150 3318 2205; x_wconf 74' lang='lat' dir='ltr'><strong>deosculai</strong></span> <span class='ocrx_word' id='word_1_446' title='bbox 3335 2152 3371 2214; x_wconf 91' lang='lat' dir='ltr'><strong>i,</strong></span> <span class='ocrx_word' id='word_1_447' title='bbox 3397 2166 3461 2206; x_wconf 88' lang='lat' dir='ltr'><strong>ac</strong></span> <span class='ocrx_word' id='word_1_448' title='bbox 3491 2152 3572 2206; x_wconf 89' lang='lat' dir='ltr'><strong>sic</strong></span> <span class='ocrx_word' id='word_1_449' title='bbox 3589 2152 3848 2206; x_wconf 86' lang='lat' dir='ltr'><strong>omnibus</strong></span> 
     </span>
    </p>
   </div>
   <div class='ocr_carea' id='block_1_69' title="bbox 2249 2243 3846 2312">
    <p class='ocr_par' dir='ltr' id='par_1_69' title="bbox 2249 2243 3846 2312">
     <span class='ocr_line' id='line_1_69' title="bbox 2249 2243 3846 2312; baseline 0.003 -18"><span class='ocrx_word' id='word_1_450' title='bbox 2249 2243 2544 2312; x_wconf 68' lang='lat' dir='ltr'><strong>praedicare</strong></span> <span class='ocrx_word' id='word_1_451' title='bbox 2587 2243 2783 2298; x_wconf 86' lang='lat' dir='ltr'><strong>factam</strong></span> <span class='ocrx_word' id='word_1_452' title='bbox 2844 2243 2897 2297; x_wconf 92' lang='lat' dir='ltr'><strong>in</strong></span> <span class='ocrx_word' id='word_1_453' title='bbox 2943 2258 3004 2299; x_wconf 86' lang='lat' dir='ltr'><strong>se</strong></span> <span class='ocrx_word' id='word_1_454' title='bbox 3055 2243 3304 2298; x_wconf 85' lang='lat' dir='ltr'><strong>virtutem</strong></span> <span class='ocrx_word' id='word_1_455' title='bbox 3349 2243 3678 2297; x_wconf 82' lang='lat' dir='ltr'><strong>confessoris</strong></span> <span class='ocrx_word' id='word_1_456' title='bbox 3731 2243 3846 2298; x_wconf 86' lang='lat' dir='ltr'><strong>Do-</strong></span> 
     </span>
    </p>
   </div>
   <div class='ocr_carea' id='block_1_70' title="bbox 2251 2334 2402 2390">
    <p class='ocr_par' dir='ltr' id='par_1_70' title="bbox 2251 2334 2402 2390">
     <span class='ocr_line' id='line_1_70' title="bbox 2251 2334 2402 2390; baseline 0.013 -4"><span class='ocrx_word' id='word_1_457' title='bbox 2251 2334 2402 2390; x_wconf 88' lang='lat' dir='ltr'><strong>mini.</strong></span> 
     </span>
    </p>
   </div>
   <div class='ocr_carea' id='block_1_71' title="bbox 2827 2443 3253 2484">
    <p class='ocr_par' dir='ltr' id='par_1_71' title="bbox 2827 2443 3253 2484">
     <span class='ocr_line' id='line_1_71' title="bbox 2827 2443 3253 2484; baseline 0 -2"><span class='ocrx_word' id='word_1_458' title='bbox 2827 2444 3036 2484; x_wconf 71' lang='grc' dir='ltr'><strong>ΔΒΝΟΤΔ</strong></span> <span class='ocrx_word' id='word_1_459' title='bbox 3045 2447 3076 2482; x_wconf 86' lang='grc' dir='ltr'><strong>Τ</strong></span> <span class='ocrx_word' id='word_1_460' title='bbox 3083 2443 3253 2484; x_wconf 76' lang='lat' dir='ltr'><strong>IONES.</strong></span> 
     </span>
    </p>
   </div>
   <div class='ocr_carea' id='block_1_72' title="bbox 2320 2517 3846 2576">
    <p class='ocr_par' dir='ltr' id='par_1_72' title="bbox 2320 2517 3846 2576">
     <span class='ocr_line' id='line_1_72' title="bbox 2320 2517 3846 2576; baseline 0.003 -5"><span class='ocrx_word' id='word_1_461' title='bbox 2320 2517 2530 2574; x_wconf 79' lang='lat' dir='ltr'><strong>Interea</strong></span> <span class='ocrx_word' id='word_1_462' title='bbox 2573 2519 2974 2574; x_wconf 71' lang='lat' dir='ltr'><strong>clarescentibus</strong></span> <span class='ocrx_word' id='word_1_463' title='bbox 3019 2521 3240 2574; x_wconf 78' lang='lat' dir='ltr'><strong>meritis.</strong></span> <span class='ocrx_word' id='word_1_464' title='bbox 3285 2521 3360 2574; x_wconf 87' lang='lat' dir='ltr'><strong>De</strong></span> <span class='ocrx_word' id='word_1_465' title='bbox 3399 2521 3690 2574; x_wconf 80' lang='lat' dir='ltr'><strong>subsecuta</strong></span> <span class='ocrx_word' id='word_1_466' title='bbox 3739 2521 3846 2576; x_wconf 87' lang='lat' dir='ltr'><strong>hac</strong></span> 
     </span>
    </p>
   </div>
   <div class='ocr_carea' id='block_1_73' title="bbox 2251 2589 3846 2645">
    <p class='ocr_par' dir='ltr' id='par_1_73' title="bbox 2251 2589 3846 2645">
     <span class='ocr_line' id='line_1_73' title="bbox 2251 2589 3846 2645; baseline 0.001 -3"><span class='ocrx_word' id='word_1_467' title='bbox 2251 2589 2642 2644; x_wconf 89' lang='lat' dir='ltr'><strong>miraculorum</strong></span> <span class='ocrx_word' id='word_1_468' title='bbox 2683 2590 3028 2644; x_wconf 89' lang='lat' dir='ltr'><strong>multitudine</strong></span> <span class='ocrx_word' id='word_1_469' title='bbox 3061 2591 3220 2644; x_wconf 83' lang='lat' dir='ltr'><strong>ﬁdem</strong></span> <span class='ocrx_word' id='word_1_470' title='bbox 3253 2591 3381 2644; x_wconf 82' lang='lat' dir='ltr'><strong>facit</strong></span> <span class='ocrx_word' id='word_1_471' title='bbox 3421 2600 3476 2645; x_wconf 89' lang='lat' dir='ltr'><strong>et</strong></span> <span class='ocrx_word' id='word_1_472' title='bbox 3514 2590 3846 2644; x_wconf 75' lang='lat' dir='ltr'><strong>Lar-ubertas</strong></span> 
     </span>
    </p>
   </div>
   <div class='ocr_carea' id='block_1_74' title="bbox 2253 2658 3846 2730">
    <p class='ocr_par' dir='ltr' id='par_1_74' title="bbox 2253 2658 3846 2730">
     <span class='ocr_line' id='line_1_74' title="bbox 2253 2658 3846 2730; baseline 0.001 -17"><span class='ocrx_word' id='word_1_473' title='bbox 2253 2658 2810 2728; x_wconf 74' lang='lat' dir='ltr'><strong>Schal’nalmrgensis;</strong></span> <span class='ocrx_word' id='word_1_474' title='bbox 2843 2662 2922 2714; x_wconf 92' lang='lat' dir='ltr'><strong>sic</strong></span> <span class='ocrx_word' id='word_1_475' title='bbox 2958 2661 3098 2714; x_wconf 87' lang='lat' dir='ltr'><strong>enim</strong></span> <span class='ocrx_word' id='word_1_476' title='bbox 3142 2661 3250 2714; x_wconf 82' lang='lat' dir='ltr'><strong>ille.</strong></span> <span class='ocrx_word' id='word_1_477' title='bbox 3289 2681 3306 2712; x_wconf 84' lang='grc'><em>‹</em></span> <span class='ocrx_word' id='word_1_478' title='bbox 3351 2661 3426 2714; x_wconf 87' lang='lat' dir='ltr'><strong>Ita</strong></span> <span class='ocrx_word' id='word_1_479' title='bbox 3454 2661 3715 2730; x_wconf 81' lang='lat' dir='ltr'><strong>deinceps</strong></span> <span class='ocrx_word' id='word_1_480' title='bbox 3745 2677 3846 2730; x_wconf 88' lang='lat' dir='ltr'><strong>per</strong></span> 
     </span>
    </p>
   </div>
   <div class='ocr_carea' id='block_1_75' title="bbox 2253 2731 3844 2798">
    <p class='ocr_par' dir='ltr' id='par_1_75' title="bbox 2253 2731 3844 2798">
     <span class='ocr_line' id='line_1_75' title="bbox 2253 2731 3844 2798; baseline -0.001 -15"><span class='ocrx_word' id='word_1_481' title='bbox 2253 2738 2418 2783; x_wconf 86' lang='lat' dir='ltr'><strong>totam</strong></span> <span class='ocrx_word' id='word_1_482' title='bbox 2471 2739 2686 2783; x_wconf 90' lang='lat' dir='ltr'><strong>noctem</strong></span> <span class='ocrx_word' id='word_1_483' title='bbox 2746 2739 3169 2798; x_wconf 89' lang='lat' dir='ltr'><strong>sequentemque</strong></span> <span class='ocrx_word' id='word_1_484' title='bbox 3231 2731 3370 2783; x_wconf 88' lang='lat' dir='ltr'><strong>diem</strong></span> <span class='ocrx_word' id='word_1_485' title='bbox 3429 2739 3575 2782; x_wconf 89' lang='lat' dir='ltr'><strong>tanta</strong></span> <span class='ocrx_word' id='word_1_486' title='bbox 3628 2731 3844 2784; x_wconf 80' lang='lat' dir='ltr'><strong>circum</strong></span> 
     </span>
    </p>
   </div>
   <div class='ocr_carea' id='block_1_76' title="bbox 2251 2799 3846 2866">
    <p class='ocr_par' dir='ltr' id='par_1_76' title="bbox 2251 2799 3846 2866">
     <span class='ocr_line' id='line_1_76' title="bbox 2251 2799 3846 2866; baseline -0.001 -14"><span class='ocrx_word' id='word_1_487' title='bbox 2251 2807 2500 2854; x_wconf 86' lang='lat' dir='ltr'><strong>sanctum</strong></span> <span class='ocrx_word' id='word_1_488' title='bbox 2532 2815 2732 2866; x_wconf 81' lang='lat' dir='ltr'><strong>corpus</strong></span> <span class='ocrx_word' id='word_1_489' title='bbox 2761 2803 3083 2854; x_wconf 86' lang='lat' dir='ltr'><strong>coruscabat</strong></span> <span class='ocrx_word' id='word_1_490' title='bbox 3111 2799 3496 2853; x_wconf 88' lang='lat' dir='ltr'><strong>miraculorum</strong></span> <span class='ocrx_word' id='word_1_491' title='bbox 3521 2799 3846 2860; x_wconf 82' lang='lat' dir='ltr'><strong>multitudo,</strong></span> 
     </span>
    </p>
   </div>
   <div class='ocr_carea' id='block_1_77' title="bbox 2253 2869 3848 2938">
    <p class='ocr_par' dir='ltr' id='par_1_77' title="bbox 2253 2869 3848 2938">
     <span class='ocr_line' id='line_1_77' title="bbox 2253 2869 3848 2938; baseline 0.001 -16"><span class='ocrx_word' id='word_1_492' title='bbox 2253 2879 2311 2922; x_wconf 91' lang='lat' dir='ltr'><strong>ut</strong></span> <span class='ocrx_word' id='word_1_493' title='bbox 2348 2869 2618 2938; x_wconf 88' lang='lat' dir='ltr'><strong>corporali</strong></span> <span class='ocrx_word' id='word_1_494' title='bbox 2655 2870 3057 2938; x_wconf 88' lang='lat' dir='ltr'><strong>quodammodo</strong></span> <span class='ocrx_word' id='word_1_495' title='bbox 3091 2871 3522 2938; x_wconf 85' lang='lat' dir='ltr'><strong>proclamatioue</strong></span> <span class='ocrx_word' id='word_1_496' title='bbox 3559 2871 3848 2925; x_wconf 82' lang='lat' dir='ltr'><strong>videretur</strong></span> 
     </span>
    </p>
   </div>
   <div class='ocr_carea' id='block_1_78' title="bbox 2251 2939 3372 3009">
    <p class='ocr_par' dir='ltr' id='par_1_78' title="bbox 2251 2939 3372 3009">
     <span class='ocr_line' id='line_1_78' title="bbox 2251 2939 3372 3009; baseline 0.001 -17"><span class='ocrx_word' id='word_1_497' title='bbox 2251 2939 2310 2992; x_wconf 81' lang='grc' dir='ltr'><strong>Β.</strong></span> <span class='ocrx_word' id='word_1_498' title='bbox 2341 2939 2627 2993; x_wconf 70' lang='grc' dir='ltr'>ιὶυιιιειριιιιι</span> <span class='ocrx_word' id='word_1_499' title='bbox 2653 2939 2742 3009; x_wconf 87' lang='lat' dir='ltr'><strong>jus</strong></span> <span class='ocrx_word' id='word_1_500' title='bbox 2771 2956 2924 2994; x_wconf 80' lang='lat' dir='ltr'><strong>suum</strong></span> <span class='ocrx_word' id='word_1_501' title='bbox 2953 2939 3319 3008; x_wconf 73' lang='lat' dir='ltr'><strong>expostulare.</strong></span> <span class='ocrx_word' id='word_1_502' title='bbox 3353 2959 3372 2993; x_wconf 76' lang='grc' dir='ltr'><strong>ι</strong></span> 
     </span>
    </p>
   </div>
   <div class='ocr_carea' id='block_1_79' title="bbox 2838 3072 3238 3129">
    <p class='ocr_par' dir='ltr' id='par_1_79' title="bbox 2838 3072 3238 3129">
     <span class='ocr_line' id='line_1_79' title="bbox 2838 3072 3238 3129; baseline -0.003 -1"><span class='ocrx_word' id='word_1_503' title='bbox 2838 3072 3063 3129; x_wconf 58' lang='lat' dir='ltr'><strong>CAPUT</strong></span> <span class='ocrx_word' id='word_1_504' title='bbox 3103 3073 3238 3128; x_wconf 81' lang='lat' dir='ltr'>XIII.</span> 
     </span>
    </p>
   </div>
   <div class='ocr_carea' id='block_1_80' title="bbox 2253 3162 3846 3234">
    <p class='ocr_par' dir='ltr' id='par_1_80' title="bbox 2253 3162 3846 3234">
     <span class='ocr_line' id='line_1_80' title="bbox 2253 3162 3846 3234; baseline 0.003 -18"><span class='ocrx_word' id='word_1_505' title='bbox 2253 3162 2444 3234; x_wconf 78' lang='lat' dir='ltr'><strong>[legem</strong></span> <span class='ocrx_word' id='word_1_506' title='bbox 2467 3164 2828 3232; x_wconf 66' lang='lat' dir='ltr'><strong>perrnrbatum</strong></span> <span class='ocrx_word' id='word_1_507' title='bbox 2855 3167 3380 3234; x_wconf 75' lang='lat' dir='ltr'><strong>cpirropusobjurgat</strong></span> <span class='ocrx_word' id='word_1_508' title='bbox 3401 3183 3418 3231; x_wconf 87' lang='lat'><em>;</em></span> <span class='ocrx_word' id='word_1_509' title='bbox 3443 3165 3628 3234; x_wconf 74' lang='lat' dir='ltr'><strong>referri</strong></span> <span class='ocrx_word' id='word_1_510' title='bbox 3649 3183 3846 3234; x_wconf 77' lang='lat' dir='ltr'><strong>corpus</strong></span> 
     </span>
    </p>
   </div>
   <div class='ocr_carea' id='block_1_81' title="bbox 2319 3235 3850 3303">
    <p class='ocr_par' dir='ltr' id='par_1_81' title="bbox 2319 3235 3850 3303">
     <span class='ocr_line' id='line_1_81' title="bbox 2319 3235 3850 3303; baseline 0.003 -17"><span class='ocrx_word' id='word_1_511' title='bbox 2319 3235 2389 3286; x_wconf 82' lang='lat' dir='ltr'><strong>ad</strong></span> <span class='ocrx_word' id='word_1_512' title='bbox 2419 3237 2780 3288; x_wconf 73' lang='lat' dir='ltr'><strong>sanctuarium</strong></span> <span class='ocrx_word' id='word_1_513' title='bbox 2815 3237 3059 3303; x_wconf 65' lang='lat' dir='ltr'><strong>imperia,</strong></span> <span class='ocrx_word' id='word_1_514' title='bbox 3091 3247 3138 3287; x_wconf 79' lang='lat' dir='ltr'><strong>et</strong></span> <span class='ocrx_word' id='word_1_515' title='bbox 3180 3243 3388 3288; x_wconf 63' lang='lat' dir='ltr'><strong>totidem</strong></span> <span class='ocrx_word' id='word_1_516' title='bbox 3421 3237 3592 3290; x_wconf 77' lang='lat' dir='ltr'><strong>missis</strong></span> <span class='ocrx_word' id='word_1_517' title='bbox 3625 3239 3850 3290; x_wconf 75' lang='lat' dir='ltr'><strong>cubicu-</strong></span> 
     </span>
    </p>
   </div>
   <div class='ocr_carea' id='block_1_82' title="bbox 2319 3303 3844 3375">
    <p class='ocr_par' dir='ltr' id='par_1_82' title="bbox 2319 3303 3844 3375">
     <span class='ocr_line' id='line_1_82' title="bbox 2319 3303 3844 3375; baseline 0.004 -20"><span class='ocrx_word' id='word_1_518' title='bbox 2319 3303 2470 3375; x_wconf 73' lang='lat' dir='ltr'><strong>lariis</strong></span> <span class='ocrx_word' id='word_1_519' title='bbox 2504 3305 2556 3356; x_wconf 84' lang='lat' dir='ltr'><strong>id</strong></span> <span class='ocrx_word' id='word_1_520' title='bbox 2599 3305 2698 3373; x_wconf 72' lang='lat' dir='ltr'><strong>fuit</strong></span> <span class='ocrx_word' id='word_1_521' title='bbox 2740 3305 2963 3373; x_wconf 80' lang='lat' dir='ltr'><strong>frustra,</strong></span> <span class='ocrx_word' id='word_1_522' title='bbox 2994 3306 3240 3375; x_wconf 80' lang='lat' dir='ltr'><strong>quoniam</strong></span> <span class='ocrx_word' id='word_1_523' title='bbox 3269 3305 3402 3359; x_wconf 84' lang='lat' dir='ltr'><strong>relut</strong></span> <span class='ocrx_word' id='word_1_524' title='bbox 3429 3321 3614 3360; x_wconf 78' lang='lat' dir='ltr'><strong>suarum</strong></span> <span class='ocrx_word' id='word_1_525' title='bbox 3646 3309 3844 3361; x_wconf 80' lang='lat' dir='ltr'><strong>inuno-</strong></span> 
     </span>
    </p>
   </div>
   <div class='ocr_carea' id='block_1_83' title="bbox 2323 3373 2722 3442">
    <p class='ocr_par' dir='ltr' id='par_1_83' title="bbox 2323 3373 2722 3442">
     <span class='ocr_line' id='line_1_83' title="bbox 2323 3373 2722 3442; baseline 0.008 -16"><span class='ocrx_word' id='word_1_526' title='bbox 2323 3373 2424 3426; x_wconf 83' lang='lat' dir='ltr'><strong>bile</strong></span> <span class='ocrx_word' id='word_1_527' title='bbox 2450 3375 2722 3442; x_wconf 68' lang='lat' dir='ltr'><strong>perdurat.</strong></span> 
     </span>
    </p>
   </div>
   <div class='ocr_carea' id='block_1_84' title="bbox 2321 3463 3846 3536">
    <p class='ocr_par' dir='ltr' id='par_1_84' title="bbox 2321 3463 3846 3536">
     <span class='ocr_line' id='line_1_84' title="bbox 2321 3463 3846 3536; baseline 0.001 -18"><span class='ocrx_word' id='word_1_528' title='bbox 2321 3463 2458 3518; x_wconf 89' lang='lat' dir='ltr'><strong>Cum</strong></span> <span class='ocrx_word' id='word_1_529' title='bbox 2497 3465 2598 3518; x_wconf 93' lang='lat' dir='ltr'><strong>hoc</strong></span> <span class='ocrx_word' id='word_1_530' title='bbox 2635 3473 2924 3536; x_wconf 88' lang='lat' dir='ltr'><strong>utrumque</strong></span> <span class='ocrx_word' id='word_1_531' title='bbox 2967 3463 3166 3518; x_wconf 86' lang='lat' dir='ltr'><strong>factum</strong></span> <span class='ocrx_word' id='word_1_532' title='bbox 3209 3465 3424 3520; x_wconf 78' lang='lat' dir='ltr'><strong>celebre</strong></span> <span class='ocrx_word' id='word_1_533' title='bbox 3464 3465 3846 3536; x_wconf 81' lang='lat' dir='ltr'><strong>divulgaretur</strong></span> 
     </span>
    </p>
   </div>
   <div class='ocr_carea' id='block_1_85' title="bbox 2256 3553 3844 3624">
    <p class='ocr_par' dir='ltr' id='par_1_85' title="bbox 2256 3553 3844 3624">
     <span class='ocr_line' id='line_1_85' title="bbox 2256 3553 3844 3624; baseline 0.001 -18"><span class='ocrx_word' id='word_1_534' title='bbox 2256 3553 2309 3606; x_wconf 90' lang='lat' dir='ltr'><strong>in</strong></span> <span class='ocrx_word' id='word_1_535' title='bbox 2349 3553 2572 3623; x_wconf 87' lang='lat' dir='ltr'><strong>palatio,</strong></span> <span class='ocrx_word' id='word_1_536' title='bbox 2600 3563 2654 3608; x_wconf 92' lang='lat' dir='ltr'><strong>et</strong></span> <span class='ocrx_word' id='word_1_537' title='bbox 2685 3569 2799 3616; x_wconf 79' lang='lat' dir='ltr'><strong>rex,</strong></span> <span class='ocrx_word' id='word_1_538' title='bbox 2837 3555 2888 3608; x_wconf 91' lang='lat' dir='ltr'><strong>in</strong></span> <span class='ocrx_word' id='word_1_539' title='bbox 2923 3569 2980 3609; x_wconf 90' lang='lat' dir='ltr'><strong>re</strong></span> <span class='ocrx_word' id='word_1_540' title='bbox 3009 3556 3211 3624; x_wconf 87' lang='lat' dir='ltr'><strong>aliquid</strong></span> <span class='ocrx_word' id='word_1_541' title='bbox 3243 3555 3412 3609; x_wconf 84' lang='lat' dir='ltr'><strong>divini</strong></span> <span class='ocrx_word' id='word_1_542' title='bbox 3444 3555 3626 3624; x_wconf 90' lang='lat' dir='ltr'><strong>operis</strong></span> <span class='ocrx_word' id='word_1_543' title='bbox 3661 3559 3844 3611; x_wconf 87' lang='lat' dir='ltr'><strong>inesse</strong></span> 
     </span>
    </p>
   </div>
   <div class='ocr_carea' id='block_1_86' title="bbox 2253 3643 3844 3713">
    <p class='ocr_par' dir='ltr' id='par_1_86' title="bbox 2253 3643 3844 3713">
     <span class='ocr_line' id='line_1_86' title="bbox 2253 3643 3844 3713; baseline 0.001 -17"><span class='ocrx_word' id='word_1_544' title='bbox 2253 3643 2580 3713; x_wconf 81' lang='lat' dir='ltr'><strong>intelligens,</strong></span> <span class='ocrx_word' id='word_1_545' title='bbox 2616 3659 2721 3697; x_wconf 89' lang='lat' dir='ltr'><strong>non</strong></span> <span class='ocrx_word' id='word_1_546' title='bbox 2769 3644 2968 3698; x_wconf 87' lang='lat' dir='ltr'><strong>frustra</strong></span> <span class='ocrx_word' id='word_1_547' title='bbox 3013 3645 3226 3698; x_wconf 90' lang='lat' dir='ltr'><strong>timeret</strong></span> <span class='ocrx_word' id='word_1_548' title='bbox 3253 3659 3322 3699; x_wconf 90' lang='lat' dir='ltr'><strong>ne</strong></span> <span class='ocrx_word' id='word_1_549' title='bbox 3363 3645 3464 3699; x_wconf 88' lang='lat' dir='ltr'><strong>sibi</strong></span> <span class='ocrx_word' id='word_1_550' title='bbox 3503 3655 3726 3713; x_wconf 85' lang='lat' dir='ltr'><strong>repente</strong></span> <span class='ocrx_word' id='word_1_551' title='bbox 3755 3646 3844 3698; x_wconf 87' lang='lat' dir='ltr'><strong>di-</strong></span> 
     </span>
    </p>
   </div>
   <div class='ocr_carea' id='block_1_87' title="bbox 2253 3733 3842 3804">
    <p class='ocr_par' dir='ltr' id='par_1_87' title="bbox 2253 3733 3842 3804">
     <span class='ocr_line' id='line_1_87' title="bbox 2253 3733 3842 3804; baseline 0.003 -20"><span class='ocrx_word' id='word_1_552' title='bbox 2253 3733 2374 3785; x_wconf 85' lang='lat' dir='ltr'><strong>vina</strong></span> <span class='ocrx_word' id='word_1_553' title='bbox 2407 3734 2782 3802; x_wconf 81' lang='lat' dir='ltr'><strong>superveniret</strong></span> <span class='ocrx_word' id='word_1_554' title='bbox 2811 3734 2965 3798; x_wconf 89' lang='lat' dir='ltr'><strong>ultio,</strong></span> <span class='ocrx_word' id='word_1_555' title='bbox 2997 3733 3112 3787; x_wconf 77' lang='lat' dir='ltr'><strong>Non</strong></span> <span class='ocrx_word' id='word_1_556' title='bbox 3143 3735 3278 3788; x_wconf 92' lang='lat' dir='ltr'><strong>bene</strong></span> <span class='ocrx_word' id='word_1_557' title='bbox 3305 3733 3502 3804; x_wconf 83' lang='lat' dir='ltr'><strong>(inquit</strong></span> <span class='ocrx_word' id='word_1_558' title='bbox 3554 3735 3622 3786; x_wconf 89' lang='lat' dir='ltr'><strong>ad</strong></span> <span class='ocrx_word' id='word_1_559' title='bbox 3651 3735 3842 3788; x_wconf 85' lang='lat' dir='ltr'><strong>archi-</strong></span> 
     </span>
    </p>
   </div>
   <div class='ocr_carea' id='block_1_88' title="bbox 2249 3824 3843 3894">
    <p class='ocr_par' dir='ltr' id='par_1_88' title="bbox 2249 3824 3843 3894">
     <span class='ocr_line' id='line_1_88' title="bbox 2249 3824 3843 3894; baseline 0 -18"><span class='ocrx_word' id='word_1_560' title='bbox 2249 3824 2582 3894; x_wconf 82' lang='lat' dir='ltr'><strong>episc0pmn)</strong></span> <span class='ocrx_word' id='word_1_561' title='bbox 2615 3825 2770 3878; x_wconf 87' lang='lat' dir='ltr'><strong>nobis</strong></span> <span class='ocrx_word' id='word_1_562' title='bbox 2797 3825 3126 3878; x_wconf 79' lang='lat' dir='ltr'><strong>consulimus</strong></span> <span class='ocrx_word' id='word_1_563' title='bbox 3153 3825 3204 3878; x_wconf 91' lang='lat' dir='ltr'><strong>in</strong></span> <span class='ocrx_word' id='word_1_564' title='bbox 3245 3825 3347 3878; x_wconf 88' lang='lat' dir='ltr'><strong>hoc</strong></span> <span class='ocrx_word' id='word_1_565' title='bbox 3389 3824 3560 3878; x_wconf 85' lang='lat' dir='ltr'><strong>nostri</strong></span> <span class='ocrx_word' id='word_1_566' title='bbox 3614 3839 3678 3878; x_wconf 89' lang='lat' dir='ltr'><strong>ac</strong></span> <span class='ocrx_word' id='word_1_567' title='bbox 3737 3826 3843 3878; x_wconf 82' lang='lat' dir='ltr'><strong>rei-</strong></span> 
     </span>
    </p>
   </div>
   <div class='ocr_carea' id='block_1_89' title="bbox 2253 3913 3846 3985">
    <p class='ocr_par' dir='ltr' id='par_1_89' title="bbox 2253 3913 3846 3985">
     <span class='ocr_line' id='line_1_89' title="bbox 2253 3913 3846 3985; baseline 0.001 -20"><span class='ocrx_word' id='word_1_568' title='bbox 2253 3914 2478 3984; x_wconf 80' lang='lat' dir='ltr'><strong>publicae</strong></span> <span class='ocrx_word' id='word_1_569' title='bbox 2512 3915 2742 3985; x_wconf 77' lang='lat' dir='ltr'><strong>negotio.</strong></span> <span class='ocrx_word' id='word_1_570' title='bbox 2785 3915 3038 3968; x_wconf 83' lang='lat' dir='ltr'><strong>Potestne</strong></span> <span class='ocrx_word' id='word_1_571' title='bbox 3070 3913 3224 3969; x_wconf 85' lang='lat' dir='ltr'><strong>nobis</strong></span> <span class='ocrx_word' id='word_1_572' title='bbox 3261 3914 3376 3968; x_wconf 67' lang='lat' dir='ltr'><strong>haec</strong></span> <span class='ocrx_word' id='word_1_573' title='bbox 3409 3913 3500 3968; x_wconf 73' lang='lat' dir='ltr'><strong>lux</strong></span> <span class='ocrx_word' id='word_1_574' title='bbox 3537 3923 3716 3984; x_wconf 81' lang='lat' dir='ltr'><strong>grata,</strong></span> <span class='ocrx_word' id='word_1_575' title='bbox 3747 3923 3846 3966; x_wconf 87' lang='lat' dir='ltr'><strong>aut</strong></span> 
     </span>
    </p>
   </div>
   <div class='ocr_carea' id='block_1_90' title="bbox 2252 4005 3844 4076">
    <p class='ocr_par' dir='ltr' id='par_1_90' title="bbox 2252 4005 3844 4076">
     <span class='ocr_line' id='line_1_90' title="bbox 2252 4005 3844 4076; baseline -0.003 -14"><span class='ocrx_word' id='word_1_576' title='bbox 2252 4006 2372 4062; x_wconf 70' lang='lat' dir='ltr'><strong>coali</strong></span> <span class='ocrx_word' id='word_1_577' title='bbox 2401 4005 2672 4075; x_wconf 89' lang='lat' dir='ltr'><strong>jucundus</strong></span> <span class='ocrx_word' id='word_1_578' title='bbox 2701 4022 2820 4062; x_wconf 88' lang='lat' dir='ltr'><strong>esse</strong></span> <span class='ocrx_word' id='word_1_579' title='bbox 2845 4007 3090 4076; x_wconf 87' lang='lat' dir='ltr'><strong>spiritus,</strong></span> <span class='ocrx_word' id='word_1_580' title='bbox 3113 4005 3354 4076; x_wconf 83' lang='lat' dir='ltr'><strong>quandiu</strong></span> <span class='ocrx_word' id='word_1_581' title='bbox 3381 4013 3586 4060; x_wconf 89' lang='lat' dir='ltr'><strong>tantam</strong></span> <span class='ocrx_word' id='word_1_582' title='bbox 3620 4005 3844 4074; x_wconf 87' lang='lat' dir='ltr'><strong>procla-</strong></span> 
     </span>
    </p>
   </div>
   <div class='ocr_carea' id='block_1_91' title="bbox 2255 4095 3836 4166">
    <p class='ocr_par' dir='ltr' id='par_1_91' title="bbox 2255 4095 3836 4166">
     <span class='ocr_line' id='line_1_91' title="bbox 2255 4095 3836 4166; baseline -0.002 -16"><span class='ocrx_word' id='word_1_583' title='bbox 2255 4099 2570 4162; x_wconf 85' lang='lat' dir='ltr'><strong>mationem,</strong></span> <span class='ocrx_word' id='word_1_584' title='bbox 2615 4105 2821 4152; x_wconf 88' lang='lat' dir='ltr'><strong>tantam</strong></span> <span class='ocrx_word' id='word_1_585' title='bbox 2862 4112 3026 4166; x_wconf 89' lang='lat' dir='ltr'><strong>super</strong></span> <span class='ocrx_word' id='word_1_586' title='bbox 3061 4097 3280 4150; x_wconf 91' lang='lat' dir='ltr'><strong>nomine</strong></span> <span class='ocrx_word' id='word_1_587' title='bbox 3325 4105 3511 4150; x_wconf 86' lang='lat' dir='ltr'><strong>nostro</strong></span> <span class='ocrx_word' id='word_1_588' title='bbox 3551 4095 3836 4148; x_wconf 76' lang='lat' dir='ltr'><strong>infamiam</strong></span> 
     </span>
    </p>
   </div>
   <div class='ocr_carea' id='block_1_92' title="bbox 2257 4187 3840 4260">
    <p class='ocr_par' dir='ltr' id='par_1_92' title="bbox 2257 4187 3840 4260">
     <span class='ocr_line' id='line_1_92' title="bbox 2257 4187 3840 4260; baseline -0.003 -16"><span class='ocrx_word' id='word_1_589' title='bbox 2257 4202 2474 4260; x_wconf 74' lang='lat' dir='ltr'><strong>tznnqne</strong></span> <span class='ocrx_word' id='word_1_590' title='bbox 2527 4191 2888 4260; x_wconf 86' lang='lat' dir='ltr'><strong>importunam</strong></span> <span class='ocrx_word' id='word_1_591' title='bbox 2938 4189 3330 4244; x_wconf 85' lang='lat' dir='ltr'><strong>insecutioncm</strong></span> <span class='ocrx_word' id='word_1_592' title='bbox 3379 4187 3840 4242; x_wconf 82' lang='lat' dir='ltr'><strong>sustinuerimus?</strong></span> 
     </span>
    </p>
   </div>
   <div class='ocr_carea' id='block_1_93' title="bbox 2255 4277 3840 4338">
    <p class='ocr_par' dir='ltr' id='par_1_93' title="bbox 2255 4277 3840 4338">
     <span class='ocr_line' id='line_1_93' title="bbox 2255 4277 3840 4338; baseline -0.001 -4"><span class='ocrx_word' id='word_1_593' title='bbox 2255 4280 2390 4334; x_wconf 77' lang='lat' dir='ltr'><strong>Nam</strong></span> <span class='ocrx_word' id='word_1_594' title='bbox 2419 4281 2568 4335; x_wconf 84' lang='lat' dir='ltr'><strong>vides</strong></span> <span class='ocrx_word' id='word_1_595' title='bbox 2597 4295 2690 4334; x_wconf 87' lang='lat' dir='ltr'><strong>ora</strong></span> <span class='ocrx_word' id='word_1_596' title='bbox 2715 4279 2956 4338; x_wconf 87' lang='lat' dir='ltr'><strong>omnium</strong></span> <span class='ocrx_word' id='word_1_597' title='bbox 2995 4279 3050 4334; x_wconf 90' lang='lat' dir='ltr'><strong>in</strong></span> <span class='ocrx_word' id='word_1_598' title='bbox 3091 4295 3190 4336; x_wconf 87' lang='lat' dir='ltr'><strong>nos</strong></span> <span class='ocrx_word' id='word_1_599' title='bbox 3217 4293 3480 4332; x_wconf 83' lang='lat' dir='ltr'><strong>conversa</strong></span> <span class='ocrx_word' id='word_1_600' title='bbox 3523 4293 3630 4332; x_wconf 88' lang='lat' dir='ltr'><strong>non</strong></span> <span class='ocrx_word' id='word_1_601' title='bbox 3663 4277 3840 4332; x_wconf 86' lang='lat' dir='ltr'><strong>solum</strong></span> 
     </span>
    </p>
   </div>
   <div class='ocr_carea' id='block_1_94' title="bbox 2255 4368 3842 4444">
    <p class='ocr_par' dir='ltr' id='par_1_94' title="bbox 2255 4368 3842 4444">
     <span class='ocr_line' id='line_1_94' title="bbox 2255 4368 3842 4444; baseline -0.004 -16"><span class='ocrx_word' id='word_1_602' title='bbox 2255 4373 2618 4444; x_wconf 88' lang='lat' dir='ltr'><strong>popularium,</strong></span> <span class='ocrx_word' id='word_1_603' title='bbox 2659 4387 2846 4426; x_wconf 90' lang='lat' dir='ltr'><strong>verum</strong></span> <span class='ocrx_word' id='word_1_604' title='bbox 2873 4371 3040 4426; x_wconf 89' lang='lat' dir='ltr'><strong>etiam</strong></span> <span class='ocrx_word' id='word_1_605' title='bbox 3079 4369 3246 4424; x_wconf 90' lang='lat' dir='ltr'><strong>totius</strong></span> <span class='ocrx_word' id='word_1_606' title='bbox 3286 4369 3438 4440; x_wconf 85' lang='lat' dir='ltr'><strong>regni</strong></span> <span class='ocrx_word' id='word_1_607' title='bbox 3483 4368 3590 4422; x_wconf 89' lang='lat' dir='ltr'><strong>mei</strong></span> <span class='ocrx_word' id='word_1_608' title='bbox 3627 4369 3842 4436; x_wconf 87' lang='lat' dir='ltr'><strong>princi-</strong></span> 
     </span>
    </p>
   </div>
   <div class='ocr_carea' id='block_1_95' title="bbox 573 4458 2153 4534">
    <p class='ocr_par' dir='ltr' id='par_1_95' title="bbox 573 4460 2148 4532">
     <span class='ocr_line' id='line_1_95' title="bbox 573 4460 2148 4532; baseline 0.006 -21"><span class='ocrx_word' id='word_1_609' title='bbox 573 4473 772 4513; x_wconf 71' lang='lat' dir='ltr'><strong>mensae</strong></span> <span class='ocrx_word' id='word_1_610' title='bbox 816 4460 1020 4514; x_wconf 89' lang='lat' dir='ltr'><strong>invisus</strong></span> <span class='ocrx_word' id='word_1_611' title='bbox 1065 4461 1252 4530; x_wconf 88' lang='lat' dir='ltr'><strong>pedem</strong></span> <span class='ocrx_word' id='word_1_612' title='bbox 1291 4465 1570 4532; x_wconf 84' lang='lat' dir='ltr'><strong>supposuit</strong></span> <span class='ocrx_word' id='word_1_613' title='bbox 1619 4465 1852 4529; x_wconf 85' lang='lat' dir='ltr'><strong>incaute,</strong></span> <span class='ocrx_word' id='word_1_614' title='bbox 1885 4481 1950 4520; x_wconf 78' lang='lat' dir='ltr'><strong>ex</strong></span> <span class='ocrx_word' id='word_1_615' title='bbox 1999 4467 2148 4522; x_wconf 88' lang='lat' dir='ltr'><strong>ruina</strong></span> 
     </span>
    </p>
   </div>
   <div class='ocr_carea' id='block_1_96' title="bbox 2262 4458 3846 4534">
    <p class='ocr_par' dir='ltr' id='par_1_96' title="bbox 2262 4458 3846 4534">
     <span class='ocr_line' id='line_1_96' title="bbox 2262 4458 3846 4534; baseline 0 -20"><span class='ocrx_word' id='word_1_616' title='bbox 2262 4481 2404 4534; x_wconf 84' lang='lat' dir='ltr'><strong>pum,</strong></span> <span class='ocrx_word' id='word_1_617' title='bbox 2441 4462 2582 4532; x_wconf 88' lang='lat' dir='ltr'><strong>jure,</strong></span> <span class='ocrx_word' id='word_1_618' title='bbox 2621 4471 2680 4516; x_wconf 92' lang='lat' dir='ltr'><strong>ut</strong></span> <span class='ocrx_word' id='word_1_619' title='bbox 2715 4478 2856 4524; x_wconf 86' lang='lat' dir='ltr'><strong>reor,</strong></span> <span class='ocrx_word' id='word_1_620' title='bbox 2899 4476 3006 4516; x_wconf 90' lang='lat' dir='ltr'><strong>non</strong></span> <span class='ocrx_word' id='word_1_621' title='bbox 3049 4461 3248 4532; x_wconf 84' lang='lat' dir='ltr'><strong>injuste</strong></span> <span class='ocrx_word' id='word_1_622' title='bbox 3283 4475 3434 4516; x_wconf 89' lang='lat' dir='ltr'><strong>reum</strong></span> <span class='ocrx_word' id='word_1_623' title='bbox 3467 4459 3649 4528; x_wconf 79' lang='lat' dir='ltr'><strong>Operis</strong></span> <span class='ocrx_word' id='word_1_624' title='bbox 3679 4458 3846 4528; x_wconf 87' lang='lat' dir='ltr'><strong>hujus</strong></span> 
     </span>
    </p>
   </div>
   <div class='ocr_carea' id='block_1_97' title="bbox 573 4549 2155 4623">
    <p class='ocr_par' dir='ltr' id='par_1_97' title="bbox 573 4549 2155 4623">
     <span class='ocr_line' id='line_1_97' title="bbox 573 4549 2155 4623; baseline 0.006 -22"><span class='ocrx_word' id='word_1_625' title='bbox 573 4549 730 4602; x_wconf 88' lang='lat' dir='ltr'><strong>molis</strong></span> <span class='ocrx_word' id='word_1_626' title='bbox 759 4551 1016 4604; x_wconf 87' lang='lat' dir='ltr'><strong>irruentis</strong></span> <span class='ocrx_word' id='word_1_627' title='bbox 1046 4549 1276 4606; x_wconf 88' lang='lat' dir='ltr'><strong>fractum</strong></span> <span class='ocrx_word' id='word_1_628' title='bbox 1317 4569 1444 4608; x_wconf 90' lang='lat' dir='ltr'><strong>crus</strong></span> <span class='ocrx_word' id='word_1_629' title='bbox 1467 4554 1532 4608; x_wconf 84' lang='lat' dir='ltr'><strong>ad</strong></span> <span class='ocrx_word' id='word_1_630' title='bbox 1555 4569 1616 4609; x_wconf 87' lang='lat' dir='ltr'><strong>se</strong></span> <span class='ocrx_word' id='word_1_631' title='bbox 1649 4571 1754 4609; x_wconf 88' lang='lat' dir='ltr'><strong>non</strong></span> <span class='ocrx_word' id='word_1_632' title='bbox 1786 4557 1956 4623; x_wconf 89' lang='lat' dir='ltr'><strong>potuit</strong></span> <span class='ocrx_word' id='word_1_633' title='bbox 1985 4569 2155 4611; x_wconf 85' lang='lat' dir='ltr'><strong>retra-</strong></span> 
     </span>
    </p>
   </div>
   <div class='ocr_carea' id='block_1_98' title="bbox 576 4639 2157 4712">
    <p class='ocr_par' dir='ltr' id='par_1_98' title="bbox 576 4639 2157 4712">
     <span class='ocr_line' id='line_1_98' title="bbox 576 4639 2157 4712; baseline 0.006 -20"><span class='ocrx_word' id='word_1_634' title='bbox 576 4641 730 4704; x_wconf 87' lang='lat' dir='ltr'><strong>here,</strong></span> <span class='ocrx_word' id='word_1_635' title='bbox 753 4639 1066 4708; x_wconf 82' lang='lat' dir='ltr'><strong>jnvantibus</strong></span> <span class='ocrx_word' id='word_1_636' title='bbox 1089 4660 1218 4698; x_wconf 87' lang='lat' dir='ltr'><strong>vero</strong></span> <span class='ocrx_word' id='word_1_637' title='bbox 1239 4646 1404 4700; x_wconf 88' lang='lat' dir='ltr'><strong>sociis</strong></span> <span class='ocrx_word' id='word_1_638' title='bbox 1427 4661 1672 4700; x_wconf 82' lang='lat' dir='ltr'><strong>seorsum</strong></span> <span class='ocrx_word' id='word_1_639' title='bbox 1709 4657 2005 4712; x_wconf 77' lang='lat' dir='ltr'><strong>extractus,</strong></span> <span class='ocrx_word' id='word_1_640' title='bbox 2030 4651 2157 4702; x_wconf 87' lang='lat' dir='ltr'><strong>sub-</strong></span> 
     </span>
    </p>
   </div>
   <div class='ocr_carea' id='block_1_99' title="bbox 579 4731 2156 4808">
    <p class='ocr_par' dir='ltr' id='par_1_99' title="bbox 579 4731 2156 4808">
     <span class='ocr_line' id='line_1_99' title="bbox 579 4731 2156 4808; baseline 0.005 -24"><span class='ocrx_word' id='word_1_641' title='bbox 579 4731 760 4784; x_wconf 87' lang='lat' dir='ltr'><strong>tritam</strong></span> <span class='ocrx_word' id='word_1_642' title='bbox 793 4731 1094 4800; x_wconf 87' lang='lat' dir='ltr'><strong>pelliculam</strong></span> <span class='ocrx_word' id='word_1_643' title='bbox 1121 4751 1401 4806; x_wconf 88' lang='lat' dir='ltr'><strong>perquam</strong></span> <span class='ocrx_word' id='word_1_644' title='bbox 1437 4751 1534 4806; x_wconf 87' lang='lat' dir='ltr'><strong>pes</strong></span> <span class='ocrx_word' id='word_1_645' title='bbox 1559 4737 1826 4806; x_wconf 88' lang='lat' dir='ltr'><strong>pendebat.</strong></span> <span class='ocrx_word' id='word_1_646' title='bbox 1865 4739 2156 4808; x_wconf 81' lang='lat' dir='ltr'><strong>praecidere</strong></span> 
     </span>
    </p>
   </div>
   <div class='ocr_carea' id='block_1_100' title="bbox 577 4821 2154 4882">
    <p class='ocr_par' dir='ltr' id='par_1_100' title="bbox 577 4821 2154 4882">
     <span class='ocr_line' id='line_1_100' title="bbox 577 4821 2154 4882; baseline 0.004 -8"><span class='ocrx_word' id='word_1_647' title='bbox 577 4821 792 4876; x_wconf 87' lang='lat' dir='ltr'><strong>volebat</strong></span> <span class='ocrx_word' id='word_1_648' title='bbox 822 4823 1010 4878; x_wconf 88' lang='lat' dir='ltr'><strong>dolore</strong></span> <span class='ocrx_word' id='word_1_649' title='bbox 1051 4828 1397 4882; x_wconf 83' lang='lat' dir='ltr'><strong>constrictus.</strong></span> <span class='ocrx_word' id='word_1_650' title='bbox 1439 4827 1766 4882; x_wconf 81' lang='lat' dir='ltr'><strong>Gonterulns</strong></span> <span class='ocrx_word' id='word_1_651' title='bbox 1791 4838 1910 4882; x_wconf 90' lang='lat' dir='ltr'><strong>erat</strong></span> <span class='ocrx_word' id='word_1_652' title='bbox 1961 4844 2154 4882; x_wconf 86' lang='lat' dir='ltr'><strong>nomen</strong></span> 
     </span>
    </p>
   </div>
   <div class='ocr_carea' id='block_1_101' title="bbox 577 4914 2150 4987">
    <p class='ocr_par' dir='ltr' id='par_1_101' title="bbox 577 4914 2150 4987">
     <span class='ocr_line' id='line_1_101' title="bbox 577 4914 2150 4987; baseline 0.004 -21"><span class='ocrx_word' id='word_1_653' title='bbox 577 4914 796 4979; x_wconf 87' lang='lat' dir='ltr'><strong>servuli,</strong></span> <span class='ocrx_word' id='word_1_654' title='bbox 825 4915 912 4984; x_wconf 88' lang='lat' dir='ltr'><strong>qui</strong></span> <span class='ocrx_word' id='word_1_655' title='bbox 943 4927 1222 4984; x_wconf 67' lang='lat' dir='ltr'><strong>premente</strong></span> <span class='ocrx_word' id='word_1_656' title='bbox 1250 4919 1497 4986; x_wconf 81' lang='lat' dir='ltr'><strong>angustia</strong></span> <span class='ocrx_word' id='word_1_657' title='bbox 1531 4927 1732 4974; x_wconf 90' lang='lat' dir='ltr'><strong>temere</strong></span> <span class='ocrx_word' id='word_1_658' title='bbox 1757 4918 1952 4984; x_wconf 87' lang='lat' dir='ltr'><strong>aiebat,</strong></span> <span class='ocrx_word' id='word_1_659' title='bbox 2000 4920 2150 4987; x_wconf 88' lang='lat' dir='ltr'><strong>quasi</strong></span> 
     </span>
    </p>
   </div>
   <div class='ocr_carea' id='block_1_102' title="bbox 577 5003 2156 5072">
    <p class='ocr_par' dir='ltr' id='par_1_102' title="bbox 577 5003 2156 5072">
     <span class='ocr_line' id='line_1_102' title="bbox 577 5003 2156 5072; baseline 0.002 -16"><span class='ocrx_word' id='word_1_660' title='bbox 577 5003 887 5072; x_wconf 82' lang='lat' dir='ltr'><strong>derogando</strong></span> <span class='ocrx_word' id='word_1_661' title='bbox 937 5017 1126 5060; x_wconf 83' lang='lat' dir='ltr'><strong>sancto</strong></span> <span class='ocrx_word' id='word_1_662' title='bbox 1181 5007 1518 5060; x_wconf 84' lang='lat' dir='ltr'><strong>confessori:</strong></span> <span class='ocrx_word' id='word_1_663' title='bbox 1553 5006 1802 5060; x_wconf 82' lang='lat' dir='ltr'><strong>Ilacccine</strong></span> <span class='ocrx_word' id='word_1_664' title='bbox 1855 5017 1939 5060; x_wconf 92' lang='lat' dir='ltr'><strong>est</strong></span> <span class='ocrx_word' id='word_1_665' title='bbox 1985 5008 2156 5060; x_wconf 84' lang='lat' dir='ltr'><strong>virtus</strong></span> 
     </span>
    </p>
   </div>
   <div class='ocr_carea' id='block_1_103' title="bbox 581 5098 2158 5168">
    <p class='ocr_par' dir='ltr' id='par_1_103' title="bbox 581 5098 2158 5168">
     <span class='ocr_line' id='line_1_103' title="bbox 581 5098 2158 5168; baseline 0 -18"><span class='ocrx_word' id='word_1_666' title='bbox 581 5108 694 5162; x_wconf 88' lang='lat' dir='ltr'><strong>tua,</strong></span> <span class='ocrx_word' id='word_1_667' title='bbox 730 5098 802 5152; x_wconf 84' lang='lat' dir='ltr'><strong>Ini</strong></span> <span class='ocrx_word' id='word_1_668' title='bbox 833 5099 1068 5161; x_wconf 86' lang='lat' dir='ltr'><strong>domine,</strong></span> <span class='ocrx_word' id='word_1_669' title='bbox 1111 5108 1166 5150; x_wconf 91' lang='lat' dir='ltr'><strong>ut</strong></span> <span class='ocrx_word' id='word_1_670' title='bbox 1208 5099 1350 5166; x_wconf 89' lang='lat' dir='ltr'><strong>quod</strong></span> <span class='ocrx_word' id='word_1_671' title='bbox 1383 5099 1614 5154; x_wconf 77' lang='lat' dir='ltr'><strong>inimicis</strong></span> <span class='ocrx_word' id='word_1_672' title='bbox 1657 5101 1764 5155; x_wconf 86' lang='lat' dir='ltr'><strong>tuis</strong></span> <span class='ocrx_word' id='word_1_673' title='bbox 1803 5100 2158 5168; x_wconf 87' lang='lat' dir='ltr'><strong>promerenti—</strong></span> 
     </span>
    </p>
   </div>
   <div class='ocr_carea' id='block_1_104' title="bbox 575 5187 2158 5253">
    <p class='ocr_par' dir='ltr' id='par_1_104' title="bbox 575 5187 2158 5253">
     <span class='ocr_line' id='line_1_104' title="bbox 575 5187 2158 5253; baseline 0.001 -13"><span class='ocrx_word' id='word_1_674' title='bbox 575 5187 682 5250; x_wconf 35' lang='lat' dir='ltr'><strong>.bus</strong></span> <span class='ocrx_word' id='word_1_675' title='bbox 715 5187 850 5246; x_wconf 85' lang='lat' dir='ltr'><strong>forte</strong></span> <span class='ocrx_word' id='word_1_676' title='bbox 872 5187 1157 5242; x_wconf 77' lang='lat' dir='ltr'><strong>tlichrebas</strong></span> <span class='ocrx_word' id='word_1_677' title='bbox 1187 5191 1386 5253; x_wconf 87' lang='lat' dir='ltr'><strong>facere,</strong></span> <span class='ocrx_word' id='word_1_678' title='bbox 1417 5192 1547 5243; x_wconf 88' lang='lat' dir='ltr'><strong>mihi</strong></span> <span class='ocrx_word' id='word_1_679' title='bbox 1581 5205 1670 5248; x_wconf 90' lang='lat' dir='ltr'><strong>tuo</strong></span> <span class='ocrx_word' id='word_1_680' title='bbox 1703 5192 1843 5246; x_wconf 83' lang='lat' dir='ltr'><strong>ﬁdeli</strong></span> <span class='ocrx_word' id='word_1_681' title='bbox 1883 5193 1974 5246; x_wconf 88' lang='lat' dir='ltr'><strong>tibi</strong></span> <span class='ocrx_word' id='word_1_682' title='bbox 2001 5195 2158 5248; x_wconf 76' lang='lat' dir='ltr'><strong>obse-</strong></span> 
     </span>
    </p>
   </div>
   <div class='ocr_carea' id='block_1_105' title="bbox 579 5278 2154 5348">
    <p class='ocr_par' dir='ltr' id='par_1_105' title="bbox 579 5278 2154 5348">
     <span class='ocr_line' id='line_1_105' title="bbox 579 5278 2154 5348; baseline 0.003 -17"><span class='ocrx_word' id='word_1_683' title='bbox 579 5278 768 5346; x_wconf 86' lang='lat' dir='ltr'><strong>quenti</strong></span> <span class='ocrx_word' id='word_1_684' title='bbox 819 5278 1051 5332; x_wconf 85' lang='lat' dir='ltr'><strong>maluisti</strong></span> <span class='ocrx_word' id='word_1_685' title='bbox 1083 5278 1427 5348; x_wconf 79' lang='lat' dir='ltr'><strong>contingere?</strong></span> <span class='ocrx_word' id='word_1_686' title='bbox 1452 5279 1686 5336; x_wconf 84' lang='lat' dir='ltr'><strong>Necdum</strong></span> <span class='ocrx_word' id='word_1_687' title='bbox 1727 5283 1889 5338; x_wconf 88' lang='lat' dir='ltr'><strong>verba</strong></span> <span class='ocrx_word' id='word_1_688' title='bbox 1922 5285 2154 5342; x_wconf 83' lang='lat' dir='ltr'><strong>finierat.</strong></span> 
     </span>
    </p>
   </div>
   <div class='ocr_carea' id='block_1_106' title="bbox 2259 4550 3842 4622">
    <p class='ocr_par' dir='ltr' id='par_1_106' title="bbox 2259 4550 3842 4622">
     <span class='ocr_line' id='line_1_106' title="bbox 2259 4550 3842 4622; baseline -0.005 -12"><span class='ocrx_word' id='word_1_689' title='bbox 2259 4554 2654 4610; x_wconf 86' lang='lat' dir='ltr'><strong>incusantium?</strong></span> <span class='ocrx_word' id='word_1_690' title='bbox 2701 4553 2838 4608; x_wconf 83' lang='lat' dir='ltr'><strong>Vere</strong></span> <span class='ocrx_word' id='word_1_691' title='bbox 2887 4553 3060 4606; x_wconf 86' lang='lat' dir='ltr'><strong>fateor</strong></span> <span class='ocrx_word' id='word_1_692' title='bbox 3107 4551 3284 4622; x_wconf 79' lang='lat' dir='ltr'><strong>egisse</strong></span> <span class='ocrx_word' id='word_1_693' title='bbox 3333 4567 3420 4604; x_wconf 79' lang='lat' dir='ltr'><strong>nte</strong></span> <span class='ocrx_word' id='word_1_694' title='bbox 3467 4565 3710 4618; x_wconf 84' lang='lat' dir='ltr'><strong>unquam</strong></span> <span class='ocrx_word' id='word_1_695' title='bbox 3767 4550 3842 4602; x_wconf 87' lang='lat' dir='ltr'><strong>nil</strong></span> 
     </span>
    </p>
   </div>
   <div class='ocr_carea' id='block_1_107' title="bbox 2259 4639 3844 4716">
    <p class='ocr_par' dir='ltr' id='par_1_107' title="bbox 2259 4639 3844 4716">
     <span class='ocr_line' id='line_1_107' title="bbox 2259 4639 3844 4716; baseline -0.006 -14"><span class='ocrx_word' id='word_1_696' title='bbox 2259 4647 2600 4716; x_wconf 87' lang='lat' dir='ltr'><strong>insipientius</strong></span> <span class='ocrx_word' id='word_1_697' title='bbox 2621 4661 2779 4714; x_wconf 88' lang='lat' dir='ltr'><strong>quam</strong></span> <span class='ocrx_word' id='word_1_698' title='bbox 2803 4642 2946 4712; x_wconf 89' lang='lat' dir='ltr'><strong>quod</strong></span> <span class='ocrx_word' id='word_1_699' title='bbox 2971 4659 3002 4698; x_wconf 82' lang='lat' dir='ltr'><strong>a</strong></span> <span class='ocrx_word' id='word_1_700' title='bbox 3029 4651 3080 4698; x_wconf 88' lang='lat' dir='ltr'><strong>te</strong></span> <span class='ocrx_word' id='word_1_701' title='bbox 3109 4641 3248 4696; x_wconf 91' lang='lat' dir='ltr'><strong>male</strong></span> <span class='ocrx_word' id='word_1_702' title='bbox 3271 4640 3552 4696; x_wconf 85' lang='lat' dir='ltr'><strong>consultus</strong></span> <span class='ocrx_word' id='word_1_703' title='bbox 3573 4639 3844 4709; x_wconf 87' lang='lat' dir='ltr'><strong>injuriam</strong></span> 
     </span>
    </p>
   </div>
   <div class='ocr_carea' id='block_1_108' title="bbox 2259 4728 3845 4801">
    <p class='ocr_par' dir='ltr' id='par_1_108' title="bbox 2259 4728 3845 4801">
     <span class='ocr_line' id='line_1_108' title="bbox 2259 4728 3845 4801; baseline -0.006 -10"><span class='ocrx_word' id='word_1_704' title='bbox 2259 4745 2444 4791; x_wconf 88' lang='lat' dir='ltr'><strong>saneto</strong></span> <span class='ocrx_word' id='word_1_705' title='bbox 2471 4735 2594 4788; x_wconf 81' lang='lat' dir='ltr'><strong>huic</strong></span> <span class='ocrx_word' id='word_1_706' title='bbox 2623 4735 2828 4788; x_wconf 90' lang='lat' dir='ltr'><strong>faciens</strong></span> <span class='ocrx_word' id='word_1_707' title='bbox 2859 4732 3004 4801; x_wconf 86' lang='lat' dir='ltr'><strong>quod</strong></span> <span class='ocrx_word' id='word_1_708' title='bbox 3041 4745 3196 4786; x_wconf 87' lang='lat' dir='ltr'><strong>suum</strong></span> <span class='ocrx_word' id='word_1_709' title='bbox 3229 4738 3346 4786; x_wconf 86' lang='lat' dir='ltr'><strong>erat</strong></span> <span class='ocrx_word' id='word_1_710' title='bbox 3391 4729 3496 4782; x_wconf 90' lang='lat' dir='ltr'><strong>tuis</strong></span> <span class='ocrx_word' id='word_1_711' title='bbox 3530 4728 3845 4782; x_wconf 84' lang='lat' dir='ltr'><strong>contradidi</strong></span> 
     </span>
    </p>
   </div>
   <div class='ocr_carea' id='block_1_109' title="bbox 2262 4819 3846 4888">
    <p class='ocr_par' dir='ltr' id='par_1_109' title="bbox 2262 4819 3846 4888">
     <span class='ocr_line' id='line_1_109' title="bbox 2262 4819 3846 4888; baseline -0.004 -10"><span class='ocrx_word' id='word_1_712' title='bbox 2262 4825 2529 4878; x_wconf 85' lang='lat' dir='ltr'><strong>mamibus.</strong></span> <span class='ocrx_word' id='word_1_713' title='bbox 2561 4825 2618 4878; x_wconf 90' lang='lat' dir='ltr'><strong>In</strong></span> <span class='ocrx_word' id='word_1_714' title='bbox 2649 4839 2736 4878; x_wconf 83' lang='lat' dir='ltr'><strong>me</strong></span> <span class='ocrx_word' id='word_1_715' title='bbox 2767 4823 2856 4883; x_wconf 82' lang='lat' dir='ltr'><strong>sit,</strong></span> <span class='ocrx_word' id='word_1_716' title='bbox 2905 4822 2984 4876; x_wconf 90' lang='lat' dir='ltr'><strong>ait</strong></span> <span class='ocrx_word' id='word_1_717' title='bbox 3021 4821 3130 4886; x_wconf 89' lang='lat' dir='ltr'><strong>ille,</strong></span> <span class='ocrx_word' id='word_1_718' title='bbox 3173 4821 3277 4874; x_wconf 87' lang='lat' dir='ltr'><strong>hoc</strong></span> <span class='ocrx_word' id='word_1_719' title='bbox 3304 4827 3607 4888; x_wconf 84' lang='lat' dir='ltr'><strong>peccatum,</strong></span> <span class='ocrx_word' id='word_1_720' title='bbox 3637 4828 3696 4872; x_wconf 90' lang='lat' dir='ltr'><strong>et</strong></span> <span class='ocrx_word' id='word_1_721' title='bbox 3725 4819 3846 4872; x_wconf 71' lang='lat' dir='ltr'><strong>luce</strong></span> 
     </span>
    </p>
   </div>
   <div class='ocr_carea' id='block_1_110' title="bbox 2259 4910 3846 4984">
    <p class='ocr_par' dir='ltr' id='par_1_110' title="bbox 2259 4910 3846 4984">
     <span class='ocr_line' id='line_1_110' title="bbox 2259 4910 3846 4984; baseline -0.005 -14"><span class='ocrx_word' id='word_1_722' title='bbox 2259 4915 2594 4984; x_wconf 84' lang='lat' dir='ltr'><strong>imprccatio,</strong></span> <span class='ocrx_word' id='word_1_723' title='bbox 2631 4914 2760 4968; x_wconf 87' lang='lat' dir='ltr'><strong>mihi</strong></span> <span class='ocrx_word' id='word_1_724' title='bbox 2789 4921 2958 4968; x_wconf 89' lang='lat' dir='ltr'><strong>totum</strong></span> <span class='ocrx_word' id='word_1_725' title='bbox 2991 4911 3194 4982; x_wconf 87' lang='lat' dir='ltr'><strong>imputa</strong></span> <span class='ocrx_word' id='word_1_726' title='bbox 3225 4910 3486 4980; x_wconf 90' lang='lat' dir='ltr'><strong>quidquid</strong></span> <span class='ocrx_word' id='word_1_727' title='bbox 3515 4911 3586 4964; x_wconf 91' lang='lat' dir='ltr'><strong>ob</strong></span> <span class='ocrx_word' id='word_1_728' title='bbox 3617 4911 3724 4964; x_wconf 87' lang='lat' dir='ltr'><strong>hoc</strong></span> <span class='ocrx_word' id='word_1_729' title='bbox 3757 4911 3846 4962; x_wconf 83' lang='lat' dir='ltr'><strong>fa-</strong></span> 
     </span>
    </p>
   </div>
   <div class='ocr_carea' id='block_1_111' title="bbox 2259 5001 3848 5074">
    <p class='ocr_par' dir='ltr' id='par_1_111' title="bbox 2259 5001 3848 5074">
     <span class='ocr_line' id='line_1_111' title="bbox 2259 5001 3848 5074; baseline -0.003 -14"><span class='ocrx_word' id='word_1_730' title='bbox 2259 5007 2461 5060; x_wconf 84' lang='lat' dir='ltr'><strong>cinoris</strong></span> <span class='ocrx_word' id='word_1_731' title='bbox 2495 5006 2586 5060; x_wconf 90' lang='lat' dir='ltr'><strong>tibi</strong></span> <span class='ocrx_word' id='word_1_732' title='bbox 2621 5005 2875 5074; x_wconf 76' lang='lat' dir='ltr'><strong>obiicitur</strong></span> <span class='ocrx_word' id='word_1_733' title='bbox 2910 5021 2974 5058; x_wconf 79' lang='lat' dir='ltr'><strong>ex</strong></span> <span class='ocrx_word' id='word_1_734' title='bbox 3003 5003 3249 5058; x_wconf 88' lang='lat' dir='ltr'><strong>adverso.</strong></span> <span class='ocrx_word' id='word_1_735' title='bbox 3285 5002 3358 5056; x_wconf 80' lang='lat' dir='ltr'><strong>Ne</strong></span> <span class='ocrx_word' id='word_1_736' title='bbox 3387 5001 3548 5056; x_wconf 85' lang='lat' dir='ltr'><strong>facile</strong></span> <span class='ocrx_word' id='word_1_737' title='bbox 3585 5001 3674 5054; x_wconf 87' lang='lat' dir='ltr'><strong>his</strong></span> <span class='ocrx_word' id='word_1_738' title='bbox 3717 5017 3848 5056; x_wconf 86' lang='lat' dir='ltr'><strong>cre-</strong></span> 
     </span>
    </p>
   </div>
   <div class='ocr_carea' id='block_1_112' title="bbox 2261 5093 3844 5166">
    <p class='ocr_par' dir='ltr' id='par_1_112' title="bbox 2261 5093 3844 5166">
     <span class='ocr_line' id='line_1_112' title="bbox 2261 5093 3844 5166; baseline -0.005 -12"><span class='ocrx_word' id='word_1_739' title='bbox 2261 5101 2372 5162; x_wconf 84' lang='lat' dir='ltr'><strong>das,</strong></span> <span class='ocrx_word' id='word_1_740' title='bbox 2399 5114 2490 5153; x_wconf 85' lang='lat' dir='ltr'><strong>rex</strong></span> <span class='ocrx_word' id='word_1_741' title='bbox 2517 5098 2889 5161; x_wconf 70' lang='lat' dir='ltr'><strong>invictissime,</strong></span> <span class='ocrx_word' id='word_1_742' title='bbox 2911 5113 3046 5166; x_wconf 86' lang='lat' dir='ltr'><strong>quos</strong></span> <span class='ocrx_word' id='word_1_743' title='bbox 3066 5095 3266 5164; x_wconf 87' lang='lat' dir='ltr'><strong>justius</strong></span> <span class='ocrx_word' id='word_1_744' title='bbox 3289 5095 3477 5164; x_wconf 88' lang='lat' dir='ltr'><strong>punire</strong></span> <span class='ocrx_word' id='word_1_745' title='bbox 3492 5093 3844 5148; x_wconf 80' lang='lat' dir='ltr'><strong>censendum</strong></span> 
     </span>
    </p>
   </div>
   <div class='ocr_carea' id='block_1_113' title="bbox 2259 5183 3844 5259">
    <p class='ocr_par' dir='ltr' id='par_1_113' title="bbox 2259 5183 3844 5259">
     <span class='ocr_line' id='line_1_113' title="bbox 2259 5183 3844 5259; baseline -0.004 -17"><span class='ocrx_word' id='word_1_746' title='bbox 2259 5201 2342 5246; x_wconf 86' lang='lat' dir='ltr'><strong>est</strong></span> <span class='ocrx_word' id='word_1_747' title='bbox 2383 5207 2480 5259; x_wconf 90' lang='lat' dir='ltr'><strong>pro</strong></span> <span class='ocrx_word' id='word_1_748' title='bbox 2515 5191 2756 5244; x_wconf 82' lang='lat' dir='ltr'><strong>inmulito</strong></span> <span class='ocrx_word' id='word_1_749' title='bbox 2793 5205 2928 5242; x_wconf 87' lang='lat' dir='ltr'><strong>ausu</strong></span> <span class='ocrx_word' id='word_1_750' title='bbox 2966 5203 3154 5242; x_wconf 88' lang='lat' dir='ltr'><strong>cormn</strong></span> <span class='ocrx_word' id='word_1_751' title='bbox 3195 5186 3484 5256; x_wconf 79' lang='lat' dir='ltr'><strong>superbiae.</strong></span> <span class='ocrx_word' id='word_1_752' title='bbox 3516 5183 3656 5249; x_wconf 86' lang='lat' dir='ltr'><strong>Quid</strong></span> <span class='ocrx_word' id='word_1_753' title='bbox 3685 5185 3844 5238; x_wconf 85' lang='lat' dir='ltr'><strong>enim</strong></span> 
     </span>
    </p>
   </div>
   <div class='ocr_carea' id='block_1_114' title="bbox 2261 5275 3842 5346">
    <p class='ocr_par' dir='ltr' id='par_1_114' title="bbox 2261 5275 3842 5346">
     <span class='ocr_line' id='line_1_114' title="bbox 2261 5275 3842 5346; baseline -0.004 -12"><span class='ocrx_word' id='word_1_754' title='bbox 2261 5279 2432 5334; x_wconf 89' lang='lat' dir='ltr'><strong>simile</strong></span> <span class='ocrx_word' id='word_1_755' title='bbox 2463 5279 2720 5334; x_wconf 82' lang='lat' dir='ltr'><strong>aestimari</strong></span> <span class='ocrx_word' id='word_1_756' title='bbox 2767 5287 2942 5346; x_wconf 88' lang='lat' dir='ltr'><strong>potest</strong></span> <span class='ocrx_word' id='word_1_757' title='bbox 2981 5277 3102 5332; x_wconf 90' lang='lat' dir='ltr'><strong>huic</strong></span> <span class='ocrx_word' id='word_1_758' title='bbox 3129 5291 3316 5331; x_wconf 87' lang='lat' dir='ltr'><strong>eorum</strong></span> <span class='ocrx_word' id='word_1_759' title='bbox 3356 5275 3674 5336; x_wconf 71' lang='lat' dir='ltr'><strong>temeritati,</strong></span> <span class='ocrx_word' id='word_1_760' title='bbox 3703 5290 3842 5341; x_wconf 85' lang='lat' dir='ltr'><strong>qua,</strong></span> 
     </span>
    </p>
   </div>
  </div>
