4026 5370
181 251 270 306 5'21

1183 240 1588 300 'l‘RlUMPllUS
1627 239 1685 294 S.
1719 239 2040 296 RES-IACLI.
2073 273 2140 281 ——-
2165 241 2288 298 LIB.
2315 243 2388 298 Il.

3349 252 3454 308 322

179 359 334 416 modo
365 359 624 414 dicuntur
661 357 744 412 hic
785 355 898 410 fieri
941 353 1189 420 mirifice,
1233 359 1362 424 quia
1403 371 1508 408 non
1551 355 1650 408 nisi
1691 355 1758 406 a.l
1793 361 1834 415 Α
1869 355 2042 408 mistzc
2085 355 2446 410 multitudinis
2475 361 2678 410 clamor
2705 357 2892 430 ingens
2918 371 2972 416 et
3003 370 3280 434 strepitus.
3313 367 3451 423 Nam

177 449 634 506 commovendum
659 463 756 502 nos
785 447 873 500 hic
897 457 1120 502 sanctus
1149 447 1378 500 virtutes
1412 447 1626 516 operari
1667 445 1766 499 fin-

179 543 318 611 gitur
343 556 544 594 eorum
581 540 876 594 molimine.

241 632 384 686 Audi
436 642 622 684 tamen
664 646 730 686 ex
765 630 990 686 consilio
1032 631 1176 698 quod
1221 631 1436 690 interim
1483 631 1632 686 salvo
1675 639 1766 684 tuo

179 723 384 776 honore
423 721 736 777 faciendum
770 737 990 778 censeo.
1039 721 1250 792 Corpus
1299 733 1570 790 sanctum,
1619 727 1764 795 quod

167 818 325 886 quasi
361 833 462 886 pro
489 817 842 872 accelerauda
873 833 1036 889 super
1061 834 1160 873 nos
1191 819 1394 874 ultione
1415 821 1766 890 jactaverunt

182 910 230 962 in
253 919 484 972 terram,
511 907 642 976 jube
675 908 864 963 referri
893 911 956 964 ad
981 910 1378 976 sanetuarinm,
1405 911 1533 982 quia
1562 913 1764 983 impor-

183 1009 334 1052 tunas
373 999 478 1052 has
517 999 972 1067 proclamationes
1013 1011 1064 1054 te
1113 1011 1340 1070 tuosque
1385 1002 1527 1058 ferre
1573 1003 1762 1058 incon-

180 1105 366 1158 gruum
399 1099 508 1144 est.
531 1089 910 1146 Cucurrerunt
935 1092 1078 1148 illico
1107 1093 1428 1150 cubicularii
1457 1095 1766 1152 deferentes

181 1182 334 1235 uo‘is
375 1183 504 1249 hoc,
545 1192 602 1237 ut
633 1183 800 1238 fieret
839 1185 1134 1240 secundum
1166 1187 1376 1256 jussnm
1421 1187 1502 1241 sui
1535 1189 1759 1242 domini.

183 1273 482 1327 Almuimus
513 1275 740 1330 omnino
769 1276 908 1331 velle
947 1293 1046 1331 nos
1079 1277 1130 1330 id
1167 1277 1367 1340 facere,
1409 1279 1634 1334 remissa
1667 1296 1763 1350 per

183 1363 298 1416 illos
335 1365 404 1418 ad
451 1380 636 1443 regem
667 1368 801 1421 satis
832 1383 1070 1438 congrua
1101 1371 1474 1436 excusatione,
1506 1371 1762 1426 nimirum

181 1455 372 1508 debere
401 1455 550 1509 credi
592 1458 732 1512 hanc
768 1457 1020 1529 injuriam
1059 1469 1113 1514 et
1145 1460 1546 1530 dcspectioncm
1576 1461 1766 1532 displi-

181 1547 350 1600 cuisse
403 1547 516 1601 Deo
555 1549 934 1618 omnipotenti,
983 1551 1074 1620 qui
1111 1551 1164 1604 in
1211 1551 1400 1606 electis
1441 1553 1556 1608 suis
1593 1553 1759 1608 etiam

181 1653 322 1691 nunc
343 1637 554 1706 patitur
577 1639 840 1709 quidquid
863 1639 970 1694 illis
998 1639 1262 1711 ingeritur
1285 1643 1533 1706 adversi;
1567 1644 1764 1698 decere

181 1724 366 1780 saltem
419 1735 478 1780 ut
527 1737 650 1796 post
697 1737 1064 1799 contemptum
1121 1733 1236 1803 ipso
1277 1749 1398 1788 cum
1441 1735 1760 1802 pmniteutia

183 1816 462 1882 redeunte,
501 1818 582 1872 sic
609 1819 752 1874 facta
781 1820 856 1874 illi
881 1821 1092 1890 justitia
1115 1823 1416 1879 referretur
1437 1826 1760 1892 honoriﬁce,

181 1907 320 1973 quod
347 1906 392 1960 si
429 1907 592 1960 aliter
619 1923 712 1962 rex
743 1909 892 1972 velit,
923 1909 974 1964 id
1005 1927 1158 1967 casso
1185 1913 1372 1969 labore
1397 1917 1631 1984 experiri
1663 1934 1764 1988 po-

181 1996 326 2050 terit.
357 1996 524 2052 Valde
555 2001 701 2054 enim
732 2002 984 2057 indecens
1015 2013 1072 2058 ut
1101 2014 1278 2060 tantus
1307 2005 1514 2062 Domini
1553 2011 1764 2066 confes-

183 2105 292 2154 sor,
325 2090 394 2142 ab
427 2089 518 2144 illo
549 2093 862 2160 repudiatus
888 2106 1132 2160 eatenus,
1161 2095 1312 2152 ilium
1343 2113 1402 2154 se
1429 2111 1760 2156 avertentem

185 2188 424 2246 rogatum
454 2189 542 2232 cat
567 2181 815 2240 ullerius.

253 2269 472 2324 ileversi
521 2272 687 2342 igitur
729 2275 822 2343 qui
865 2275 933 2328 ab
981 2292 1110 2348 rege
1157 2289 1418 2335 venerant
1460 2281 1762 2338 obstinatos

183 2369 488 2414 nostrorum
522 2363 737 2417 animos
768 2367 1102 2422 renuntiant.
1135 2367 1422 2424 Mandatur
1451 2375 1634 2428 statim
1667 2375 1764 2428 do-

187 2451 326 2506 mino
371 2453 578 2518 abbati,
614 2469 680 2509 ex
722 2457 865 2527 regis
910 2459 1148 2524 nomine,
1192 2475 1316 2515 cum
1361 2470 1468 2516 tam
1513 2475 1762 2532 proterve

189 2541 472 2596 monachos
519 2557 648 2598 suos
693 2545 746 2598 in
801 2546 1076 2601 dominmn
1123 2564 1280 2604 suum
1335 2551 1536 2606 sineret
1576 2569 1760 2624 agere,

187 2641 437 2698 prteterea
469 2649 578 2688 non
629 2636 848 2706 impune
887 2647 1106 2708 putaret
1137 2639 1242 2694 sibi
1269 2642 1590 2709 cedendum,
1619 2645 1762 2700 velut

191 2724 238 2774 ia
261 2725 594 2790 quoeouscio
609 2719 738 2780 facti
763 2737 906 2782 esset
931 2729 1470 2788 animadvertendum
1500 2736 1760 2806 quidquid

189 2831 218 2878 aq
243 2814 516 2884 discipulis
549 2826 756 2872 temere
802 2819 1090 2874 videbatur
1133 2822 1453 2892 admissum.
1501 2825 1670 2882 Porro
1713 2828 1756 2881 si

191 2919 278 2971 pro
303 2919 366 2956 eo
392 2906 686 2974 quidquam
719 2906 940 2964 haberet
971 2909 1174 2976 facere,
1217 2914 1404 2968 revehi
1437 2918 1760 2984 quantocius

191 2990 380 3044 faceret
405 3009 602 3064 corpus
624 2998 950 3054 venerabile.
973 3000 1223 3058 Asseruit
1243 3002 1412 3060 abbas
1434 3006 1532 3060 sub
1553 3009 1751 3063 Clu-isti

193 3081 490 3137 testimonio
515 3085 731 3153 penitus
763 3087 812 3140 id
835 3087 1036 3144 factum
1065 3107 1186 3148 esse
1231 3107 1290 3149 sc
1319 3097 1522 3160 nescio,
1557 3100 1752 3153 nedum

190 3172 388 3226 consilii
420 3175 660 3230 conscio.
695 3175 828 3231 Cum
858 3177 1110 3252 lacrymis
1147 3183 1366 3253 insuper
1405 3185 1584 3240 aiebat
1621 3204 1758 3242 imu-

191 3277 336 3330 quam
381 3279 443 3320 se
487 3264 654 3322 fuisse
701 3269 1016 3339 tristiorem,
1068 3275 1194 3344 quia
1243 3291 1467 3346 prorsus
1509 3279 1757 3336 diffidens

193 3355 708 3414 timebatconsllium
737 3371 977 3418 nostrum
1008 3367 1147 3422 verti
1179 3367 1232 3422 in
1255 3371 1573 3440 perniciem.
1601 3374 1758 3428 Venit

189 3461 306 3514 ergo
341 3449 408 3503 ad
441 3465 541 3506 nos
571 3465 694 3508 cum
731 3456 995 3513 ministris
1031 3459 1137 3516 illis
1171 3473 1224 3516 et
1259 3464 1574 3532 curialibus,
1613 3468 1758 3522 testi-

193 3551 330 3590 inans
349 3539 400 3592 vi
425 3542 568 3610 cogi,
591 3550 684 3596 aut
706 3543 890 3599 dirimi
914 3561 1074 3616 posse
1095 3550 1216 3606 illos
1240 3553 1526 3622 populares
1551 3559 1754 3611 tumul-

189 3635 280 3693 tus,
311 3631 404 3684 sed
423 3633 819 3691 obsistentibus
841 3639 1025 3695 multis
1047 3642 1192 3697 velut
1215 3645 1282 3698 ad
1303 3650 1754 3718 propugnandum

189 3719 428 3784 millibus,
471 3739 580 3778 non
627 3727 802 3798 magis
840 3728 951 3784 illic
985 3729 1102 3798 ejus
1137 3737 1307 3790 valuit
1351 3746 1618 3807 potestas,
1661 3750 1756 3796 aut

191 3813 392 3868 hmnilis
416 3817 662 3885 precatio
689 3834 852 3889 quam
883 3831 1042 3879 antea
1073 3841 1171 3896 per
1201 3819 1560 3886 internuntios
1587 3833 1754 3902 ipsius

191 3905 312 3973 regis
327 3906 526 3975 jussio.

245 3995 368 4051 Post
395 3999 516 4054 haec
557 4001 776 4070 quidam
830 4005 894 4060 de
941 4008 1291 4066 cubiculariis
1337 4012 1652 4084 irruperunt
1699 4015 1750 4070 in

191 4087 372 4150 turbas,
403 4091 654 4146 accensis
675 4094 895 4160 animis,
923 4105 978 4150 et
1012 4099 1076 4151 ad
1109 4115 1320 4156 sacrum
1348 4117 1547 4173 corpus
1578 4087 1750 4160 irrue-

193 4185 298 4229 runt
345 4179 502 4246 quasi
551 4179 768 4238 fortiter
812 4201 912 4254 pro
963 4196 1089 4242 voto
1136 4189 1350 4245 facturi.
1398 4193 1532 4248 Cum
1589 4195 1750 4265 igitur

191 4267 470 4336 arriperent
531 4273 768 4344 undique
823 4276 890 4330 ad
943 4279 1332 4338 sublevandum
1391 4285 1518 4339 illud
1569 4289 1746 4342 sancti

191 4357 448 4424 scrinium,
501 4371 650 4418 tanto
699 4367 940 4434 pondere
970 4371 1305 4427 sentiebatur
1349 4376 1605 4431 divinitus
1635 4377 1745 4432 ιιιῖί-

194 4463 298 4502 mm
319 4463 374 4505 ut
393 4469 461 4508 ex
485 4457 674 4511 eodem
699 4457 816 4514 loco
841 4459 1010 4514 levari
1037 4477 1142 4517 non
1175 4477 1359 4532 posset
1387 4467 1535 4522 velut
1556 4469 1750 4524 immo-

195 4539 280 4595 bile
299 4559 506 4598 saxum.
530 4545 684 4614 Quod
707 4549 802 4614 illi,
827 4551 1168 4609 admirantes
1195 4565 1450 4626 tanquam
1474 4557 1744 4624 deificum,

193 4641 298 4684 voto
321 4633 562 4690 frustrati
593 4637 892 4708 redierunt,
924 4657 990 4696 ac
1019 4643 1251 4700 dominis
1280 4647 1616 4717 principibus
1641 4665 1746 4704 non

195 4717 288 4773 sine
313 4725 668 4784 admiratione
696 4731 1022 4788 retulerunt.

741 4887 982 4946 CAPUT
1021 4890 1157 4948 XIV.

195 4985 461 5082 Episcopus.
496 4999 816 5082 haec-omnia
859 5004 1511 5082 phantasliceaccipicns,
1558 5030 1746 5082 corpus

247 5067 402 5142 sancti
425 5069 490 5122 de
513 5072 678 5144 medio
712 5067 922 5144 auferri
934 5074 1106 5142 jubet,
1131 5079 1223 5131 sed
1244 5067 1390 5136 missi
1419 5067 1747 5138 rever-(mitur

247 5147 434 5202 umnes,
459 5142 726 5208 pecuniam
745 5142 846 5215 pro
879 5144 979 5198 hoc
1003 5144 1114 5212 ipso
1137 5149 1432 5216 oﬂereutes.

1455 5228 1554 5238 ...α-

245 5245 366 5302 Cum
401 5251 484 5309 his
513 5254 685 5312 adhuc
711 5259 882 5313 fidem
913 5255 1350 5334 archiepiscopus
1378 5231 1743 5322 adﬁnitate»

189 5343 250 5370 Pl“
306 5339 408 5370 ἔφη
436 5346 602 5370 ...ει-ε..
633 5347 982 5370 -Ι.-.-ι--ιξι.-
1014 5347 1134 5370 ﬂ_._!

1869 443 2136 498 universis
2167 456 2366 498 nostra:
2397 449 2566 514 partis
2609 447 3000 506 obsistentibus
3047 454 3150 508 illis
3191 457 3449 512 adversa-

1871 532 1982 593 riis,
2025 533 2160 588 satis
2185 550 2282 604 pro
2311 551 2368 589 re
2403 545 2584 590 aetum
2613 547 2717 604 est,
2751 555 2856 594 non
2895 551 3072 597 tamen
3104 545 3222 600 sine
3251 546 3451 602 divinis

1867 621 2101 676 auxiliis.

1935 707 2052 764 Hoc
2083 709 2158 764 illi
2184 725 2318 778 viso,
2351 723 2480 767 nutu
2523 715 2704 770 divino
2737 715 2868 772 facti
2899 719 3048 775 velut
3074 723 3315 789 attoniti,
3351 741 3450 780 nec

1866 801 2162 871 quidquam
2189 804 2385 858 virium
2419 807 2678 863 habentes
2709 807 2861 878 jussa
2901 811 3166 881 majorum
3199 819 3449 886 exsequi,

1867 893 2072 946 reversi
2113 893 2180 946 ad
2235 909 2348 958 eos,
2397 897 2504 950 illis
2545 899 2820 968 inquiunt,
2857 901 2964 958 Res
2990 893 3074 960 est
3113 922 3212 975 pro
3248 909 3450 972 anima,

1865 981 2020 1048 nihil,
2045 983 2260 1038 domine
2285 1001 2400 1054 rex,
2419 987 2484 1042 ad
2505 989 2606 1043 hoc
2621 991 2762 1045 valet
2786 1000 2999 1049 tuorum
3025 995 3102 1050 vis
3127 1007 3290 1066 atque
3315 1014 3454 1068 pra:-

1865 1073 2058 1126 seutia.
2111 1075 2333 1144 Experti
2388 1079 2532 1132 enim
2579 1097 2768 1138 sunms
2811 1085 2918 1140 illic
2958 1089 3228 1156 quoddam
3273 1091 3449 1147 inesse

1865 1163 2130 1228 divinum,
2187 1167 2290 1222 nisi
2347 1169 2723 1228 benevolentia
2777 1187 2831 1229 ct
2887 1194 3072 1235 amore
3120 1181 3170 1236 id
3225 1183 3442 1250 feceris,

1865 1253 2010 1308 aliud
2040 1259 2404 1330 quodcunque
2427 1261 2562 1316 velis
2599 1265 2839 1322 manebit
2867 1269 3098 1326 irritmn.

1935 1343 2128 1410 Crede,
2161 1350 2351 1416 quavis
2399 1361 2668 1420 potestate
2699 1372 2803 1410 non
2837 1372 2961 1412 sunt
2997 1346 3222 1430 cogendi
3271 1369 3444 1422 sancti

1865 1433 2010 1490 illius
2039 1435 2224 1492 fideles
2253 1441 2536 1507 monachi;
2569 1453 2750 1500 utrmn
2778 1449 2978 1504 moveri
3007 1451 3202 1506 debeat
3233 1469 3298 1508 an
3336 1471 3442 1510 non

1863 1537 2084 1582 sanctus
2123 1531 2311 1586 annuit
2351 1548 2540 1588 eorum
2583 1537 2872 1618 voluqtati.
2915 1539 3116 1598 Omnes
3159 1559 3288 1616 ergo
3323 1565 3447 1617 pro-

1865 1619 2022 1672 strati
2062 1621 2288 1689 pedibus
2319 1624 2438 1694 ejus
2475 1639 2598 1679 cum
2631 1626 2906 1700 lacrymis,
2945 1631 3170 1687 Domine
3203 1651 3316 1699 rex,
3359 1639 3440 1690 iu-

1799 1701 1834 1756 ll
1867 1711 2080 1778 quium,
2109 1714 2152 1766 si
2195 1713 2353 1778 bene,
2387 1727 2444 1769 ut
2483 1718 2804 1786 suademus,
2834 1723 2884 1775 in
2925 1725 3027 1778 hoc
3060 1725 3154 1778 tibi
3186 1729 3443 1792 consulis,

1866 1803 1967 1867 eis,
2001 1819 2165 1872 penes
2194 1821 2330 1874 quos
2361 1824 2446 1862 res
2471 1810 2672 1878 agitur,
2707 1812 2839 1866 nihil
2869 1813 3080 1870 adversi
3115 1817 3331 1884 feceris,
3360 1819 3450 1876 fac

1866 1896 1997 1948 satis
2031 1895 2292 1950 voluntati
2325 1914 2536 1962 eorum,
2568 1902 2692 1970 quia
2724 1901 2950 1972 justam,
2984 1915 3043 1961 ut
3073 1910 3444 1979 concepimus,

1865 2003 2084 2042 causam
2111 1989 2310 2044 habent
2339 1991 2404 2045 ad
2437 1991 2870 2062 impetrandum;
2900 1997 3031 2052 nihil
3055 2001 3198 2054 enim
3231 2009 3444 2057 tuorum

1867 2081 2060 2134 terrori
2111 2091 2192 2134 est
2239 2081 2362 2146 illis,
2409 2077 2752 2139 defensorem
2809 2087 3012 2143 habent
3063 2091 3444 2160 fortissimum,

1864 2181 2193 2239 quapropter
2220 2171 2312 2226 tibi
2340 2175 2590 2228 timemus
2618 2177 2908 2233 Immincns
2929 2181 3252 2247 periculum.
3283 2183 3446 2239 Volu«

1865 2276 1984 2315 mus
2011 2263 2062 2316 id
2091 2263 2270 2332 potius
2295 2265 2536 2332 quolibet
2565 2269 2742 2334 pretio
2779 2267 2845 2320 ab
2875 2248 3282 2343 aorcliiepiscOpo
3321 2276 3440 2344 ipso

1865 2352 2149 2416 redimere,
2177 2355 2306 2421 quin
2331 2371 2436 2408 non
2465 2354 2826 2424 impetretbic
2851 2368 3072 2415 sanctus
3092 2363 3234 2432 quod
3263 2366 3446 2434 requi-

1864 2443 2308 2515 rit-magnopere.
2645 2457 2660 2480 ι·

2457 2555 2538 2611 CA
2549 2556 2686 2614 PUT
2720 2557 2836 2614 XV.

1869 2667 1978 2722 Rex:
2006 2669 2302 2738 episcopum
2333 2669 2665 2725 Lcodieusem
2713 2687 2947 2728 clauum
2979 2677 3348 2734 caucellarium
3370 2683 3440 2736 ad

2191 2741 2382 2808 fratres
2408 2743 2546 2795 misit
2579 2753 2624 2795 et
2651 2761 2836 2812 partu"
2864 2745 3107 2815 profecit.

1927 2845 1999 2900 At
2031 2847 2117 2900 ille
2145 2848 2496 2904 considerans
2540 2851 2712 2906 satius
2757 2868 2878 2908 esse
2925 2854 3068 2910 bono
3101 2857 3238 2911 vinci
3276 2873 3438 2928 quam

1861 2936 2004 2990 malo
2035 2939 2276 3004 vincere,
2301 2939 2580 2996 dominum
2618 2951 2882 3004 nostrum,
2902 2947 3214 3018 episcopum
3240 2949 3307 3002 ad
3340 2965 3440 3004 nos

1785 3039 1826 3092 (ἶ
1859 3039 2071 3100 oratum
2114 3032 2261 3087 misit
2301 3049 2424 3088 cum
2467 3034 2578 3088 suis
2623 3035 2741 3090 aliis
2782 3021 3156 3106 optimatibus,
3199 3049 3258 3094 ut
3295 3043 3438 3112 quod

1863 3119 1976 3186 ipse
2001 3119 2158 3174 vellet
2189 3137 2288 3176 nos
2324 3121 2701 3178 incunctanter
2728 3124 3059 3192 faceremus,
3090 3131 3134 3184 si
3174 3131 3436 3200 quodpe-

1860 3211 2072 3264 tebatur
2121 3212 2190 3266 ab
2224 3229 2290 3268 eo
2331 3214 2622 3284 impetrare
2660 3215 2948 3284 vellemus;
2995 3221 3258 3275 mandans
3305 3238 3438 3291 pra:-

1863 3307 2005 3352 terea
2056 3302 2156 3354 hoe
2200 3316 2318 3357 esse
2365 3305 2569 3372 regiam
2618 3305 2932 3374 dignitatem
2981 3308 3258 3378 deturpari
3309 3321 3438 3368 uota

1859 3389 2112 3456 infamizc,
2148 3393 2214 3458 si,
2245 3393 2391 3448 velut
2420 3410 2530 3464 prae
2567 3405 2850 3466 potestate,
2895 3399 3011 3470 cogi
3057 3401 3332 3456 videretur
3369 3405 3436 3458 ad

1858 3481 2216 3538 obediendum
2263 3485 2630 3554 subiectorum
2671 3489 2948 3558 potentia.
2981 3491 3074 3547 Ille
3111 3509 3363 3565 egressus
3403 3513 3433 3550 a

1859 3586 2004 3642 rege,
2030 3573 2097 3628 ab
2127 3574 2235 3627 alto
2261 3575 2722 3646 circumspectans
2750 3581 2983 3651 undique
3011 3585 3312 3652 pomarium
3345 3601 3436 3641 rc-

1858 3664 2052 3719 fertnm
2089 3667 2324 3737 populis,
2368 3669 2613 3726 difﬁdens
2660 3675 2944 3743 pervenire
2987 3677 3052 3730 ad
3081 3677 3258 3732 locum
3305 3681 3437 3734 defi-

1855 3755 2034 3810 ciente
2078 3757 2401 3824 valetudine,
2454 3769 2640 3832 utpote
2685 3765 2768 3818 vir
2803 3765 2992 3832 debilis
3057 3783 3182 3824 cum
3242 3769 3436 3825 abbate

1857 3845 2038 3901 Sancti
2081 3847 2380 3916 Laurentii,
2424 3854 2687 3922 prtemisit
2735 3857 2878 3928 regis
2920 3859 3328 3927 cancellarium,
3377 3871 3436 3916 ut

1853 3953 1949 4009 pro
1979 3953 2038 3994 se
2067 3938 2386 4009 legationem
2431 3944 2630 4014 regiam
2661 3945 2926 4014 perferret
2950 3949 3016 4002 ad
3051 3949 3432 4008 Stabulensem

1853 4039 2073 4084 emtum.
2111 4030 2316 4097 Quibus
2346 4033 2546 4087 auditis
2577 4045 2634 4088 ut
2665 4049 2755 4090 rex
2793 4038 3162 4106 mandaverat,
3201 4057 3428 4110 respon-

1853 4117 2045 4173 derunt
2068 4133 2260 4188 pauca,
2297 4131 2454 4191 prout
2490 4124 2672 4179 animo
2699 4141 2788 4180 res
2819 4125 3014 4181 inerat.
3043 4127 3099 4182 Si
3134 4129 3316 4194 habet,
3349 4131 3433 4186 in-

1851 4214 2064 4282 quiunt,
2095 4233 2191 4270 rex
2234 4232 2331 4286 pro
2375 4233 2435 4272 se
2479 4219 2689 4285 timere,
2729 4213 2982 4291 tauquam
3023 4223 3257 4278 instante
3287 4227 3434 4296 peri-

1850 4304 1994 4368 culo,
2021 4307 2160 4373 quod
2185 4305 2438 4361 facillime
2469 4310 2985 4376 potest,‘dummodo
3009 4320 3167 4367 vacat
3189 4309 3428 4381 effugere

1778 4386 2112 4464 Djustitiam
2141 4401 2464 4464 exercendo,
2494 4415 2595 4454 cur
2625 4399 2726 4455 sibi
2771 4401 3000 4457 salutem
3043 4403 3184 4456 hanc
3229 4401 3428 4468 differt,

1853 4487 2076 4557 ignarus
2101 4490 2226 4558 quid
2258 4487 2499 4544 futurum
2537 4491 2608 4544 sit
2646 4491 2698 4545 in
2731 4493 3014 4548 crastino?
3042 4495 3176 4549 satis
3211 4495 3431 4566 agnovi-

1853 4595 1972 4633 mus
2003 4579 2118 4650 ejus
2141 4579 2477 4635 induciarum
2508 4581 2703 4648 ofﬁcia,
2730 4583 2925 4652 quibus
2954 4585 3116 4640 toties
3143 4586 3428 4656 quaesitam

1851 4681 1906 4724 et
1934 4671 2255 4742 promissam
2289 4672 2467 4730 differt
2494 4675 2598 4729 huc
2629 4689 2799 4746 usque
2828 4675 3115 4744 justitiam.
3145 4677 3284 4745 Quid
3314 4693 3428 4731 am-

1851 4761 1992 4832 plius
2033 4779 2170 4834 opus
2205 4773 2288 4819 est
2333 4781 2431 4822 nos
2469 4767 2757 4838 utrobique
2793 4769 2974 4824 verbis
3003 4769 3282 4825 diffluere?
3317 4769 3432 4825 Nisi

1851 4867 1950 4908 rex
1983 4855 2099 4924 ipse
2143 4855 2365 4910 veniens
2406 4871 2504 4926 per
2569 4871 2634 4911 se
2683 4859 2734 4914 id
2777 4857 2986 4922 fecerit,
3031 4863 3078 4914 si
3124 4873 3301 4917 tamen
3353 4863 3436 4916 sic

1851 4945 1910 5000 S.
1941 4945 2236 5003 confessori
2261 4948 2543 5016 placuerit,
2574 4959 2635 5005 ut
2667 4953 2990 5010 confidimus
3023 4955 3148 5022 hac,
3188 4955 3274 5010 die
3303 4955 3438 5010 hinc

1849 5039 2054 5094 moveri
2079 5053 2183 5092 non
2211 5041 2432 5108 poterit.

1921 5148 2084 5214 Pars,
2105 5149 2186 5204 liis
2211 5162 2352 5204 mota
2379 5151 2556 5218 minis,
2600 5157 2826 5214 reddunt
2851 5161 3118 5214 contraria
3142 5157 3322 5214 dictis.

1919 5261 2026 5317 Sed
2073 5271 2126 5316 et
2169 5263 2220 5316 bi
2270 5265 2526 5321 similiter
2573 5271 2886 5336 redeuntes,
2921 5271 3066 5324 Nihil
3105 5269 3436 5370 (inquiunt),
