4026 5370
540 295 643 350 525

616 397 624 405 ·
1125 396 1350 452 CAPUT
1392 394 1560 470 xw.

541 497 714 551 Abbas
748 494 856 563 ipse
898 490 964 545 ad
1007 487 1438 563 satisfaciendum
1472 485 1578 555 regi
1602 481 2117 563 cunt__Ullrujecleusi

610 554 846 633 episcopo
917 561 1052 615 venit
1119 554 1187 612 ad
1243 554 1655 633 resperas,;qtto
1711 554 2004 633 discedente
2065 554 2121 602 in

607 622 827 690 vacuum
886 639 1170 685 nocturnas
1222 622 1467 681 excubias
1517 622 1707 695 fratres
1756 622 1947 676 ibidem
1999 636 2114 689 per-

612 713 793 774 agunt.

609 799 780 867 Igitur
810 796 863 849 in
893 803 1039 848 tanta
1072 802 1288 858 tamque
1313 789 1566 844 continua
1596 784 1972 856 impressione,
2002 796 2123 852 qua:

543 886 925 946 inevitabilitcr
961 884 1121 937 ﬁebat
1150 879 1376 950 piissimi
1423 877 1753 932 confessoris
1791 873 1884 927 Dei
1915 886 2120 930 amore,

544 982 597 1036 in
633 995 736 1046 qua
769 977 858 1030 alii
896 975 1032 1028 alios
1060 969 1413 1040 supergressi,
1449 970 1516 1022 ab
1551 967 1672 1020 aliis
1709 963 2124 1033 impcllebantur

541 1070 776 1130 assidue,
811 1079 968 1119 nemo
997 1063 1177 1125 laesus,
1211 1075 1371 1114 nemo
1407 1057 1756 1128 perturbatus
1791 1054 1989 1108 dicitur
2025 1051 2122 1106 do-

545 1161 726 1224 luisse,
776 1156 882 1210 nisi
935 1153 1169 1223 pauxilla
1222 1150 1354 1204 satis
1408 1148 1707 1211 anxietate,
1756 1159 1874 1214 qua:
1918 1153 2118 1206 tamen,

545 1249 694 1304 nimii
723 1258 886 1302 (estus
914 1245 1245 1298 incremento
1273 1239 1526 1302 colleCta,
1568 1236 1752 1292 statim
1786 1250 1917 1288 aura
1948 1231 2123 1287 solve-

542 1344 703 1398 batur
751 1341 1028 1410 aspirante
1065 1335 1396 1407 gratissima.
1442 1331 1700 1386 Dominus
1727 1328 1898 1383 abbas
1937 1325 2122 1380 volens

544 1431 830 1488 manifeste
861 1429 1078 1500 purgari
1101 1427 1168 1481 ab
1193 1440 1257 1479 ca
1279 1440 1383 1494 qua
1409 1423 1770 1487 intpetebatur
1793 1419 1925 1472 falsa
1955 1415 2125 1484 suspi-

542 1525 700 1579 cione
729 1524 793 1577 ab
823 1519 1239 1591 apparatoribus
1271 1516 1433 1584 regis,
1464 1522 1718 1582 tanquam
1747 1508 2012 1565 obnoxius
2042 1508 2122 1561 eis

543 1615 657 1686 ipse
717 1623 907 1668 auctor
956 1621 1102 1665 esset
1151 1607 1311 1676 hujus
1371 1603 1834 1663 contradictiouis,
1894 1598 2123 1654 tentavit

544 1705 740 1758 iterum
775 1712 881 1755 tam
915 1716 1010 1771 per
1037 1714 1094 1754 se
1124 1713 1282 1768 quam
1315 1712 1412 1766 per
1441 1695 1644 1749 amicos
1675 1701 1923 1763 potentes
1952 1705 2119 1745 remo~

542 1810 669 1849 vere
694 1791 999 1861 hujusmodi
1030 1789 1314 1844 consilium
1352 1804 1380 1840 a
1413 1787 1547 1840 suis.

616 1885 778 1940 Venit
813 1899 941 1954 ergo
984 1882 1092 1950 jam
1148 1881 1634 1950 advesperasccnte
1673 1891 1793 1932 cum
1833 1872 2124 1929 Wilhclmo

545 1980 797 2049 episeopo
820 1973 1175 2046 Trajectensi,
1205 1973 1296 2028 sed
1325 1987 1422 2025 nec
1456 1971 1612 2024 modo
1642 1969 1814 2037 magis
1840 1981 1937 2035 pro
1967 1979 2121 2019 reve-

545 2071 719 2126 rentia
752 2077 915 2122 tantce
937 2065 1218 2136 dignitatis
1247 2063 1517 2118 admissus
1546 2068 1630 2115 est
1664 2059 1732 2112 ab
1768 2059 1854 2112 illa
1883 2054 2122 2126 popialari

545 2160 911 2222 multitudine,
941 2173 1080 2226 quae,
1115 2164 1174 2210 ut
1211 2155 1415 2208 dictum
1451 2162 1554 2218 est,
1586 2165 1773 2205 amore
1813 2148 1948 2202 tanti
1997 2161 2128 2201 con-

544 2256 786 2319 fessoris,
823 2255 874 2308 in
915 2268 1078 2306 unum
1108 2249 1444 2306 Confluxerat
1470 2263 1568 2317 pro
1590 2246 1760 2316 ipsius
1791 2243 2122 2300 defensione.

550 2349 651 2416 Qui
703 2363 824 2402 cum
877 2345 1265 2400 obsistentibus
1311 2342 1414 2396 illis
1471 2337 1816 2407 nihilomagis
1864 2334 2128 2406 proficere

544 2447 782 2509 possent,
829 2437 878 2492 id
928 2435 1172 2505 responsi
1212 2449 1242 2487 a
1282 2432 1436 2486 nobis
1471 2437 1797 2499 acceperunt
1837 2442 1944 2480 non
1989 2424 2126 2479 adeo

545 2529 851 2586 inconsulte
904 2545 1004 2583 nec
1034 2535 1221 2582 contra
1274 2539 1330 2578 se
1358 2530 1610 2592 putarent
1655 2520 1706 2573 id
1745 2534 1775 2572 a
1815 2517 1970 2571 nobis
2009 2514 2126 2568 fieri

546 2629 772 2685 temere,
795 2620 919 2690 quia
954 2634 1058 2673 non
1095 2625 1214 2670 erat
1235 2614 1410 2677 locus,
1443 2623 1501 2666 ut
1539 2610 1639 2680 ipsi
1668 2609 1948 2670 videbant,
1972 2605 2129 2675 quid-

545 2727 707 2781 quam
733 2708 995 2779 ejusmodi
1018 2723 1118 2761 nos
1143 2721 1241 2776 pro
1263 2712 1387 2758 voto
1415 2710 1602 2756 nostro
1627 2700 1836 2763 facere;
1865 2705 2126 2767 praeterea

545 2801 701 2855 valde
737 2801 1090 2867 incongruum
1120 2795 1288 2849 videri
1321 2803 1397 2858 ul,
1430 2793 1520 2862 qui
1549 2799 1775 2845 eatenus
1801 2788 1978 2842 divina
2014 2787 2128 2839 vir-

550 2899 661 2944 tute
691 2888 1061 2942 allirtuabatur
1089 2901 1192 2939 ttou
1226 2899 1382 2954 posse
1421 2883 1648 2945 moveri,
1679 2895 1776 2934 nos
1803 2889 2005 2948 praeter
2041 2877 2125 2931 sui

546 2979 880 3032 voluntatem
920 2977 972 3030 id
1008 2973 1385 3045 praesumendo
1423 2971 1639 3026 efﬁcere
1680 2983 2005 3024 conaremur
2042 2967 2127 3020 in-

549 3070 709 3143 grati.
745 3070 936 3134 Video,
971 3068 1145 3138 inquit
1170 3068 1476 3136 cpiscouus,
1505 3077 1661 3117 casso
1702 3061 1810 3114 vim
1845 3058 2007 3112 ullam
2047 3058 2127 3111 his
2157 3071 2201 3131 α

551 3176 710 3231 posse
749 3160 960 3225 inferri,
991 3159 1160 3214 satius
1183 3169 1266 3212 est
1295 3157 1372 3210 sic
1396 3153 1592 3207 dimitti
1620 3167 1782 3221 quam
1810 3150 2126 3219 quidquam,

549 3253 692 3323 quod
715 3267 836 3306 cum
868 3249 1107 3321 periculo
1144 3248 1253 3312 fiet,
1301 3246 1503 3301 moliri.
1543 3244 1674 3299 Post
1705 3244 1819 3297 hate
1845 3241 2130 3295 claudente

551 3343 693 3398 diem
741 3356 990 3410 vespera,
1038 3349 1331 3393 nocturnas
1379 3335 1635 3391 excubias
1673 3331 1982 3404 peregimus
2025 3345 2128 3383 non

549 3433 668 3489 sine
695 3431 996 3487 divinitatis
1020 3445 1123 3500 ope
1153 3428 1400 3482 mirifica.

1127 3561 1354 3619 CAPUT
1396 3558 1557 3615 XVII.

549 3662 626 3717 De
656 3661 858 3715 duobus
887 3661 1038 3714 crccis
1073 3657 1444 3720 euidentibus,
1478 3671 1612 3707 unus
1647 3662 1720 3706 est
1758 3651 1829 3705 ibi
1870 3650 2131 3718 insperato

1173 3727 1522 3780 illuntinalus.

621 3842 739 3912 Ipsa
783 3842 914 3896 hora
942 3837 1345 3910 procubuerant
1376 3836 1484 3890 duo
1511 3833 1644 3889 caeci
1687 3831 1912 3887 remedii
1956 3829 2132 3901 gratia

553 3948 735 3988 coram
768 3931 941 3986 sancti
973 3942 1223 3999 corpore,
1253 3927 1409 3996 juxta
1438 3943 1575 3997 quos
1603 3925 1927 3988 assedimus,
1955 3921 2132 3977 acturi

553 4040 790 4094 congrua
828 4038 924 4094 pro
955 4037 1014 4077 re
1043 4030 1099 4075 et
1129 4030 1394 4090 tempore.
1433 4016 1674 4087 Contigit
1704 4031 1835 4084 ergo
1870 4028 1937 4066 ex
1981 4012 2134 4066 obla-

557 4116 700 4170 tione
742 4116 851 4170 ilhc
885 4113 1226 4169 offerentium
1261 4112 1326 4166 de
1371 4109 1575 4165 scrinio
1611 4107 1809 4163 cadere
1852 4119 2131 4158 nummum

553 4216 676 4261 ante
705 4206 883 4260 vultus
909 4220 1097 4261 eorum
1121 4204 1210 4273 qui
1235 4201 1555 4258 videbantur
1575 4206 1824 4266 expertes
1847 4195 2132 4256 luminum,

556 4299 696 4352 hunc
730 4313 868 4352 unus
897 4311 964 4351 ex
994 4296 1100 4351 illis
1128 4295 1403 4364 accipiens
1430 4291 1586 4347 nobis
1619 4289 1944 4349 videntibus,
1979 4283 2133 4354 quasi

554 4389 708 4459 cujus
746 4398 977 4443 monetae
1008 4396 1152 4443 esset
1178 4386 1347 4454 coepit
1377 4383 1647 4453 inSpicere
1673 4377 2006 4450 diligentius,
2037 4376 2129 4445 qui

556 4489 732 4534 tamen
765 4480 1013 4535 eumdem
1058 4478 1242 4534 statim
1285 4475 1526 4546 porrexit
1569 4473 1658 4526 uni
1700 4487 1766 4524 ex
1803 4468 2129 4523 astantibus.

553 4569 920 4642 Interrogatus
963 4571 1008 4624 si
1057 4569 1353 4639 quidquam
1398 4575 1559 4621 antea
1594 4564 1776 4618 videre
1819 4561 2015 4615 fuisset
2058 4558 2134 4613 illi

557 4660 827 4728 possibile,
844 4661 1118 4729 respondit
1138 4674 1196 4714 se
1209 4658 1505 4713 caecitatem
1529 4654 1815 4725 pertulisse
1835 4651 1948 4720 jam
1976 4650 2135 4720 longo

559 4758 823 4818 tempore,
849 4751 941 4805 sed
972 4760 1098 4805 tunc
1126 4750 1358 4822 primum
1383 4746 1588 4816 aliquid
1622 4759 1850 4801 cernere
1876 4742 2134 4798 divinitus

559 4840 740 4896 refuso
765 4841 986 4896 lumine.

1133 4951 1361 5007 CAPUT
1417 4950 1604 5006 XVIII.

558 5043 637 5099 De
663 5043 901 5100 columba
948 5046 1011 5100 de
1039 5047 1234 5100 scrinio
1285 5045 1529 5115 progredi
1575 5061 1606 5097 a
1654 5040 1970 5112 quibusdam
2005 5055 2138 5093 visa.

1573 280 1960 341 GODEFREDI
2003 277 2475 336 STABULENSIS
2501 274 2805 332 MONACIII

2154 394 2198 453 Α
2229 388 2423 442 olivam
2448 402 2632 456 pacem
2659 385 2818 439 terris
2868 382 3168 447 redditam,‘
3204 380 3283 436 sic
3330 380 3434 435 ista
3461 379 3801 451 signiﬁcabat

3698 267 3800 322 5‘25

2225 480 2359 533 iram
2394 479 2487 532 Dei
2543 490 2861 532 conversam
2915 473 2968 527 in
3018 472 3472 536 misericordiam;
3507 486 3628 543 qum
3677 487 3799 526 cum

2225 580 2469 640 gyrasset
2493 583 2589 637 per
2621 576 2788 620 totum
2820 563 2950 618 illud
2993 565 3247 632 spatium,
3287 563 3402 617 visa
3446 571 3532 617 est
3555 563 3803 617 revelare

2223 659 2288 712 ad
2315 659 2562 713 eumdem
2610 657 2753 711 unde
2801 657 3079 726 prodierat
3126 655 3386 710 loculum.
3437 655 3541 724 Ipsi
3575 655 3666 725 qui
3698 654 3805 708 hoc

2225 755 2538 802 meruerant
2571 746 2792 810 intueri,
2825 761 2932 800 non
2979 745 3099 799 sine
3145 745 3340 799 divina:
3383 743 3688 814 majestatis
3733 742 3800 793 ti-

2224 839 2418 907 deique
2441 835 3143 898 communisobtestatione,
3168 832 3310 888 facta
3337 833 3446 899 die,
3474 831 3802 904 quibusdam

2224 943 2290 983 ex
2317 927 2517 982 nostris
2543 927 2846 982 indicavere
2869 941 2982 981 rem
3004 925 3138 980 tanti
3170 923 3422 995 prodigii.

2805 1079 3034 1137 CAPUT
3073 1079 3220 1136 XIX.

2225 1197 2304 1252 De
2333 1198 2604 1269 joculario
2631 1199 2767 1251 inter
2804 1196 3050 1250 excubias
3076 1195 3141 1248 de
3182 1194 3392 1269 casibus
3433 1190 3563 1269 ipsis
3588 1187 3808 1269 camite-

2296 1261 2390 1322 ues
2412 1269 2766 1336 protrahente,
2797 1279 2843 1320 et
2883 1269 2946 1319 de
2973 1282 3087 1334 rege
3120 1265 3448 1319 nuscultante
3469 1271 3517 1314 et
3545 1266 3600 1314 in
3637 1261 3807 1313 tantis

2295 1349 2341 1392 et
2367 1339 2519 1391 nudis
2549 1339 2764 1408 pedibus
2787 1346 3142 1407 pernoctuztte.

2297 1449 2502 1503 Cantor
2534 1450 2752 1515 quidam
2798 1447 3062 1518 joeularis
3111 1450 3224 1518 ipsa
3277 1455 3434 1502 nocte
3464 1461 3585 1502 cum
3632 1444 3806 1499 sodali

2225 1555 2324 1595 suo
2375 1541 2516 1610 apud
2566 1540 2862 1611 hospitium
2913 1539 3207 1594 dormitum
3265 1539 3424 1603 ierat,
3477 1539 3568 1608 qui
3618 1535 3810 1592 statim

2226 1645 2417 1685 somno
2447 1631 2656 1685 excitus
2680 1648 2693 1683 :

2151 1732 2196 1790 Β
2229 1743 2417 1808 Sedes,
2450 1743 2548 1807 ait,
2584 1758 2762 1812 surge,
2804 1758 2896 1795 nos
2929 1741 3022 1796 illo
3047 1750 3260 1811 prwstat
3287 1741 3448 1803 abire,

2229 1834 2352 1888 Non
2375 1844 2448 1888 est
2470 1836 2568 1887 hoc
2588 1851 2798 1896 vanum,
2831 1850 2935 1888 non
2963 1833 3173 1898 est'hie,
3200 1834 3371 1896 crede,
3396 1829 3738 1896 morandum,

2226 1923 2491 1979 Excubies
2530 1925 2650 1979 illas
2685 1924 2942 1978 celebrare
2961 1925 3117 1993 juvat
3150 1924 3494 1978 reuerandas.

2297 2037 2542 2107 Cumque
2601 2036 2691 2090 ille
2733 2049 2969 2090 renuens
3018 2050 3140 2088 eum
3197 2046 3438 2088 crroncze
3470 2033 3696 2088 visionis
3724 2048 3814 2086 ar-

2228 2138 2438 2200 gueret,
2464 2127 2578 2181 Non
2612 2126 2792 2192 fallor,
2817 2127 2911 2190 ait,
2941 2140 3132 2180 somno
3161 2124 3490 2190 ludificante,
3515 2125 3610 2179 sed
3639 2134 3816 2178 testor

2227 2222 2430 2286 Deum,
2485 2220 2775 2289 quemdam
2827 2216 3120 2272 venerandi
3176 2217 3393 2271 habitus
3438 2219 3589 2286 quasi
3642 2233 3811 2271 manu

2228 2311 2564 2380 apprehensa
2595 2325 2681 2363 me
2732 2307 2858 2362 illuc
2887 2307 3190 2361 trahentem
3217 2305 3438 2359 vidisse.
3483 2303 3690 2371 Quibus
3723 2305 3810 2358 di-

2229 2403 2330 2456 ctis
2362 2402 2580 2470 praepeti
2611 2415 2772 2454 cursu
2818 2413 2878 2452 se
2919 2397 3147 2452 contulit
3178 2397 3319 2451 inter
3365 2395 3574 2465 vigiles,
3617 2410 3680 2449 ac
3733 2394 3816 2465 ig-

2229 2506 2393 2548 narus
2421 2493 2550 2562 quid
2577 2500 2814 2553 caneret,
2847 2489 3069 2544 fortuitu

2229 2584 2392 2654 Coepi:
2426 2585 2490 2638 de
2513 2593 2695 2637 sancto
2726 2597 3028 2652 percurrere
3049 2579 3204 2650 plura
3233 2580 3490 2634 canendo.

2231 2678 2308 2732 Ac
2344 2686 2558 2730 nostros
2603 2675 2854 2744 digestim
2919 2671 3202 2727 referendo
3245 2687 3430 2734 casus,
3483 2670 3664 2724 tristes
3710 2684 3812 2722 sua

2229 2767 2627 2839 quodammodo
2676 2766 2954 2819 sulabalttr
3004 2763 3294 2831 cantilena,
3333 2763 3546 2817 choreis
3590 2763 3818 2815 concin-

2231 2859 2504 2916 uentibus.
2543 2857 2654 2912 [lex
2686 2868 2864 2911 autem
2890 2856 3124 2926 desuper
3167 2855 3475 2909 auscultans
3522 2869 3616 2923 per
3662 2853 3820 2909 fene-

2231 2958 2400 3004 stram
2441 2949 2506 3004 de
2527 2965 2596 3004 se
2625 2948 2913 3002 metuenda
2939 2956 3328 3002 memorantem
3363 2945 3672 3001 intendebat
3703 2947 3821 3001 so!-

2233 3041 2434 3105 licitus,
2463 3042 2552 3111 qui
2577 3057 2673 3111 pro
2705 3056 2770 3095 eo
2820 3041 2962 3110 quod
2997 3040 3286 3103 acciderat,
3319 3040 3539 3094 indutus
3566 3040 3739 3094 laneis
3762 3050 3820 3094 cl

2232 3131 2416 3186 factus
2447 3131 2607 3185 nudis
2655 3130 2884 3200 pedibus
2919 3129 3122 3200 jugiter
3173 3129 3528 3200 pernoctabat
3577 3144 3703 3183 cum
3739 3130 3818 3182 ti-

2231 3241 2381 3281 more
2409 3234 2465 3281 et
2492 3225 2982 3281 obsecrationibus.

2829 3313 3055 3393 CAPU‘T
3095 3335 3210 3392 xx.

2234 3451 2392 3506 Mune
2420 3452 2562 3522 facta
2584 3469 2794 3508 sacrum
2819 3469 3006 3521 corpus
3032 3452 3297 3506 communi
3324 3450 3544 3506 consilio
3578 3451 3650 3504 ad
3681 3469 3819 3505 san-

2747 3524 3008 3576 ctuarium
3035 3523 3310 3576 rere/titur.

2302 3636 2469 3690 Facto
2503 3635 2667 3706 igitur
2692 3649 2848 3689 mane
2895 3650 3060 3688 unum
3097 3634 3222 3689 item
3257 3633 3498 3688 omnium
3537 3642 3817 3689 eratcon-

2233 3727 2418 3782 silium
2452 3725 2634 3781 revehi
2667 3735 2918 3794 oportere
2944 3740 3164 3779 sacrum
3196 3739 3394 3793 corpus
3432 3723 3500 3778 ad
3555 3734 3818 3778 sanctua-

2233 3817 2394 3880 rium,
2433 3817 2565 3871 satis
2628 3815 2756 3870 illud
2787 3815 3025 3870 ostentui
3053 3831 3173 3870 esse
3203 3815 3498 3885 potentium
3550 3831 3823 3886 arrogan-

2235 3909 2344 3968 tiae.
2383 3905 2518 3961 nihil
2545 3914 2726 3961 actum
2765 3919 2904 3970 esse,
2929 3906 3072 3974 quod
3112 3920 3178 3959 eo
3225 3904 3542 3973 injuriarutn
3595 3906 3821 3974 exposi-

2236 4008 2350 4053 tum
2389 3997 2676 4051 dicebatur
2710 3995 2882 4066 magis
2911 3995 3256 4050 conviluisse.
3285 3994 3392 4048 Alii
3417 3995 3515 4059 sic,
3546 3994 3707 4049 aliter
3726 3996 3818 4050 alii

2237 4087 2563 4141 nuntiabant
2589 4086 2748 4140 nobis
2775 4100 2840 4139 ex
2874 4085 3047 4151 curia,
3081 4085 3422 4140 consiliarios
3451 4085 3595 4155 regis
3637 4085 3690 4138 in
3719 4101 3822 4140 nos

2237 4187 2475 4232 tractare
2516 4177 2677 4231 nimis
2703 4176 3003 4243 contraria,
3037 4177 3272 4230 humana
3310 4176 3561 4231 videlicet
3603 4174 3820 4242 judicia

2237 4270 2536 4325 secundum
2589 4269 2737 4339 leges
2786 4269 2983 4324 debere
3033 4269 3279 4338 perpeti,
3332 4269 3475 4337 quod
3512 4268 3820 4322 inauditam

2239 4361 2728 4416 contradictionem
2757 4357 3076 4415 fecissemus
3124 4359 3611 4429 impraesentiarum
3651 4359 3825 4429 regia:

2241 4453 2520 4520 potestati.
2564 4452 2634 4504 At
2665 4467 2807 4505 unus
2835 4466 2898 4505 ex
2949 4451 3282 4522 principibus
3310 4451 3572 4520 quosdam
3619 4465 3684 4505 ex
3721 4467 3824 4504 uu-

2238 4550 2369 4604 stris
2393 4549 2666 4604 advocans
2689 4548 2878 4617 eisque
2914 4545 3206 4601 condolens
3235 4560 3300 4600 ex
3334 4544 3538 4606 animo,
3562 4541 3730 4596 fixam
3763 4542 3822 4596 in

2239 4653 2337 4692 nos
2362 4639 2576 4709 aperuit
2613 4639 2958 4698 sententiam,
3005 4637 3148 4707 quod
3195 4636 3297 4690 nisi
3347 4634 3646 4690 referretur
3691 4649 3826 4688 san-

2237 4738 2376 4790 ctus,
2420 4728 2494 4781 nil
2535 4727 2693 4782 nobis
2732 4726 3074 4795 profuturam
3105 4740 3228 4780 esse
3270 4738 3486 4778 omnem
3521 4723 3824 4776 humanam

2238 4821 2579 4885 industriam,
2629 4821 2906 4873 dominum
2961 4835 3117 4872 suum
3165 4817 3236 4871 nil
3287 4817 3438 4886 pensi
3470 4816 3696 4879 habere,
3736 4815 3829 4870 vel

2239 4911 2535 4982 quidquam
2565 4925 2728 4980 posse
2779 4909 3091 4978 disponere,
3137 4912 3263 4962 dum
3305 4922 3334 4959 a
3367 4905 3520 4961 nobis
3568 4904 3648 4959 sic
3677 4885 3829 4958 deti-

2239 5002 2356 5057 ueri
2382 5002 2722 5070 contingeret
2745 5014 2945 5069 corpus
2991 4998 3326 5064 venerabile,
3371 5013 3592 5066 prorsus
3624 5011 3830 5052 omnes

2238 5092 2408 5122 ‘\Anne~
2431 5091 2807 5122 mel:mnna'nn\
2834 5089 3020 5122 ιγῖιιοοοη
3156 5103 3251 5122 nnc
3288 5087 3427 5122 νοιιη
3474 5086 3616 5122 ηΙίιυΙ
3674 5089 3829 5122 "uno.
