4026 5370
211 265 298 319 525
1181 257 1580 315 TRIUMPIIES
1618 257 1674 312 S.
1719 255 2041 311 neuneu.
2081 255 2301 311 —LIB.
2345 255 2408 312 ll.

804 373 1034 429 CAPUT
1065 371 1184 426 XXI

205 471 242 523 Α
265 485 376 539 rege
399 469 660 538 fratribus
691 471 956 520 cruciatus
987 477 1034 520 et
1057 481 1221 536 ptrue:
1275 472 1554 539 parantur,
1589 471 1636 514 et
1669 459 1776 516 Ba—

298 535 604 609 éebergeusi
644 539 880 608 episcopo
919 553 1109 605 corpus
1147 536 1316 588 sancti
1355 535 1672 587 destinatur.

265 647 398 700 Post
435 647 578 710 haec,
603 645 831 714 expletis
861 645 1152 700 missarum
1197 643 1497 708 solemniis,
1527 641 1780 698 dominus

205 749 394 800 uoster,
423 747 750 792 testamenta
783 736 1026 806 priorum
1078 735 1346 800 deferens,
1385 735 1646 805 palatium
1687 748 1778 802 pe-

205 831 275 883 tiit
301 845 426 883 cum
459 831 596 894 suis,
629 827 872 883 facturus
903 827 1118 882 solitam
1173 825 1660 896 proclamationem
1687 839 1778 880 co-

205 935 306 972 ram
339 919 608 984 dominis,
641 919 730 972 ubi
779 933 902 972 eum
963 915 1319 972 intellexisset
1365 915 1640 986 proposito
1683 929 1778 969 no-

203 1021 304 1066 stro
331 1012 570 1080 aliisque
605 1011 897 1075 universis,
931 1010 1190 1065 videlicet
1229 1010 1320 1080 qui
1352 1009 1514 1080 regali
1549 1009 1776 1080 imperio

202 1105 646 1159 contradixerant
675 1144 689 1169 ,
747 1103 1041 1160 novissime
1091 1103 1370 1158 cruciatus
1415 1101 1776 1170 exsiliumque

203 1197 392 1263 parari,
419 1194 686 1248 remissos
711 1209 740 1248 a
771 1209 828 1249 se
850 1194 1014 1264 jussit
1059 1208 1274 1257 cavere,
1325 1207 1394 1248 ne
1423 1193 1564 1248 forte
1587 1207 1776 1262 ptenas

201 1286 378 1337 darent
413 1285 646 1338 inventi.
681 1283 816 1338 Nam
837 1283 1078 1352 jusserat
1117 1299 1212 1338 rex
1241 1284 1413 1339 iratus
1435 1299 1564 1338 suos
1587 1285 1638 1338 in
1683 1299 1782 1338 no-

201 1385 330 1428 stros
359 1386 609 1431 armatos
635 1391 693 1432 se
729 1377 1108 1440 circumferre,
1155 1391 1256 1430 nec
1304 1377 1556 1446 cuiquam
1589 1393 1776 1432 mona—

200 1467 290 1520 cho
321 1467 408 1520 vel
443 1466 588 1521 laico
645 1468 774 1536 quin
823 1475 1146 1536 raperentur
1173 1467 1240 1522 ad
1285 1483 1500 1537 pinnam
1529 1483 1772 1537 parcere.

199 1555 406 1609 Etenim
439 1557 548 1610 boe
600 1565 720 1611 erat
747 1558 1036 1612 consilium
1079 1559 1479 1628 archiprtesulis
1513 1575 1624 1614 rem
1677 1577 1776 1616 no-

196 1659 354 1702 stram
413 1657 532 1704 toto
565 1651 854 1704 conamine
895 1653 1300 1721 perturbantis;
1333 1653 1450 1722 ejus
1479 1653 1644 1708 etiam
1687 1653 1772 1707 in-

3361 259 3466 314 326

1811 371 1860 428 Α
1889 365 2096 422 ciderat
2126 365 2521 436 aliquantulum
2567 381 2772 436 pavore
2820 367 3164 438 perterritus,
3214 365 3466 440 fugienti-

1885 456 1985 510 bus
2014 455 2156 520 aliis,
2189 464 2248 510 ut
2267 455 2352 510 vir
2377 455 2482 509 Deo
2521 455 2711 526 plenus
2733 464 2788 512 et
2815 456 3023 513 altioris
3053 459 3252 530 ingenii
3301 461 3464 516 intel-

1885 543 2057 616 ligens
2085 545 2340 615 quiddam
2373 545 2640 611 divinum,
2689 547 2912 614 restitit,
2951 563 3114 604 nosse
3149 549 3467 607 desiderans

1881 637 2008 706 quis
2037 647 2183 693 esset
2207 638 2280 692 rei
2309 637 2490 692 exitus
2513 653 2634 707 qute
2667 645 2776 692 tam
2800 639 3174 709 prodigialiter
3201 641 3463 700 insonuit.

1880 727 2042 794 Nam,
2081 737 2142 782 ut
2191 728 2306 798 ipse
2363 737 2594 784 testatus
2637 738 2740 794 est,
2785 731 2951 785 densa
2985 732 3178 787 nebula
3205 735 3461 802 primitus

1880 816 2060 872 locum
2114 817 2262 872 illum
2293 817 2904 886 oﬂ'useatum'reddidit,
2943 835 3050 890 qua
3075 823 3259 878 statim
3287 823 3466 894 dispa-

1881 919 2054 973 reute,
2079 909 2368 964 subsecuta
2399 910 2486 964 lux
2519 911 2632 966 sole
2653 912 2850 967 clarior
2879 913 3232 983 resplenduit.
3257 915 3315 972 In
3345 931 3464 972 meo

1879 1001 1968 1056 dio
2011 1003 2151 1056 illius
2203 1004 2509 1073 splendoris
2539 1004 2684 1060 velut
2721 1005 2772 1058 in
2817 1020 3044 1061 excessu
3073 1007 3276 1062 mentis
3325 1005 3458 1062 θεῖοι

1877 1100 2000 1178 c.tus
2051 1095 2280 1150 antistes
2347 1095 2696 1164 conspicatur
2757 1095 2891 1150 duos
2949 1096 3266 1166 apparuisse
3321 1099 3460 1152 mira

1877 1184 2126 1240 claritate
2157 1186 2442 1258 fulgentes,
2475 1187 2788 1241 Remaelum
2821 1188 3072 1243 videlicet
3117 1197 3170 1246 et
3199 1189 3462 1244 Lamber-

1878 1283 2014 1340 tum,
2043 1278 2414 1332 sanctissimos
2440 1293 2592 1347 teque
2618 1279 2926 1346 pontiﬁces,
2957 1293 3092 1348 quos
3129 1281 3334 1334 audivit
3371 1295 3460 1334 ar-

1837 1359 1844 1368 ’
1875 1383 2012 1422 cano
2041 1371 2275 1438 quodam
2327 1384 2606 1424 murmure
2631 1371 2696 1424 de
2723 1370 2808 1424 bis
2832 1385 2952 1438 qua:
2980 1371 3291 1426 acciderant
3317 1374 3462 1427 inter

1873 1475 1934 1514 se
1957 1461 2342 1532 colloquentes.

2450 1587 2873 1628 ADNOTATIONES.

1950 1679 2133 1734 Annus
2165 1691 2273 1734 erat
2305 1682 2368 1735 ab
2427 1682 2806 1736 Iucarnatione
2835 1683 3064 1737 Domini.
3101 1685 3172 1738 lix
3207 1685 3308 1740 hoc
3341 1687 3456 1742 loco

195 1741 386 1794 stinctu
411 1751 470 1794 et
499 1743 684 1796 studio
741 1743 1023 1798 dicebatur
1079 1759 1172 1798 rex
1207 1743 1258 1798 id
1291 1743 1492 1799 habere
1536 1745 1771 1810 consilii,
1809 1725 1848 1783 Β
1876 1725 2132 1828 Αὲεᾱάίἰεξ
2157 1725 2365 1828 aui-egi;

197 1841 248 1884 ut
271 1846 602 1886 concessum
635 1833 752 1902 ejus
776 1834 918 1888 dono
943 1849 1142 1904 corpus
1187 1835 1402 1904 patroni
1446 1836 1620 1890 nostri
1671 1837 1772 1891 sibi

165 1969 170 1974 .
197 1921 421 1977 auferret
442 1924 736 1992 episcopus
763 1925 1206 1996 Bavebergensis.

261 2017 362 2073 Sed
391 2019 527 2088 quid
579 2019 694 2086 jam
745 2021 1084 2074 morabimur
1111 2021 1290 2092 eloqui
1315 2019 1480 2092 :quod
1526 2021 1776 2076 omnibus

201 2113 373 2166 auditu
396 2128 555 2182 atque
586 2113 908 2169 delectabile
954 2115 1228 2168 credimus
1257 2129 1362 2168 non
1417 2115 1535 2169 sine
1579 2115 1775 2185 gaudio

203 2201 533 2274 lacrymabili
563 2203 588 2256 ’ἒ
617 2201 736 2256 Non
776 2201 920 2256 ferre
945 2203 1150 2258 diutius
1179 2203 1354 2274 potuit
1379 2203 1616 2258 fidelium
1649 2219 1775 2258 suo-

203 2305 311 2344 rum
344 2292 616 2346 diutinam
651 2291 999 2348 amictionem
1041 2293 1128 2362 pia
1173 2294 1386 2362 patroni
1415 2295 1772 2364 providentia,

203 2384 302 2440 imo
329 2385 616 2440 deﬁciente
663 2385 811 2439 omni
853 2387 1094 2440 humano
1129 2385 1429 2453 juvamine,
1468 2387 1647 2441 statim
1680 2403 1774 2456 ap-

201 2479 368 2548 posuit
391 2493 450 2534 se
497 2479 548 2532 in
591 2477 923 2548 adjutorium
969 2487 1238 2545 nostrum,
1273 2489 1604 2549 cooperante
1633 2479 1774 2532 diri-

205 2570 380 2624 uitatis
409 2570 678 2638 potentia.
732 2569 832 2624 Diu
869 2569 1126 2624 sustinuit
1155 2570 1356 2640 probra
1387 2581 1442 2625 et
1472 2571 1772 2634 infamiam,

203 2663 328 2716 satis
369 2664 637 2732 spectavit
685 2677 906 2718 suorum
961 2663 1460 2733 perseverentiam;
1495 2663 1776 2732 despectus

205 2755 598 2822 quodammodo
631 2757 682 2808 in
717 2755 874 2810 terris
900 2755 969 2810 ab
995 2755 1298 2825 principum
1363 2757 1660 2828 tyrannide,
1699 2767 1774 2810 to-

209 2853 308 2896 tum
337 2859 472 2914 pene
523 2844 710 2900 urbem
741 2846 794 2900 in
829 2857 1102 2902 momento
1133 2847 1260 2902 fecit
1309 2861 1605 2916 agnoscere
1648 2845 1776 2916 quid

205 2945 378 3003 posset
415 2937 466 2989 in
507 2937 823 2992 cmlcstibus
866 2939 1006 3006 apud
1065 2939 1528 3008 Omnipoteutcm,
1571 2947 1631 2992 ut
1681 2953 1774 2992 seu

205 3029 416 3094 vellent,
454 3030 570 3084 sive
601 3029 824 3097 nollent,
867 3030 1166 3085 adversarii
1207 3031 1388 3086 divina
1419 3028 1539 3084 ﬂexi
1581 3029 1776 3084 virtute

207 3120 480 3176 obedirent
505 3121 622 3191 ejus
659 3121 942 3176 voluntati.

777 3250 1198 3290 ADNOTA'I‘IONES.

271 3323 508 3376 Jusserat
535 3341 626 3376 rea:
669 3323 836 3377 iratus
869 3342 988 3378 suos
1011 3327 1066 3378 in
1099 3335 1302 3378 nostros
1331 3333 1560 3376 armatos
1585 3339 1638 3376 se
1669 3321 1772 3374 cir-

209 3393 472 3460 cumferre.
519 3395 794 3448 Consonat
823 3395 1142 3448 Lambertns
1191 3391 1770 3463 Scltal‘naburgensis:

215 3463 373 3534 tQuo
401 3465 652 3533 exemplo
701 3466 922 3534 (inquit)
985 3467 1034 3518 in
1087 3466 1339 3518 abbatem
1397 3476 1502 3534 tam
1541 3462 1775 3516 ’attdacis

207 3531 327 3586 iacti
365 3531 717 3601 incentdrent
745 3531 1176 3590 animadvertere
1203 3535 1424 3588 deberet
1453 3533 1640 3601 plenus
1673 3535 1775 3586 ira-

211 3617 314 3655 rum
335 3605 630 3673 cogitabat.
663 3623 684 3654 ›

762 3715 988 3771 CAPUT
1035 3716 1200 3771 XXII.

211 3801 548 3860 Concusstone
580 3825 680 3860 non
711 3808 915 3860 modica
938 3809 988 3860 in
1017 3807 1206 3878 templo
1231 3809 1688 3878 factatscrinium
1711 3806 1772 3864 S.

269 3878 436 3929 cubito
467 3878 672 3930 levatur
697 3879 752 3930 in
788 3895 936 3941 aera,
982 3889 1026 3931 et
1069 3881 1340 3947 episcopus
1383 3877 1774 3932 Cameracensis

267 3963 420 4026 orans
451 3950 506 4001 in
539 3957 719 4016 crypta
747 3948 922 4002 divina
948 3959 1246 4002 sanctorum
1276 3947 1623 4016 perlustratur
1643 3963 1777 4018 pra:-

265 4028 452 4070 tentia.

268 4131 454 4186 Annus
483 4140 606 4186 erat
632 4133 700 4187 ab
729 4133 1112 4188 lnca-rnatione
1159 4131 1368 4186 Domini
1401 4131 1526 4186 t071
1546 4173 1560 4194 ,
1591 4140 1778 4186 sextus

207 4229 371 4275 autem
431 4223 776 4278 diseissionis
835 4223 1094 4278 Ecclesia:
1163 4222 1671 4278 Malmuudarieusis
1723 4229 1778 4274 et

209 4311 556 4380 Stabulensis,
611 4331 758 4379 cum,
820 4317 1054 4385 septimo
1103 4315 1228 4369 ldus
1277 4315 1422 4380 Maii,
1481 4313 1778 4384 grntiaedi-

1877 1821 2096 1944 manu
2157 1823 2238 1876 sui
2299 1822 2462 1886 libri,
2520 1825 2662 1893 quod
2717 1825 2905 1894 incipit
2969 1843 2986 1876 ι
3024 1821 3190 1880 ἐιιιιιο
3245 1821 3461 1882 Domini

2019 1909 2082 1943 .›

2446 2005 2676 2062 CAPUT
2704 2006 2896 2062 XXI”.

1949 2096 2032 2150 Ad
2058 2097 2351 2167 exemplum
2397 2107 2876 2152 commemorantur
2903 2099 3044 2152 dicta
3067 2111 3390 2156 sanctorum.

1949 2213 2064 2270 Non
2104 2229 2234 2287 ergo
2260 2215 2330 2270 sit
2356 2231 2648 2271 onerosum
2689 2217 2896 2272 intento
2925 2217 3115 2272 lectori
3145 2221 3288 2288 quod
3331 2237 3462 2288 pau-

1877 2305 2044 2360 lulum
2079 2306 2326 2360 videmur
2345 2306 2434 2360 hic
2457 2305 2526 2360 ab
2551 2306 2776 2360 historia
2829 2307 3057 2376 digredi,
3093 2310 3235 2362 utad
3261 2311 3462 2364 contir-

1879 2399 2134 2454 mandam
2166 2399 2326 2453 ﬁdem
2377 2399 2534 2468 hujus
2587 2398 2830 2452 miraculi
2862 2400 3038 2469 gratia
3068 2401 3314 2469 quaedam
3344 2403 3458 2456 col-

1877 2491 2106 2564 ligamus
2159 2493 2226 2548 de
2275 2491 2456 2546 simili.
2508 2493 2568 2546 B.
2609 2507 2746 2562 papa
2791 2493 3082 2564 Gregorius
3133 2496 3224 2562 ibi,
3263 2496 3459 2566 inquit,

1877 2598 2086 2641 sunc:os
2141 2601 2344 2640 necesse
2384 2595 2456 2640 est
2487 2585 2692 2654 majora
2743 2587 2894 2654 signa
2923 2587 3211 2650 ostendere,
3265 2589 3352 2640 ubi
3395 2589 3458 2642 de

1877 2694 2050 2732 eorum
2077 2677 2360 2746 prwsentia
2390 2685 2554 2744 potest
2587 2693 2730 2730 mens
2759 2677 2968 2746 inﬁrma
2999 2677 3240 2732 dubitare
3269 2695 3288 2744 ;
3318 2680 3458 2750 quod

1877 2770 2054 2839 utique
2079 2769 2216 2822 [tunc
2260 2781 2502 2822 sanctum
2547 2769 2885 2838 manifestum
2925 2779 3001 2823 est
3045 2770 3270 2840 idipsum
3311 2773 3374 2826 de
3404 2787 3460 2827 se

1877 2858 2233 2912 dubitansibus
2265 2859 2570 2912 ostendisse.
2605 2857 2704 2912 Ubi
2746 2877 2884 2925 vero,
2943 2861 3034 2925 ait,
3073 2863 3253 2932 jaceat
3289 2865 3460 2919 sancti

1878 2949 1932 3004 in
1963 2951 2071 3002 suis
2119 2951 2443 3020 corporibus,
2496 2967 2558 3004 ac
2607 2952 2836 3006 marime
2865 2953 2954 3006 ubi
2999 2953 3302 3028 plerumque
3336 2975 3460 3014 con-

1803 3081 1846 3140 C
1881 3044 2034 3112 tingit
2063 3061 2182 3096 ossa
2219 3061 2316 3098 sua
2369 3045 2589 3098 revisere
2631 3047 2808 3100 beatos
2833 3047 3070 3116 spiritus,
3115 3066 3217 3104 non
3243 3051 3458 3106 dubiant

1877 3141 1951 3184 est
1977 3133 2100 3201 quin
2128 3132 2350 3197 valeant,
2378 3133 2510 3186 sicut
2534 3142 2582 3186 et
2607 3133 2836 3202 faciunt,
2865 3153 3000 3204 pura
3033 3149 3200 3192 mente
3221 3155 3463 3210 quaren-

1878 3221 2014 3274 tibus
2037 3221 2162 3274 int-zu
2173 3239 2314 3276 mera
2337 3233 2630 3277 monstrare
2651 3225 2932 3290 miracula,
2949 3229 3080 3280 sicut
3104 3229 3168 3282 de
3188 3230 3458 3284 nonnullis

1877 3309 2086 3379 legitur,
2125 3321 2170 3364 et
2196 3311 2260 3364 de
2287 3310 2480 3365 Elisa'o
2505 3311 2704 3381 Regum
2724 3323 2945 3368 testatur
2978 3317 3219 3371 historia.

1947 3401 2074 3472 Egit
2099 3418 2228 3473 ergo
2261 3405 2382 3472 pius
2424 3401 2582 3459 Jesus
2619 3405 2820 3473 pietate
2864 3407 2944 3460 sui
2978 3408 3132 3462 solita
3161 3423 3460 3480 cooperans

1877 3509 2068 3550 saneto
2098 3513 2197 3551 suo
2230 3496 2535 3552 divinitatis
2565 3513 2678 3552 suae
2701 3499 2952 3568 gratiam,
2985 3510 3044 3555 ut
3093 3512 3292 3571 puncto
3325 3513 3459 3558 tem-

1877 3585 2024 3656 poris
2056 3593 2165 3640 toto
2199 3601 2336 3650 pene
2385 3595 2714 3657 agnoscente
2743 3589 2944 3644 mundo
2991 3590 3330 3648 innotescere
3367 3593 3459 3648 da-

1879 3686 2026 3732 retur
2048 3675 2426 3748 etiangl’uturis
2453 3678 2657 3732 sanctis
2675 3679 2864 3748 quanti
2879 3689 3022 3756 esset
3044 3681 3218 3736 meriti
3240 3682 3378 3752 apud
3396 3697 3458 3737 se

1879 3781 2102 3826 sanctus
2127 3770 2352 3840 iste,qui
2369 3771 2436 3824 ab
2461 3769 2677 3840 injustis
2703 3779 2850 3826 tanto
2870 3773 3199 3844 contemptui
3229 3774 3478 3829 ducebaq

1881 3876 1968 3920 tur
1994 3867 2045 3919 in
2078 3865 2258 3920 terris.
2283 3863 2438 3918 Nunc
2473 3864 2540 3917 ad
2585 3869 2698 3918 rem
2745 3866 3052 3932 redeamus,
3099 3875 3160 3920 ut
3201 3881 3320 3936 qua:
3367 3881 3458 3922 se-

1877 3969 2114 4028 quuntur
2145 3957 2376 4012 ﬁdeliter
2405 3956 2758 4012 disseramus.

2457 4090 2686 4146 CAPUT
2727 4089 2916 4144 XXIV.

1881 4181 2075 4256 Mulier
2138 4183 2356 4236 nimium
2404 4193 2708 4256 contracta,
2754 4185 2824 4236 ad
2881 4195 3118 4256 sanctum
3164 4187 3458 4256 deportata,

1950 4255 2128 4326 statim
2168 4263 2252 4326 est
2270 4264 2483 4326 sanata,
2508 4263 2554 4307 et
2590 4255 2659 4306 ad
2687 4255 2786 4308 hoc
2806 4255 3098 4322 conﬂuente
3144 4257 3334 4326 populo
3355 4255 3457 4311 im;

1948 4323 2122 4391 ptetur
2146 4323 2384 4376 ecclesia.

207 4406 332 4462 vina:
359 4407 564 4476 placuit
623 4421 746 4462 eam
805 4407 1039 4472 restitui,
1077 4417 1134 4461 et
1185 4407 1316 4460 hora
1355 4419 1460 4474 qua
1494 4404 1668 4470 vergit
1696 4401 1774 4458 sol
1807 4420 1856 4480 ι)
1953 4414 2164 4470 [nterea
2197 4429 2382 4468 coram
2413 4415 2720 4486 gloriﬁcato
2781 4417 2995 4486 patroni
3037 4417 3206 4472 nostri
3235 4433 3464 4489 corpore

207 4499 264 4552 ad
289 4499 594 4566 meridiem,
637 4500 764 4554 (εωιί
815 4500 973 4554 nobis
1025 4499 1454 4553 misericordiam
1483 4497 1776 4552 distillave-

205 4593 322 4641 runt
374 4589 819 4644 desiderabilem.
879 4587 1212 4644 Met-antibus
1276 4587 1432 4642 nobis
1489 4585 1670 4640 Leodii
1719 4585 1774 4638 in

205 4675 354 4731 duino
373 4677 432 4732 S.
463 4677 770 4743 Lamberti,
800 4677 978 4732 factus
1009 4687 1094 4734 est
1121 4678 1298 4733 denuo
1327 4691 1494 4733 sonus
1516 4685 1774 4746 tauquam

205 4766 533 4825 advenientis
581 4770 932 4826 vehementis
965 4770 1210 4839 spiritus,
1249 4770 1344 4839 qui
1395 4771 1659 4826 humanos
1685 4784 1776 4824 re-

203 4857 348 4926 plens
383 4861 604 4917 auditus
642 4861 908 4932 templum
931 4861 1140 4930 pariter
1189 4861 1437 4932 replevit,
1461 4877 1570 4932 quo
1617 4861 1775 4916 multi

206 4963 566 5008 convenerant
637 4968 704 5008 ex
753 4953 994 5008 diversis
1057 4953 1322 5022 partibus.
1397 4953 1562 5010 Facta
1611 4953 1778 5024 igitur

205 5043 554 5097 concussione
609 5058 716 5097 non
793 5041 1007 5097 modica
1073 5043 1164 5098 ubi
1215 5043 1388 5098 sancti
1447 5057 1568 5099 ossa
1621 5044 1776 5113 quie-

205 5131 417 5185 scebaut
475 5133 850 5188 sacratissima
886 5171 902 5196 ,
965 5131 1135 5186 visum
1196 5143 1280 5188 est
1335 5133 1511 5201 palam
1570 5135 1774 5189 moveri

205 5221 474 5290 scrinium,
533 5240 598 5280 ac
645 5221 928 5280 sublevari
963 5224 1117 5290 quasi
1165 5239 1272 5279 uno
1325 5221 1510 5280 cubito
1543 5225 1594 5278 in
1627 5240 1772 5280 aera.

205 5307 316 5364 Non
345 5314 513 5370 minor
533 5331 694 5370 auam
739 5313 1002 5370 superius
1045 5312 1221 5370 factus
1249 5325 1333 5370 est
1360 5317 1549 5370 subtus
1572 5319 1625 5370 in
1650 5333 1775 5370 crv-

1877 4507 2222 4576 deportatum
2248 4515 2332 4562 est
2357 4509 2615 4576 quiddam
2669 4507 2897 4562 monstri
2949 4508 3144 4575 simile,
3197 4518 3464 4566 creatum

1876 4598 2115 4667 quidem,
2149 4599 2241 4652 sed
2271 4613 2375 4653 non
2405 4598 2640 4653 hominis
2672 4598 2876 4652 habens
2905 4597 3134 4668 ctiigietn
3188 4601 3242 4655 in
3294 4603 3466 4656 mise-

1877 4689 2046 4745 rando
2071 4705 2319 4760 corpore.
2349 4689 2480 4744 Erat
2517 4689 2662 4744 enim
2711 4687 2924 4754 mulier,
2966 4703 3033 4744 ex
3079 4693 3336 4762 parocbia
3363 4693 3464 4746 Pa-

1877 4781 2094 4838 risiensi
2119 4783 2186 4837 ad
2220 4791 2534 4838 sanctorum
2565 4781 2758 4836 merita
2791 4796 2896 4836 non
2927 4781 3046 4837 sine
3095 4791 3228 4838 nutu
3255 4783 3349 4838 Dei
3373 4785 3466 4838 do-

1877 4874 1986 4930 lata
2019 4876 2073 4929 in
2129 4875 2274 4932 hanc
2321 4885 2566 4930 nostram
2625 4874 2984 4944 provinciam,
3034 4891 3196 4947 quam
3245 4877 3467 4932 morbus

1875 4966 2143 5038 paralysis
2175 4967 2230 5022 in
2263 4967 2478 5023 modmn
2507 4963 2648 5036 globi
2696 4966 3126 5034 constrinxerat,
3158 4984 3280 5022 cum
3305 4982 3466 5022 vexa-

1879 5057 2026 5113 tione
2077 5060 2324 5128 corporis
2381 5054 2659 5112 horriﬁca.
2729 5057 2861 5112 Erat
2915 5057 3226 5124 hujusmodi
3281 5057 3466 5112 videre

1876 5152 2019 5218 quod
2068 5148 2137 5200 ad
2195 5147 2596 5218 praulicandam
2657 5150 3112 5218 omnipotentiam
3167 5149 3466 5206 Salvatoris

1877 5237 2112 5294 monstri
2173 5240 2350 5294 simile
2401 5237 2660 5306 diximus,
2721 5251 2980 5309 utrosque
3039 5241 3289 5298 videlicet
3329 5238 3465 5292 talos

1877 5337 2180 5370 rats-ursum
2205 5331 2544 5370 miltmrmtme
2569 5332 2789 5370 rpnihnc
2839 5339 3190 5370 nlrnrnmnnn
3209 5343 3460 5370 manuum
