4026 5370
519 191 617 242 5‘27

1529 189 1918 245 CODEFREDI
1950 189 2418 246 STABUIENSIS
2461 190 2758 246 MONACIII

3689 199 3792 254 528

519 303 702 356 divina
732 303 932 358 virtute
981 305 1225 360 membra
1283 314 1562 372 coeperunt
1611 303 1788 366 arida,
1821 301 2108 370 paulatim~
2135 307 2180 364 Α
2213 303 2280 356 ab
2325 321 2389 358 eo
2435 305 2711 374 postulans
2737 307 3000 377 accipere,
3037 311 3163 365 totis
3193 313 3492 368 contractis
3539 317 3790 370 artubus.

527 405 635 460 que
656 393 981 446 videbantur
1009 393 1291 448 reformari
1309 393 1486 446 vultus
1506 402 1558 446 ct
1581 391 1840 446 habitudo
1865 393 2106 460 corporis

522 486 576 538 itt
611 487 866 540 virtutem
895 487 1204 557 pristinam.
1245 488 1324 544 Ac
1375 489 1610 556 primum
1643 487 1884 541 extensis
1929 503 2104 542 tuant-

519 575 620 630 hus
683 576 972 630 trementia
1033 579 1272 632 membra
1328 578 1705 633 contrectabat
1752 577 2100 647 diligentius;

523 682 588 720 ac
655 667 859 722 sensim
929 669 1204 722 nitebatur
1251 685 1309 724 sc
1372 669 1684 733 extendere,
1741 684 1846 722 una
1892 677 2104 724 tantum

521 757 652 810 tibia
704 767 1022 814 remanente
1067 759 1260 822 debili,
1315 768 1638 814 cmterorutn
1687 760 1967 814 dissolutis
2025 777 2106 814 ar-

521 858 670 902 tuum
693 851 1173 907 contractionibus.
1207 851 1408 908 Fluunt
1431 853 1559 908 totis
1597 867 1664 907 ex
1705 853 1972 921 partibus,
2011 854 2106 910 ad-

515 953 646 998 Slllll
675 961 692 998 Ξ

520 1033 696 1089 Notus
734 1045 780 1090 et
806 1036 1038 1107 ignotus,
1065 1037 1192 1091 civis
1221 1035 1380 1090 simul
1409 1047 1454 1090 et
1484 1036 1812 1106 peregrinus.

521 1127 612 1179 Ast
645 1127 777 1180 illud
807 1127 1056 1197 (corpiunt
1091 1129 1356 1184 venientes
1381 1144 1485 1182 non
1507 1129 1644 1198 capit
1677 1127 1934 1200 antplum.

595 1216 898 1286 Implentur
924 1228 1176 1286 patentes
1200 1219 1446 1288 porticus
1490 1227 1545 1272 et
1586 1219 1946 1274 claustrorum
1974 1219 2101 1274 aedi-

521 1305 642 1360 licia
681 1323 784 1360 una
819 1323 950 1362 voce
1001 1307 1450 1376 proclamantium
1485 1309 1536 1362 in
1562 1309 1730 1364 cuilos
1757 1308 1956 1362 Cbristi
1985 1325 2100 1363 ma-

517 1397 718 1467 gnalia.
774 1397 842 1453 Ut
866 1412 989 1452 sese
1019 1399 1178 1454 habet
1211 1400 1342 1453 lidcs
1373 1409 1500 1452 tunc
1553 1399 1659 1454 illic
1707 1401 2098 1462 assistentium,

515 1491 644 1559 quid
674 1492 738 1545 ad
765 1491 978 1546 Iaudem
1017 1490 1293 1568 Creatoris
1315 1493 1492 1562 potuit
1519 1493 1676 1563 adjici
1707 1494 2048 1562 potissimum
2075 1494 2098 1548 ?

459 1603 462 1606 ί
516 1587 714 1642 Omnis
745 1597 996 1642 creatura
1031 1589 1146 1642 visa
1196 1597 1280 1643 est
1336 1589 1389 1642 in
1439 1587 1751 1644 confessore
1778 1605 1876 1644 suo
1901 1591 2099 1644 collau-

2208 393 2406 460 Audita
2437 411 2562 449 vero
2607 397 2914 466 hujusmodi
2969 400 3270 457 forinsecus
3313 405 3650 473 operatione,
3701 421 3794 474 po.

2209 484 2445 540 stulabat
2475 501 2534 541 se
2548 486 2729 554 iuvari
2755 505 2820 542 ne
2851 490 3205 560 impediretur
3231 491 3342 548 illic
3363 511 3423 551 se.
3447 497 3622 552 turbis
3643 512 3797 552 com-

2206 575 2564 646 primentibus
2597 579 2906 647 pervenire.
2955 581 3026 636 At
3051 583 3336 654 episcopus
3364 599 3383 636 :
3411 585 3554 652 Noli,
3595 589 3790 658 inquit,

2207 681 2274 720 ne
2295 682 2400 720 non
2424 669 2708 740 pervenias
2729 667 2990 737 diliidere,
3021 682 3212 741 potens
3245 683 3329 730 est
3351 675 3608 734 Dominus
3641 695 3798 734 eam-

2207 757 2328 812 dem
2363 758 2458 811 tibi
2519 759 2948 815 miscricordiam
2977 778 3074 832 per
3118 767 3308 822 cadent
3355 771 3548 826 merita
3575 781 3798 831 sancto-

2209 865 2324 902 rutu
2372 849 2460 904 hic
2511 849 2846 920 impendere.
2889 853 3020 921 Quae
3049 857 3211 912 verba
3243 859 3424 914 statim
3474 871 3663 916 secuta
3707 874 3798 920 est

2205 941 2423 998 virtutis
2469 942 2748 1010 ellicacia,
2800 961 2926 1000 nam
2985 949 3268 1006 restitutus
3319 951 3410 1008 ille
3475 956 3798 1026 peregr'nus

2205 1035 2483 1104 gressibus
2511 1037 2731 1107 antiqua
2783 1037 3026 1096 ﬁrmavit
3075 1043 3324 1114 vestigia.
3367 1043 3798 1102 Festinavit-unt

2207 1126 2329 1180 inde
2353 1129 2572 1196 quidam
2597 1145 2661 1184 ex
2693 1130 3038 1188 cubiculariis
3077 1135 3142 1188 ad
3188 1135 3333 1207 regis
3381 1137 3670 1206 palatium,
3713 1140 3796 1194 ir-

2205 1229 2432 1272 ruerunt
2480 1221 2618 1276 alter
2669 1223 2898 1292 quisque
2943 1235 3064 1295 post
3122 1226 3374 1282 alterum.
3423 1228 3612 1296 Quivis
3663 1246 3797 1302 ergo

2205 1312 2476 1378 posterior
2496 1315 2648 1382 quasi
2690 1331 2885 1368 novum
2917 1315 2969 1370 id
2993 1320 3278 1374 nuntiabat
3307 1321 3448 1388 quod
3469 1319 3612 1376 alius
3639 1323 3794 1391 prior

2205 1401 2496 1456 identidem
2526 1405 2794 1460 edixerat.
2850 1409 3074 1464 Domine
3127 1425 3240 1472 rex,
3275 1412 3544 1482 inquiunt,
3591 1413 3800 1468 audiet

2205 1491 2445 1562 intelligo
2475 1495 2604 1563 quid
2637 1498 2806 1565 possit
2839 1509 3061 1556 sanctus
3103 1500 3214 1567 ille,
3245 1503 3372 1571 quid
3421 1519 3566 1558 nunc
3595 1519 3798 1572 opera-

2211 1591 2298 1637 tur
2359 1589 2698 1656 magnilicc;
2753 1606 2878 1646 vere
2928 1600 3194 1648 testamur
3257 1595 3416 1649 hodie
3460 1596 3668 1652 vidisse
3697 1612 3800 1650 nos

518 1679 649 1732 dare
679 1679 952 1734 Christum
983 1681 1293 1746 Dominum,
1336 1679 1480 1736 sicut
1524 1681 1884 1736 animadverti
1925 1690 2102 1752 potest
2135 1651 2180 1710 Β
2213 1674 2501 1739 mirabilia,
2533 1693 2653 1747 qum
2682 1679 2798 1748 ipse
2829 1681 2970 1738 Deus
2992 1693 3250 1754 operatus
3286 1695 3364 1740 est
3395 1699 3493 1755 per
3537 1687 3624 1742 sui
3663 1702 3802 1743 con-

515 1785 582 1824 ex
610 1770 916 1839 adjectioue
947 1773 1315 1841 sequentium.

1079 1881 1306 1938 CAPUT
1347 1883 1514 1939 XXV.

523 1994 796 2061 Campana
823 1995 1059 2049 maxime
1085 1997 1176 2048 dat
1207 1997 1436 2049 sonitum
1467 1993 1610 2048 nullo
1637 1995 1948 2064 impellente,
1975 1996 2106 2050 ntul-

593 2067 762 2148 tituda
803 2066 1166 2134 languentium
1225 2067 1365 2120 dicto
1415 2067 1574 2120 citius
1620 2067 1839 2119 sanitati
1868 2067 2103 2136 pristiam

590 2147 959 2190 restituuntur.

589 2250 754 2306 Facta
781 2250 943 2320 igitur
969 2251 1102 2304 tanti
1135 2250 1462 2306 confessoris
1491 2251 1911 2320 gloriﬁcatione,
1948 2267 2099 2306 cam-

515 2357 656 2410 pana
680 2341 914 2394 maxima
943 2341 1282 2410 repentinum
1325 2341 1562 2395 sonitum
1603 2343 1770 2412 C(Bpil
1799 2341 1928 2396 dare
1959 2341 2105 2396 nullo

517 2432 846 2501 impellente.
888 2431 1020 2486 Post
1051 2433 1164 2487 lucc
1195 2447 1318 2487 cum
1347 2433 1470 2486 alia:
1508 2433 1668 2488 simul
1700 2434 1768 2486 ob
1799 2434 1903 2487 hoc
1935 2433 2102 2486 mira-

517 2524 697 2578 culum
731 2522 956 2592 pulsatte
981 2522 1318 2588 laxarentur,
1368 2523 1483 2587 illa,
1519 2533 1578 2576 ut
1613 2533 1871 2592 eruperat,
1921 2539 2105 2594 perse-

517 2629 716 2668 verans
745 2615 812 2668 oh
845 2613 1088 2669 solemne
1113 2614 1207 2670 Dei
1259 2613 1645 2668 miraculorum
1673 2629 1888 2684 semper
1917 2617 2105 2670 audie-

521 2710 701 2770 batur,
733 2706 858 2775 quia
889 2717 947 2762 ut
993 2717 1216 2776 putatur
1264 2721 1334 2760 ex
1367 2705 1466 2766 Dei
1501 2706 1842 2776 providentia
1897 2706 2100 2762 innote-

519 2813 671 2853 scere
701 2798 884 2853 volens
941 2797 1210 2852 universis
1253 2797 1536 2867 cooperari
1587 2797 1758 2852 Deum
1809 2797 1859 2851 in
1913 2806 2104 2851 sancto

517 2903 619 2942 suo
648 2888 906 2942 virtutum
951 2887 1322 2948 incrementis,
1367 2887 1564 2956 quibus
1597 2888 1806 2942 valebat
1835 2897 2104 2958 protesta-

2208 1762 2430 1820 fcssoris
2461 1770 2678 1826 merita.

2277 1855 2525 1928 Cumque
2576 1862 2806 1916 necdum
2837 1863 2997 1918 {idem
3029 1865 3188 1920 dictis
3215 1867 3498 1924 adhiberet
3527 1869 3806 1940 archiepi-

2207 1964 2424 2019 scopus.
2457 1951 2582 2006 fecit
2615 1955 2848 2023 experiri
2891 1956 3047 2010 factis
3097 1956 3198 2012 hoc
3231 1958 3390 2014 modo
3437 1974 3550 2013 rem
3575 1976 3800 2014 omnem

2209 2037 2548 2108 diligentius.
2581 2039 2954 2098 Cncurrcrunt
2982 2045 3164 2100 statim
3205 2047 3310 2101 duo
3331 2063 3397 2102 ex
3421 2049 3798 2112 cubicuiariis,

2207 2134 2634 2202 etarripuerunt
2683 2153 2841 2206 quem
2873 2139 3192 2196 invenerunt
3241 2141 3514 2210 jacentem
3573 2145 3626 2198 in
3673 2161 3804 2215 por-

2211 2223 2316 2276 ticu
2351 2223 2666 2281 debiliorem
2687 2229 2915 2288 etelet'is,
2945 2247 3048 2284 non
3080 2231 3398 2286 dissimilem
3427 2233 3598 2296 iilius,
3623 2251 3792 2303 quem

2209 2317 2594 2387 descripsimus
2643 2321 2694 2372 itt
2747 2321 3006 2376 virtutqu
3047 2325 3305 2379 exordiis.
3348 2325 3502 2382 llunc
3533 2327 3800 2394 deporta-

2212 2415 2321 2458 tum
2355 2423 2536 2461 coram
2596 2412 2766 2464 sancti
2823 2413 3109 2480 praesentia
3171 2414 3220 2468 in
3273 2415 3644 2483 pavimentum
3675 2431 3802 2485 pro-

2201 2495 2473 2564 jeccrunt,
2543 2501 2688 2554 velut
2727 2504 3019 2568 sarcinam,
3077 2521 3182 2559 ιιιτιι
3231 2519 3287 2560 se
3321 2507 3534 2576 penitus
3575 2523 3802 2562 movere.

2207 2588 2478 2644 valentem
2514 2590 2564 2644 in
2625 2601 2780 2662 parte
2807 2593 2998 2648 altera.
3033 2595 3254 2650 Videres
3295 2595 3436 2650 illico
3467 2597 3646 2650 divina
3684 2597 3802 2650 vir-

2208 2689 2324 2736 tute
2378 2681 2627 2753 dissipati
2689 2688 2932 2740 tuetubra
2995 2689 3286 2759 compingi,
3337 2703 3538 2744 nervos
3577 2690 3800 2760 stringi,

2201 2770 2354 2842 iungi
2417 2788 2566 2838 ossa,
2617 2775 2877 2846 compleri
2920 2777 3126 2832 viscera
3155 2818 3170 2839 ,
3229 2778 3538 2833 valetudine
3585 2779 3798 2833 ﬁrmari

2207 2863 2418 2932 singula
2453 2867 2716 2920 membra.
2775 2866 2874 2934 Qui
2923 2868 3182 2938 paulatim
3213 2885 3272 2924 se
3331 2870 3652 2940 suberigcns
3701 2887 3803 2940 ap-

521 2983 682 3036 batur
739 2981 977 3036 indiciis.
1029 2979 1441 3052 Suspicautibus
1490 2996 1620 3036 vero
1664 2981 1987 3051 quibusdam
2036 2996 2104 3036 ne

2219 2958 2474 3023 prehenso
2519 2975 2686 3014 cornu
2717 2961 2908 3016 altaris
2963 2962 3016 3016 in
3073 2965 3238 3033 pedes
3287 2966 3553 3030 constitit,
3611 2967 3804 3035 sicque

519 3073 683 3140 forte,
707 3083 766 3128 ttt
789 3083 872 3130 est
895 3089 1012 3128 mos
1044 3072 1267 3128 humani
1315 3072 1540 3144 ingenii,
1587 3073 1694 3128 hoc
1722 3087 1886 3141 opere
1917 3071 2104 3140 cujus~

520 3184 684 3238 quam
719 3167 948 3222 latenter
973 3166 1147 3232 ﬁeret,
1179 3179 1403 3220 ascensa
1435 3166 1567 3218 tttrri
1593 3163 1769 3220 editus
1797 3163 1872 3218 nil
1905 3163 2106 3232 reperit

518 3259 662 3334 quod
727 3257 1033 3329 hujusmodi
1089 3257 1340 3312 fictilium
1386 3256 1829 3326 reprehenderet.
1881 3253 2105 3326 Vulgata

520 3371 652 3425 ergo
697 3355 839 3409 fama
899 3354 1055 3406 unius
1101 3351 1328 3408 salutem
1381 3351 1773 3420 recuperautis,
1816 3365 2102 3414 caecorum,

521 3446 862 3508 claudor-unt,
892 3446 1166 3498 aridorum
1227 3441 1488 3497 conﬂuxit
1517 3457 1640 3498 mox
1694 3429 1980 3498 multitudo
2009 3440 2106 3496 mi-

522 3539 791 3604 serabilis,
838 3554 902 3591 ex
955 3537 1150 3606 quibus
1183 3535 1382 3590 multos
1423 3534 1598 3605 palam
1653 3534 1755 3588 l‘uit
1802 3534 2011 3596 videre,
2039 3549 2107 3586 ex

519 3629 754 3685 diversis
781 3628 962 3697 regnis
989 3627 1342 3697 praesentibus
1369 3625 1514 3680 dicto
1561 3624 1722 3680 citius
1749 3624 1958 3694 restitui
1991 3623 2106 3694 pri-

523 3722 680 3776 stinae
729 3720 972 3778 sanitati.
1023 3717 1399 3785 gloriosissimi
1456 3717 1666 3784 patroni
1699 3715 2105 3776 meritisjuter-

525 3811 888 3867 venientibus.
920 3809 1053 3875 Quis
1087 3809 1364 3862 hominum
1397 3805 1670 3874 sigillatim
1703 3805 1876 3874 potuit
1917 3804 2106 3868 digno-

525 3920 678 3959 scere
715 3917 914 3974 gencra
973 3901 1266 3954 sanitatum
1317 3900 1368 3954 in
1422 3897 1652 3956 diversis
1690 3895 2102 3966 aegrotantibus,

525 4013 646 4068 qua:
695 3996 802 4052 illic
855 3995 1069 4051 ccelitus
1112 3993 1349 4050 exhibita
1391 3999 1518 4046 sunt
1561 3990 1760 4044 divinis
1797 3990 2106 4044 medicami-

525 4091 685 4144 nibus
710 4088 733 4142 τ
761 4088 919 4152 Nam,
947 4087 1089 4141 sicut
1117 4085 1303 4138 valens
1331 4081 1574 4152 medicus
1601 4097 1802 4151 gnarus
1822 4079 2107 4148 cujuslibet

521 4179 880 4254 mgritudinis,
909 4189 964 4230 ιιι
988 4176 1182 4244 cuique
1211 4176 1360 4229 novit
1391 4173 1668 4243 prodesse,
1707 4171 1981 4240 potionem
2013 4177 2106 4222 aut

523 4272 824 4328 antidotum
854 4267 1082 4338 porrigit
1138 4265 1412 4330 invalidis,
1446 4264 1524 4318 sic
1556 4263 1738 4320 divina
1785 4261 1958 4331 gratia
1989 4260 2105 4328 qui-

2209 3051 2485 3104 t'ormosus
2538 3051 2682 3106 facie
2738 3061 2794 3106 et
2844 3055 3163 3110 habitudine
3209 3056 3347 3112 alter
3397 3045 3802 3127 quodammodo

2208 3155 2373 3208 quam
2395 3141 2682 3195 videbatur
2703 3144 2976 3211 apparuit.

2279 3233 2407 3288 Ilaec.
2449 3249 2554 3288 non
2589 3235 2691 3290 nisi
2718 3235 2829 3290 visa
2867 3236 3160 3292 scribimus
3190 3254 3203 3302 ;
3259 3252 3379 3306 qua:
3407 3240 3622 3308 pariter
3649 3241 3803 3296 vide-

2207 3336 2336 3379 runt
2359 3325 2526 3380 millia
2567 3327 2748 3397 populi
2781 3345 2846 3382 ex
2870 3329 3101 3384 diversis
3125 3329 3460 3387 nationibus.

2756 3459 2985 3516 CAPUT
3029 3461 3242 3519 XXVII.

2207 3571 2346 3626 Dum
2382 3589 2505 3646 pro,
2555 3575 2637 3628 Itis
2707 3575 2894 3642 pendet
2953 3576 3007 3628 in
3055 3575 3216 3629 dubio
3281 3577 3489 3630 animus
3543 3577 3680 3646 regis
3750 3585 3798 3630 et

2277 3645 2673 3712 archiepiscopi,
2699 3646 2914 3766 auidum
2944 3647 2998 3698 in
3029 3647 3307 3714 prcesenlia
3353 3645 3796 3715 ipsorumdefert

2279 3713 2524 3766 baculum
2567 3731 2696 3766 vara
2721 3715 2846 3766 utici
2892 3717 3060 3766 curati
3093 3716 3188 3766 sub
3233 3717 3568 3766 attestatione
3609 3718 3796 3766 canitis

2279 3713 2524 3796 baculum
2566 3713 2846 3784 paralytici
2892 3713 3060 3768 curati
3093 3716 3188 3770 sub
3233 3713 3568 3770 attestatioue
3609 3713 3800 3787 capitis

2275 3800 2379 3836 sm.

2277 3894 2530 3950 Nuntiata
2560 3905 2684 3952 sunt
2730 3897 2846 3952 haec
2878 3898 2948 3952 ita
2991 3915 3049 3953 se
3078 3901 3280 3954 habere
3309 3899 3420 3968 regi
3450 3908 3506 3953 et
3529 3899 3801 3969 archiepi-

2207 4003 2371 4058 scopo
2398 4030 2412 4054 ,
2455 3999 2678 4060 propter
2741 4005 2863 4058 qute
2925 3992 3196 4060 pendebat
3242 4007 3430 4045 eorum
3480 3991 3702 4045 animus
3747 3993 3798 4044 in

2207 4080 2392 4134 dubio.
2421 4082 2610 4135 Astitit
2640 4082 2846 4136 interea
2895 4083 2948 4136 in
2990 4083 3169 4154 medio
3215 4083 3455 4152 quidam,
3501 4080 3664 4150 cujus
3701 4097 3798 4136 no—

2207 4187 2328 4226 men
2369 4174 2592 4237 cxcidit,
2627 4175 2692 4230 de
2735 4175 3049 4238 curialibus,
3101 4173 3505 4243 ostendensque
3533 4179 3638 4244 p'ro
3664 4183 3802 4228 teste

2205 4266 2456 4322 baculum
2485 4285 2497 4320 :
2532 4267 2631 4333 En,
2683 4267 2874 4336 inquit.
2905 4268 3010 4321 hoc
3059 4267 3315 4321 indicium
3349 4265 3568 4319 virtutis
3613 4264 3800 4335 accepi

523 4369 622 4420 bus
663 4363 862 4433 placuit
913 4360 1134 4416 curleste
1188 4358 1642 4414 medicamentum
1699 4355 1894 4410 inludit
1945 4357 2104 4408 adve-
2140 4350 2186 4410 D
2210 4359 2279 4412 ab
2327 4375 2434 4412 uno
2467 4360 2556 4428 qui
2602 4369 2718 4412 erat
2753 4358 3104 4428 paralyticos,
3135 4373 3296 4428 quem
3323 4373 3508 4412 coram
3539 4357 3802 4413 divinitus

527 4455 798 4508 aientibus
829 4450 1077 4521 singulis.
1112 4449 1212 4516 Qui
1239 4447 1431 4504 alienis
1476 4447 1684 4502 advecti
1733 4445 1947 4500 fuerant
1993 4461 2106 4498 ma—

527 4548 685 4602 nibus
738 4546 804 4598 ad
859 4561 954 4599 sua
1003 4542 1239 4612 propriis
1279 4540 1596 4596 remeabant
1631 4540 1926 4609 gressibus.
1974 4537 2112 4603 Quis

526 4636 638 4690 illic
687 4643 870 4688 tenere
901 4649 959 4686 se
989 4634 1156 4700 potuit
1191 4647 1220 4684 a
1273 4631 1366 4686 Dei
1422 4629 1714 4683 laudibus?
1757 4627 2016 4691 Ecclesia,
2049 4635 2106 4680 ttt

525 4727 784 4786 diximus,
817 4738 1200 4791 usquequaque
1245 4722 1399 4791 plena
1431 4730 1549 4774 erat
1591 4719 1699 4772 Deo
1749 4718 1952 4787 gratias
1997 4717 2106 4772 cla-

531 4819 791 4873 mantiqu
812 4815 1418 4885 congratulantiumque
1450 4813 1690 4868 vocibus.

1082 4949 1307 5005 CAPUT
1359 4949 1551 5003 XXVI.

525 5045 838 5100 Contractus
883 5041 1098 5113 quidam
1145 5041 1199 5093 in
1247 5051 1431 5113 crypta
1475 5039 1714 5113 epispr
1744 5035 2106 5113 Cameracenai

599 5125 849 5169 ura’sente
877 5107 1119 5182 erigitur,
1142 5119 1193 5182 et
1233 5107 1365 5162 altar
1399 5107 1636 5182 debitior
1665 5109 1868 5182 ueteris
1897 5126 1927 5159 ιι
1959 5107 2076 5182 rubi
2093 5135 2108 5182 τ

598 5185 816 5239 culariis
839 5176 1043 5238 duobus
1065 5181 1268 5234 delatus
1293 5195 1468 5232 coram
1497 5179 1636 5231 omni
1657 5177 1846 5248 papula
1871 5176 2108 5246 sospitati

601 5255 854 5309 redditur.

1164 5345 1258 5370 τὶ,ιῖ
1291 5342 1650 5370 ΛΑηρΛῆρ-ΛκΛ-νι
1697 5347 1978 5370 Μιρ.ιεηηη
2013 5359 2073 5370 Α..

2208 4451 2388 4505 sanari
2417 4459 2470 4505 et
2499 4451 2722 4506 exsilire
2751 4451 2854 4504 vidi
2885 4450 3128 4520 utrisque
3159 4449 3404 4518 pedibus.

2276 4543 2408 4608 Quis
2451 4557 2578 4597 vero
2609 4550 2784 4611 potest
2829 4555 2948 4595 esse
2997 4550 3104 4594 tam
3154 4553 3380 4594 aversus
3420 4554 3452 4592 a
3485 4553 3640 4600 vero,
3691 4546 3804 4592 tam

2209 4646 2388 4691 mente
2435 4645 2646 4706 captus,
2693 4636 2784 4705 qui
2827 4645 2985 4706 neget
3031 4637 3143 4690 haec
3171 4637 3350 4691 omnia
3383 4649 3502 4703 quae
3539 4635 3800 4700 vidimus,

2212 4729 2318 4783 into
2347 4729 2463 4783 sine
2506 4729 2600 4782 Dei
2649 4739 2779 4781 nutu
2813 4743 2875 4782 ac
2907 4737 3174 4796 pctcstate
3204 4727 3574 4781 administrari
3622 4727 3806 4781 credi-

2210 4843 2348 4882 mus.
2379 4827 2492 4881 Non
2522 4836 2604 4881 est
2634 4841 2832 4888 mettm,
2855 4841 2889 4880 0
2915 4841 3030 4887 rex.
3059 4835 3111 4879 te
3135 4825 3354 4890 fallere;
3383 4824 3428 4878 si
3449 4823 3580 4893 quid
3607 4823 3666 4876 in
3695 4821 3802 4877 huc

2209 4921 2462 4986 mentior,
2487 4930 2646 4990 caput
2679 4935 2742 4973 ex
2783 4933 2869 4973 me
2894 4917 3130 4986 acceipe.

2748 5056 2972 5114 CAPUT
3011 5051 3242 5108 XXVIII.

2211 5174 2602 5230 Cameracensis
2646 5172 2914 5240 epist-Opus
2951 5169 3222 5241 utriusque
3264 5163 3374 5217 visa
3419 5160 3720 5241 denuntiat,
3749 5170 3800 5212 et

2282 5245 2390 5314 regi
2437 5237 2682 5297 exterrito
2729 5237 3145 5314 archiepiscopus
3198 5237 3388 5288 bonum
3439 5237 3664 5284 restituit
3705 5245 3802 5300 per

2284 5309 2530 5370 baculum
2560 5330 2709 5370 quem
2739 5327 2896 5363 manu
2927 5309 3127 5361 tenebat
