  <div class='ocr_page' id='page_1' title='image "/cluster/home/n/w/nwhite01/storage/ocr_20150623/149/hvd.32044015473770/170.png"; bbox 0 0 4026 5370; ppageno 0'>
   <div class='ocr_carea' id='block_1_1' title="bbox 195 161 298 220">
    <p class='ocr_par' dir='ltr' id='par_1_1' title="bbox 195 161 298 220">
     <span class='ocr_line' id='line_1_1' title="bbox 195 161 298 220; baseline 0 -1"><span class='ocrx_word' id='word_1_1' title='bbox 195 161 298 220; x_wconf 74' lang='lat'><strong>5&#39;29</strong></span> 
     </span>
    </p>
   </div>
   <div class='ocr_carea' id='block_1_2' title="bbox 1233 153 2442 214">
    <p class='ocr_par' dir='ltr' id='par_1_2' title="bbox 1233 153 2442 214">
     <span class='ocr_line' id='line_1_2' title="bbox 1233 153 2442 214; baseline 0.001 -3"><span class='ocrx_word' id='word_1_2' title='bbox 1233 153 1640 214; x_wconf 74' lang='lat' dir='ltr'><strong>TRIUMPIIUS</strong></span> <span class='ocrx_word' id='word_1_3' title='bbox 1674 155 1736 212; x_wconf 82' lang='lat' dir='ltr'><strong>S.</strong></span> <span class='ocrx_word' id='word_1_4' title='bbox 1777 153 2104 214; x_wconf 78' lang='lat' dir='ltr'><strong>REMACLI.</strong></span> <span class='ocrx_word' id='word_1_5' title='bbox 2137 189 2205 198; x_wconf 87' lang='lat'><strong>——</strong></span> <span class='ocrx_word' id='word_1_6' title='bbox 2229 156 2358 212; x_wconf 83' lang='lat' dir='ltr'><strong>LIB.</strong></span> <span class='ocrx_word' id='word_1_7' title='bbox 2399 157 2442 212; x_wconf 88' lang='lat' dir='ltr'><strong>ll</strong></span> 
     </span>
    </p>
   </div>
   <div class='ocr_carea' id='block_1_3' title="bbox 3371 163 3481 222">
    <p class='ocr_par' dir='ltr' id='par_1_3' title="bbox 3371 163 3481 222">
     <span class='ocr_line' id='line_1_3' title="bbox 3371 163 3481 222; baseline -0.027 0"><span class='ocrx_word' id='word_1_8' title='bbox 3371 163 3481 222; x_wconf 67' lang='lat' dir='ltr'><strong>33ft</strong></span> 
     </span>
    </p>
   </div>
   <div class='ocr_carea' id='block_1_4' title="bbox 195 249 3484 344">
    <p class='ocr_par' dir='ltr' id='par_1_4' title="bbox 195 249 3484 344">
     <span class='ocr_line' id='line_1_4' title="bbox 195 249 3484 344; baseline 0.003 -19"><span class='ocrx_word' id='word_1_9' title='bbox 195 249 840 344; x_wconf 48' lang='lat' dir='ltr'><strong>episcopnsmadvcnicns</strong></span> <span class='ocrx_word' id='word_1_10' title='bbox 893 267 1162 324; x_wconf 88' lang='lat' dir='ltr'><strong>admissus</strong></span> <span class='ocrx_word' id='word_1_11' title='bbox 1217 277 1302 322; x_wconf 89' lang='lat' dir='ltr'><strong>est</strong></span> <span class='ocrx_word' id='word_1_12' title='bbox 1329 308 1344 334; x_wconf 92' lang='lat'><strong>,</strong></span> <span class='ocrx_word' id='word_1_13' title='bbox 1399 284 1520 336; x_wconf 68' lang='lat' dir='ltr'><strong>qua:</strong></span> <span class='ocrx_word' id='word_1_14' title='bbox 1575 269 1786 324; x_wconf 76' lang='lat' dir='ltr'><strong>viderat</strong></span> <span class='ocrx_word' id='word_1_15' title='bbox 1819 279 1863 336; x_wconf 79' lang='grc' dir='ltr'><strong><em>Α</em></strong></span> <span class='ocrx_word' id='word_1_16' title='bbox 1895 269 2180 344; x_wconf 77' lang='lat' dir='ltr'><strong>burgensis</strong></span> <span class='ocrx_word' id='word_1_17' title='bbox 2211 271 2296 325; x_wconf 86' lang='lat' dir='ltr'><strong>bis</strong></span> <span class='ocrx_word' id='word_1_18' title='bbox 2329 269 2551 344; x_wconf 76' lang='lat' dir='ltr'><strong>verbis:</strong></span> <span class='ocrx_word' id='word_1_19' title='bbox 2588 289 2617 344; x_wconf 73' lang='lat' dir='ltr'><strong>t_</strong></span> <span class='ocrx_word' id='word_1_20' title='bbox 2645 271 2904 328; x_wconf 79' lang='lat' dir='ltr'><strong>Attonitis</strong></span> <span class='ocrx_word' id='word_1_21' title='bbox 2929 271 3181 328; x_wconf 67' lang='lat' dir='ltr'><strong>(minibus</strong></span> <span class='ocrx_word' id='word_1_22' title='bbox 3212 282 3376 332; x_wconf 76' lang='lat' dir='ltr'><strong>tanta:</strong></span> <span class='ocrx_word' id='word_1_23' title='bbox 3403 280 3484 336; x_wconf 89' lang='lat' dir='ltr'><strong>rei</strong></span> 
     </span>
    </p>
   </div>
   <div class='ocr_carea' id='block_1_5' title="bbox 193 359 1788 426">
    <p class='ocr_par' dir='ltr' id='par_1_5' title="bbox 193 359 1788 426">
     <span class='ocr_line' id='line_1_5' title="bbox 193 359 1788 426; baseline -0.001 -10"><span class='ocrx_word' id='word_1_24' title='bbox 193 363 377 418; x_wconf 83' lang='lat' dir='ltr'><strong>verbis</strong></span> <span class='ocrx_word' id='word_1_25' title='bbox 403 362 744 418; x_wconf 72' lang='lat' dir='ltr'><strong>evidentibus</strong></span> <span class='ocrx_word' id='word_1_26' title='bbox 775 375 960 416; x_wconf 85' lang='lat' dir='ltr'><strong>coram</strong></span> <span class='ocrx_word' id='word_1_27' title='bbox 989 361 1236 415; x_wconf 80' lang='lat' dir='ltr'><strong>elocutus</strong></span> <span class='ocrx_word' id='word_1_28' title='bbox 1260 369 1362 415; x_wconf 89' lang='lat' dir='ltr'><strong>est.</strong></span> <span class='ocrx_word' id='word_1_29' title='bbox 1389 359 1508 416; x_wconf 80' lang='lat' dir='ltr'><strong>Non</strong></span> <span class='ocrx_word' id='word_1_30' title='bbox 1553 371 1637 416; x_wconf 89' lang='lat' dir='ltr'><strong>cst</strong></span> <span class='ocrx_word' id='word_1_31' title='bbox 1669 361 1788 426; x_wconf 89' lang='lat' dir='ltr'><strong>tibi,</strong></span> 
     </span>
    </p>
   </div>
   <div class='ocr_carea' id='block_1_6' title="bbox 193 453 1792 524">
    <p class='ocr_par' dir='ltr' id='par_1_6' title="bbox 193 453 1792 524">
     <span class='ocr_line' id='line_1_6' title="bbox 193 453 1792 524; baseline 0 -14"><span class='ocrx_word' id='word_1_32' title='bbox 193 456 290 522; x_wconf 90' lang='lat' dir='ltr'><strong>ait,</strong></span> <span class='ocrx_word' id='word_1_33' title='bbox 339 456 476 510; x_wconf 89' lang='lat' dir='ltr'><strong>utile</strong></span> <span class='ocrx_word' id='word_1_34' title='bbox 529 453 854 518; x_wconf 80' lang='lat' dir='ltr'><strong>sedendum,</strong></span> <span class='ocrx_word' id='word_1_35' title='bbox 907 453 1124 508; x_wconf 88' lang='lat' dir='ltr'><strong>domine</strong></span> <span class='ocrx_word' id='word_1_36' title='bbox 1163 453 1236 506; x_wconf 88' lang='lat' dir='ltr'><strong>mi</strong></span> <span class='ocrx_word' id='word_1_37' title='bbox 1284 467 1380 508; x_wconf 76' lang='lat' dir='ltr'><strong>rex</strong></span> <span class='ocrx_word' id='word_1_38' title='bbox 1419 493 1434 518; x_wconf 94' lang='lat'><strong>,</strong></span> <span class='ocrx_word' id='word_1_39' title='bbox 1479 455 1602 524; x_wconf 89' lang='lat' dir='ltr'><strong>quia</strong></span> <span class='ocrx_word' id='word_1_40' title='bbox 1647 456 1792 524; x_wconf 91' lang='lat' dir='ltr'><strong>quod</strong></span> 
     </span>
    </p>
   </div>
   <div class='ocr_carea' id='block_1_7' title="bbox 193 546 1790 616">
    <p class='ocr_par' dir='ltr' id='par_1_7' title="bbox 193 546 1790 616">
     <span class='ocr_line' id='line_1_7' title="bbox 193 546 1790 616; baseline 0 -14"><span class='ocrx_word' id='word_1_41' title='bbox 193 557 212 602; x_wconf 90' lang='lat' dir='ltr'><strong>t</strong></span> <span class='ocrx_word' id='word_1_42' title='bbox 251 549 416 602; x_wconf 88' lang='lat' dir='ltr'><strong>ndem</strong></span> <span class='ocrx_word' id='word_1_43' title='bbox 443 564 505 604; x_wconf 88' lang='lat' dir='ltr'><strong>es</strong></span> <span class='ocrx_word' id='word_1_44' title='bbox 535 548 808 613; x_wconf 84' lang='lat' dir='ltr'><strong>facturus,</strong></span> <span class='ocrx_word' id='word_1_45' title='bbox 833 547 998 602; x_wconf 87' lang='lat' dir='ltr'><strong>credo</strong></span> <span class='ocrx_word' id='word_1_46' title='bbox 1023 546 1198 603; x_wconf 86' lang='lat' dir='ltr'><strong>serius</strong></span> <span class='ocrx_word' id='word_1_47' title='bbox 1239 561 1400 616; x_wconf 90' lang='lat' dir='ltr'><strong>quam</strong></span> <span class='ocrx_word' id='word_1_48' title='bbox 1431 547 1570 602; x_wconf 83' lang='lat' dir='ltr'><strong>velis</strong></span> <span class='ocrx_word' id='word_1_49' title='bbox 1601 547 1790 602; x_wconf 92' lang='lat' dir='ltr'><strong>facies.</strong></span> 
     </span>
    </p>
   </div>
   <div class='ocr_carea' id='block_1_8' title="bbox 189 638 1792 710">
    <p class='ocr_par' dir='ltr' id='par_1_8' title="bbox 189 638 1792 710">
     <span class='ocr_line' id='line_1_8' title="bbox 189 638 1792 710; baseline 0.002 -17"><span class='ocrx_word' id='word_1_50' title='bbox 189 638 426 698; x_wconf 82' lang='lat' dir='ltr'><strong>Noveris</strong></span> <span class='ocrx_word' id='word_1_51' title='bbox 497 641 634 696; x_wconf 77' lang='lat' dir='ltr'><strong>duos</strong></span> <span class='ocrx_word' id='word_1_52' title='bbox 687 639 810 694; x_wconf 89' lang='lat' dir='ltr'><strong>illos</strong></span> <span class='ocrx_word' id='word_1_53' title='bbox 870 639 1110 694; x_wconf 76' lang='lat' dir='ltr'><strong>cmlestis</strong></span> <span class='ocrx_word' id='word_1_54' title='bbox 1183 639 1528 710; x_wconf 74' lang='lat' dir='ltr'><strong>imperatoris</strong></span> <span class='ocrx_word' id='word_1_55' title='bbox 1591 640 1792 697; x_wconf 82' lang='lat' dir='ltr'><strong>milites</strong></span> 
     </span>
    </p>
   </div>
   <div class='ocr_carea' id='block_1_9' title="bbox 191 731 1792 803">
    <p class='ocr_par' dir='ltr' id='par_1_9' title="bbox 191 731 1792 803">
     <span class='ocr_line' id='line_1_9' title="bbox 191 731 1792 803; baseline 0.001 -19"><span class='ocrx_word' id='word_1_56' title='bbox 191 747 386 800; x_wconf 77' lang='lat' dir='ltr'><strong>graves</strong></span> <span class='ocrx_word' id='word_1_57' title='bbox 433 741 599 803; x_wconf 85' lang='lat' dir='ltr'><strong>super</strong></span> <span class='ocrx_word' id='word_1_58' title='bbox 645 739 696 787; x_wconf 88' lang='lat' dir='ltr'><strong>te</strong></span> <span class='ocrx_word' id='word_1_59' title='bbox 743 741 936 786; x_wconf 81' lang='lat' dir='ltr'><strong>causas</strong></span> <span class='ocrx_word' id='word_1_60' title='bbox 989 731 1132 786; x_wconf 88' lang='lat' dir='ltr'><strong>inter</strong></span> <span class='ocrx_word' id='word_1_61' title='bbox 1177 745 1238 786; x_wconf 88' lang='lat' dir='ltr'><strong>se</strong></span> <span class='ocrx_word' id='word_1_62' title='bbox 1280 741 1526 802; x_wconf 78' lang='lat' dir='ltr'><strong>agentes,</strong></span> <span class='ocrx_word' id='word_1_63' title='bbox 1577 739 1632 786; x_wconf 89' lang='lat' dir='ltr'><strong>et</strong></span> <span class='ocrx_word' id='word_1_64' title='bbox 1661 731 1792 802; x_wconf 90' lang='lat' dir='ltr'><strong>quia</strong></span> 
     </span>
    </p>
   </div>
   <div class='ocr_carea' id='block_1_10' title="bbox 193 821 1792 894">
    <p class='ocr_par' dir='ltr' id='par_1_10' title="bbox 193 821 1792 894">
     <span class='ocr_line' id='line_1_10' title="bbox 193 821 1792 894; baseline 0.001 -18"><span class='ocrx_word' id='word_1_65' title='bbox 193 821 360 879; x_wconf 82' lang='lat' dir='ltr'><strong>timeo</strong></span> <span class='ocrx_word' id='word_1_66' title='bbox 407 825 506 882; x_wconf 89' lang='lat' dir='ltr'><strong>tibi</strong></span> <span class='ocrx_word' id='word_1_67' title='bbox 551 825 842 880; x_wconf 80' lang='lat' dir='ltr'><strong>imminens</strong></span> <span class='ocrx_word' id='word_1_68' title='bbox 887 821 1222 894; x_wconf 87' lang='lat' dir='ltr'><strong>perieulum,</strong></span> <span class='ocrx_word' id='word_1_69' title='bbox 1269 824 1620 880; x_wconf 75' lang='lat' dir='ltr'><strong>nuntiaturus</strong></span> <span class='ocrx_word' id='word_1_70' title='bbox 1665 824 1792 878; x_wconf 85' lang='lat' dir='ltr'><strong>inde</strong></span> 
     </span>
    </p>
   </div>
   <div class='ocr_carea' id='block_1_11' title="bbox 191 915 1792 1000">
    <p class='ocr_par' dir='ltr' id='par_1_11' title="bbox 191 915 1792 1000">
     <span class='ocr_line' id='line_1_11' title="bbox 191 915 1792 1000; baseline 0.002 -31"><span class='ocrx_word' id='word_1_71' title='bbox 191 917 352 974; x_wconf 85' lang='lat' dir='ltr'><strong>venio</strong></span> <span class='ocrx_word' id='word_1_72' title='bbox 377 919 482 974; x_wconf 85' lang='lat' dir='ltr'><strong>tibi</strong></span> <span class='ocrx_word' id='word_1_73' title='bbox 517 933 710 974; x_wconf 72' lang='lat' dir='ltr'><strong>sarium</strong></span> <span class='ocrx_word' id='word_1_74' title='bbox 755 916 1062 974; x_wconf 83' lang='lat' dir='ltr'><strong>consilium.</strong></span> <span class='ocrx_word' id='word_1_75' title='bbox 1095 915 1228 972; x_wconf 88' lang='lat' dir='ltr'><strong>Sine</strong></span> <span class='ocrx_word' id='word_1_76' title='bbox 1256 931 1430 981; x_wconf 84' lang='lat' dir='ltr'><strong>mora,</strong></span> <span class='ocrx_word' id='word_1_77' title='bbox 1477 915 1526 972; x_wconf 91' lang='lat' dir='ltr'><strong>si</strong></span> <span class='ocrx_word' id='word_1_78' title='bbox 1573 915 1792 1000; x_wconf 32' lang='lat' dir='ltr'><strong>non&#39;vis</strong></span> 
     </span>
    </p>
   </div>
   <div class='ocr_carea' id='block_1_12' title="bbox 191 1009 1789 1082">
    <p class='ocr_par' dir='ltr' id='par_1_12' title="bbox 191 1009 1789 1082">
     <span class='ocr_line' id='line_1_12' title="bbox 191 1009 1789 1082; baseline -0.002 -16"><span class='ocrx_word' id='word_1_79' title='bbox 191 1009 370 1080; x_wconf 80' lang='lat' dir='ltr'><strong>perire</strong></span> <span class='ocrx_word' id='word_1_80' title='bbox 398 1053 416 1078; x_wconf 94' lang='lat'><strong>,</strong></span> <span class='ocrx_word' id='word_1_81' title='bbox 466 1019 592 1082; x_wconf 63' lang='lat' dir='ltr'><strong>quae</strong></span> <span class='ocrx_word' id='word_1_82' title='bbox 639 1010 836 1080; x_wconf 81' lang='lat' dir='ltr'><strong>injuste</strong></span> <span class='ocrx_word' id='word_1_83' title='bbox 905 1009 1076 1065; x_wconf 84' lang='lat' dir='ltr'><strong>taliin</strong></span> <span class='ocrx_word' id='word_1_84' title='bbox 1137 1021 1332 1067; x_wconf 86' lang='lat' dir='ltr'><strong>sancto</strong></span> <span class='ocrx_word' id='word_1_85' title='bbox 1380 1024 1478 1066; x_wconf 88' lang='lat' dir='ltr'><strong>sua</strong></span> <span class='ocrx_word' id='word_1_86' title='bbox 1543 1010 1789 1066; x_wconf 81' lang='lat' dir='ltr'><strong>restitue.</strong></span> 
     </span>
    </p>
   </div>
   <div class='ocr_carea' id='block_1_13' title="bbox 187 1099 1790 1174">
    <p class='ocr_par' dir='ltr' id='par_1_13' title="bbox 187 1099 1790 1174">
     <span class='ocr_line' id='line_1_13' title="bbox 187 1099 1790 1174; baseline 0.001 -19"><span class='ocrx_word' id='word_1_87' title='bbox 187 1099 510 1174; x_wconf 73' lang='lat' dir='ltr'><strong>Adiungunt</strong></span> <span class='ocrx_word' id='word_1_88' title='bbox 537 1119 600 1160; x_wconf 90' lang='lat' dir='ltr'><strong>se</strong></span> <span class='ocrx_word' id='word_1_89' title='bbox 645 1104 772 1160; x_wconf 87' lang='lat' dir='ltr'><strong>buic</strong></span> <span class='ocrx_word' id='word_1_90' title='bbox 819 1113 928 1158; x_wconf 79' lang='lat' dir='ltr'><strong>tam</strong></span> <span class='ocrx_word' id='word_1_91' title='bbox 961 1103 1202 1174; x_wconf 84' lang='lat' dir='ltr'><strong>episcopi</strong></span> <span class='ocrx_word' id='word_1_92' title='bbox 1251 1117 1416 1174; x_wconf 86' lang='lat' dir='ltr'><strong>quam</strong></span> <span class='ocrx_word' id='word_1_93' title='bbox 1456 1101 1624 1158; x_wconf 85' lang='lat' dir='ltr'><strong>duces</strong></span> <span class='ocrx_word' id='word_1_94' title='bbox 1667 1117 1790 1158; x_wconf 89' lang='lat' dir='ltr'><strong>cum</strong></span> 
     </span>
    </p>
   </div>
   <div class='ocr_carea' id='block_1_14' title="bbox 189 1195 1791 1272">
    <p class='ocr_par' dir='ltr' id='par_1_14' title="bbox 189 1195 1791 1272">
     <span class='ocr_line' id='line_1_14' title="bbox 189 1195 1791 1272; baseline 0.002 -20"><span class='ocrx_word' id='word_1_95' title='bbox 189 1195 568 1268; x_wconf 80' lang='lat' dir='ltr'><strong>cubiculariis,</strong></span> <span class='ocrx_word' id='word_1_96' title='bbox 623 1202 766 1258; x_wconf 86' lang='lat' dir='ltr'><strong>idem</strong></span> <span class='ocrx_word' id='word_1_97' title='bbox 809 1201 1166 1272; x_wconf 81' lang='lat' dir='ltr'><strong>deprecantes</strong></span> <span class='ocrx_word' id='word_1_98' title='bbox 1209 1201 1328 1257; x_wconf 84' lang='lat' dir='ltr'><strong>lleri</strong></span> <span class='ocrx_word' id='word_1_99' title='bbox 1375 1215 1484 1257; x_wconf 86' lang='lat' dir='ltr'><strong>non</strong></span> <span class='ocrx_word' id='word_1_100' title='bbox 1523 1201 1664 1258; x_wconf 81' lang='lat' dir='ltr'><strong>ﬁctis</strong></span> <span class='ocrx_word' id='word_1_101' title='bbox 1713 1200 1791 1256; x_wconf 79' lang='lat' dir='ltr'><strong>la-</strong></span> 
     </span>
    </p>
   </div>
   <div class='ocr_carea' id='block_1_15' title="bbox 187 1293 418 1362">
    <p class='ocr_par' dir='ltr' id='par_1_15' title="bbox 187 1293 418 1362">
     <span class='ocr_line' id='line_1_15' title="bbox 187 1293 418 1362; baseline 0.017 -18"><span class='ocrx_word' id='word_1_102' title='bbox 187 1293 418 1362; x_wconf 71' lang='lat' dir='ltr'><strong>crymis.</strong></span> 
     </span>
    </p>
   </div>
   <div class='ocr_carea' id='block_1_16' title="bbox 261 1379 1790 1458">
    <p class='ocr_par' dir='ltr' id='par_1_16' title="bbox 261 1379 1790 1458">
     <span class='ocr_line' id='line_1_16' title="bbox 261 1379 1790 1458; baseline 0.003 -21"><span class='ocrx_word' id='word_1_103' title='bbox 261 1379 418 1441; x_wconf 83' lang='lat' dir='ltr'><strong>Tunc</strong></span> <span class='ocrx_word' id='word_1_104' title='bbox 472 1402 570 1442; x_wconf 78' lang='lat' dir='ltr'><strong>rex</strong></span> <span class='ocrx_word' id='word_1_105' title='bbox 635 1386 723 1440; x_wconf 76' lang='lat' dir='ltr'><strong>bis</strong></span> <span class='ocrx_word' id='word_1_106' title='bbox 792 1385 941 1440; x_wconf 84' lang='lat' dir='ltr'><strong>velut</strong></span> <span class='ocrx_word' id='word_1_107' title='bbox 1003 1385 1302 1442; x_wconf 82' lang='lat' dir='ltr'><strong>exterritus</strong></span> <span class='ocrx_word' id='word_1_108' title='bbox 1367 1401 1670 1458; x_wconf 75' lang='lat' dir='ltr'><strong>exsurgens</strong></span> <span class='ocrx_word' id='word_1_109' title='bbox 1721 1385 1790 1442; x_wconf 81' lang='lat' dir='ltr'><strong>de</strong></span> 
     </span>
    </p>
   </div>
   <div class='ocr_carea' id='block_1_17' title="bbox 191 1478 1786 1553">
    <p class='ocr_par' dir='ltr' id='par_1_17' title="bbox 191 1478 1786 1553">
     <span class='ocr_line' id='line_1_17' title="bbox 191 1478 1786 1553; baseline 0.003 -19"><span class='ocrx_word' id='word_1_110' title='bbox 191 1478 368 1548; x_wconf 62' lang='lat' dir='ltr'><strong>salio,</strong></span> <span class='ocrx_word' id='word_1_111' title='bbox 418 1496 832 1552; x_wconf 77' lang='lat' dir='ltr'><strong>conversusque</strong></span> <span class='ocrx_word' id='word_1_112' title='bbox 879 1481 946 1535; x_wconf 86' lang='lat' dir='ltr'><strong>ad</strong></span> <span class='ocrx_word' id='word_1_113' title='bbox 991 1482 1326 1552; x_wconf 82' lang='lat' dir='ltr'><strong>episcopum,</strong></span> <span class='ocrx_word' id='word_1_114' title='bbox 1371 1483 1486 1539; x_wconf 81' lang='lat' dir='ltr'><strong>Non</strong></span> <span class='ocrx_word' id='word_1_115' title='bbox 1533 1483 1786 1553; x_wconf 83' lang='lat' dir='ltr'><strong>amplius,</strong></span> 
     </span>
    </p>
   </div>
   <div class='ocr_carea' id='block_1_18' title="bbox 1895 341 3483 417">
    <p class='ocr_par' dir='ltr' id='par_1_18' title="bbox 1895 341 3483 417">
     <span class='ocr_line' id='line_1_18' title="bbox 1895 341 3483 417; baseline 0.008 -25"><span class='ocrx_word' id='word_1_116' title='bbox 1895 341 2156 417; x_wconf 75' lang='lat' dir='ltr'><strong>novitate,</strong></span> <span class='ocrx_word' id='word_1_117' title='bbox 2189 357 2282 395; x_wconf 77' lang='lat' dir='ltr'><strong>rex</strong></span> <span class='ocrx_word' id='word_1_118' title='bbox 2313 341 2507 396; x_wconf 85' lang='lat' dir='ltr'><strong>timore</strong></span> <span class='ocrx_word' id='word_1_119' title='bbox 2539 342 3018 417; x_wconf 72' lang='lat' dir='ltr'><strong>vebetiientissirtro</strong></span> <span class='ocrx_word' id='word_1_120' title='bbox 3061 357 3368 417; x_wconf 87' lang='lat' dir='ltr'><strong>correptus,</strong></span> <span class='ocrx_word' id='word_1_121' title='bbox 3391 364 3483 414; x_wconf 87' lang='lat' dir='ltr'><strong>ne,</strong></span> 
     </span>
    </p>
   </div>
   <div class='ocr_carea' id='block_1_19' title="bbox 1895 407 3485 482">
    <p class='ocr_par' dir='ltr' id='par_1_19' title="bbox 1895 407 3485 482">
     <span class='ocr_line' id='line_1_19' title="bbox 1895 407 3485 482; baseline 0.008 -20"><span class='ocrx_word' id='word_1_122' title='bbox 1895 407 2034 464; x_wconf 72' lang='lat' dir='ltr'><strong>forte</strong></span> <span class='ocrx_word' id='word_1_123' title='bbox 2061 412 2104 464; x_wconf 88' lang='lat' dir='ltr'><strong>si</strong></span> <span class='ocrx_word' id='word_1_124' title='bbox 2133 421 2502 474; x_wconf 87' lang='lat' dir='ltr'><strong>cunctaretur.</strong></span> <span class='ocrx_word' id='word_1_125' title='bbox 2534 415 2771 468; x_wconf 75' lang='lat' dir='ltr'><strong>cmlestis</strong></span> <span class='ocrx_word' id='word_1_126' title='bbox 2809 415 2862 468; x_wconf 88' lang='lat' dir='ltr'><strong>in</strong></span> <span class='ocrx_word' id='word_1_127' title='bbox 2895 428 3019 468; x_wconf 88' lang='lat' dir='ltr'><strong>cum</strong></span> <span class='ocrx_word' id='word_1_128' title='bbox 3061 407 3308 482; x_wconf 70' lang='lat' dir='ltr'><strong>protinus</strong></span> <span class='ocrx_word' id='word_1_129' title='bbox 3351 407 3485 475; x_wconf 73' lang='lat' dir='ltr'><strong>ultio</strong></span> 
     </span>
    </p>
   </div>
   <div class='ocr_carea' id='block_1_20' title="bbox 1899 481 3484 550">
    <p class='ocr_par' dir='ltr' id='par_1_20' title="bbox 1899 481 3484 550">
     <span class='ocr_line' id='line_1_20' title="bbox 1899 481 3484 550; baseline 0.008 -18"><span class='ocrx_word' id='word_1_130' title='bbox 1899 481 2242 550; x_wconf 80' lang='lat' dir='ltr'><strong>procederet,</strong></span> <span class='ocrx_word' id='word_1_131' title='bbox 2283 498 2388 536; x_wconf 82' lang='lat' dir='ltr'><strong>non</strong></span> <span class='ocrx_word' id='word_1_132' title='bbox 2422 484 2598 536; x_wconf 86' lang='lat' dir='ltr'><strong>solum</strong></span> <span class='ocrx_word' id='word_1_133' title='bbox 2645 484 2828 538; x_wconf 84' lang='lat' dir='ltr'><strong>ablata</strong></span> <span class='ocrx_word' id='word_1_134' title='bbox 2863 481 3120 548; x_wconf 84' lang='lat' dir='ltr'><strong>restituit,</strong></span> <span class='ocrx_word' id='word_1_135' title='bbox 3169 487 3262 540; x_wconf 80' lang='lat' dir='ltr'><strong>sed</strong></span> <span class='ocrx_word' id='word_1_136' title='bbox 3297 505 3484 544; x_wconf 80' lang='lat' dir='ltr'><strong>recen-</strong></span> 
     </span>
    </p>
   </div>
   <div class='ocr_carea' id='block_1_21' title="bbox 1897 549 3486 674">
    <p class='ocr_par' dir='ltr' id='par_1_21' title="bbox 1897 549 3486 674">
     <span class='ocr_line' id='line_1_21' title="bbox 1897 549 3486 674; baseline 0.007 -70"><span class='ocrx_word' id='word_1_137' title='bbox 1897 549 2040 605; x_wconf 87' lang='lat' dir='ltr'><strong>tibus</strong></span> <span class='ocrx_word' id='word_1_138' title='bbox 2059 553 2236 674; x_wconf 65' lang='lat' dir='ltr'><strong>leuam</strong></span> <span class='ocrx_word' id='word_1_139' title='bbox 2266 553 2422 608; x_wconf 90' lang='lat' dir='ltr'><strong>donis</strong></span> <span class='ocrx_word' id='word_1_140' title='bbox 2453 567 2552 623; x_wconf 90' lang='lat' dir='ltr'><strong>pro</strong></span> <span class='ocrx_word' id='word_1_141' title='bbox 2595 555 2968 609; x_wconf 88' lang='lat' dir='ltr'><strong>muniticentia</strong></span> <span class='ocrx_word' id='word_1_142' title='bbox 3017 558 3160 626; x_wconf 80' lang='lat' dir='ltr'><strong>regia</strong></span> <span class='ocrx_word' id='word_1_143' title='bbox 3199 559 3486 629; x_wconf 77' lang='lat' dir='ltr'><strong>magniﬁco</strong></span> 
     </span>
     <span class='ocr_line' id='line_1_22' title="bbox 1897 632 2258 674; baseline 0 0"><span class='ocrx_word' id='word_1_144' title='bbox 1897 634 2052 674; x_wconf 91' lang='lat' dir='ltr'><strong>cumu</strong></span> <span class='ocrx_word' id='word_1_145' title='bbox 2075 632 2208 674; x_wconf 80' lang='lat' dir='ltr'><strong>avit.</strong></span> <span class='ocrx_word' id='word_1_146' title='bbox 2239 643 2258 674; x_wconf 78' lang='grc' dir='ltr'>ι</span> 
     </span>
    </p>
   </div>
   <div class='ocr_carea' id='block_1_22' title="bbox 1893 632 2258 678">
    <p class='ocr_par' dir='ltr' id='par_1_22' title="bbox 1893 632 2258 678">
     <span class='ocr_line' id='line_1_23' title="bbox 1893 632 2258 678; baseline -0.003 -3"><span class='ocrx_word' id='word_1_147' title='bbox 1893 632 2208 678; x_wconf 84' lang='lat' dir='ltr'><strong>cumutavtt.</strong></span> <span class='ocrx_word' id='word_1_148' title='bbox 2239 643 2258 674; x_wconf 77' lang='grc' dir='ltr'><strong>Ι</strong></span> 
     </span>
    </p>
   </div>
   <div class='ocr_carea' id='block_1_23' title="bbox 2471 727 2909 796">
    <p class='ocr_par' dir='ltr' id='par_1_23' title="bbox 2471 727 2909 796">
     <span class='ocr_line' id='line_1_24' title="bbox 2471 727 2909 796; baseline 0 -2"><span class='ocrx_word' id='word_1_149' title='bbox 2471 727 2702 796; x_wconf 68' lang='lat' dir='ltr'><strong>CAPUT</strong></span> <span class='ocrx_word' id='word_1_150' title='bbox 2740 733 2909 794; x_wconf 80' lang='lat' dir='ltr'><strong>XXX.</strong></span> 
     </span>
    </p>
   </div>
   <div class='ocr_carea' id='block_1_24' title="bbox 1895 845 3481 928">
    <p class='ocr_par' dir='ltr' id='par_1_24' title="bbox 1895 845 3481 928">
     <span class='ocr_line' id='line_1_25' title="bbox 1895 845 3481 928; baseline 0.009 -24"><span class='ocrx_word' id='word_1_151' title='bbox 1895 845 2096 928; x_wconf 62' lang='lat' dir='ltr'><strong>Relatis</strong></span> <span class='ocrx_word' id='word_1_152' title='bbox 2145 870 2312 928; x_wconf 69' lang='lat' dir='ltr'><strong>quare</strong></span> <span class='ocrx_word' id='word_1_153' title='bbox 2357 855 2673 928; x_wconf 74' lang='lat' dir='ltr'><strong>Aquisgrani</strong></span> <span class='ocrx_word' id='word_1_154' title='bbox 2723 855 2988 926; x_wconf 81' lang='lat' dir='ltr'><strong>quondam</strong></span> <span class='ocrx_word' id='word_1_155' title='bbox 3041 859 3350 928; x_wconf 72' lang='lat' dir='ltr'><strong>deportatus</strong></span> <span class='ocrx_word' id='word_1_156' title='bbox 3404 865 3481 920; x_wconf 84' lang='lat' dir='ltr'><strong>m&#39;l</strong></span> 
     </span>
    </p>
   </div>
   <div class='ocr_carea' id='block_1_25' title="bbox 2035 923 3339 1000">
    <p class='ocr_par' dir='ltr' id='par_1_25' title="bbox 2035 923 3339 1000">
     <span class='ocr_line' id='line_1_26' title="bbox 2035 923 3339 1000; baseline 0.008 -22"><span class='ocrx_word' id='word_1_157' title='bbox 2035 925 2205 978; x_wconf 83' lang='lat' dir='ltr'><strong>simile</strong></span> <span class='ocrx_word' id='word_1_158' title='bbox 2231 923 2432 991; x_wconf 75' lang='lat' dir='ltr'><strong>fecerit,</strong></span> <span class='ocrx_word' id='word_1_159' title='bbox 2461 923 2550 980; x_wconf 83' lang='lat' dir='ltr'><strong>sed</strong></span> <span class='ocrx_word' id='word_1_160' title='bbox 2569 927 2654 980; x_wconf 67' lang='lat' dir='ltr'><strong>llic</strong></span> <span class='ocrx_word' id='word_1_161' title='bbox 2677 923 2856 982; x_wconf 48' lang='lat' dir='ltr'><strong>in&#39;sua</strong></span> <span class='ocrx_word' id='word_1_162' title='bbox 2877 929 2998 984; x_wconf 82' lang='lat' dir='ltr'><strong>sede</strong></span> <span class='ocrx_word' id='word_1_163' title='bbox 3023 923 3339 1000; x_wconf 75' lang='lat' dir='ltr'><strong>pontiﬁcali.</strong></span> 
     </span>
    </p>
   </div>
   <div class='ocr_carea' id='block_1_26' title="bbox 1965 1036 3486 1114">
    <p class='ocr_par' dir='ltr' id='par_1_26' title="bbox 1965 1036 3486 1114">
     <span class='ocr_line' id='line_1_27' title="bbox 1965 1036 3486 1114; baseline 0.009 -22"><span class='ocrx_word' id='word_1_164' title='bbox 1965 1036 2082 1092; x_wconf 90' lang='lat' dir='ltr'><strong>Iloc</strong></span> <span class='ocrx_word' id='word_1_165' title='bbox 2126 1037 2292 1094; x_wconf 90' lang='lat' dir='ltr'><strong>etiam</strong></span> <span class='ocrx_word' id='word_1_166' title='bbox 2341 1037 2702 1110; x_wconf 81' lang='lat' dir='ltr'><strong>adjiciendum</strong></span> <span class='ocrx_word' id='word_1_167' title='bbox 2748 1057 2926 1112; x_wconf 75' lang='lat' dir='ltr'><strong>operae</strong></span> <span class='ocrx_word' id='word_1_168' title='bbox 2957 1045 3192 1114; x_wconf 87' lang='lat' dir='ltr'><strong>pretium</strong></span> <span class='ocrx_word' id='word_1_169' title='bbox 3237 1057 3322 1103; x_wconf 90' lang='lat' dir='ltr'><strong>est</strong></span> <span class='ocrx_word' id='word_1_170' title='bbox 3355 1049 3486 1106; x_wconf 87' lang='lat' dir='ltr'><strong>huic</strong></span> 
     </span>
    </p>
   </div>
   <div class='ocr_carea' id='block_1_27' title="bbox 1891 1127 3486 1211">
    <p class='ocr_par' dir='ltr' id='par_1_27' title="bbox 1891 1127 3486 1211">
     <span class='ocr_line' id='line_1_28' title="bbox 1891 1127 3486 1211; baseline 0.011 -29"><span class='ocrx_word' id='word_1_171' title='bbox 1891 1127 2084 1197; x_wconf 88' lang='lat' dir='ltr'><strong>operi,</strong></span> <span class='ocrx_word' id='word_1_172' title='bbox 2135 1128 2276 1198; x_wconf 90' lang='lat' dir='ltr'><strong>quod</strong></span> <span class='ocrx_word' id='word_1_173' title='bbox 2327 1145 2450 1184; x_wconf 79' lang='lat' dir='ltr'><strong>cum</strong></span> <span class='ocrx_word' id='word_1_174' title='bbox 2499 1129 2712 1188; x_wconf 84' lang='lat' dir='ltr'><strong>ellicere</strong></span> <span class='ocrx_word' id='word_1_175' title='bbox 2761 1151 2866 1189; x_wconf 86' lang='lat' dir='ltr'><strong>non</strong></span> <span class='ocrx_word' id='word_1_176' title='bbox 2915 1135 3253 1194; x_wconf 86' lang='lat' dir='ltr'><strong>dissimiliter</strong></span> <span class='ocrx_word' id='word_1_177' title='bbox 3297 1151 3486 1211; x_wconf 84' lang='lat' dir='ltr'><strong>posset</strong></span> 
     </span>
    </p>
   </div>
   <div class='ocr_carea' id='block_1_28' title="bbox 1891 1217 3484 1303">
    <p class='ocr_par' dir='ltr' id='par_1_28' title="bbox 1891 1217 3484 1303">
     <span class='ocr_line' id='line_1_29' title="bbox 1891 1217 3484 1303; baseline 0.011 -31"><span class='ocrx_word' id='word_1_178' title='bbox 1891 1217 1994 1274; x_wconf 75' lang='lat' dir='ltr'><strong>lioc</strong></span> <span class='ocrx_word' id='word_1_179' title='bbox 2033 1217 2184 1286; x_wconf 83' lang='lat' dir='ltr'><strong>alibi,</strong></span> <span class='ocrx_word' id='word_1_180' title='bbox 2215 1219 2298 1274; x_wconf 82' lang='lat' dir='ltr'><strong>vel</strong></span> <span class='ocrx_word' id='word_1_181' title='bbox 2351 1220 2403 1274; x_wconf 91' lang='lat' dir='ltr'><strong>in</strong></span> <span class='ocrx_word' id='word_1_182' title='bbox 2437 1235 2534 1276; x_wconf 86' lang='lat' dir='ltr'><strong>suo</strong></span> <span class='ocrx_word' id='word_1_183' title='bbox 2575 1237 2683 1292; x_wconf 90' lang='lat' dir='ltr'><strong>quo</strong></span> <span class='ocrx_word' id='word_1_184' title='bbox 2732 1225 3022 1295; x_wconf 84' lang='lat' dir='ltr'><strong>requiescit</strong></span> <span class='ocrx_word' id='word_1_185' title='bbox 3067 1226 3206 1294; x_wconf 86' lang='lat' dir='ltr'><strong>loco,</strong></span> <span class='ocrx_word' id='word_1_186' title='bbox 3254 1239 3348 1285; x_wconf 90' lang='lat' dir='ltr'><strong>aut</strong></span> <span class='ocrx_word' id='word_1_187' title='bbox 3377 1247 3484 1303; x_wconf 87' lang='lat' dir='ltr'><strong>quo</strong></span> 
     </span>
    </p>
   </div>
   <div class='ocr_carea' id='block_1_29' title="bbox 1893 1310 3486 1387">
    <p class='ocr_par' dir='ltr' id='par_1_29' title="bbox 1893 1310 3486 1387">
     <span class='ocr_line' id='line_1_30' title="bbox 1893 1310 3486 1387; baseline 0.009 -22"><span class='ocrx_word' id='word_1_188' title='bbox 1893 1310 2147 1366; x_wconf 70' lang='lat' dir='ltr'><strong>sin&#39;iilite&#39;r</strong></span> <span class='ocrx_word' id='word_1_189' title='bbox 2175 1311 2434 1367; x_wconf 88' lang='lat' dir='ltr'><strong>devectus</strong></span> <span class='ocrx_word' id='word_1_190' title='bbox 2462 1321 2548 1369; x_wconf 86' lang='lat' dir='ltr'><strong>est</strong></span> <span class='ocrx_word' id='word_1_191' title='bbox 2570 1315 2893 1385; x_wconf 83' lang='lat' dir='ltr'><strong>Aquisgrani</strong></span> <span class='ocrx_word' id='word_1_192' title='bbox 2923 1317 3144 1387; x_wconf 84' lang='lat' dir='ltr'><strong>palatio,</strong></span> <span class='ocrx_word' id='word_1_193' title='bbox 3171 1320 3360 1376; x_wconf 84' lang='lat' dir='ltr'><strong>maluit</strong></span> <span class='ocrx_word' id='word_1_194' title='bbox 3381 1325 3486 1380; x_wconf 91' lang='lat' dir='ltr'><strong>boc</strong></span> 
     </span>
    </p>
   </div>
   <div class='ocr_carea' id='block_1_30' title="bbox 1894 1399 3488 1486">
    <p class='ocr_par' dir='ltr' id='par_1_30' title="bbox 1894 1399 3488 1486">
     <span class='ocr_line' id='line_1_31' title="bbox 1894 1399 3488 1486; baseline 0.009 -30"><span class='ocrx_word' id='word_1_195' title='bbox 1894 1399 2147 1456; x_wconf 76' lang='lat' dir='ltr'><strong>effectum</strong></span> <span class='ocrx_word' id='word_1_196' title='bbox 2191 1401 2256 1456; x_wconf 89' lang='lat' dir='ltr'><strong>iri</strong></span> <span class='ocrx_word' id='word_1_197' title='bbox 2290 1401 2342 1457; x_wconf 92' lang='lat' dir='ltr'><strong>in</strong></span> <span class='ocrx_word' id='word_1_198' title='bbox 2375 1417 2473 1458; x_wconf 88' lang='lat' dir='ltr'><strong>sua</strong></span> <span class='ocrx_word' id='word_1_199' title='bbox 2521 1405 2790 1473; x_wconf 88' lang='lat' dir='ltr'><strong>quondam</strong></span> <span class='ocrx_word' id='word_1_200' title='bbox 2822 1407 2951 1464; x_wconf 87' lang='lat' dir='ltr'><strong>sede</strong></span> <span class='ocrx_word' id='word_1_201' title='bbox 2995 1409 3311 1478; x_wconf 84' lang='lat' dir='ltr'><strong>pontificali.</strong></span> <span class='ocrx_word' id='word_1_202' title='bbox 3361 1413 3488 1486; x_wconf 80' lang='lat' dir='ltr'><strong>Egit</strong></span> 
     </span>
    </p>
   </div>
   <div class='ocr_carea' id='block_1_31' title="bbox 1892 1495 3484 1570">
    <p class='ocr_par' dir='ltr' id='par_1_31' title="bbox 1892 1495 3484 1570">
     <span class='ocr_line' id='line_1_32' title="bbox 1892 1495 3484 1570; baseline 0.009 -22"><span class='ocrx_word' id='word_1_203' title='bbox 1892 1495 2036 1548; x_wconf 86' lang='lat' dir='ltr'><strong>enim</strong></span> <span class='ocrx_word' id='word_1_204' title='bbox 2088 1495 2268 1550; x_wconf 80' lang='lat' dir='ltr'><strong>divina</strong></span> <span class='ocrx_word' id='word_1_205' title='bbox 2303 1496 2478 1567; x_wconf 80' lang='lat' dir='ltr'><strong>gratia</strong></span> <span class='ocrx_word' id='word_1_206' title='bbox 2523 1497 2681 1568; x_wconf 78' lang='lat' dir='ltr'><strong>digna</strong></span> <span class='ocrx_word' id='word_1_207' title='bbox 2725 1504 3254 1570; x_wconf 86' lang='lat' dir='ltr'><strong>recompensatione,</strong></span> <span class='ocrx_word' id='word_1_208' title='bbox 3283 1513 3344 1560; x_wconf 91' lang='lat' dir='ltr'><strong>ut</strong></span> <span class='ocrx_word' id='word_1_209' title='bbox 3391 1509 3484 1564; x_wconf 84' lang='lat' dir='ltr'><strong>ubi</strong></span> 
     </span>
    </p>
   </div>
   <div class='ocr_carea' id='block_1_32' title="bbox 191 1570 3484 1684">
    <p class='ocr_par' dir='ltr' id='par_1_32' title="bbox 191 1570 3484 1684">
     <span class='ocr_line' id='line_1_33' title="bbox 191 1570 3484 1684; baseline 0.004 -42"><span class='ocrx_word' id='word_1_210' title='bbox 191 1570 384 1642; x_wconf 68' lang='grc' dir='ltr'><strong>ῖιιειιιξι.</strong></span> <span class='ocrx_word' id='word_1_211' title='bbox 417 1575 638 1629; x_wconf 62' lang='lat' dir='ltr'><strong>&quot;mefre</strong></span> <span class='ocrx_word' id='word_1_212' title='bbox 687 1589 908 1644; x_wconf 69' lang='lat' dir='ltr'><strong>Possum</strong></span> <span class='ocrx_word' id='word_1_213' title='bbox 959 1573 1035 1639; x_wconf 59' lang='lat' dir='ltr'><strong>id.</strong></span> <span class='ocrx_word' id='word_1_214' title='bbox 1073 1583 1132 1628; x_wconf 81' lang='grc' dir='ltr'><strong>υῑ</strong></span> <span class='ocrx_word' id='word_1_215' title='bbox 1163 1575 1320 1630; x_wconf 70' lang='lat' dir='ltr'><strong>Video</strong></span> <span class='ocrx_word' id='word_1_216' title='bbox 1347 1615 1361 1639; x_wconf 72' lang='grc' dir='ltr'><strong>ο</strong></span> <span class='ocrx_word' id='word_1_217' title='bbox 1391 1591 1495 1630; x_wconf 73' lang='lat' dir='ltr'><strong>nec</strong></span> <span class='ocrx_word' id='word_1_218' title='bbox 1537 1575 1683 1629; x_wconf 73' lang='grc' dir='ltr'><strong>ειιίιη</strong></span> <span class='ocrx_word' id='word_1_219' title='bbox 1734 1575 1787 1630; x_wconf 78' lang='lat' dir='ltr'><strong>in</strong></span> <span class='ocrx_word' id='word_1_220' title='bbox 1819 1623 1864 1684; x_wconf 75' lang='grc' dir='ltr'>Β</span> <span class='ocrx_word' id='word_1_221' title='bbox 1890 1601 1994 1658; x_wconf 88' lang='lat' dir='ltr'><strong>pro</strong></span> <span class='ocrx_word' id='word_1_222' title='bbox 2026 1596 2338 1658; x_wconf 87' lang='lat' dir='ltr'><strong>contemptu</strong></span> <span class='ocrx_word' id='word_1_223' title='bbox 2387 1587 2570 1644; x_wconf 67' lang='lat' dir='ltr'><strong>saeculi</strong></span> <span class='ocrx_word' id='word_1_224' title='bbox 2621 1589 2750 1646; x_wconf 90' lang='lat' dir='ltr'><strong>olim</strong></span> <span class='ocrx_word' id='word_1_225' title='bbox 2799 1592 3034 1648; x_wconf 83' lang='lat' dir='ltr'><strong>honores</strong></span> <span class='ocrx_word' id='word_1_226' title='bbox 3085 1595 3484 1669; x_wconf 79' lang='lat' dir='ltr'><strong>dignitatesque</strong></span> 
     </span>
    </p>
   </div>
   <div class='ocr_carea' id='block_1_33' title="bbox 191 1661 1786 1737">
    <p class='ocr_par' dir='ltr' id='par_1_33' title="bbox 191 1661 1786 1737">
     <span class='ocr_line' id='line_1_34' title="bbox 191 1661 1786 1737; baseline 0.001 -17"><span class='ocrx_word' id='word_1_227' title='bbox 191 1661 294 1720; x_wconf 81' lang='lat' dir='ltr'><strong>hoc</strong></span> <span class='ocrx_word' id='word_1_228' title='bbox 317 1667 414 1722; x_wconf 85' lang='lat' dir='ltr'><strong>tibi</strong></span> <span class='ocrx_word' id='word_1_229' title='bbox 445 1667 568 1737; x_wconf 90' lang='lat' dir='ltr'><strong>plus</strong></span> <span class='ocrx_word' id='word_1_230' title='bbox 619 1665 918 1722; x_wconf 67' lang='lat' dir='ltr'><strong>coruscatio.</strong></span> <span class='ocrx_word' id='word_1_231' title='bbox 963 1666 1120 1732; x_wconf 75' lang='lat' dir='ltr'><strong>Quod</strong></span> <span class='ocrx_word' id='word_1_232' title='bbox 1165 1681 1200 1722; x_wconf 82' lang='lat' dir='ltr'><strong>&#39;a</strong></span> <span class='ocrx_word' id='word_1_233' title='bbox 1231 1681 1318 1721; x_wconf 87' lang='lat' dir='ltr'><strong>me</strong></span> <span class='ocrx_word' id='word_1_234' title='bbox 1353 1685 1458 1724; x_wconf 88' lang='lat' dir='ltr'><strong>non</strong></span> <span class='ocrx_word' id='word_1_235' title='bbox 1491 1669 1628 1723; x_wconf 86' lang='lat' dir='ltr'><strong>bene</strong></span> <span class='ocrx_word' id='word_1_236' title='bbox 1658 1681 1786 1722; x_wconf 86' lang='lat' dir='ltr'><strong>eou-</strong></span> 
     </span>
    </p>
   </div>
   <div class='ocr_carea' id='block_1_34' title="bbox 187 1757 1786 1830">
    <p class='ocr_par' dir='ltr' id='par_1_34' title="bbox 187 1757 1786 1830">
     <span class='ocr_line' id='line_1_35' title="bbox 187 1757 1786 1830; baseline 0.003 -20"><span class='ocrx_word' id='word_1_237' title='bbox 187 1757 330 1814; x_wconf 87' lang='lat' dir='ltr'><strong>sulto</strong></span> <span class='ocrx_word' id='word_1_238' title='bbox 377 1759 671 1830; x_wconf 88' lang='lat' dir='ltr'><strong>accepisti,</strong></span> <span class='ocrx_word' id='word_1_239' title='bbox 721 1758 766 1814; x_wconf 85' lang='lat' dir='ltr'><strong>si</strong></span> <span class='ocrx_word' id='word_1_240' title='bbox 815 1759 926 1824; x_wconf 88' lang='lat' dir='ltr'><strong>vis,</strong></span> <span class='ocrx_word' id='word_1_241' title='bbox 975 1759 1232 1827; x_wconf 85' lang='lat' dir='ltr'><strong>restitue,</strong></span> <span class='ocrx_word' id='word_1_242' title='bbox 1285 1759 1538 1830; x_wconf 87' lang='lat' dir='ltr'><strong>quoniam</strong></span> <span class='ocrx_word' id='word_1_243' title='bbox 1591 1759 1642 1814; x_wconf 89' lang='lat' dir='ltr'><strong>ei</strong></span> <span class='ocrx_word' id='word_1_244' title='bbox 1691 1759 1786 1828; x_wconf 89' lang='lat' dir='ltr'><strong>qui</strong></span> 
     </span>
    </p>
   </div>
   <div class='ocr_carea' id='block_1_35' title="bbox 189 1851 1784 1922">
    <p class='ocr_par' dir='ltr' id='par_1_35' title="bbox 189 1851 1784 1922">
     <span class='ocr_line' id='line_1_36' title="bbox 189 1851 1784 1922; baseline 0.003 -20"><span class='ocrx_word' id='word_1_245' title='bbox 189 1857 300 1904; x_wconf 84' lang='lat' dir='ltr'><strong>tam</strong></span> <span class='ocrx_word' id='word_1_246' title='bbox 355 1853 644 1908; x_wconf 77' lang='lat' dir='ltr'><strong>evidenter</strong></span> <span class='ocrx_word' id='word_1_247' title='bbox 701 1867 731 1906; x_wconf 86' lang='lat' dir='ltr'><strong>a</strong></span> <span class='ocrx_word' id='word_1_248' title='bbox 769 1866 856 1906; x_wconf 90' lang='lat' dir='ltr'><strong>me</strong></span> <span class='ocrx_word' id='word_1_249' title='bbox 905 1867 1062 1906; x_wconf 88' lang='lat' dir='ltr'><strong>suum</strong></span> <span class='ocrx_word' id='word_1_250' title='bbox 1119 1852 1389 1922; x_wconf 84' lang='lat' dir='ltr'><strong>requirit,</strong></span> <span class='ocrx_word' id='word_1_251' title='bbox 1443 1853 1580 1908; x_wconf 81' lang='lat' dir='ltr'><strong>velis</strong></span> <span class='ocrx_word' id='word_1_252' title='bbox 1623 1851 1784 1919; x_wconf 87' lang='lat' dir='ltr'><strong>nolis,</strong></span> 
     </span>
    </p>
   </div>
   <div class='ocr_carea' id='block_1_36' title="bbox 187 1943 1784 2016">
    <p class='ocr_par' dir='ltr' id='par_1_36' title="bbox 187 1943 1784 2016">
     <span class='ocr_line' id='line_1_37' title="bbox 187 1943 1784 2016; baseline 0.001 -19"><span class='ocrx_word' id='word_1_253' title='bbox 187 1957 371 1998; x_wconf 82' lang='lat' dir='ltr'><strong>meum</strong></span> <span class='ocrx_word' id='word_1_254' title='bbox 405 1945 509 1999; x_wconf 88' lang='lat' dir='ltr'><strong>erit</strong></span> <span class='ocrx_word' id='word_1_255' title='bbox 537 1944 785 2000; x_wconf 83' lang='lat' dir='ltr'><strong>reddere.</strong></span> <span class='ocrx_word' id='word_1_256' title='bbox 817 1944 888 1999; x_wconf 73' lang='lat' dir='ltr'><strong>At</strong></span> <span class='ocrx_word' id='word_1_257' title='bbox 915 1943 1023 2010; x_wconf 87' lang='lat' dir='ltr'><strong>ille,</strong></span> <span class='ocrx_word' id='word_1_258' title='bbox 1061 1943 1290 2012; x_wconf 81' lang='lat' dir='ltr'><strong>Quando</strong></span> <span class='ocrx_word' id='word_1_259' title='bbox 1315 1945 1558 2016; x_wconf 88' lang='lat' dir='ltr'><strong>quidem,</strong></span> <span class='ocrx_word' id='word_1_260' title='bbox 1587 1945 1784 2016; x_wconf 86' lang='lat' dir='ltr'><strong>inquit,</strong></span> 
     </span>
    </p>
   </div>
   <div class='ocr_carea' id='block_1_37' title="bbox 191 2034 1787 2109">
    <p class='ocr_par' dir='ltr' id='par_1_37' title="bbox 191 2034 1787 2109">
     <span class='ocr_line' id='line_1_38' title="bbox 191 2034 1787 2109; baseline 0.002 -21"><span class='ocrx_word' id='word_1_261' title='bbox 191 2034 270 2089; x_wconf 87' lang='lat' dir='ltr'><strong>sic</strong></span> <span class='ocrx_word' id='word_1_262' title='bbox 295 2037 408 2092; x_wconf 86' lang='lat' dir='ltr'><strong>Deo</strong></span> <span class='ocrx_word' id='word_1_263' title='bbox 432 2037 629 2107; x_wconf 83' lang='lat' dir='ltr'><strong>placet,</strong></span> <span class='ocrx_word' id='word_1_264' title='bbox 659 2053 760 2093; x_wconf 90' lang='lat' dir='ltr'><strong>nec</strong></span> <span class='ocrx_word' id='word_1_265' title='bbox 789 2037 950 2092; x_wconf 86' lang='lat' dir='ltr'><strong>aliter</strong></span> <span class='ocrx_word' id='word_1_266' title='bbox 977 2045 1156 2108; x_wconf 89' lang='lat' dir='ltr'><strong>potest</strong></span> <span class='ocrx_word' id='word_1_267' title='bbox 1192 2038 1308 2093; x_wconf 79' lang='lat' dir='ltr'><strong>ﬁeri</strong></span> <span class='ocrx_word' id='word_1_268' title='bbox 1337 2037 1590 2109; x_wconf 79' lang='lat' dir='ltr'><strong>(porrigit</strong></span> <span class='ocrx_word' id='word_1_269' title='bbox 1621 2038 1787 2092; x_wconf 88' lang='lat' dir='ltr'><strong>bacu-</strong></span> 
     </span>
    </p>
   </div>
   <div class='ocr_carea' id='block_1_38' title="bbox 191 2127 1785 2203">
    <p class='ocr_par' dir='ltr' id='par_1_38' title="bbox 191 2127 1785 2203">
     <span class='ocr_line' id='line_1_39' title="bbox 191 2127 1785 2203; baseline 0.003 -23"><span class='ocrx_word' id='word_1_270' title='bbox 191 2127 299 2183; x_wconf 88' lang='lat' dir='ltr'><strong>lum</strong></span> <span class='ocrx_word' id='word_1_271' title='bbox 355 2145 518 2201; x_wconf 86' lang='lat' dir='ltr'><strong>quem</strong></span> <span class='ocrx_word' id='word_1_272' title='bbox 577 2133 858 2203; x_wconf 87' lang='lat' dir='ltr'><strong>tenebat);</strong></span> <span class='ocrx_word' id='word_1_273' title='bbox 905 2147 996 2198; x_wconf 88' lang='lat' dir='ltr'><strong>cu,</strong></span> <span class='ocrx_word' id='word_1_274' title='bbox 1045 2131 1244 2203; x_wconf 85' lang='lat' dir='ltr'><strong>inquit,</strong></span> <span class='ocrx_word' id='word_1_275' title='bbox 1286 2132 1534 2197; x_wconf 83' lang='lat' dir='ltr'><strong>domine,</strong></span> <span class='ocrx_word' id='word_1_276' title='bbox 1583 2131 1785 2186; x_wconf 85' lang='lat' dir='ltr'><strong>bonum</strong></span> 
     </span>
    </p>
   </div>
   <div class='ocr_carea' id='block_1_39' title="bbox 193 2221 796 2292">
    <p class='ocr_par' dir='ltr' id='par_1_39' title="bbox 193 2221 796 2292">
     <span class='ocr_line' id='line_1_40' title="bbox 193 2221 796 2292; baseline 0.007 -20"><span class='ocrx_word' id='word_1_277' title='bbox 193 2221 374 2292; x_wconf 79' lang='lat' dir='ltr'><strong>recipe</strong></span> <span class='ocrx_word' id='word_1_278' title='bbox 401 2223 546 2292; x_wconf 87' lang='lat' dir='ltr'><strong>quod</strong></span> <span class='ocrx_word' id='word_1_279' title='bbox 578 2223 796 2280; x_wconf 82' lang='lat' dir='ltr'><strong>dedisti.</strong></span> 
     </span>
    </p>
   </div>
   <div class='ocr_carea' id='block_1_40' title="bbox 761 2361 1222 2418">
    <p class='ocr_par' dir='ltr' id='par_1_40' title="bbox 761 2361 1222 2418">
     <span class='ocr_line' id='line_1_41' title="bbox 761 2361 1222 2418; baseline -0.004 0"><span class='ocrx_word' id='word_1_280' title='bbox 761 2361 990 2418; x_wconf 81' lang='lat' dir='ltr'><strong>CAPUT</strong></span> <span class='ocrx_word' id='word_1_281' title='bbox 1029 2361 1222 2418; x_wconf 84' lang='lat' dir='ltr'><strong>XXIX.</strong></span> 
     </span>
    </p>
   </div>
   <div class='ocr_carea' id='block_1_41' title="bbox 195 2469 1784 2546">
    <p class='ocr_par' dir='ltr' id='par_1_41' title="bbox 195 2469 1784 2546">
     <span class='ocr_line' id='line_1_42' title="bbox 195 2469 1784 2546; baseline 0.002 -21"><span class='ocrx_word' id='word_1_282' title='bbox 195 2469 310 2546; x_wconf 66' lang='lat' dir='ltr'><strong>Rea:</strong></span> <span class='ocrx_word' id='word_1_283' title='bbox 353 2475 403 2528; x_wconf 75' lang='lat' dir='ltr'><strong>ei</strong></span> <span class='ocrx_word' id='word_1_284' title='bbox 463 2491 683 2532; x_wconf 73' lang='lat' dir='ltr'><strong>suorum</strong></span> <span class='ocrx_word' id='word_1_285' title='bbox 753 2478 1050 2546; x_wconf 76' lang='lat' dir='ltr'><strong>irrumpens</strong></span> <span class='ocrx_word' id='word_1_286' title='bbox 1121 2476 1177 2530; x_wconf 81' lang='lat' dir='ltr'><strong>in</strong></span> <span class='ocrx_word' id='word_1_287' title='bbox 1235 2475 1508 2530; x_wconf 72' lang='lat' dir='ltr'><strong>ecclesiam</strong></span> <span class='ocrx_word' id='word_1_288' title='bbox 1572 2483 1784 2546; x_wconf 78' lang='lat' dir='ltr'><strong>accepto</strong></span> 
     </span>
    </p>
   </div>
   <div class='ocr_carea' id='block_1_42' title="bbox 259 2545 1784 2616">
    <p class='ocr_par' dir='ltr' id='par_1_42' title="bbox 259 2545 1784 2616">
     <span class='ocr_line' id='line_1_43' title="bbox 259 2545 1784 2616; baseline -0.001 -17"><span class='ocrx_word' id='word_1_289' title='bbox 259 2545 450 2616; x_wconf 53' lang='lat' dir='ltr'><strong>baculo</strong></span> <span class='ocrx_word' id='word_1_290' title='bbox 497 2549 666 2602; x_wconf 79' lang='lat' dir='ltr'><strong>sancti</strong></span> <span class='ocrx_word' id='word_1_291' title='bbox 707 2545 1149 2611; x_wconf 25' lang='lat' dir='ltr'><strong>bonum’redtlit,</strong></span> <span class='ocrx_word' id='word_1_292' title='bbox 1201 2547 1559 2616; x_wconf 74' lang='lat' dir='ltr'><strong>satisfactione</strong></span> <span class='ocrx_word' id='word_1_293' title='bbox 1607 2545 1784 2598; x_wconf 71' lang='lat' dir='ltr'><strong>humi-</strong></span> 
     </span>
    </p>
   </div>
   <div class='ocr_carea' id='block_1_43' title="bbox 259 2615 1784 2739">
    <p class='ocr_par' dir='ltr' id='par_1_43' title="bbox 259 2615 1784 2739">
     <span class='ocr_line' id='line_1_44' title="bbox 259 2615 1784 2739; baseline 0 -71"><span class='ocrx_word' id='word_1_294' title='bbox 259 2615 386 2739; x_wconf 58' lang='lat' dir='ltr'><strong>:liter</strong></span> <span class='ocrx_word' id='word_1_295' title='bbox 433 2617 614 2686; x_wconf 73' lang='lat' dir='ltr'><strong>facta,</strong></span> <span class='ocrx_word' id='word_1_296' title='bbox 665 2627 714 2672; x_wconf 90' lang='lat' dir='ltr'><strong>et</strong></span> <span class='ocrx_word' id='word_1_297' title='bbox 761 2627 1060 2672; x_wconf 82' lang='lat' dir='ltr'><strong>contractus</strong></span> <span class='ocrx_word' id='word_1_298' title='bbox 1103 2615 1576 2688; x_wconf 23' lang='lat' dir='ltr'><strong>quidam’erigitur</strong></span> <span class='ocrx_word' id='word_1_299' title='bbox 1603 2616 1784 2670; x_wconf 77' lang='lat' dir='ltr'><strong>eadem</strong></span> 
     </span>
     <span class='ocr_line' id='line_1_45' title="bbox 299 2703 414 2739; baseline 0 0"><span class='ocrx_word' id='word_1_300' title='bbox 299 2703 414 2739; x_wconf 90' lang='lat' dir='ltr'><strong>ora.</strong></span> 
     </span>
    </p>
   </div>
   <div class='ocr_carea' id='block_1_44' title="bbox 299 2703 414 2742">
    <p class='ocr_par' dir='ltr' id='par_1_44' title="bbox 299 2703 414 2742">
     <span class='ocr_line' id='line_1_46' title="bbox 299 2703 414 2742; baseline -0.009 0"><span class='ocrx_word' id='word_1_301' title='bbox 299 2703 414 2742; x_wconf 86' lang='lat' dir='ltr'><strong>ora.</strong></span> 
     </span>
    </p>
   </div>
   <div class='ocr_carea' id='block_1_45' title="bbox 261 2800 1785 2875">
    <p class='ocr_par' dir='ltr' id='par_1_45' title="bbox 261 2800 1785 2875">
     <span class='ocr_line' id='line_1_47' title="bbox 261 2800 1785 2875; baseline 0.003 -21"><span class='ocrx_word' id='word_1_302' title='bbox 261 2800 570 2860; x_wconf 84' lang='lat' dir='ltr'><strong>Procedens</strong></span> <span class='ocrx_word' id='word_1_303' title='bbox 623 2805 810 2875; x_wconf 87' lang='lat' dir='ltr'><strong>itaqe</strong></span> <span class='ocrx_word' id='word_1_304' title='bbox 875 2819 972 2860; x_wconf 78' lang='lat' dir='ltr'><strong>rex</strong></span> <span class='ocrx_word' id='word_1_305' title='bbox 1043 2804 1110 2859; x_wconf 90' lang='lat' dir='ltr'><strong>de</strong></span> <span class='ocrx_word' id='word_1_306' title='bbox 1163 2803 1367 2875; x_wconf 87' lang='lat' dir='ltr'><strong>palatio</strong></span> <span class='ocrx_word' id='word_1_307' title='bbox 1417 2801 1570 2859; x_wconf 88' lang='lat' dir='ltr'><strong>stetit</strong></span> <span class='ocrx_word' id='word_1_308' title='bbox 1621 2817 1785 2874; x_wconf 82' lang='lat' dir='ltr'><strong>super</strong></span> 
     </span>
    </p>
   </div>
   <div class='ocr_carea' id='block_1_46' title="bbox 197 2893 1786 2968">
    <p class='ocr_par' dir='ltr' id='par_1_46' title="bbox 197 2893 1786 2968">
     <span class='ocr_line' id='line_1_48' title="bbox 197 2893 1786 2968; baseline 0.003 -22"><span class='ocrx_word' id='word_1_309' title='bbox 197 2893 390 2960; x_wconf 77' lang='lat' dir='ltr'><strong>gradus</strong></span> <span class='ocrx_word' id='word_1_310' title='bbox 436 2895 530 2964; x_wconf 90' lang='lat' dir='ltr'><strong>qui</strong></span> <span class='ocrx_word' id='word_1_311' title='bbox 591 2897 1020 2966; x_wconf 65' lang='lat' dir='ltr'><strong>praeemiuebant</strong></span> <span class='ocrx_word' id='word_1_312' title='bbox 1069 2897 1120 2951; x_wconf 90' lang='lat' dir='ltr'><strong>in</strong></span> <span class='ocrx_word' id='word_1_313' title='bbox 1175 2895 1399 2966; x_wconf 87' lang='lat' dir='ltr'><strong>templo;</strong></span> <span class='ocrx_word' id='word_1_314' title='bbox 1451 2895 1786 2968; x_wconf 82' lang='lat' dir='ltr'><strong>persultabat</strong></span> 
     </span>
    </p>
   </div>
   <div class='ocr_carea' id='block_1_47' title="bbox 1891 1681 3482 1754">
    <p class='ocr_par' dir='ltr' id='par_1_47' title="bbox 1891 1681 3482 1754">
     <span class='ocr_line' id='line_1_49' title="bbox 1891 1681 3482 1754; baseline 0.008 -20"><span class='ocrx_word' id='word_1_315' title='bbox 1891 1681 2208 1750; x_wconf 85' lang='lat' dir='ltr'><strong>reliquerat,</strong></span> <span class='ocrx_word' id='word_1_316' title='bbox 2239 1681 2445 1754; x_wconf 84' lang='lat' dir='ltr'><strong>eligens</strong></span> <span class='ocrx_word' id='word_1_317' title='bbox 2481 1683 2593 1738; x_wconf 89' lang='lat' dir='ltr'><strong>Deo</strong></span> <span class='ocrx_word' id='word_1_318' title='bbox 2633 1685 2842 1742; x_wconf 85' lang='lat' dir='ltr'><strong>arctius</strong></span> <span class='ocrx_word' id='word_1_319' title='bbox 2892 1687 3179 1754; x_wconf 78' lang='lat' dir='ltr'><strong>inluerere,</strong></span> <span class='ocrx_word' id='word_1_320' title='bbox 3211 1687 3324 1746; x_wconf 88' lang='lat' dir='ltr'><strong>illic</strong></span> <span class='ocrx_word' id='word_1_321' title='bbox 3361 1705 3482 1746; x_wconf 85' lang='lat' dir='ltr'><strong>ma-</strong></span> 
     </span>
    </p>
   </div>
   <div class='ocr_carea' id='block_1_48' title="bbox 1887 1774 3484 1853">
    <p class='ocr_par' dir='ltr' id='par_1_48' title="bbox 1887 1774 3484 1853">
     <span class='ocr_line' id='line_1_50' title="bbox 1887 1774 3484 1853; baseline 0.006 -25"><span class='ocrx_word' id='word_1_322' title='bbox 1887 1774 2231 1842; x_wconf 74' lang='lat' dir='ltr'><strong>gniﬁcentius</strong></span> <span class='ocrx_word' id='word_1_323' title='bbox 2279 1776 2632 1832; x_wconf 73' lang='lat' dir='ltr'><strong>exhiberetur</strong></span> <span class='ocrx_word' id='word_1_324' title='bbox 2696 1778 2750 1833; x_wconf 91' lang='lat' dir='ltr'><strong>ei</strong></span> <span class='ocrx_word' id='word_1_325' title='bbox 2815 1779 2994 1836; x_wconf 83' lang='lat' dir='ltr'><strong>honor</strong></span> <span class='ocrx_word' id='word_1_326' title='bbox 3039 1789 3096 1837; x_wconf 89' lang='lat' dir='ltr'><strong>et</strong></span> <span class='ocrx_word' id='word_1_327' title='bbox 3161 1783 3332 1853; x_wconf 71' lang='lat' dir='ltr'><strong>gloria</strong></span> <span class='ocrx_word' id='word_1_328' title='bbox 3385 1784 3484 1840; x_wconf 85' lang='lat' dir='ltr'><strong>Dei</strong></span> 
     </span>
    </p>
   </div>
   <div class='ocr_carea' id='block_1_49' title="bbox 1887 1863 2374 1923">
    <p class='ocr_par' dir='ltr' id='par_1_49' title="bbox 1887 1863 2374 1923">
     <span class='ocr_line' id='line_1_51' title="bbox 1887 1863 2374 1923; baseline 0 -3"><span class='ocrx_word' id='word_1_329' title='bbox 1887 1863 2374 1923; x_wconf 82' lang='lat' dir='ltr'><strong>administratione.</strong></span> 
     </span>
    </p>
   </div>
   <div class='ocr_carea' id='block_1_50' title="bbox 1959 1957 3486 2040">
    <p class='ocr_par' dir='ltr' id='par_1_50' title="bbox 1959 1957 3486 2040">
     <span class='ocr_line' id='line_1_52' title="bbox 1959 1957 3486 2040; baseline 0.009 -28"><span class='ocrx_word' id='word_1_330' title='bbox 1959 1957 2148 2030; x_wconf 83' lang='lat' dir='ltr'><strong>Neque</strong></span> <span class='ocrx_word' id='word_1_331' title='bbox 2199 1976 2329 2016; x_wconf 81' lang='lat' dir='ltr'><strong>vero</strong></span> <span class='ocrx_word' id='word_1_332' title='bbox 2389 1961 2722 2018; x_wconf 90' lang='lat' dir='ltr'><strong>reticendum</strong></span> <span class='ocrx_word' id='word_1_333' title='bbox 2769 1973 2852 2020; x_wconf 90' lang='lat' dir='ltr'><strong>est</strong></span> <span class='ocrx_word' id='word_1_334' title='bbox 2902 1965 3007 2022; x_wconf 87' lang='lat' dir='ltr'><strong>hoc</strong></span> <span class='ocrx_word' id='word_1_335' title='bbox 3050 1967 3168 2038; x_wconf 79' lang='lat' dir='ltr'><strong>eius</strong></span> <span class='ocrx_word' id='word_1_336' title='bbox 3209 1969 3486 2040; x_wconf 65' lang='lat' dir='ltr'><strong>patientia!</strong></span> 
     </span>
    </p>
   </div>
   <div class='ocr_carea' id='block_1_51' title="bbox 1887 2049 3486 2128">
    <p class='ocr_par' dir='ltr' id='par_1_51' title="bbox 1887 2049 3486 2128">
     <span class='ocr_line' id='line_1_53' title="bbox 1887 2049 3486 2128; baseline 0.009 -24"><span class='ocrx_word' id='word_1_337' title='bbox 1887 2049 2214 2120; x_wconf 86' lang='lat' dir='ltr'><strong>pietatisque</strong></span> <span class='ocrx_word' id='word_1_338' title='bbox 2240 2053 2548 2124; x_wconf 81' lang='lat' dir='ltr'><strong>exemplum</strong></span> <span class='ocrx_word' id='word_1_339' title='bbox 2579 2055 2722 2124; x_wconf 87' lang='lat' dir='ltr'><strong>quod</strong></span> <span class='ocrx_word' id='word_1_340' title='bbox 2767 2071 2880 2122; x_wconf 90' lang='lat' dir='ltr'><strong>eos,</strong></span> <span class='ocrx_word' id='word_1_341' title='bbox 2926 2059 3018 2128; x_wconf 88' lang='lat' dir='ltr'><strong>qui</strong></span> <span class='ocrx_word' id='word_1_342' title='bbox 3049 2059 3328 2116; x_wconf 82' lang='lat' dir='ltr'><strong>adversari</strong></span> <span class='ocrx_word' id='word_1_343' title='bbox 3381 2063 3486 2120; x_wconf 88' lang='lat' dir='ltr'><strong>sibi</strong></span> 
     </span>
    </p>
   </div>
   <div class='ocr_carea' id='block_1_52' title="bbox 1889 2143 3486 2222">
    <p class='ocr_par' dir='ltr' id='par_1_52' title="bbox 1889 2143 3486 2222">
     <span class='ocr_line' id='line_1_54' title="bbox 1889 2143 3486 2222; baseline 0.011 -26"><span class='ocrx_word' id='word_1_344' title='bbox 1889 2143 2212 2200; x_wconf 85' lang='lat' dir='ltr'><strong>videbantur</strong></span> <span class='ocrx_word' id='word_1_345' title='bbox 2233 2186 2248 2210; x_wconf 92' lang='lat'><strong>,</strong></span> <span class='ocrx_word' id='word_1_346' title='bbox 2279 2145 2334 2200; x_wconf 90' lang='lat' dir='ltr'><strong>in</strong></span> <span class='ocrx_word' id='word_1_347' title='bbox 2363 2145 2466 2202; x_wconf 84' lang='lat' dir='ltr'><strong>hoc</strong></span> <span class='ocrx_word' id='word_1_348' title='bbox 2490 2144 2604 2215; x_wconf 86' lang='lat' dir='ltr'><strong>jam</strong></span> <span class='ocrx_word' id='word_1_349' title='bbox 2655 2147 2950 2218; x_wconf 84' lang='lat' dir='ltr'><strong>plurimum</strong></span> <span class='ocrx_word' id='word_1_350' title='bbox 2989 2153 3159 2222; x_wconf 78' lang='lat' dir='ltr'><strong>magis</strong></span> <span class='ocrx_word' id='word_1_351' title='bbox 3201 2155 3486 2212; x_wconf 73' lang='lat' dir='ltr'><strong>beneﬂciis</strong></span> 
     </span>
    </p>
   </div>
   <div class='ocr_carea' id='block_1_53' title="bbox 1885 2236 3486 2312">
    <p class='ocr_par' dir='ltr' id='par_1_53' title="bbox 1885 2236 3486 2312">
     <span class='ocr_line' id='line_1_55' title="bbox 1885 2236 3486 2312; baseline 0.011 -24"><span class='ocrx_word' id='word_1_352' title='bbox 1885 2236 2178 2292; x_wconf 79' lang='lat' dir='ltr'><strong>attraxerit</strong></span> <span class='ocrx_word' id='word_1_353' title='bbox 2209 2252 2371 2308; x_wconf 87' lang='lat' dir='ltr'><strong>quam</strong></span> <span class='ocrx_word' id='word_1_354' title='bbox 2399 2239 2636 2310; x_wconf 83' lang='lat' dir='ltr'><strong>qualibet</strong></span> <span class='ocrx_word' id='word_1_355' title='bbox 2669 2239 2828 2312; x_wconf 78' lang='lat' dir='ltr'><strong>plaga</strong></span> <span class='ocrx_word' id='word_1_356' title='bbox 2875 2242 2960 2298; x_wconf 87' lang='lat' dir='ltr'><strong>vel</strong></span> <span class='ocrx_word' id='word_1_357' title='bbox 3008 2243 3212 2300; x_wconf 84' lang='lat' dir='ltr'><strong>ultione</strong></span> <span class='ocrx_word' id='word_1_358' title='bbox 3261 2249 3486 2306; x_wconf 85' lang='lat' dir='ltr'><strong>meritos</strong></span> 
     </span>
    </p>
   </div>
   <div class='ocr_carea' id='block_1_54' title="bbox 1888 2330 2217 2388">
    <p class='ocr_par' dir='ltr' id='par_1_54' title="bbox 1888 2330 2217 2388">
     <span class='ocr_line' id='line_1_56' title="bbox 1888 2330 2217 2388; baseline 0.009 -7"><span class='ocrx_word' id='word_1_359' title='bbox 1888 2330 2217 2388; x_wconf 82' lang='lat' dir='ltr'><strong>coercuerit.</strong></span> 
     </span>
    </p>
   </div>
   <div class='ocr_carea' id='block_1_55' title="bbox 2453 2425 2916 2484">
    <p class='ocr_par' dir='ltr' id='par_1_55' title="bbox 2453 2425 2916 2484">
     <span class='ocr_line' id='line_1_57' title="bbox 2453 2425 2916 2484; baseline 0.002 -1"><span class='ocrx_word' id='word_1_360' title='bbox 2453 2425 2686 2484; x_wconf 83' lang='lat' dir='ltr'><strong>CAPUT</strong></span> <span class='ocrx_word' id='word_1_361' title='bbox 2722 2427 2916 2484; x_wconf 80' lang='lat' dir='ltr'><strong>XXXI.</strong></span> 
     </span>
    </p>
   </div>
   <div class='ocr_carea' id='block_1_56' title="bbox 1886 2513 3486 2591">
    <p class='ocr_par' dir='ltr' id='par_1_56' title="bbox 1886 2513 3486 2591">
     <span class='ocr_line' id='line_1_58' title="bbox 1886 2513 3486 2591; baseline 0.009 -21"><span class='ocrx_word' id='word_1_362' title='bbox 1886 2513 1966 2570; x_wconf 86' lang='lat' dir='ltr'><strong>De</strong></span> <span class='ocrx_word' id='word_1_363' title='bbox 2005 2525 2249 2572; x_wconf 76' lang='lat' dir='ltr'><strong>matrona</strong></span> <span class='ocrx_word' id='word_1_364' title='bbox 2297 2517 2540 2591; x_wconf 75' lang='lat' dir='ltr'><strong>quadam</strong></span> <span class='ocrx_word' id='word_1_365' title='bbox 2575 2519 2738 2590; x_wconf 81' lang='lat' dir='ltr'><strong>ipsius</strong></span> <span class='ocrx_word' id='word_1_366' title='bbox 2783 2522 2927 2576; x_wconf 85' lang='lat' dir='ltr'><strong>urbis</strong></span> <span class='ocrx_word' id='word_1_367' title='bbox 2975 2521 3179 2591; x_wconf 66' lang='lat' dir='ltr'><strong>orbata,</strong></span> <span class='ocrx_word' id='word_1_368' title='bbox 3210 2536 3258 2580; x_wconf 85' lang='lat' dir='ltr'><strong>et</strong></span> <span class='ocrx_word' id='word_1_369' title='bbox 3291 2525 3486 2584; x_wconf 67' lang='lat' dir='ltr'><strong>taurini</strong></span> 
     </span>
    </p>
   </div>
   <div class='ocr_carea' id='block_1_57' title="bbox 2394 2589 2966 2658">
    <p class='ocr_par' dir='ltr' id='par_1_57' title="bbox 2394 2589 2966 2658">
     <span class='ocr_line' id='line_1_59' title="bbox 2394 2589 2966 2658; baseline 0.009 -15"><span class='ocrx_word' id='word_1_370' title='bbox 2394 2589 2614 2658; x_wconf 79' lang='lat' dir='ltr'><strong>pristino</strong></span> <span class='ocrx_word' id='word_1_371' title='bbox 2649 2601 2966 2648; x_wconf 77' lang='lat' dir='ltr'><strong>restaurata.</strong></span> 
     </span>
    </p>
   </div>
   <div class='ocr_carea' id='block_1_58' title="bbox 1959 2697 3481 2782">
    <p class='ocr_par' dir='ltr' id='par_1_58' title="bbox 1959 2697 3481 2782">
     <span class='ocr_line' id='line_1_60' title="bbox 1959 2697 3481 2782; baseline 0.011 -30"><span class='ocrx_word' id='word_1_372' title='bbox 1959 2697 2206 2755; x_wconf 86' lang='lat' dir='ltr'><strong>Matrona</strong></span> <span class='ocrx_word' id='word_1_373' title='bbox 2251 2701 2500 2771; x_wconf 72' lang='lat' dir='ltr'><strong>qumdam</strong></span> <span class='ocrx_word' id='word_1_374' title='bbox 2554 2703 2620 2759; x_wconf 90' lang='lat' dir='ltr'><strong>de</strong></span> <span class='ocrx_word' id='word_1_375' title='bbox 2667 2705 2783 2774; x_wconf 91' lang='lat' dir='ltr'><strong>ipsa</strong></span> <span class='ocrx_word' id='word_1_376' title='bbox 2831 2707 3054 2764; x_wconf 81' lang='lat' dir='ltr'><strong>civitate</strong></span> <span class='ocrx_word' id='word_1_377' title='bbox 3101 2725 3201 2782; x_wconf 87' lang='lat' dir='ltr'><strong>per</strong></span> <span class='ocrx_word' id='word_1_378' title='bbox 3248 2711 3481 2768; x_wconf 86' lang='lat' dir='ltr'><strong>multum</strong></span> 
     </span>
    </p>
   </div>
   <div class='ocr_carea' id='block_1_59' title="bbox 1887 2793 3484 2874">
    <p class='ocr_par' dir='ltr' id='par_1_59' title="bbox 1887 2793 3484 2874">
     <span class='ocr_line' id='line_1_61' title="bbox 1887 2793 3484 2874; baseline 0.01 -27"><span class='ocrx_word' id='word_1_379' title='bbox 1887 2799 2100 2862; x_wconf 81' lang='lat' dir='ltr'><strong>tempus</strong></span> <span class='ocrx_word' id='word_1_380' title='bbox 2131 2793 2344 2864; x_wconf 83' lang='lat' dir='ltr'><strong>privata</strong></span> <span class='ocrx_word' id='word_1_381' title='bbox 2376 2794 2554 2850; x_wconf 82' lang='lat' dir='ltr'><strong>fuerat</strong></span> <span class='ocrx_word' id='word_1_382' title='bbox 2580 2797 2863 2854; x_wconf 91' lang='lat' dir='ltr'><strong>oculorum</strong></span> <span class='ocrx_word' id='word_1_383' title='bbox 2890 2801 3113 2870; x_wconf 85' lang='lat' dir='ltr'><strong>lumine,</strong></span> <span class='ocrx_word' id='word_1_384' title='bbox 3161 2819 3282 2874; x_wconf 79' lang='lat' dir='ltr'><strong>qua:</strong></span> <span class='ocrx_word' id='word_1_385' title='bbox 3313 2815 3370 2860; x_wconf 91' lang='lat' dir='ltr'><strong>ut</strong></span> <span class='ocrx_word' id='word_1_386' title='bbox 3414 2823 3484 2863; x_wconf 74' lang='lat' dir='ltr'><strong>ex</strong></span> 
     </span>
    </p>
   </div>
   <div class='ocr_carea' id='block_1_60' title="bbox 1886 2893 3485 2970">
    <p class='ocr_par' dir='ltr' id='par_1_60' title="bbox 1886 2893 3485 2970">
     <span class='ocr_line' id='line_1_62' title="bbox 1886 2893 3485 2970; baseline 0.009 -28"><span class='ocrx_word' id='word_1_387' title='bbox 1886 2893 2015 2942; x_wconf 85' lang='lat' dir='ltr'><strong>voto</strong></span> <span class='ocrx_word' id='word_1_388' title='bbox 2043 2903 2143 2958; x_wconf 87' lang='lat' dir='ltr'><strong>pro</strong></span> <span class='ocrx_word' id='word_1_389' title='bbox 2171 2903 2231 2944; x_wconf 91' lang='lat' dir='ltr'><strong>se</strong></span> <span class='ocrx_word' id='word_1_390' title='bbox 2260 2897 2512 2960; x_wconf 78' lang='lat' dir='ltr'><strong>rogatum</strong></span> <span class='ocrx_word' id='word_1_391' title='bbox 2549 2893 2799 2961; x_wconf 83' lang='lat' dir='ltr'><strong>pervenit</strong></span> <span class='ocrx_word' id='word_1_392' title='bbox 2825 2893 2890 2948; x_wconf 87' lang='lat' dir='ltr'><strong>ad</strong></span> <span class='ocrx_word' id='word_1_393' title='bbox 2922 2911 3118 2967; x_wconf 83' lang='lat' dir='ltr'><strong>corpus</strong></span> <span class='ocrx_word' id='word_1_394' title='bbox 3151 2901 3485 2970; x_wconf 87' lang='lat' dir='ltr'><strong>venerabile,</strong></span> 
     </span>
    </p>
   </div>
   <div class='ocr_carea' id='block_1_61' title="bbox 197 2971 3486 3062">
    <p class='ocr_par' dir='ltr' id='par_1_61' title="bbox 197 2971 3486 3062">
     <span class='ocr_line' id='line_1_63' title="bbox 197 2971 3486 3062; baseline 0.004 -23"><span class='ocrx_word' id='word_1_395' title='bbox 197 3001 320 3056; x_wconf 79' lang='lat' dir='ltr'><strong>ergo</strong></span> <span class='ocrx_word' id='word_1_396' title='bbox 344 2985 576 3044; x_wconf 86' lang='lat' dir='ltr'><strong>ecclesia</strong></span> <span class='ocrx_word' id='word_1_397' title='bbox 601 2989 826 3046; x_wconf 83' lang='lat' dir='ltr'><strong>vocibus</strong></span> <span class='ocrx_word' id='word_1_398' title='bbox 865 2991 1217 3062; x_wconf 79' lang='lat' dir='ltr'><strong>gaudentium</strong></span> <span class='ocrx_word' id='word_1_399' title='bbox 1247 2990 1526 3060; x_wconf 87' lang='lat' dir='ltr'><strong>Deumque</strong></span> <span class='ocrx_word' id='word_1_400' title='bbox 1555 2989 1781 3044; x_wconf 82' lang='lat' dir='ltr'><strong>laudau-</strong></span> <span class='ocrx_word' id='word_1_401' title='bbox 1812 2971 1857 3038; x_wconf 84' lang='lat' dir='ltr'><strong>C</strong></span> <span class='ocrx_word' id='word_1_402' title='bbox 1888 2979 2074 3037; x_wconf 87' lang='lat' dir='ltr'><strong>statim</strong></span> <span class='ocrx_word' id='word_1_403' title='bbox 2119 2997 2186 3037; x_wconf 85' lang='lat' dir='ltr'><strong>ex</strong></span> <span class='ocrx_word' id='word_1_404' title='bbox 2222 2981 2419 3038; x_wconf 81' lang='lat' dir='ltr'><strong>divina:</strong></span> <span class='ocrx_word' id='word_1_405' title='bbox 2448 2985 2855 3042; x_wconf 87' lang='lat' dir='ltr'><strong>clarificationis</strong></span> <span class='ocrx_word' id='word_1_406' title='bbox 2899 2991 3212 3058; x_wconf 71' lang='lat' dir='ltr'><strong>prmsentia,</strong></span> <span class='ocrx_word' id='word_1_407' title='bbox 3266 2993 3486 3051; x_wconf 83' lang='lat' dir='ltr'><strong>detersa</strong></span> 
     </span>
    </p>
   </div>
   <div class='ocr_carea' id='block_1_62' title="bbox 197 3077 1780 3152">
    <p class='ocr_par' dir='ltr' id='par_1_62' title="bbox 197 3077 1780 3152">
     <span class='ocr_line' id='line_1_64' title="bbox 197 3077 1780 3152; baseline 0.004 -22"><span class='ocrx_word' id='word_1_408' title='bbox 197 3077 348 3132; x_wconf 87' lang='lat' dir='ltr'><strong>tium.</strong></span> <span class='ocrx_word' id='word_1_409' title='bbox 399 3079 520 3152; x_wconf 87' lang='lat' dir='ltr'><strong>Ipse</strong></span> <span class='ocrx_word' id='word_1_410' title='bbox 565 3091 754 3138; x_wconf 85' lang='lat' dir='ltr'><strong>autem</strong></span> <span class='ocrx_word' id='word_1_411' title='bbox 797 3083 1098 3148; x_wconf 87' lang='lat' dir='ltr'><strong>admirans,</strong></span> <span class='ocrx_word' id='word_1_412' title='bbox 1139 3081 1338 3144; x_wconf 82' lang='lat' dir='ltr'><strong>Tarde.</strong></span> <span class='ocrx_word' id='word_1_413' title='bbox 1385 3083 1484 3146; x_wconf 90' lang='lat' dir='ltr'><strong>ait,</strong></span> <span class='ocrx_word' id='word_1_414' title='bbox 1527 3089 1588 3134; x_wconf 86' lang='lat' dir='ltr'><strong>ut</strong></span> <span class='ocrx_word' id='word_1_415' title='bbox 1634 3095 1780 3144; x_wconf 80' lang='lat' dir='ltr'><strong>reor,</strong></span> 
     </span>
    </p>
   </div>
   <div class='ocr_carea' id='block_1_63' title="bbox 199 3169 1785 3246">
    <p class='ocr_par' dir='ltr' id='par_1_63' title="bbox 199 3169 1785 3246">
     <span class='ocr_line' id='line_1_65' title="bbox 199 3169 1785 3246; baseline 0.003 -22"><span class='ocrx_word' id='word_1_416' title='bbox 199 3169 320 3226; x_wconf 84' lang='lat' dir='ltr'><strong>illuc</strong></span> <span class='ocrx_word' id='word_1_417' title='bbox 361 3176 702 3243; x_wconf 80' lang='lat' dir='ltr'><strong>perveniam,</strong></span> <span class='ocrx_word' id='word_1_418' title='bbox 729 3184 812 3242; x_wconf 92' lang='lat' dir='ltr'><strong>ut,</strong></span> <span class='ocrx_word' id='word_1_419' title='bbox 853 3177 996 3232; x_wconf 89' lang='lat' dir='ltr'><strong>sicut</strong></span> <span class='ocrx_word' id='word_1_420' title='bbox 1025 3183 1216 3231; x_wconf 85' lang='lat' dir='ltr'><strong>sancto</strong></span> <span class='ocrx_word' id='word_1_421' title='bbox 1255 3175 1452 3246; x_wconf 84' lang='lat' dir='ltr'><strong>placet,</strong></span> <span class='ocrx_word' id='word_1_422' title='bbox 1487 3174 1538 3230; x_wconf 93' lang='lat' dir='ltr'><strong>ei</strong></span> <span class='ocrx_word' id='word_1_423' title='bbox 1570 3171 1785 3229; x_wconf 84' lang='lat' dir='ltr'><strong>satisfa-</strong></span> 
     </span>
    </p>
   </div>
   <div class='ocr_carea' id='block_1_64' title="bbox 201 3263 1786 3340">
    <p class='ocr_par' dir='ltr' id='par_1_64' title="bbox 201 3263 1786 3340">
     <span class='ocr_line' id='line_1_66' title="bbox 201 3263 1786 3340; baseline 0 -22"><span class='ocrx_word' id='word_1_424' title='bbox 201 3263 355 3318; x_wconf 84' lang='lat' dir='ltr'><strong>ciam.</strong></span> <span class='ocrx_word' id='word_1_425' title='bbox 387 3265 488 3321; x_wconf 71' lang='grc' dir='ltr'><strong>γει</strong></span> <span class='ocrx_word' id='word_1_426' title='bbox 519 3267 706 3338; x_wconf 80' lang='lat' dir='ltr'><strong>igitur,</strong></span> <span class='ocrx_word' id='word_1_427' title='bbox 739 3269 1165 3340; x_wconf 84' lang='lat' dir='ltr'><strong>irrumpentibus</strong></span> <span class='ocrx_word' id='word_1_428' title='bbox 1195 3267 1462 3322; x_wconf 76' lang='lat' dir='ltr'><strong>ministris</strong></span> <span class='ocrx_word' id='word_1_429' title='bbox 1509 3267 1615 3322; x_wconf 86' lang='lat' dir='ltr'><strong>iter</strong></span> <span class='ocrx_word' id='word_1_430' title='bbox 1641 3307 1656 3332; x_wconf 87' lang='lat'><strong>,</strong></span> <span class='ocrx_word' id='word_1_431' title='bbox 1686 3279 1786 3336; x_wconf 89' lang='lat' dir='ltr'><strong>per</strong></span> 
     </span>
    </p>
   </div>
   <div class='ocr_carea' id='block_1_65' title="bbox 201 3359 1786 3434">
    <p class='ocr_par' dir='ltr' id='par_1_65' title="bbox 201 3359 1786 3434">
     <span class='ocr_line' id='line_1_67' title="bbox 201 3359 1786 3434; baseline 0 -22"><span class='ocrx_word' id='word_1_432' title='bbox 201 3360 373 3430; x_wconf 78' lang='lat' dir='ltr'><strong>populi</strong></span> <span class='ocrx_word' id='word_1_433' title='bbox 423 3363 663 3418; x_wconf 91' lang='lat' dir='ltr'><strong>medium</strong></span> <span class='ocrx_word' id='word_1_434' title='bbox 713 3365 959 3434; x_wconf 83' lang='lat' dir='ltr'><strong>pervenit</strong></span> <span class='ocrx_word' id='word_1_435' title='bbox 1019 3363 1074 3418; x_wconf 88' lang='lat' dir='ltr'><strong>in</strong></span> <span class='ocrx_word' id='word_1_436' title='bbox 1121 3361 1428 3434; x_wconf 72' lang='lat' dir='ltr'><strong>prmseutia,</strong></span> <span class='ocrx_word' id='word_1_437' title='bbox 1477 3359 1568 3416; x_wconf 91' lang='lat' dir='ltr'><strong>ubi</strong></span> <span class='ocrx_word' id='word_1_438' title='bbox 1619 3359 1786 3415; x_wconf 87' lang='lat' dir='ltr'><strong>fiebat</strong></span> 
     </span>
    </p>
   </div>
   <div class='ocr_carea' id='block_1_66' title="bbox 201 3455 1113 3522">
    <p class='ocr_par' dir='ltr' id='par_1_66' title="bbox 201 3455 1113 3522">
     <span class='ocr_line' id='line_1_68' title="bbox 201 3455 1113 3522; baseline 0.003 -15"><span class='ocrx_word' id='word_1_439' title='bbox 201 3469 328 3522; x_wconf 84' lang='lat' dir='ltr'><strong>opus</strong></span> <span class='ocrx_word' id='word_1_440' title='bbox 357 3455 658 3513; x_wconf 83' lang='lat' dir='ltr'><strong>divinitatis</strong></span> <span class='ocrx_word' id='word_1_441' title='bbox 677 3458 1113 3513; x_wconf 84' lang='lat' dir='ltr'><strong>celeberrimum.</strong></span> 
     </span>
    </p>
   </div>
   <div class='ocr_carea' id='block_1_67' title="bbox 223 3535 1786 3620">
    <p class='ocr_par' dir='ltr' id='par_1_67' title="bbox 223 3535 1786 3620">
     <span class='ocr_line' id='line_1_69' title="bbox 223 3535 1786 3620; baseline 0.003 -22"><span class='ocrx_word' id='word_1_442' title='bbox 223 3535 228 3540; x_wconf 80' lang='grc'><em>’</em></span> <span class='ocrx_word' id='word_1_443' title='bbox 266 3544 502 3620; x_wconf 82' lang='lat' dir='ltr'><strong>Accepto</strong></span> <span class='ocrx_word' id='word_1_444' title='bbox 527 3549 716 3619; x_wconf 85' lang='lat' dir='ltr'><strong>itaque</strong></span> <span class='ocrx_word' id='word_1_445' title='bbox 759 3547 940 3604; x_wconf 87' lang='lat' dir='ltr'><strong>statim</strong></span> <span class='ocrx_word' id='word_1_446' title='bbox 973 3565 1002 3603; x_wconf 89' lang='lat' dir='ltr'><strong>a</strong></span> <span class='ocrx_word' id='word_1_447' title='bbox 1053 3547 1277 3604; x_wconf 86' lang='lat' dir='ltr'><strong>custode</strong></span> <span class='ocrx_word' id='word_1_448' title='bbox 1307 3545 1564 3616; x_wconf 86' lang='lat' dir='ltr'><strong>pastorali</strong></span> <span class='ocrx_word' id='word_1_449' title='bbox 1591 3543 1786 3602; x_wconf 82' lang='lat' dir='ltr'><strong>baculo</strong></span> 
     </span>
    </p>
   </div>
   <div class='ocr_carea' id='block_1_68' title="bbox 205 3640 390 3705">
    <p class='ocr_par' dir='ltr' id='par_1_68' title="bbox 205 3640 390 3705">
     <span class='ocr_line' id='line_1_70' title="bbox 205 3640 390 3705; baseline 0 -13"><span class='ocrx_word' id='word_1_450' title='bbox 205 3640 390 3705; x_wconf 80' lang='lat' dir='ltr'><strong>sancti,</strong></span> 
     </span>
    </p>
   </div>
   <div class='ocr_carea' id='block_1_69' title="bbox 208 3731 1786 3808">
    <p class='ocr_par' dir='ltr' id='par_1_69' title="bbox 208 3731 1786 3808">
     <span class='ocr_line' id='line_1_71' title="bbox 208 3731 1786 3808; baseline 0.002 -23"><span class='ocrx_word' id='word_1_451' title='bbox 208 3731 376 3799; x_wconf 79' lang='lat' dir='ltr'><strong>Stans,</strong></span> <span class='ocrx_word' id='word_1_452' title='bbox 403 3737 479 3790; x_wconf 86' lang='lat' dir='ltr'><strong>ait</strong></span> <span class='ocrx_word' id='word_1_453' title='bbox 511 3753 531 3790; x_wconf 89' lang='lat'><strong><em>:</em></strong></span> <span class='ocrx_word' id='word_1_454' title='bbox 563 3736 650 3790; x_wconf 82' lang='lat' dir='ltr'><strong>Eu</strong></span> <span class='ocrx_word' id='word_1_455' title='bbox 683 3736 855 3807; x_wconf 82' lang='lat' dir='ltr'><strong>recipe</strong></span> <span class='ocrx_word' id='word_1_456' title='bbox 885 3736 1024 3808; x_wconf 79' lang='lat' dir='ltr'><strong>quod</strong></span> <span class='ocrx_word' id='word_1_457' title='bbox 1065 3735 1226 3792; x_wconf 80' lang='lat' dir='ltr'><strong>reddo</strong></span> <span class='ocrx_word' id='word_1_458' title='bbox 1264 3744 1413 3788; x_wconf 80' lang='lat' dir='ltr'><strong>tuum</strong></span> <span class='ocrx_word' id='word_1_459' title='bbox 1443 3731 1559 3798; x_wconf 81' lang='lat' dir='ltr'><strong>tibi,</strong></span> <span class='ocrx_word' id='word_1_460' title='bbox 1585 3741 1786 3800; x_wconf 81' lang='lat' dir='ltr'><strong>sancte,</strong></span> 
     </span>
    </p>
   </div>
   <div class='ocr_carea' id='block_1_70' title="bbox 209 3825 1442 3899">
    <p class='ocr_par' dir='ltr' id='par_1_70' title="bbox 209 3825 1442 3899">
     <span class='ocr_line' id='line_1_72' title="bbox 209 3825 1442 3899; baseline 0 -19"><span class='ocrx_word' id='word_1_461' title='bbox 209 3825 524 3897; x_wconf 79' lang='lat' dir='ltr'><strong>lgnascendo</strong></span> <span class='ocrx_word' id='word_1_462' title='bbox 557 3830 686 3884; x_wconf 79' lang='lat' dir='ltr'><strong>mihi</strong></span> <span class='ocrx_word' id='word_1_463' title='bbox 721 3830 927 3884; x_wconf 76' lang='lat' dir='ltr'><strong>veniam</strong></span> <span class='ocrx_word' id='word_1_464' title='bbox 961 3829 1185 3884; x_wconf 79' lang='lat' dir='ltr'><strong>concede</strong></span> <span class='ocrx_word' id='word_1_465' title='bbox 1213 3827 1442 3899; x_wconf 79' lang='lat' dir='ltr'><strong>roganti.</strong></span> 
     </span>
    </p>
   </div>
   <div class='ocr_carea' id='block_1_71' title="bbox 209 3917 1786 3993">
    <p class='ocr_par' dir='ltr' id='par_1_71' title="bbox 209 3917 1786 3993">
     <span class='ocr_line' id='line_1_73' title="bbox 209 3917 1786 3993; baseline -0.004 -13"><span class='ocrx_word' id='word_1_466' title='bbox 209 3937 222 3980; x_wconf 62' lang='grc' dir='ltr'>ξ</span> <span class='ocrx_word' id='word_1_467' title='bbox 271 3921 359 3976; x_wconf 87' lang='lat' dir='ltr'><strong>Sic</strong></span> <span class='ocrx_word' id='word_1_468' title='bbox 395 3939 513 3988; x_wconf 78' lang='lat' dir='ltr'><strong>rex,</strong></span> <span class='ocrx_word' id='word_1_469' title='bbox 549 3923 788 3993; x_wconf 82' lang='lat' dir='ltr'><strong>reposito</strong></span> <span class='ocrx_word' id='word_1_470' title='bbox 825 3922 1014 3978; x_wconf 86' lang='lat' dir='ltr'><strong>baculo</strong></span> <span class='ocrx_word' id='word_1_471' title='bbox 1045 3937 1208 3992; x_wconf 84' lang='lat' dir='ltr'><strong>super</strong></span> <span class='ocrx_word' id='word_1_472' title='bbox 1232 3935 1432 3990; x_wconf 82' lang='lat' dir='ltr'><strong>corpus</strong></span> <span class='ocrx_word' id='word_1_473' title='bbox 1455 3917 1786 3982; x_wconf 82' lang='lat' dir='ltr'><strong>venerabile,</strong></span> 
     </span>
    </p>
   </div>
   <div class='ocr_carea' id='block_1_72' title="bbox 210 4012 1791 4084">
    <p class='ocr_par' dir='ltr' id='par_1_72' title="bbox 210 4012 1791 4084">
     <span class='ocr_line' id='line_1_74' title="bbox 210 4012 1791 4084; baseline 0.001 -20"><span class='ocrx_word' id='word_1_474' title='bbox 210 4013 460 4068; x_wconf 78' lang='lat' dir='ltr'><strong>conﬁtens</strong></span> <span class='ocrx_word' id='word_1_475' title='bbox 493 4021 778 4084; x_wconf 75' lang='lat' dir='ltr'><strong>peccaturo</strong></span> <span class='ocrx_word' id='word_1_476' title='bbox 809 4013 1090 4070; x_wconf 80' lang='lat' dir='ltr'><strong>bumiliato</strong></span> <span class='ocrx_word' id='word_1_477' title='bbox 1135 4012 1346 4082; x_wconf 85' lang='lat' dir='ltr'><strong>capite,</strong></span> <span class='ocrx_word' id='word_1_478' title='bbox 1385 4025 1664 4082; x_wconf 75' lang='lat' dir='ltr'><strong>regressus</strong></span> <span class='ocrx_word' id='word_1_479' title='bbox 1705 4019 1791 4065; x_wconf 87' lang='lat' dir='ltr'><strong>est</strong></span> 
     </span>
    </p>
   </div>
   <div class='ocr_carea' id='block_1_73' title="bbox 215 4103 1785 4174">
    <p class='ocr_par' dir='ltr' id='par_1_73' title="bbox 215 4103 1785 4174">
     <span class='ocr_line' id='line_1_75' title="bbox 215 4103 1785 4174; baseline 0.003 -21"><span class='ocrx_word' id='word_1_480' title='bbox 215 4103 512 4168; x_wconf 84' lang='lat' dir='ltr'><strong>celerrime,</strong></span> <span class='ocrx_word' id='word_1_481' title='bbox 583 4106 776 4160; x_wconf 87' lang='lat' dir='ltr'><strong>eadem</strong></span> <span class='ocrx_word' id='word_1_482' title='bbox 811 4143 828 4169; x_wconf 92' lang='lat'><strong>,</strong></span> <span class='ocrx_word' id='word_1_483' title='bbox 887 4114 946 4159; x_wconf 91' lang='lat' dir='ltr'><strong>ut</strong></span> <span class='ocrx_word' id='word_1_484' title='bbox 995 4105 1400 4174; x_wconf 83' lang='lat' dir='ltr'><strong>comperimus,</strong></span> <span class='ocrx_word' id='word_1_485' title='bbox 1453 4105 1785 4169; x_wconf 19' lang='lat' dir='ltr'><strong>liora,vuua</strong></span> 
     </span>
    </p>
   </div>
   <div class='ocr_carea' id='block_1_74' title="bbox 217 4193 1186 4268">
    <p class='ocr_par' dir='ltr' id='par_1_74' title="bbox 217 4193 1186 4268">
     <span class='ocr_line' id='line_1_76' title="bbox 217 4193 1186 4268; baseline 0.007 -24"><span class='ocrx_word' id='word_1_486' title='bbox 217 4193 338 4249; x_wconf 85' lang='lat' dir='ltr'><strong>facta</strong></span> <span class='ocrx_word' id='word_1_487' title='bbox 367 4205 454 4252; x_wconf 83' lang='lat' dir='ltr'><strong>est</strong></span> <span class='ocrx_word' id='word_1_488' title='bbox 477 4207 668 4253; x_wconf 88' lang='lat' dir='ltr'><strong>sancto</strong></span> <span class='ocrx_word' id='word_1_489' title='bbox 697 4197 768 4252; x_wconf 89' lang='lat' dir='ltr'><strong>ab</strong></span> <span class='ocrx_word' id='word_1_490' title='bbox 795 4211 924 4268; x_wconf 80' lang='lat' dir='ltr'><strong>rege</strong></span> <span class='ocrx_word' id='word_1_491' title='bbox 943 4197 1186 4266; x_wconf 76' lang='lat' dir='ltr'><strong>iustitia;</strong></span> 
     </span>
    </p>
   </div>
   <div class='ocr_carea' id='block_1_75' title="bbox 217 4285 1542 4361">
    <p class='ocr_par' dir='ltr' id='par_1_75' title="bbox 217 4285 1542 4361">
     <span class='ocr_line' id='line_1_77' title="bbox 217 4285 1542 4361; baseline 0.002 -23"><span class='ocrx_word' id='word_1_492' title='bbox 217 4285 428 4350; x_wconf 74' lang='lat' dir='ltr'><strong>Quidam</strong></span> <span class='ocrx_word' id='word_1_493' title='bbox 461 4300 760 4344; x_wconf 74' lang='lat' dir='ltr'><strong>contractus</strong></span> <span class='ocrx_word' id='word_1_494' title='bbox 791 4307 976 4360; x_wconf 83' lang='lat' dir='ltr'><strong>gressu</strong></span> <span class='ocrx_word' id='word_1_495' title='bbox 1003 4299 1106 4346; x_wconf 84' lang='lat' dir='ltr'><strong>stat</strong></span> <span class='ocrx_word' id='word_1_496' title='bbox 1137 4290 1332 4361; x_wconf 80' lang='lat' dir='ltr'><strong>sospite</strong></span> <span class='ocrx_word' id='word_1_497' title='bbox 1360 4304 1542 4344; x_wconf 76' lang='lat' dir='ltr'><strong>sanus.</strong></span> 
     </span>
    </p>
   </div>
   <div class='ocr_carea' id='block_1_76' title="bbox 277 4378 1786 4454">
    <p class='ocr_par' dir='ltr' id='par_1_76' title="bbox 277 4378 1786 4454">
     <span class='ocr_line' id='line_1_78' title="bbox 277 4378 1786 4454; baseline 0.001 -22"><span class='ocrx_word' id='word_1_498' title='bbox 277 4378 520 4436; x_wconf 82' lang='lat' dir='ltr'><strong>Protinus</strong></span> <span class='ocrx_word' id='word_1_499' title='bbox 543 4397 676 4454; x_wconf 80' lang='lat' dir='ltr'><strong>ergo</strong></span> <span class='ocrx_word' id='word_1_500' title='bbox 725 4384 924 4436; x_wconf 87' lang='lat' dir='ltr'><strong>dantur</strong></span> <span class='ocrx_word' id='word_1_501' title='bbox 955 4384 1066 4438; x_wconf 83' lang='lat' dir='ltr'><strong>Deo</strong></span> <span class='ocrx_word' id='word_1_502' title='bbox 1111 4383 1375 4437; x_wconf 89' lang='lat' dir='ltr'><strong>altissimo</strong></span> <span class='ocrx_word' id='word_1_503' title='bbox 1421 4383 1488 4434; x_wconf 89' lang='lat' dir='ltr'><strong>ab</strong></span> <span class='ocrx_word' id='word_1_504' title='bbox 1520 4379 1786 4434; x_wconf 85' lang='lat' dir='ltr'><strong>universis</strong></span> 
     </span>
    </p>
   </div>
   <div class='ocr_carea' id='block_1_77' title="bbox 219 4469 1788 4546">
    <p class='ocr_par' dir='ltr' id='par_1_77' title="bbox 219 4469 1788 4546">
     <span class='ocr_line' id='line_1_79' title="bbox 219 4469 1788 4546; baseline 0.004 -24"><span class='ocrx_word' id='word_1_505' title='bbox 219 4469 388 4528; x_wconf 86' lang='lat' dir='ltr'><strong>laudes</strong></span> <span class='ocrx_word' id='word_1_506' title='bbox 421 4485 475 4530; x_wconf 89' lang='lat' dir='ltr'><strong>et</strong></span> <span class='ocrx_word' id='word_1_507' title='bbox 517 4476 728 4546; x_wconf 71' lang='lat' dir='ltr'><strong>gratim,</strong></span> <span class='ocrx_word' id='word_1_508' title='bbox 759 4475 1112 4545; x_wconf 88' lang='lat' dir='ltr'><strong>concinitque</strong></span> <span class='ocrx_word' id='word_1_509' title='bbox 1159 4476 1363 4546; x_wconf 85' lang='lat' dir='ltr'><strong>pariter</strong></span> <span class='ocrx_word' id='word_1_510' title='bbox 1393 4473 1573 4528; x_wconf 86' lang='lat' dir='ltr'><strong>clerus</strong></span> <span class='ocrx_word' id='word_1_511' title='bbox 1604 4473 1788 4528; x_wconf 85' lang='lat' dir='ltr'><strong>civita-</strong></span> 
     </span>
    </p>
   </div>
   <div class='ocr_carea' id='block_1_78' title="bbox 221 4561 1326 4624">
    <p class='ocr_par' dir='ltr' id='par_1_78' title="bbox 221 4561 1326 4624">
     <span class='ocr_line' id='line_1_80' title="bbox 221 4561 1326 4624; baseline 0.007 -10"><span class='ocrx_word' id='word_1_512' title='bbox 221 4561 280 4617; x_wconf 86' lang='lat' dir='ltr'><strong>tis</strong></span> <span class='ocrx_word' id='word_1_513' title='bbox 305 4561 370 4619; x_wconf 81' lang='grc' dir='ltr'><strong>Τι</strong></span> <span class='ocrx_word' id='word_1_514' title='bbox 401 4565 570 4620; x_wconf 85' lang='lat' dir='ltr'><strong>Deum</strong></span> <span class='ocrx_word' id='word_1_515' title='bbox 593 4565 878 4622; x_wconf 84' lang='lat' dir='ltr'><strong>laudamus</strong></span> <span class='ocrx_word' id='word_1_516' title='bbox 914 4565 1326 4624; x_wconf 81' lang='lat' dir='ltr'><strong>oiliciosissime.</strong></span> 
     </span>
    </p>
   </div>
   <div class='ocr_carea' id='block_1_79' title="bbox 281 4655 1791 4732">
    <p class='ocr_par' dir='ltr' id='par_1_79' title="bbox 281 4655 1791 4732">
     <span class='ocr_line' id='line_1_81' title="bbox 281 4655 1791 4732; baseline 0.002 -23"><span class='ocrx_word' id='word_1_517' title='bbox 281 4655 403 4723; x_wconf 72' lang='lat' dir='ltr'><strong>Qua:</strong></span> <span class='ocrx_word' id='word_1_518' title='bbox 445 4657 526 4714; x_wconf 86' lang='lat' dir='ltr'><strong>vel</strong></span> <span class='ocrx_word' id='word_1_519' title='bbox 575 4668 778 4729; x_wconf 80' lang='lat' dir='ltr'><strong>quanta</strong></span> <span class='ocrx_word' id='word_1_520' title='bbox 832 4660 1092 4714; x_wconf 87' lang='lat' dir='ltr'><strong>miracula</strong></span> <span class='ocrx_word' id='word_1_521' title='bbox 1141 4669 1265 4732; x_wconf 86' lang='lat' dir='ltr'><strong>post</strong></span> <span class='ocrx_word' id='word_1_522' title='bbox 1314 4659 1430 4716; x_wconf 79' lang='lat' dir='ltr'><strong>haec</strong></span> <span class='ocrx_word' id='word_1_523' title='bbox 1477 4657 1621 4712; x_wconf 85' lang='lat' dir='ltr'><strong>facta</strong></span> <span class='ocrx_word' id='word_1_524' title='bbox 1679 4657 1791 4713; x_wconf 86' lang='lat' dir='ltr'><strong>sint</strong></span> 
     </span>
    </p>
   </div>
   <div class='ocr_carea' id='block_1_80' title="bbox 225 4744 1790 4822">
    <p class='ocr_par' dir='ltr' id='par_1_80' title="bbox 225 4744 1790 4822">
     <span class='ocr_line' id='line_1_82' title="bbox 225 4744 1790 4822; baseline 0.003 -20"><span class='ocrx_word' id='word_1_525' title='bbox 225 4744 534 4818; x_wconf 83' lang='lat' dir='ltr'><strong>impossibile</strong></span> <span class='ocrx_word' id='word_1_526' title='bbox 575 4761 660 4806; x_wconf 85' lang='lat' dir='ltr'><strong>est</strong></span> <span class='ocrx_word' id='word_1_527' title='bbox 689 4753 951 4822; x_wconf 88' lang='lat' dir='ltr'><strong>cuiquam</strong></span> <span class='ocrx_word' id='word_1_528' title='bbox 984 4753 1268 4808; x_wconf 88' lang='lat' dir='ltr'><strong>scribendo</strong></span> <span class='ocrx_word' id='word_1_529' title='bbox 1295 4749 1690 4821; x_wconf 76' lang='lat' dir='ltr'><strong>perstringere,</strong></span> <span class='ocrx_word' id='word_1_530' title='bbox 1722 4765 1790 4804; x_wconf 81' lang='lat' dir='ltr'><strong>ex</strong></span> 
     </span>
    </p>
   </div>
   <div class='ocr_carea' id='block_1_81' title="bbox 227 4841 1790 4916">
    <p class='ocr_par' dir='ltr' id='par_1_81' title="bbox 227 4841 1790 4916">
     <span class='ocr_line' id='line_1_83' title="bbox 227 4841 1790 4916; baseline 0.004 -23"><span class='ocrx_word' id='word_1_531' title='bbox 227 4841 399 4905; x_wconf 86' lang='lat' dir='ltr'><strong>quibus</strong></span> <span class='ocrx_word' id='word_1_532' title='bbox 445 4845 696 4900; x_wconf 87' lang='lat' dir='ltr'><strong>nonnulla</strong></span> <span class='ocrx_word' id='word_1_533' title='bbox 746 4853 978 4916; x_wconf 88' lang='lat' dir='ltr'><strong>propter</strong></span> <span class='ocrx_word' id='word_1_534' title='bbox 1021 4861 1342 4902; x_wconf 89' lang='lat' dir='ltr'><strong>concursum</strong></span> <span class='ocrx_word' id='word_1_535' title='bbox 1393 4845 1790 4914; x_wconf 87' lang='lat' dir='ltr'><strong>strepitumque</strong></span> 
     </span>
    </p>
   </div>
   <div class='ocr_carea' id='block_1_82' title="bbox 231 4935 1788 5009">
    <p class='ocr_par' dir='ltr' id='par_1_82' title="bbox 231 4935 1788 5009">
     <span class='ocr_line' id='line_1_84' title="bbox 231 4935 1788 5009; baseline 0.004 -24"><span class='ocrx_word' id='word_1_536' title='bbox 231 4935 583 4992; x_wconf 87' lang='lat' dir='ltr'><strong>tumultuantis</strong></span> <span class='ocrx_word' id='word_1_537' title='bbox 615 4937 821 5009; x_wconf 88' lang='lat' dir='ltr'><strong>populi,</strong></span> <span class='ocrx_word' id='word_1_538' title='bbox 875 4937 948 4991; x_wconf 90' lang='lat' dir='ltr'><strong>ad</strong></span> <span class='ocrx_word' id='word_1_539' title='bbox 979 4939 1144 4993; x_wconf 87' lang='lat' dir='ltr'><strong>nostri</strong></span> <span class='ocrx_word' id='word_1_540' title='bbox 1177 4939 1426 4994; x_wconf 88' lang='lat' dir='ltr'><strong>notitiam</strong></span> <span class='ocrx_word' id='word_1_541' title='bbox 1457 4951 1564 4991; x_wconf 89' lang='lat' dir='ltr'><strong>non</strong></span> <span class='ocrx_word' id='word_1_542' title='bbox 1595 4944 1788 5007; x_wconf 87' lang='lat' dir='ltr'><strong>potue-</strong></span> 
     </span>
    </p>
   </div>
   <div class='ocr_carea' id='block_1_83' title="bbox 232 5027 1791 5098">
    <p class='ocr_par' dir='ltr' id='par_1_83' title="bbox 232 5027 1791 5098">
     <span class='ocr_line' id='line_1_85' title="bbox 232 5027 1791 5098; baseline 0.004 -21"><span class='ocrx_word' id='word_1_543' title='bbox 232 5035 338 5079; x_wconf 84' lang='lat' dir='ltr'><strong>mnt</strong></span> <span class='ocrx_word' id='word_1_544' title='bbox 363 5028 661 5097; x_wconf 84' lang='lat' dir='ltr'><strong>pervenire;</strong></span> <span class='ocrx_word' id='word_1_545' title='bbox 697 5045 762 5085; x_wconf 88' lang='lat' dir='ltr'><strong>ea</strong></span> <span class='ocrx_word' id='word_1_546' title='bbox 795 5037 987 5083; x_wconf 88' lang='lat' dir='ltr'><strong>tamen</strong></span> <span class='ocrx_word' id='word_1_547' title='bbox 1017 5043 1135 5098; x_wconf 74' lang='lat' dir='ltr'><strong>qua:</strong></span> <span class='ocrx_word' id='word_1_548' title='bbox 1165 5031 1418 5097; x_wconf 86' lang='lat' dir='ltr'><strong>vidimus,</strong></span> <span class='ocrx_word' id='word_1_549' title='bbox 1453 5028 1537 5082; x_wconf 80' lang='lat' dir='ltr'><strong>vel</strong></span> <span class='ocrx_word' id='word_1_550' title='bbox 1574 5029 1643 5085; x_wconf 90' lang='lat' dir='ltr'><strong>ab</strong></span> <span class='ocrx_word' id='word_1_551' title='bbox 1669 5027 1791 5084; x_wconf 89' lang='lat' dir='ltr'><strong>aliis</strong></span> 
     </span>
    </p>
   </div>
   <div class='ocr_carea' id='block_1_84' title="bbox 233 5115 1791 5192">
    <p class='ocr_par' dir='ltr' id='par_1_84' title="bbox 233 5115 1791 5192">
     <span class='ocr_line' id='line_1_86' title="bbox 233 5115 1791 5192; baseline 0.008 -26"><span class='ocrx_word' id='word_1_552' title='bbox 233 5115 330 5170; x_wconf 76' lang='lat' dir='ltr'><strong>visa</strong></span> <span class='ocrx_word' id='word_1_553' title='bbox 379 5119 510 5177; x_wconf 81' lang='lat' dir='ltr'><strong>ﬁdeli</strong></span> <span class='ocrx_word' id='word_1_554' title='bbox 545 5123 808 5180; x_wconf 88' lang='lat' dir='ltr'><strong>relatione</strong></span> <span class='ocrx_word' id='word_1_555' title='bbox 873 5117 1180 5192; x_wconf 86' lang='lat' dir='ltr'><strong>didicimus,</strong></span> <span class='ocrx_word' id='word_1_556' title='bbox 1245 5125 1467 5183; x_wconf 84' lang='lat' dir='ltr'><strong>silentio</strong></span> <span class='ocrx_word' id='word_1_557' title='bbox 1513 5124 1791 5192; x_wconf 71' lang='lat' dir='ltr'><strong>praeterire</strong></span> 
     </span>
    </p>
   </div>
   <div class='ocr_carea' id='block_1_85' title="bbox 237 5206 686 5281">
    <p class='ocr_par' dir='ltr' id='par_1_85' title="bbox 237 5206 686 5281">
     <span class='ocr_line' id='line_1_87' title="bbox 237 5206 686 5281; baseline 0.031 -25"><span class='ocrx_word' id='word_1_558' title='bbox 237 5206 366 5264; x_wconf 77' lang='lat' dir='ltr'><strong>nefas</strong></span> <span class='ocrx_word' id='word_1_559' title='bbox 383 5213 686 5281; x_wconf 85' lang='lat' dir='ltr'><strong>putavimus.</strong></span> 
     </span>
    </p>
   </div>
   <div class='ocr_carea' id='block_1_86' title="bbox 771 5339 1186 5370">
    <p class='ocr_par' dir='ltr' id='par_1_86' title="bbox 771 5339 1186 5370">
     <span class='ocr_line' id='line_1_88' title="bbox 771 5339 1186 5370; baseline 0 0"><span class='ocrx_word' id='word_1_560' title='bbox 771 5345 794 5370; x_wconf 80' lang='grc' dir='ltr'><strong>Δ</strong></span> <span class='ocrx_word' id='word_1_561' title='bbox 807 5339 1186 5370; x_wconf 71' lang='lat' dir='ltr'><strong>nNn&#39;l&#39;ATlnve-c</strong></span> 
     </span>
    </p>
   </div>
   <div class='ocr_carea' id='block_1_87' title="bbox 1814 4349 1867 4410">
    <p class='ocr_par' dir='ltr' id='par_1_87' title="bbox 1814 4349 1867 4410">
     <span class='ocr_line' id='line_1_89' title="bbox 1814 4349 1867 4410; baseline 0 0"><span class='ocrx_word' id='word_1_562' title='bbox 1814 4349 1867 4410; x_wconf 85' lang='lat'><strong>1)</strong></span> 
     </span>
    </p>
   </div>
   <div class='ocr_carea' id='block_1_88' title="bbox 1889 3072 3484 3156">
    <p class='ocr_par' dir='ltr' id='par_1_88' title="bbox 1889 3072 3484 3156">
     <span class='ocr_line' id='line_1_90' title="bbox 1889 3072 3484 3156; baseline 0.009 -28"><span class='ocrx_word' id='word_1_563' title='bbox 1889 3072 2240 3144; x_wconf 83' lang='lat' dir='ltr'><strong>tenebrarum</strong></span> <span class='ocrx_word' id='word_1_564' title='bbox 2264 3075 2514 3147; x_wconf 81' lang='lat' dir='ltr'><strong>caligine,</strong></span> <span class='ocrx_word' id='word_1_565' title='bbox 2539 3075 2632 3130; x_wconf 71' lang='lat' dir='ltr'><strong>lux</strong></span> <span class='ocrx_word' id='word_1_566' title='bbox 2653 3079 2879 3135; x_wconf 87' lang='lat' dir='ltr'><strong>orbibus</strong></span> <span class='ocrx_word' id='word_1_567' title='bbox 2902 3081 3113 3138; x_wconf 85' lang='lat' dir='ltr'><strong>refulsit</strong></span> <span class='ocrx_word' id='word_1_568' title='bbox 3141 3085 3484 3156; x_wconf 79' lang='lat' dir='ltr'><strong>gratissima,</strong></span> 
     </span>
    </p>
   </div>
   <div class='ocr_carea' id='block_1_89' title="bbox 1887 3163 3487 3245">
    <p class='ocr_par' dir='ltr' id='par_1_89' title="bbox 1887 3163 3487 3245">
     <span class='ocr_line' id='line_1_91' title="bbox 1887 3163 3487 3245; baseline 0.011 -27"><span class='ocrx_word' id='word_1_569' title='bbox 1887 3163 2004 3233; x_wconf 89' lang='lat' dir='ltr'><strong>ipsa</strong></span> <span class='ocrx_word' id='word_1_570' title='bbox 2034 3177 2134 3231; x_wconf 91' lang='lat' dir='ltr'><strong>pro</strong></span> <span class='ocrx_word' id='word_1_571' title='bbox 2174 3163 2482 3232; x_wconf 84' lang='lat' dir='ltr'><strong>bujusmodi</strong></span> <span class='ocrx_word' id='word_1_572' title='bbox 2513 3183 2740 3224; x_wconf 86' lang='lat' dir='ltr'><strong>munere</strong></span> <span class='ocrx_word' id='word_1_573' title='bbox 2772 3169 3032 3228; x_wconf 85' lang='lat' dir='ltr'><strong>divinitus</strong></span> <span class='ocrx_word' id='word_1_574' title='bbox 3061 3175 3260 3245; x_wconf 87' lang='lat' dir='ltr'><strong>adepto</strong></span> <span class='ocrx_word' id='word_1_575' title='bbox 3294 3176 3430 3234; x_wconf 82' lang='lat' dir='ltr'><strong>duos</strong></span> <span class='ocrx_word' id='word_1_576' title='bbox 3451 3191 3487 3234; x_wconf 81' lang='grc' dir='ltr'>θ</span> 
     </span>
    </p>
   </div>
   <div class='ocr_carea' id='block_1_90' title="bbox 1889 3253 2717 3317">
    <p class='ocr_par' dir='ltr' id='par_1_90' title="bbox 1889 3253 2717 3317">
     <span class='ocr_line' id='line_1_92' title="bbox 1889 3253 2717 3317; baseline 0.011 -9"><span class='ocrx_word' id='word_1_577' title='bbox 1889 3253 2094 3308; x_wconf 85' lang='lat' dir='ltr'><strong>familia</strong></span> <span class='ocrx_word' id='word_1_578' title='bbox 2121 3271 2219 3309; x_wconf 85' lang='lat' dir='ltr'><strong>sua</strong></span> <span class='ocrx_word' id='word_1_579' title='bbox 2251 3257 2468 3312; x_wconf 88' lang='lat' dir='ltr'><strong>tradidit</strong></span> <span class='ocrx_word' id='word_1_580' title='bbox 2505 3267 2717 3317; x_wconf 86' lang='lat' dir='ltr'><strong>sancto.</strong></span> 
     </span>
    </p>
   </div>
   <div class='ocr_carea' id='block_1_91' title="bbox 2446 3370 2931 3434">
    <p class='ocr_par' dir='ltr' id='par_1_91' title="bbox 2446 3370 2931 3434">
     <span class='ocr_line' id='line_1_93' title="bbox 2446 3370 2931 3434; baseline 0.012 -6"><span class='ocrx_word' id='word_1_581' title='bbox 2446 3370 2677 3432; x_wconf 77' lang='lat' dir='ltr'><strong>CAPUT</strong></span> <span class='ocrx_word' id='word_1_582' title='bbox 2717 3376 2931 3434; x_wconf 85' lang='lat' dir='ltr'><strong>XXXII.</strong></span> 
     </span>
    </p>
   </div>
   <div class='ocr_carea' id='block_1_92' title="bbox 2197 3481 3180 3550">
    <p class='ocr_par' dir='ltr' id='par_1_92' title="bbox 2197 3481 3180 3550">
     <span class='ocr_line' id='line_1_94' title="bbox 2197 3481 3180 3550; baseline 0.016 -15"><span class='ocrx_word' id='word_1_583' title='bbox 2197 3481 2278 3536; x_wconf 85' lang='lat' dir='ltr'><strong>De</strong></span> <span class='ocrx_word' id='word_1_584' title='bbox 2299 3499 2444 3538; x_wconf 78' lang='lat' dir='ltr'><strong>ccc-ca</strong></span> <span class='ocrx_word' id='word_1_585' title='bbox 2463 3495 2592 3542; x_wconf 74' lang='lat' dir='ltr'><strong>nata</strong></span> <span class='ocrx_word' id='word_1_586' title='bbox 2615 3499 2670 3544; x_wconf 82' lang='lat' dir='ltr'><strong>et</strong></span> <span class='ocrx_word' id='word_1_587' title='bbox 2699 3491 2833 3546; x_wconf 77' lang='lat' dir='ltr'><strong>uisui</strong></span> <span class='ocrx_word' id='word_1_588' title='bbox 2860 3494 3180 3550; x_wconf 69' lang='lat' dir='ltr'><strong>condonetis.</strong></span> 
     </span>
    </p>
   </div>
   <div class='ocr_carea' id='block_1_93' title="bbox 1959 3595 3481 3670">
    <p class='ocr_par' dir='ltr' id='par_1_93' title="bbox 1959 3595 3481 3670">
     <span class='ocr_line' id='line_1_95' title="bbox 1959 3595 3481 3670; baseline 0.014 -21"><span class='ocrx_word' id='word_1_589' title='bbox 1959 3595 2216 3663; x_wconf 72' lang='lat' dir='ltr'><strong>Quaedam</strong></span> <span class='ocrx_word' id='word_1_590' title='bbox 2256 3597 2384 3653; x_wconf 86' lang='lat' dir='ltr'><strong>item</strong></span> <span class='ocrx_word' id='word_1_591' title='bbox 2417 3599 2612 3658; x_wconf 87' lang='lat' dir='ltr'><strong>mulier</strong></span> <span class='ocrx_word' id='word_1_592' title='bbox 2639 3603 2706 3659; x_wconf 89' lang='lat' dir='ltr'><strong>ad</strong></span> <span class='ocrx_word' id='word_1_593' title='bbox 2751 3607 2856 3662; x_wconf 78' lang='lat' dir='ltr'><strong>hoc</strong></span> <span class='ocrx_word' id='word_1_594' title='bbox 2883 3607 3126 3665; x_wconf 85' lang='lat' dir='ltr'><strong>solemne</strong></span> <span class='ocrx_word' id='word_1_595' title='bbox 3164 3613 3481 3670; x_wconf 81' lang='lat' dir='ltr'><strong>miraculum</strong></span> 
     </span>
    </p>
   </div>
   <div class='ocr_carea' id='block_1_94' title="bbox 1889 3685 3482 3764">
    <p class='ocr_par' dir='ltr' id='par_1_94' title="bbox 1889 3685 3482 3764">
     <span class='ocr_line' id='line_1_96' title="bbox 1889 3685 3482 3764; baseline 0.014 -23"><span class='ocrx_word' id='word_1_596' title='bbox 1889 3685 2118 3743; x_wconf 89' lang='lat' dir='ltr'><strong>deducta</strong></span> <span class='ocrx_word' id='word_1_597' title='bbox 2167 3687 2388 3757; x_wconf 82' lang='lat' dir='ltr'><strong>fuerat,</strong></span> <span class='ocrx_word' id='word_1_598' title='bbox 2439 3693 2528 3748; x_wconf 92' lang='lat' dir='ltr'><strong>cui</strong></span> <span class='ocrx_word' id='word_1_599' title='bbox 2585 3694 2765 3752; x_wconf 90' lang='lat' dir='ltr'><strong>lumen</strong></span> <span class='ocrx_word' id='word_1_600' title='bbox 2816 3699 3097 3756; x_wconf 91' lang='lat' dir='ltr'><strong>oculorum</strong></span> <span class='ocrx_word' id='word_1_601' title='bbox 3158 3719 3225 3760; x_wconf 86' lang='lat' dir='ltr'><strong>ex</strong></span> <span class='ocrx_word' id='word_1_602' title='bbox 3289 3707 3482 3764; x_wconf 88' lang='lat' dir='ltr'><strong>matris</strong></span> 
     </span>
    </p>
   </div>
   <div class='ocr_carea' id='block_1_95' title="bbox 1891 3781 3488 3864">
    <p class='ocr_par' dir='ltr' id='par_1_95' title="bbox 1891 3781 3488 3864">
     <span class='ocr_line' id='line_1_97' title="bbox 1891 3781 3488 3864; baseline 0.015 -33"><span class='ocrx_word' id='word_1_603' title='bbox 1891 3787 2089 3846; x_wconf 84' lang='lat' dir='ltr'><strong>utero,</strong></span> <span class='ocrx_word' id='word_1_604' title='bbox 2143 3789 2203 3836; x_wconf 91' lang='lat' dir='ltr'><strong>ut</strong></span> <span class='ocrx_word' id='word_1_605' title='bbox 2249 3783 2366 3852; x_wconf 89' lang='lat' dir='ltr'><strong>ipsa</strong></span> <span class='ocrx_word' id='word_1_606' title='bbox 2421 3781 2714 3852; x_wconf 77' lang='lat' dir='ltr'><strong>fatebatur,</strong></span> <span class='ocrx_word' id='word_1_607' title='bbox 2760 3799 2954 3857; x_wconf 80' lang='lat' dir='ltr'><strong>natura</strong></span> <span class='ocrx_word' id='word_1_608' title='bbox 2997 3805 3323 3864; x_wconf 75' lang='lat' dir='ltr'><strong>negaverat;</strong></span> <span class='ocrx_word' id='word_1_609' title='bbox 3374 3799 3488 3854; x_wconf 72' lang='lat' dir='ltr'><strong>lucc</strong></span> 
     </span>
    </p>
   </div>
   <div class='ocr_carea' id='block_1_96' title="bbox 1889 3873 3488 3958">
    <p class='ocr_par' dir='ltr' id='par_1_96' title="bbox 1889 3873 3488 3958">
     <span class='ocr_line' id='line_1_98' title="bbox 1889 3873 3488 3958; baseline 0.015 -35"><span class='ocrx_word' id='word_1_610' title='bbox 1889 3873 2095 3928; x_wconf 88' lang='lat' dir='ltr'><strong>orando</strong></span> <span class='ocrx_word' id='word_1_611' title='bbox 2132 3873 2366 3930; x_wconf 81' lang='lat' dir='ltr'><strong>ﬁdeliter</strong></span> <span class='ocrx_word' id='word_1_612' title='bbox 2406 3891 2531 3932; x_wconf 90' lang='lat' dir='ltr'><strong>cum</strong></span> <span class='ocrx_word' id='word_1_613' title='bbox 2579 3880 2814 3946; x_wconf 70' lang='lat' dir='ltr'><strong>caneris,</strong></span> <span class='ocrx_word' id='word_1_614' title='bbox 2865 3898 2972 3939; x_wconf 85' lang='lat' dir='ltr'><strong>non</strong></span> <span class='ocrx_word' id='word_1_615' title='bbox 3001 3901 3156 3942; x_wconf 90' lang='lat' dir='ltr'><strong>casso</strong></span> <span class='ocrx_word' id='word_1_616' title='bbox 3199 3891 3488 3958; x_wconf 86' lang='lat' dir='ltr'><strong>promebat</strong></span> 
     </span>
    </p>
   </div>
   <div class='ocr_carea' id='block_1_97' title="bbox 1893 3961 3484 4048">
    <p class='ocr_par' dir='ltr' id='par_1_97' title="bbox 1893 3961 3484 4048">
     <span class='ocr_line' id='line_1_99' title="bbox 1893 3961 3484 4048; baseline 0.016 -34"><span class='ocrx_word' id='word_1_617' title='bbox 1893 3961 2018 4018; x_wconf 83' lang='lat' dir='ltr'><strong>talia</strong></span> <span class='ocrx_word' id='word_1_618' title='bbox 2049 3964 2119 4020; x_wconf 90' lang='lat' dir='ltr'><strong>ab</strong></span> <span class='ocrx_word' id='word_1_619' title='bbox 2149 3965 2354 4022; x_wconf 89' lang='lat' dir='ltr'><strong>intimis</strong></span> <span class='ocrx_word' id='word_1_620' title='bbox 2399 3970 2580 4026; x_wconf 86' lang='lat' dir='ltr'><strong>cordis</strong></span> <span class='ocrx_word' id='word_1_621' title='bbox 2611 3988 2624 4024; x_wconf 91' lang='lat'>:</span> <span class='ocrx_word' id='word_1_622' title='bbox 2664 3971 2864 4029; x_wconf 88' lang='lat' dir='ltr'><strong>Sancte</strong></span> <span class='ocrx_word' id='word_1_623' title='bbox 2893 3975 3012 4040; x_wconf 84' lang='lat' dir='ltr'><strong>Dei,</strong></span> <span class='ocrx_word' id='word_1_624' title='bbox 3041 3979 3132 4048; x_wconf 89' lang='lat' dir='ltr'><strong>pic</strong></span> <span class='ocrx_word' id='word_1_625' title='bbox 3173 3989 3228 4033; x_wconf 90' lang='lat' dir='ltr'><strong>et</strong></span> <span class='ocrx_word' id='word_1_626' title='bbox 3255 3985 3484 4040; x_wconf 76' lang='lat' dir='ltr'><strong>exaudi-</strong></span> 
     </span>
    </p>
   </div>
   <div class='ocr_carea' id='block_1_98' title="bbox 1889 4053 3406 4140">
    <p class='ocr_par' dir='ltr' id='par_1_98' title="bbox 1889 4053 3406 4140">
     <span class='ocr_line' id='line_1_100' title="bbox 1889 4053 3406 4140; baseline 0.013 -33"><span class='ocrx_word' id='word_1_627' title='bbox 1889 4053 2034 4119; x_wconf 88' lang='lat' dir='ltr'><strong>bilis,</strong></span> <span class='ocrx_word' id='word_1_628' title='bbox 2069 4057 2160 4126; x_wconf 89' lang='lat' dir='ltr'><strong>qui</strong></span> <span class='ocrx_word' id='word_1_629' title='bbox 2189 4067 2340 4114; x_wconf 87' lang='lat' dir='ltr'><strong>tanta</strong></span> <span class='ocrx_word' id='word_1_630' title='bbox 2367 4069 2585 4130; x_wconf 89' lang='lat' dir='ltr'><strong>tamque</strong></span> <span class='ocrx_word' id='word_1_631' title='bbox 2613 4065 2752 4118; x_wconf 89' lang='lat' dir='ltr'><strong>mira</strong></span> <span class='ocrx_word' id='word_1_632' title='bbox 2782 4065 2973 4122; x_wconf 87' lang='lat' dir='ltr'><strong>deilice</strong></span> <span class='ocrx_word' id='word_1_633' title='bbox 3007 4069 3094 4124; x_wconf 83' lang='lat' dir='ltr'><strong>hic</strong></span> <span class='ocrx_word' id='word_1_634' title='bbox 3123 4074 3406 4140; x_wconf 88' lang='lat' dir='ltr'><strong>ope-raris;</strong></span> 
     </span>
    </p>
   </div>
   <div class='ocr_carea' id='block_1_99' title="bbox 1891 4145 3197 4230">
    <p class='ocr_par' dir='ltr' id='par_1_99' title="bbox 1891 4145 3197 4230">
     <span class='ocr_line' id='line_1_101' title="bbox 1891 4145 3197 4230; baseline 0.013 -32"><span class='ocrx_word' id='word_1_635' title='bbox 1891 4145 1996 4211; x_wconf 80' lang='lat' dir='ltr'><strong>Qui</strong></span> <span class='ocrx_word' id='word_1_636' title='bbox 2031 4159 2250 4218; x_wconf 78' lang='lat' dir='ltr'><strong>prastas</strong></span> <span class='ocrx_word' id='word_1_637' title='bbox 2279 4153 2400 4206; x_wconf 86' lang='lat' dir='ltr'><strong>aliis</strong></span> <span class='ocrx_word' id='word_1_638' title='bbox 2428 4155 2579 4209; x_wconf 80' lang='lat' dir='ltr'><strong>citius</strong></span> <span class='ocrx_word' id='word_1_639' title='bbox 2607 4173 2928 4228; x_wconf 68' lang='lat' dir='ltr'><strong>qutucunque</strong></span> <span class='ocrx_word' id='word_1_640' title='bbox 2953 4163 3152 4230; x_wconf 85' lang='lat' dir='ltr'><strong>rogaris</strong></span> <span class='ocrx_word' id='word_1_641' title='bbox 3177 4179 3197 4227; x_wconf 90' lang='grc'><strong><em>;</em></strong></span> 
     </span>
    </p>
   </div>
   <div class='ocr_carea' id='block_1_100' title="bbox 1893 4237 3406 4321">
    <p class='ocr_par' dir='ltr' id='par_1_100' title="bbox 1893 4237 3406 4321">
     <span class='ocr_line' id='line_1_102' title="bbox 1893 4237 3406 4321; baseline 0.012 -29"><span class='ocrx_word' id='word_1_642' title='bbox 1893 4237 2060 4302; x_wconf 81' lang='lat' dir='ltr'><strong>Quem</strong></span> <span class='ocrx_word' id='word_1_643' title='bbox 2087 4257 2194 4296; x_wconf 79' lang='lat' dir='ltr'><strong>non</strong></span> <span class='ocrx_word' id='word_1_644' title='bbox 2221 4259 2376 4298; x_wconf 77' lang='lat' dir='ltr'><strong>nosco</strong></span> <span class='ocrx_word' id='word_1_645' title='bbox 2403 4245 2544 4300; x_wconf 85' lang='lat' dir='ltr'><strong>diem</strong></span> <span class='ocrx_word' id='word_1_646' title='bbox 2567 4247 2638 4302; x_wconf 82' lang='lat' dir='ltr'><strong>da</strong></span> <span class='ocrx_word' id='word_1_647' title='bbox 2665 4265 2894 4314; x_wconf 76' lang='lat' dir='ltr'><strong>cernere,</strong></span> <span class='ocrx_word' id='word_1_648' title='bbox 2919 4251 3150 4321; x_wconf 71' lang='lat' dir='ltr'><strong>peltaque</strong></span> <span class='ocrx_word' id='word_1_649' title='bbox 3179 4263 3406 4320; x_wconf 77' lang='lat' dir='ltr'><strong>nectent,</strong></span> 
     </span>
    </p>
   </div>
   <div class='ocr_carea' id='block_1_101' title="bbox 1895 4327 3189 4406">
    <p class='ocr_par' dir='ltr' id='par_1_101' title="bbox 1895 4327 3189 4406">
     <span class='ocr_line' id='line_1_103' title="bbox 1895 4327 3189 4406; baseline 0.01 -25"><span class='ocrx_word' id='word_1_650' title='bbox 1895 4327 2028 4394; x_wconf 67' lang='lat' dir='ltr'><strong>Qua’</strong></span> <span class='ocrx_word' id='word_1_651' title='bbox 2056 4347 2136 4384; x_wconf 90' lang='lat' dir='ltr'><strong>me</strong></span> <span class='ocrx_word' id='word_1_652' title='bbox 2161 4341 2293 4386; x_wconf 80' lang='lat' dir='ltr'><strong>tetra</strong></span> <span class='ocrx_word' id='word_1_653' title='bbox 2322 4333 2414 4388; x_wconf 78' lang='lat' dir='ltr'><strong>diu</strong></span> <span class='ocrx_word' id='word_1_654' title='bbox 2437 4335 2680 4390; x_wconf 81' lang='lat' dir='ltr'><strong>miseram</strong></span> <span class='ocrx_word' id='word_1_655' title='bbox 2705 4340 2932 4406; x_wconf 83' lang='lat' dir='ltr'><strong>possedit</strong></span> <span class='ocrx_word' id='word_1_656' title='bbox 2963 4341 3027 4396; x_wconf 71' lang='lat' dir='ltr'><strong>al)</strong></span> <span class='ocrx_word' id='word_1_657' title='bbox 3053 4352 3189 4396; x_wconf 82' lang='lat' dir='ltr'><strong>ortu.</strong></span> 
     </span>
    </p>
   </div>
   <div class='ocr_carea' id='block_1_102' title="bbox 1965 4417 3486 4504">
    <p class='ocr_par' dir='ltr' id='par_1_102' title="bbox 1965 4417 3486 4504">
     <span class='ocr_line' id='line_1_104' title="bbox 1965 4417 3486 4504; baseline 0.014 -33"><span class='ocrx_word' id='word_1_658' title='bbox 1965 4417 2160 4473; x_wconf 87' lang='lat' dir='ltr'><strong>Statim</strong></span> <span class='ocrx_word' id='word_1_659' title='bbox 2193 4429 2250 4476; x_wconf 90' lang='lat' dir='ltr'><strong>ut</strong></span> <span class='ocrx_word' id='word_1_660' title='bbox 2270 4432 2434 4494; x_wconf 85' lang='lat' dir='ltr'><strong>caput</strong></span> <span class='ocrx_word' id='word_1_661' title='bbox 2478 4427 2654 4482; x_wconf 80' lang='lat' dir='ltr'><strong>erexit</strong></span> <span class='ocrx_word' id='word_1_662' title='bbox 2679 4443 2800 4483; x_wconf 91' lang='lat' dir='ltr'><strong>cum</strong></span> <span class='ocrx_word' id='word_1_663' title='bbox 2849 4431 3114 4498; x_wconf 85' lang='lat' dir='ltr'><strong>oratione,</strong></span> <span class='ocrx_word' id='word_1_664' title='bbox 3148 4436 3320 4504; x_wconf 84' lang='lat' dir='ltr'><strong>aperti</strong></span> <span class='ocrx_word' id='word_1_665' title='bbox 3353 4447 3486 4494; x_wconf 84' lang='lat' dir='ltr'><strong>sunt</strong></span> 
     </span>
    </p>
   </div>
   <div class='ocr_carea' id='block_1_103' title="bbox 1891 4511 3100 4594">
    <p class='ocr_par' dir='ltr' id='par_1_103' title="bbox 1891 4511 3100 4594">
     <span class='ocr_line' id='line_1_105' title="bbox 1891 4511 3100 4594; baseline 0.017 -31"><span class='ocrx_word' id='word_1_666' title='bbox 1891 4511 2096 4583; x_wconf 87' lang='lat' dir='ltr'><strong>pariter</strong></span> <span class='ocrx_word' id='word_1_667' title='bbox 2122 4515 2274 4570; x_wconf 88' lang='lat' dir='ltr'><strong>ocelli</strong></span> <span class='ocrx_word' id='word_1_668' title='bbox 2307 4532 2428 4572; x_wconf 87' lang='lat' dir='ltr'><strong>cum</strong></span> <span class='ocrx_word' id='word_1_669' title='bbox 2455 4521 2736 4591; x_wconf 79' lang='lat' dir='ltr'><strong>sanguinis</strong></span> <span class='ocrx_word' id='word_1_670' title='bbox 2756 4522 3100 4594; x_wconf 82' lang='lat' dir='ltr'><strong>profusione;</strong></span> 
     </span>
    </p>
   </div>
   <div class='ocr_carea' id='block_1_104' title="bbox 1894 4603 3335 4692">
    <p class='ocr_par' dir='ltr' id='par_1_104' title="bbox 1894 4603 3335 4692">
     <span class='ocr_line' id='line_1_106' title="bbox 1894 4603 3335 4692; baseline 0.017 -35"><span class='ocrx_word' id='word_1_671' title='bbox 1894 4603 2035 4660; x_wconf 86' lang='lat' dir='ltr'><strong>Nam</strong></span> <span class='ocrx_word' id='word_1_672' title='bbox 2058 4607 2222 4663; x_wconf 80' lang='lat' dir='ltr'><strong>uirtus</strong></span> <span class='ocrx_word' id='word_1_673' title='bbox 2243 4612 2390 4666; x_wconf 80' lang='lat' dir='ltr'><strong>tetris</strong></span> <span class='ocrx_word' id='word_1_674' title='bbox 2415 4613 2690 4684; x_wconf 78' lang='lat' dir='ltr'><strong>splendens</strong></span> <span class='ocrx_word' id='word_1_675' title='bbox 2703 4618 2872 4686; x_wconf 82' lang='lat' dir='ltr'><strong>jubar</strong></span> <span class='ocrx_word' id='word_1_676' title='bbox 2890 4619 3066 4674; x_wconf 78' lang='lat' dir='ltr'><strong>intulit</strong></span> <span class='ocrx_word' id='word_1_677' title='bbox 3097 4621 3335 4692; x_wconf 58' lang='lat' dir='ltr'><strong>umbris}</strong></span> 
     </span>
    </p>
   </div>
   <div class='ocr_carea' id='block_1_105' title="bbox 1893 4696 3140 4770">
    <p class='ocr_par' dir='ltr' id='par_1_105' title="bbox 1893 4696 3140 4770">
     <span class='ocr_line' id='line_1_107' title="bbox 1893 4696 3140 4770; baseline 0.016 -20"><span class='ocrx_word' id='word_1_678' title='bbox 1893 4696 2022 4753; x_wconf 73' lang='lat' dir='ltr'><strong>Mos:</strong></span> <span class='ocrx_word' id='word_1_679' title='bbox 2045 4711 2094 4754; x_wconf 83' lang='lat' dir='ltr'><strong>et</strong></span> <span class='ocrx_word' id='word_1_680' title='bbox 2123 4704 2294 4758; x_wconf 80' lang='lat' dir='ltr'><strong>amica</strong></span> <span class='ocrx_word' id='word_1_681' title='bbox 2328 4704 2438 4760; x_wconf 84' lang='lat' dir='ltr'><strong>dies</strong></span> <span class='ocrx_word' id='word_1_682' title='bbox 2469 4723 2656 4762; x_wconf 80' lang='lat' dir='ltr'><strong>uacuos</strong></span> <span class='ocrx_word' id='word_1_683' title='bbox 2681 4710 2945 4766; x_wconf 79' lang='lat' dir='ltr'><strong>illuminat</strong></span> <span class='ocrx_word' id='word_1_684' title='bbox 2972 4713 3140 4770; x_wconf 85' lang='lat' dir='ltr'><strong>orbes.</strong></span> 
     </span>
    </p>
   </div>
   <div class='ocr_carea' id='block_1_106' title="bbox 1961 4787 3498 4879">
    <p class='ocr_par' dir='ltr' id='par_1_106' title="bbox 1961 4787 3498 4879">
     <span class='ocr_line' id='line_1_108' title="bbox 1961 4787 3498 4879; baseline 0.012 -32"><span class='ocrx_word' id='word_1_685' title='bbox 1961 4793 2054 4848; x_wconf 80' lang='lat' dir='ltr'><strong>Illa</strong></span> <span class='ocrx_word' id='word_1_686' title='bbox 2081 4809 2214 4852; x_wconf 85' lang='lat' dir='ltr'><strong>vero</strong></span> <span class='ocrx_word' id='word_1_687' title='bbox 2243 4797 2436 4854; x_wconf 87' lang='lat' dir='ltr'><strong>videns</strong></span> <span class='ocrx_word' id='word_1_688' title='bbox 2485 4798 2666 4856; x_wconf 87' lang='lat' dir='ltr'><strong>lumen</strong></span> <span class='ocrx_word' id='word_1_689' title='bbox 2721 4803 3020 4868; x_wconf 86' lang='lat' dir='ltr'><strong>insolitum,</strong></span> <span class='ocrx_word' id='word_1_690' title='bbox 3077 4816 3132 4862; x_wconf 90' lang='lat' dir='ltr'><strong>ut</strong></span> <span class='ocrx_word' id='word_1_691' title='bbox 3171 4787 3316 4879; x_wconf 71' lang='lat' dir='ltr'><strong>iure,</strong></span> <span class='ocrx_word' id='word_1_692' title='bbox 3369 4807 3498 4864; x_wconf 84' lang='lat' dir='ltr'><strong>lau-</strong></span> 
     </span>
    </p>
   </div>
   <div class='ocr_carea' id='block_1_107' title="bbox 1891 4884 3498 4973">
    <p class='ocr_par' dir='ltr' id='par_1_107' title="bbox 1891 4884 3498 4973">
     <span class='ocr_line' id='line_1_109' title="bbox 1891 4884 3498 4973; baseline 0.011 -33"><span class='ocrx_word' id='word_1_693' title='bbox 1891 4884 2038 4942; x_wconf 83' lang='lat' dir='ltr'><strong>davit</strong></span> <span class='ocrx_word' id='word_1_694' title='bbox 2069 4886 2341 4946; x_wconf 64' lang='lat' dir='ltr'><strong>laetissima</strong></span> <span class='ocrx_word' id='word_1_695' title='bbox 2372 4892 2659 4957; x_wconf 88' lang='lat' dir='ltr'><strong>medicum,</strong></span> <span class='ocrx_word' id='word_1_696' title='bbox 2693 4913 2760 4954; x_wconf 88' lang='lat' dir='ltr'><strong>ac</strong></span> <span class='ocrx_word' id='word_1_697' title='bbox 2787 4915 2887 4969; x_wconf 90' lang='lat' dir='ltr'><strong>pro</strong></span> <span class='ocrx_word' id='word_1_698' title='bbox 2934 4909 3072 4955; x_wconf 86' lang='lat' dir='ltr'><strong>teste</strong></span> <span class='ocrx_word' id='word_1_699' title='bbox 3119 4901 3279 4973; x_wconf 76' lang='lat' dir='ltr'><strong>Inijus</strong></span> <span class='ocrx_word' id='word_1_700' title='bbox 3325 4902 3498 4957; x_wconf 80' lang='lat' dir='ltr'><strong>mira-</strong></span> 
     </span>
    </p>
   </div>
   <div class='ocr_carea' id='block_1_108' title="bbox 1893 4980 3496 5064">
    <p class='ocr_par' dir='ltr' id='par_1_108' title="bbox 1893 4980 3496 5064">
     <span class='ocr_line' id='line_1_110' title="bbox 1893 4980 3496 5064; baseline 0.011 -32"><span class='ocrx_word' id='word_1_701' title='bbox 1893 4980 2002 5034; x_wconf 87' lang='lat' dir='ltr'><strong>culi</strong></span> <span class='ocrx_word' id='word_1_702' title='bbox 2073 4981 2372 5040; x_wconf 82' lang='lat' dir='ltr'><strong>stillantcm</strong></span> <span class='ocrx_word' id='word_1_703' title='bbox 2438 4985 2508 5041; x_wconf 88' lang='lat' dir='ltr'><strong>ob</strong></span> <span class='ocrx_word' id='word_1_704' title='bbox 2561 4989 2738 5047; x_wconf 85' lang='lat' dir='ltr'><strong>oculis</strong></span> <span class='ocrx_word' id='word_1_705' title='bbox 2793 5007 3044 5050; x_wconf 87' lang='lat' dir='ltr'><strong>cruorem</strong></span> <span class='ocrx_word' id='word_1_706' title='bbox 3129 4993 3352 5064; x_wconf 86' lang='lat' dir='ltr'><strong>protulit</strong></span> <span class='ocrx_word' id='word_1_707' title='bbox 3438 4996 3496 5050; x_wconf 93' lang='lat' dir='ltr'><strong>in</strong></span> 
     </span>
    </p>
   </div>
   <div class='ocr_carea' id='block_1_109' title="bbox 1889 5078 2402 5148">
    <p class='ocr_par' dir='ltr' id='par_1_109' title="bbox 1889 5078 2402 5148">
     <span class='ocr_line' id='line_1_111' title="bbox 1889 5078 2402 5148; baseline 0.019 -24"><span class='ocrx_word' id='word_1_708' title='bbox 1889 5080 2172 5142; x_wconf 84' lang='lat' dir='ltr'><strong>aspectum</strong></span> <span class='ocrx_word' id='word_1_709' title='bbox 2197 5078 2402 5148; x_wconf 87' lang='lat' dir='ltr'><strong>populi.</strong></span> 
     </span>
    </p>
   </div>
   <div class='ocr_carea' id='block_1_110' title="bbox 2435 5191 2943 5255">
    <p class='ocr_par' dir='ltr' id='par_1_110' title="bbox 2435 5191 2943 5255">
     <span class='ocr_line' id='line_1_112' title="bbox 2435 5191 2943 5255; baseline 0.01 -7"><span class='ocrx_word' id='word_1_710' title='bbox 2435 5191 2670 5249; x_wconf 77' lang='lat' dir='ltr'><strong>CAPUT</strong></span> <span class='ocrx_word' id='word_1_711' title='bbox 2709 5198 2943 5255; x_wconf 84' lang='lat' dir='ltr'><strong>XXXIII.</strong></span> 
     </span>
    </p>
   </div>
   <div class='ocr_carea' id='block_1_111' title="bbox 1987 5299 3390 5370">
    <p class='ocr_par' dir='ltr' id='par_1_111' title="bbox 1987 5299 3390 5370">
     <span class='ocr_line' id='line_1_113' title="bbox 1987 5299 3390 5370; baseline 0.009 -16"><span class='ocrx_word' id='word_1_712' title='bbox 1987 5299 2067 5354; x_wconf 85' lang='lat' dir='ltr'><strong>De</strong></span> <span class='ocrx_word' id='word_1_713' title='bbox 2099 5303 2290 5360; x_wconf 85' lang='lat' dir='ltr'><strong>misero</strong></span> <span class='ocrx_word' id='word_1_714' title='bbox 2310 5317 2564 5362; x_wconf 81' lang='lat' dir='ltr'><strong>strumam</strong></span> <span class='ocrx_word' id='word_1_715' title='bbox 2589 5311 2812 5370; x_wconf 77' lang='lat' dir='ltr'><strong>[tabente</strong></span> <span class='ocrx_word' id='word_1_716' title='bbox 2839 5317 2890 5370; x_wconf 83' lang='lat' dir='ltr'><strong>in</strong></span> <span class='ocrx_word' id='word_1_717' title='bbox 2913 5315 3082 5370; x_wconf 79' lang='lat' dir='ltr'><strong>capite</strong></span> <span class='ocrx_word' id='word_1_718' title='bbox 3107 5327 3155 5368; x_wconf 85' lang='lat' dir='ltr'><strong>et</strong></span> <span class='ocrx_word' id='word_1_719' title='bbox 3183 5320 3390 5368; x_wconf 80' lang='lat' dir='ltr'><strong>sanato.</strong></span> 
     </span>
    </p>
   </div>
  </div>
