4026 5370
535 363 632 458 et

919 375 1822 444 GODEFREDISTABULENSIS
1861 373 2166 431 MONACHI
2206 367 2610 428 TRIUMPIIUS
2651 367 2708 423 S.
2749 363 3068 428 REMACLI.
3099 364 3315 428 —-LIB.
3359 363 3423 418 ll.

3714 359 3831 419 332

533 521 696 578 quam
737 511 856 558 erat
883 501 1139 555 omnibus
1169 499 1287 554 visu
1341 495 1670 565 turpissima.
1719 491 1818 546 llic
1866 489 1954 545 ubi
2009 503 2129 544 cum
2163 487 2572 552 Aadmirantcs
2593 482 2905 552 Christique
2931 473 3260 536 confessoris
3289 457 3358 533 in,
3395 479 3510 547 ipso
3563 480 3826 533 meritum

533 598 743 656 creteris
774 594 947 650 astitit
996 607 1181 648 coram
1229 587 1566 652 sanctuario,
1602 593 1824 654 repente
1859 583 2124 652 disparuit

532 693 711 750 omnis
741 691 932 746 vitiosa
965 685 1316 766 illainﬂatio.
1337 683 1342 688 ’
1363 681 1500 736 Nam
1555 679 1641 734 his
1689 678 1780 748 qui
1811 692 1931 732 eum
1965 683 2123 728 antea

533 789 779 844 viderant
807 783 1162 848 intuentibus,
1197 795 1307 835 non
1341 777 1457 833 sine
1507 772 1866 828 admiratione
1891 771 2004 824 visa
2043 777 2128 824 est

535 882 764 937 remissa
822 879 964 934 cutis
1033 891 1132 932 suo
1177 874 1298 930 loco
1345 868 1625 942 aequaliter
1691 864 1976 926 resedisse,
2027 877 2127 918 nee

535 973 828 1045 quidquam
861 987 926 1025 ex
955 983 1020 1025 eo
1053 968 1244 1023 morbo
1285 962 1642 1024 remansisse,
1690 965 1888 1028 praiter
1913 955 2126 1016 cicatri-

519 1069 654 1122 cem
687 1065 740 1118 in
767 1062 961 1132 capite.

1067 1211 1293 1269 CAPUT
1357 1207 1595 1263 XXXIV.

683 1343 686 1348 '
753 1327 827 1386 De
849 1327 1026 1402 puella
1054 1325 1290 1396 septenni
1315 1321 1606 1394 paralytica
1635 1329 1679 1373 et
1708 1325 1912 1372 sanata.

597 1437 800 1501 'lllulier
841 1445 1004 1498 ﬁliam
1053 1455 1206 1497 suam
1256 1447 1594 1509 septennem,
1629 1425 1836 1490 scilicet
1869 1429 2127 1503 paralyti-

536 1555 680 1604 cam,
712 1539 820 1592 illic
857 1535 1126 1606 deposuit,
1166 1532 1322 1603 cujus
1372 1529 1503 1584 fides
1536 1529 1658 1582 lilia:
1692 1525 1919 1580 salutem
1947 1523 2129 1590 statim

536 1631 868 1702 impetravit.
905 1617 968 1684 lli
991 1633 1133 1698 ergo
1169 1626 1262 1696 qui
1287 1624 1378 1678 Dei
1403 1623 1602 1676 virtute
1625 1628 1870 1674 sanatam
1899 1617 2130 1686 puellam

535 1715 792 1778 videbant
826 1731 1091 1784 erectam,
1126 1733 1286 1788 super
1331 1715 1586 1785 populum
1636 1711 1884 1766 manibus
1934 1707 2128 1764 olIere-

535 1817 688 1885 bant,
715 1833 780 1870 ac
809 1816 1058 1870 meritum
1088 1801 1415 1868 confessoris
1459 1805 1664 1862 Christi
1703 1810 1838 1858 teste
1869 1799 2132 1856 miraculo

538 1908 985 1982 magnilicabant.

607 2005 741 2058 Cum
771 2011 951 2056 autem
1005 1999 1380 2066 ignoraremus
1404 2007 1523 2062 qua}
1553 1987 1699 2046 esset
1723 1985 1942 2042 virtutis
1971 1975 2130 2054 hujus

537 2095 776 2152 ellicacia
794 2137 808 2159 ,
840 2101 1012 2148 mater
1043 2104 1210 2160 prope
1237 2088 1496 2143 assistens
1517 2099 1641 2140 cum
1673 2080 1927 2152 lacrymis
1954 2077 2132 2134 excla-

539 2187 707 2244 mavit
737 2185 1031 2240 laetissima.
1063 2182 1188 2236 llaec
1223 2180 1319 2246 ait,
1363 2193 1524 2248 quam
1553 2174 1742 2238 video,
1772 2171 2036 2241 processit
2061 2184 2127 2224 ex

541 2293 663 2334 meo
691 2286 869 2342 utero,
916 2275 983 2329 de
1033 2273 1188 2343 cujus
1235 2269 1398 2342 paulo
1429 2279 1554 2322 ante
1601 2265 1716 2321 solo
1767 2263 1952 2317 funere
2000 2261 2130 2316 mihi

538 2381 656 2428 erat
697 2367 1067 2440 exspectatio,
1117 2365 1240 2434 quia
1287 2379 1353 2418 ex
1399 2361 1544 2416 omni
1584 2367 1739 2431 parte
1783 2365 2127 2427 praemortua,

538 2459 731 2535 spiritu
783 2469 994 2516 tantum
1060 2457 1360 2529 palpitabat
1417 2451 1753 2508 tenuissimo.
1799 2449 1951 2504 Tunc
1999 2465 2130 2505 vero

539 2533 726 2612 tantus
767 2555 835 2610 ab
865 2561 1254 2621 utroquescxu
1301 2547 1476 2602 factus
1525 2554 1611 2600 est
1657 2533 1859 2598 clamor
1889 2541 2129 2596 admira-

541 2651 736 2716 tionis,
767 2657 826 2703 ut
859 2661 966 2701 non
994 2645 1271 2699 videretur
1295 2656 1456 2712 posse
1503 2639 1644 2694 liniri
1669 2653 1772 2692 vox
1815 2636 2132 2692 continuata

539 2737 662 2799 cum
718 2739 994 2811 lacrymis.
1035 2735 1400 2806 Exsultabaut
1447 2732 1592 2788 enim
1635 2743 1826 2784 omnes
1871 2727 1924 2781 in
1975 2727 2132 2782 laude

539 2836 635 2891 Dei
699 2848 832 2888 voce
876 2831 994 2886 sine
1039 2829 1260 2894 verbis,
1315 2837 1465 2882 tanto
1519 2825 1700 2880 sonitu
1751 2830 2012 2892 quantum
2045 2821 2130 2875 vix
2217 2817 2220 2820 ⁴

541 2927 684 2984 ferre
710 2933 892 2997 posset
932 2924 1148 2978 auditus
1178 2921 1405 2991 quilibet
1439 2917 1719 2988 capabilis.

610 3019 910 3076 Videbatur
935 3025 1198 3086 praeterea
1228 3013 1421 3082 cuique
1448 3011 1580 3064 foris
1627 3006 1935 3063 advenienti
1962 3005 2137 3076 reple-

543 3127 654 3170 tam
687 3111 855 3166 fuissc
884 3117 1050 3164 totam
1087 3105 1231 3158 illam
1263 3101 1550 3157 ecclesiam
1581 3099 1750 3170 gloria
1777 3107 1830 3152 et
1855 3095 2134 3164 majestate

2227 578 2515 634 efferentes
2547 575 2988 646 magniﬁcabant.

2779 687 3006 744 CAPUT
3043 685 3282 740 XXXVI.

2227 804 2405 858 Altero
2449 819 2602 856 mane
2637 803 2776 871 facto
2819 801 3097 854 consilium
3146 799 3340 868 agitur,
3389 807 3444 850 ut
3470 796 3831 867 gloriﬁcamus

2525 889 2712 944 corpus
2738 873 2806 926 ad
2841 871 3012 925 locum
3043 887 3196 924 suum
3219 871 3500 938 referatur.

2227 983 2510 1039 Clauditur
2539 983 2632 1038 illa
2653 984 2763 1037 dies
2787 982 3011 1036 retinens
3032 998 3126 1051 per
3153 979 3346 1034 swcula
3371 979 3575 1044 laudes,

2235 1078 2360 1132 Acta
2387 1078 2532 1146 quies
2557 1085 2724 1139 nocte,
2755 1073 2970 1127 redeunt
2999 1071 3296 1142 spectacula
3327 1087 3498 1124 mane.

2301 1167 2602 1238 Itequisi-rit
2626 1181 2758 1236 ergo
2781 1165 3034 1220 dominus
3063 1164 3233 1219 abbas
3289 1163 3358 1218 de
3389 1160 3702 1216 rcvehendo
3755 1160 3830 1214 ad

2227 1257 2405 1315 locum
2435 1273 2590 1314 suum
2617 1257 2922 1327 glorificato
2970 1255 3146 1312 sancti
3191 1267 3420 1323 corpore
3465 1251 3754 1308 consiliarii
3787 1265 3828 1304 -ε

2231 1349 2366 1416 suis,
2393 1359 2447 1404 et
2473 1349 2660 1402 datum
2683 1359 2767 1404 est
2801 1362 2995 1403 sanum
3027 1344 3313 1400 consilium
3339 1343 3560 1396 minime
3585 1342 3828 1412 reditum

2231 1441 2458 1508 differri,
2495 1457 2561 1497 ne
2589 1449 2774 1512 postea
2800 1439 2853 1494 id
2885 1439 3027 1507 quod
3073 1454 3138 1493 ex
3185 1445 3310 1490 voto
3353 1441 3617 1500 cesserat,
3663 1431 3834 1501 quid-

2231 1549 2392 1606 quam
2415 1535 2572 1590 uobis
2599 1534 2752 1589 Iieret
2773 1529 3168 1602 impedimenti.

2297 1628 2473 1699 Igitur
2497 1642 2620 1683 cum
2643 1625 3026 1682 honestissima
3067 1622 3388 1678 clericorum
3443 1619 3502 1674 S.
3529 1615 3824 1671 Lamberti

2233 1719 2621 1792 cooperatoris,
2647 1727 2706 1772 ut
2729 1733 2858 1772 vere
2877 1716 3140 1780 fatemur,
3170 1727 3361 1768 earum
3399 1711 3660 1765 virtutum
3714 1717 3831 1762 tam

2161 1845 2207 1905 Β
2236 1812 2586 1884 processione
2608 1826 2769 1882 quam
2797 1809 2914 1880 pari
2944 1809 3232 1864 devotione
3253 1805 3586 1862 decessimus
3629 1800 3829 1856 exsul-

2225 1917 2415 1964 tantes
2444 1907 2512 1962 ab
2540 1906 2630 1960 illa
2657 1904 2878 1960 civitate
2905 1919 2919 1957 ι
2953 1911 3072 1958 erat
3105 1909 3287 1956 autem
3313 1913 3416 1954 vox
3445 1913 3552 1952 una
3573 1893 3828 1950 omnium

2233 1999 2288 2055 in
2320 1999 2506 2054 laudes
2531 1996 2733 2053 Christi
2763 1994 3091 2052 confessoris
3128 1991 3544 2048 acclamantium
3575 2007 3590 2042 :

2232 2091 2413 2155 Aeeta,
2441 2089 2635 2160 prtesul
2657 2090 2792 2159 agie,
2815 2097 3035 2158 patrone
3067 2094 3243 2140 noster
3269 2082 3482 2152 inclyte,

2233 2183 2361 2253 Spes
2389 2199 2418 2237 ο
2445 2182 2550 2234 tuis
2577 2179 2859 2250 ﬁdissima,
2881 2193 2977 2232 nos
2999 2185 3092 2230 tua
3119 2175 3250 2245 juva
3267 2174 3477 2244 gratia;

2236 2276 2314 2330 Tu
2337 2275 2430 2330 luas
2462 2275 2718 2342 decusque
2746 2271 2956 2336 Calliw,
2987 2286 3105 2324 cum
3129 2267 3275 2338 plebe
3303 2267 3500 2320 clerum
3527 2253 3764 2334 protege,

2235 2368 2332 2424 Cui
2356 2384 2504 2438 posse
2533 2367 2728 2420 scimus
2746 2363 3053 2434 plurimum,
3073 2377 3202 2414 cura
3225 2359 3500 2429 languores
3521 2355 3828 2410 criminum.

2236 2457 2354 2512 Huc
2381 2468 2428 2512 te
2454 2456 2686 2510 delatum
2709 2454 2949 2526 plurimis
2981 2451 3240 2522 effulsisse
3267 2448 3573 2515 miraculis,‘

2238 2549 2376 2602 Hinc
2408 2549 2577 2602 redire
2607 2563 2725 2601 cum
2748 2546 2916 2615 gloria
2941 2553 3047 2597 tom
3073 2541 3364 2611 congizudet
3387 2539 3560 2608 patria
3591 2553 3612 2593 :

2235 2639 2312 2692 Ab
2338 2639 2498 2706 hujus
2531 2645 2663 2690 coetu
2685 2636 2846 2687 curia:
2877 2631 3173 2685 redduntur
3200 2629 3292 2681 tibi
3321 2627 3532 2696 gratim,

2237 2729 2368 2796 Quw
2394 2739 2502 2782 tota
2527 2739 2614 2781 tuo
2643 2743 2706 2781 ea:
2733 2725 2938 2780 nomine
2966 2721 3256 2778 celebratur
3281 2719 3577 2791 magniﬁce.

2759 2835 2986 2894 CAPUT
3023 2835 3286 2891 XXXVII.

2237 2951 2313 3007 De
2341 2953 2564 3006 statione
2599 2953 2674 3005 cis
2705 2949 2908 3004 Mosam
2931 2949 3072 3017 facta
3098 2959 3146 3002 et
3193 2948 3258 3001 de
3284 2961 3567 3014 puerorum
3607 2945 3826 3017 scholae

2314 3025 2448 3076 rium
2483 3023 2641 3076 laude
2669 3016 3112 3082 nominatissima,
3142 3027 3188 3071 et
3216 3019 3279 3071 de
3304 3019 3468 3086 ipsius
3514 3017 3616 3070 loci
3663 3016 3832 3070 trudi-

2307 3095 2447 3146 tione
2477 3111 2507 3145 a
2531 3091 2913 3162 possessoribus
2944 3099 3124 3143 sancto
3147 3089 3380 3157 ﬁrmata.

527 3201 777 3269 'Domini,
803 3199 896 3256 ubi
919 3195 1327 3254 delectabantur
1358 3192 1726 3247 inhabitantes
1778 3199 2028 3258 tanquam
2061 3202 2126 3240 ex
2157 3201 2201 3262 ρ
2303 3184 2412 3238 Nec
2441 3183 2616 3237 minus
2655 3183 2740 3236 his
2767 3181 2988 3252 dignum
3022 3179 3237 3232 videtur
3287 3177 3415 3231 illud
3470 3191 3820 3231 commemo-

523 3293 636 3348 ‘Dei
669 3287 957 3363 praisentia
985 3285 1252 3340 suavitate
1275 3280 1646 3344 inenarrabili,
1707 3288 1764 3333 ut
1797 3294 1982 3332 revera
2026 3277 2134 3331 illic

541 3391 730 3454 posset
761 3379 891 3443 dici,
921 3378 1064 3432 sicut
1087 3383 1140 3429 et
1166 3373 1449 3430 dicebatur
1475 3387 1578 3426 non
1609 3367 1878 3424 immerito
1909 3383 1922 3420 :
1947 3366 2133 3420 Domi-

544 3491 644 3530 nus
663 3483 736 3528 est
761 3473 816 3526 in
841 3470 953 3524 loco
980 3471 1079 3523 isto
1107 3465 1259 3538 (Gen.
1283 3473 1499 3534 xxviii).
1534 3463 1651 3533 Ipso
1676 3475 1807 3530 ergo
1857 3459 1946 3514 die
1993 3457 2136 3512 cele-

540 3568 800 3624 britatem
833 3565 974 3618 hanc
1004 3562 1310 3616 divinorum
1339 3573 1566 3628 operum
1591 3555 1775 3626 gavisa
1810 3561 1968 3608 estet
1991 3559 2134 3606 terra

543 3658 781 3727 quodam
815 3655 974 3708 modo
1004 3667 1064 3706 se
1085 3649 1292 3706 sentire
1335 3661 1444 3702 non
1493 3647 1671 3700 minus
1697 3657 1862 3712 quam
1915 3640 2131 3696 coelum.

545 3749 678 3814 Quae
701 3747 846 3800 etaim
894 3744 1064 3816 tribus
1110 3741 1322 3795 exactis
1373 3736 1650 3792 mensibus
1701 3749 1812 3788 non
1855 3733 2138 3788 maduerat

543 3840 720 3910 aquis,
761 3836 946 3892 herbis
990 3849 1114 3889 eum
1145 3833 1387 3903 germine
1421 3843 1558 3899 pene
1605 3826 1998 3890 arescentibus,
2054 3839 2139 3878 ea-

543 3933 666 3986 dem
687 3928 1041 3984 nihilominus
1067 3925 1156 3980 die
1184 3924 1368 3978 divina
1389 3921 1708 3990 operatione
1749 3931 1968 3984 omnem
1993 3916 2138 3972 viro-

539 4038 660 4079 rem
693 4021 900 4090 recepit
923 4017 1148 4088 largiter
1171 4013 1368 4070 infusis
1392 4013 1678 4068 imbribus.

1093 4171 1324 4229 CAPUT
1365 4169 1582 4225 XXXV.

612 4285 700 4350 De.
741 4293 929 4348 clerico
960 4290 1195 4344 distortis
1221 4288 1444 4360 pedibus
1493 4287 1556 4340 ab
1605 4295 1724 4340 ortu
1763 4293 1810 4339 et
1850 4292 2060 4339 sanato.

613 4427 749 4483 Cum
777 4425 890 4494 jam
919 4423 1001 4480 sol
1028 4423 1374 4493 vespertinus
1419 4422 1485 4476 ad
1516 4433 1769 4475 occasum
1812 4417 2132 4482 declinaret,

545 4530 601 4574 et
631 4520 810 4574 adhuc
841 4515 1075 4587 populus
1109 4513 1368 4583 frequens
1399 4513 1452 4566 in
1481 4511 1667 4566 laudes
1693 4511 1893 4566 Christi
1919 4510 2131 4565 confes-

537 4609 688 4664 soris
709 4607 1056 4672 acclamarct,
1090 4605 1290 4660 factum
1331 4613 1412 4658 est
1442 4604 1586 4658 aliud
1609 4605 1880 4673 quoddam
1934 4603 2132 4657 divinae

542 4700 876 4770 operationis
900 4699 1211 4763 mirificum,
1247 4698 1314 4752 ad
1343 4698 1751 4766 praedicandum
1773 4696 2012 4764 ejusdem
2057 4695 2131 4764 pii

543 4792 872 4865 protectoris
907 4793 1180 4846 meritum.
1211 4791 1292 4844 Ad
1340 4790 1486 4844 illam
1533 4789 1942 4843 venerationem
1991 4787 2133 4843 salu-

543 4884 760 4940 tiferam
803 4881 1020 4952 quidam
1063 4883 1342 4936 clericusa
1371 4889 1526 4950 patre
1581 4889 1664 4936 est
1716 4880 1991 4944 devectus,
2043 4879 2134 4947 qui

529 4971 874 5029 transversis
903 4971 1144 5040 vestigiis
1163 4972 1425 5026 distortos
1452 4972 1620 5040 pedes
1644 4971 1712 5026 ab
1759 4979 1913 5024 utero
1943 4969 2134 5024 matris

547 5063 726 5114 funerat
751 5078 964 5114 nassus.
1012 5061 1124 5114 Nec
1173 5077 1344 5114 mora.
1406 5063 1654 5114 visitatus
1700 5071 1783 5114 est
1833 5062 1900 5114 ab
1947 5061 2134 5114 eodem

2240 3276 2464 3330 randum
2495 3273 2660 3343 quod,
2694 3273 2759 3326 ad
2785 3271 3000 3326 illorum
3054 3269 3464 3324 similitudinem
3524 3281 3828 3338 puerorum

2237 3364 2574 3418 Dominicum
2611 3359 2895 3414 "assumta
2957 3359 3304 3429 Redemptori
3363 3357 3832 3427 proclamantium

2236 3453 2453 3524 (Matth.
2483 3453 2633 3521 χχι),
2686 3453 2738 3504 in
2799 3451 3013 3505 laudem
3068 3465 3286 3520 quoque
3317 3449 3475 3519 hujus
3533 3449 3708 3503 sancti
3752 3446 3836 3501 fa~

2218 3561 2382 3603 'etnm
2415 3563 2536 3602 esse
2565 3545 2828 3610 creditur,
2863 3561 2967 3598 non
3001 3554 3176 3598 tamen
3207 3553 3404 3615 praeter
3449 3541 3649 3598 divina:
3707 3555 3835 3613 gra-

2236 3641 2322 3694 tia:
2349 3640 2623 3709 placitum.

2307 3731 2366 3786 lu
2399 3731 2674 3786 redeundo
2727 3731 2935 3800 itaque,
2993 3729 3318 3784 transmisso
3363 3739 3545 3792 amne,
3593 3741 3718 3781 cum
3751 3727 3834 3783 cis

2241 3822 2444 3876 Mosam
2475 3829 2966 3898 perventuinesset
2999 3821 3052 3873 in
3083 3820 3215 3874 locis
3243 3819 3667 3888 campestribus,
3721 3829 3836 3872 sta-

2237 3917 2438 3972 tionem
2471 3913 2582 3968 illic
2611 3911 2725 3968 fieri
2763 3913 2830 3967 ad
2874 3911 3198 3968 audiendam
3253 3911 3473 3964 missam
3517 3909 3836 3979 impetravit

2239 4021 2269 4060 a
2297 4005 2514 4059 dmnino
2541 4005 2738 4059 abbate
2759 4004 2937 4059 omnis
2959 4003 3046 4056 ille
3079 4003 3278 4058 civium
3330 4011 3836 4074 cxtraneorumque

2237 4096 2486 4168 populus.

2309 4191 2519 4245 Interea
2547 4188 2689 4244 facta
2712 4203 2886 4254 mora,
2914 4189 3040 4245 dum
3081 4191 3382 4260 parabatur
3427 4188 3696 4245 celebrari
3749 4187 3834 4244 di-

2237 4284 2420 4338 vinum
2451 4283 2706 4349 cilicium,
2755 4283 2822 4337 de
2861 4291 2972 4337 tota
3031 4283 3254 4337 civitate
3293 4297 3586 4352 puerorum
3634 4279 3836 4335 scholae

2240 4387 2622 4435 convenerunt
2647 4375 2903 4448 tanquam
2938 4379 3002 4432 ad
3028 4379 3147 4448 ejus
3167 4377 3458 4433 venerandi
3486 4375 3664 4430 Patris
3685 4375 3836 4430 obse-

2241 4478 2448 4545 quium.
2484 4476 2584 4543 Qui
2615 4476 2944 4530 scaudentes
2981 4475 3213 4543 proximi
3257 4475 3460 4528 montis
3516 4473 3832 4537 cacumina,

2163 4559 2211 4619 ἰ)
2237 4566 2550 4622 extulerunt
2582 4580 2764 4629 voces,
2795 4565 2942 4619 velut
2980 4567 3276 4634 angelicas,
3307 4580 3405 4634 per
3437 4563 3643 4618 nubila.
3689 4561 3829 4616 Nam

2237 4657 2503 4728 dispertiti
2527 4676 2554 4710 a
2580 4673 2656 4720 se,
2680 4660 2832 4726 quasi
2857 4657 3022 4712 tribus
3049 4673 3142 4728 per
3161 4659 3354 4712 choros
3374 4655 3683 4722 ordinibus,
3719 4655 3833 4708 lau-

2235 4750 2356 4806 dem
2387 4750 2495 4804 Deo
2524 4750 2843 4804 cecinerunt
2877 4765 2974 4819 pro
3030 4750 3364 4805 cenl‘essoris
3407 4750 3490 4804 sui
3555 4749 3832 4819 triumpho

2236 4855 2290 4900 et
2316 4844 2521 4900 Christi
2556 4843 2916 4899 mirabilibus.

2237 4974 2520 5029 Introilum
2543 4985 2725 5029 cantus
2755 4991 2946 5044 magna
2979 4992 3074 5029 vox
3095 4974 3250 5030 laude
3277 4985 3530 5040 tenemus,

2245 5067 2371 5114 [mle
2396 5067 2723 5114 Cruciﬁxnm
2753 5067 2968 5114 laudate
2997 5069 3050 5114 in
3075 5085 3234 5114 cum:
3261 5069 3512 5114 meando-
