4026 5370
205 314 317 370 533

1245 308 1528 368 SAMUEL
1563 304 2080 364 MAROCHIANUS.
2112 336 2181 348 --
2209 304 2508 361 NO'l‘lTlA.

3370 309 3480 366 δδι

205 424 560 483 manifestata
592 425 938 497 perfectaque
965 431 1049 480 est
1073 423 1194 478 laus
1241 437 1305 480 es
1351 439 1449 479 ore
1497 421 1786 478 infantium
1816 425 1865 484 Α
1891 435 1923 473 a
1950 433 2072 489 rege
2100 417 2370 489 Sigiberto'
2392 417 2780 472 decentissime
2809 419 3043 488 regendo
3069 419 3264 485 tenuit,
3289 437 3480 493 regen-

207 520 384 591 (Psal.
414 532 550 584 Vm;
584 518 773 574 Μαιυι.
809 521 943 587 In).

280 612 475 668 Finitis
497 612 685 681 itaque
706 609 979 680 praedictis
999 609 1479 676 modulationibus,
1497 610 1791 667 descende-

206 714 336 760 runt
361 705 540 759 acturi
569 703 849 758 nobiscum
871 702 1179 758 divinorum
1209 704 1607 775 mysteriorum
1655 704 1795 759 cele-

207 795 483 859 britatem,
515 809 641 863 qua.-
669 794 847 849 omnia
882 793 1149 864 completa
1202 804 1330 850 sunt
1376 811 1499 851 cum
1555 794 1792 851 ﬁdelium

208 867 822 940 votivis‘oblationibus.

279 976 481 1030 Eodem
509 991 643 1031 vero
666 976 773 1040 die,
799 986 988 1033 saneto
1016 977 1358 1033 tradiderunt
1384 977 1581 1044 locum,
1607 978 1660 1033 in
1687 993 1794 1048 quo

206 1069 352 1125 facta
377 1070 620 1125 statione
647 1071 945 1140 quieverat,
976 1071 1029 1125 hi
1062 1071 1152 1140 qui
1191 1080 1347 1126 erant
1372 1070 1612 1126 hatredes
1638 1069 1788 1139 ejus-

203 1161 328 1217 dem
355 1161 601 1232 cespitis,
655 1163 874 1233 ejusque
928 1163 983 1218 in
1028 1164 1232 1218 honore
1278 1165 1364 1234 pie
1414 1173 1797 1235 perseverante

205 1254 436 1310 solemni
466 1256 759 1312 devotione
783 1257 974 1326 plebis,
1001 1255 1352 1312 fundamenta
1402 1255 1648 1314 ecclesiae
1688 1266 1796 1315 sta-

206 1355 303 1399 tnu
322 1346 528 1416 iactata
554 1357 684 1401 sunt
707 1347 776 1401 ab
795 1348 1016 1412 accolis,
1045 1363 1167 1418 qua:
1198 1350 1535 1419 postmodum
1561 1351 1627 1404 ad
1669 1365 1795 1421 per-

208 1436 411 1494 fectum
442 1438 675 1494 deducta
706 1438 875 1494 crevit
903 1439 958 1493 in
983 1455 1120 1510 opus
1147 1440 1344 1507 divina:
1383 1430 1684 1497 servitutis.

792 1565 1216 1607 ADNOTATIONES.

284 1638 652 1712 Fundamenta
675 1641 904 1696 ecclesia:
928 1643 1104 1696 statim
1127 1646 1332 1712 jactata
1353 1655 1472 1701 sunt
1493 1648 1557 1700 ab
1578 1651 1791 1706 accolis.

205 1709 403 1798 Exstat
432 1713 609 1798 adhuc
635 1711 1045 1798 bodieecclesia
1090 1709 1416 1783 parochialis
1458 1733 1624 1798 prope
1665 1735 1791 1798 por-

209 1792 322 1853 tam
351 1790 407 1834 et
433 1791 649 1853 pontem
669 1783 1068 1853 Amaricordis,
1116 1801 1236 1853 quae
1283 1800 1350 1840 ex
1399 1783 1679 1842 miraculo'
1705 1791 1793 1846 illo
1826 1785 1870 1844 Β

204 1851 442 1928 ecclesia
491 1851 678 1928 Sancti
728 1851 968 1928 ltetnacli
1023 1851 1363 1928 nominatur1
1416 1872 1521 1928 non
1577 1857 1794 1928 longea

209 1922 488 1976 montibus
508 1936 538 1976 e
566 1922 764 1991 quibus
790 1923 1070 1980 scbolares
1096 1924 1284 1982 laudes
1331 1926 1389 1982 S.
1417 1922 1794 1986 Remacli'hic

206 1992 475 2048 cecinisse
502 1993 833 2048 scribuntur.

478 2126 711 2184 CAPUT
752 2127 1015 2186 XXXVIII
1069 2131 1157 2188 ΕΤ
1200 2134 1533 2191 ULTIMUM.

201 2237 292 2290 Ad
323 2243 542 2310 propria
566 2243 690 2297 (arta
718 2245 1001 2320 regressio,
1020 2245 1404 2320 Mahnnndarii
1432 2253 1794 2320 revindicatio,

276 2320 330 2382 et
377 2323 634 2377 postremo
687 2313 841 2368 mane
885 2313 1171 2372 Stabulaus
1214 2321 1539 2376 tendentibus
1579 2313 1796 2382 avicula}

281 2381 470 2450 ignota
499 2399 657 2457 super
684 2386 937 2439 scrinium
963 2389 1132 2441 sancti
1151 2391 1335 2457 sessio,
1359 2401 1404 2445 et
1431 2394 1626 2448 ossium
1669 2381 1785 2449 san-

281 2464 484 2504 elerum
512 2471 606 2507 suo
638 2454 754 2508 loco
776 2458 1043 2526 repositio.

277 2540 412 2596 lude
439 2543 669 2614 digressi
696 2547 764 2600 ad
784 2549 1006 2617 propria
1039 2547 1432 2608 festinabanius
1485 2555 1625 2622 Iusti;
1680 2559 1797 2627 ipso

208 2651 437 2704 vespere
461 2637 909 2696 Maltnundarium
936 2651 1299 2712 protectorem
1350 2657 1596 2702 nostrum
1635 2658 1799 2719 atque
1881 2637 1884 2690 ί

210 2730 668 2800 triumphatorem
699 2733 1016 2790 detulimus.
1051 2737 1224 2803 Quem
1258 2737 1434 2793 locum
1457 2753 1579 2794 cum
1611 2741 1798 2795 trium-

208 2824 318 2894 pho
347 2825 510 2880 nobili
535 2827 923 2897 reacquisitum
953 2829 1067 2900 ipse
1091 2845 1189 2900 per
1217 2845 1276 2887 se
1315 2833 1670 2889 revindicavit
1696 2834 1800 2891 Pa-

209 2932 294 2976 ter
323 2923 618 2992 legitimus.
1626 2932 1630 2936 '

283 3012 460 3079 Hunc,
501 3015 744 3086 inquam,
780 3017 956 3072 locum
988 3035 1131 3078 nunc
1177 3022 1513 3078 aaternaliter
1567 3024 1802 3078 revindi-

1896 510 2136 580 dumque
2161 526 2257 566 sua
2289 511 2405 565 vice
2454 511 2567 566 suis
2617 511 3028 566 successoribus
3076 523 3300 570 eatenus
3357 518 3484 572 re'i-

1895 607 2033 677 quit.

1969 701 2262 757 Revocatis
2284 716 2413 772 ergo
2442 701 2680 772 legitime
2707 711 2818 756 tam
2841 703 3118 758 monachis
3138 720 3299 774 quam
3321 706 3482 764 laicis

1896 795 1996 850 sub
2019 795 2221 849 ditione
2247 795 2483 860 abbatis,
2515 811 2581 850 ex
2620 794 2736 863 ejus
2775 797 3014 861 nomine,
3060 796 3349 853 Stabulaus
3396 813 3482 856 re-

1896 888 2038 944 versi
2067 903 2277 952 sumus,
2309 887 2462 958 potiti
2493 896 2676 957 Optata
2700 887 3012 941 securitate.

1970 979 2176 1032 Taliter
2197 993 2326 1046 ergo
2379 986 2499 1046 post
2553 976 2966 1031 innumerabilia
3020 976 3212 1031 divina:
3268 979 3483 1034 virtutis

1896 1068 2177 1134 miracula,
2205 1067 2452 1123 victricia
2474 1066 2638 1134 divini
2660 1067 2874 1137 patroni
2898 1065 3068 1122 nostri
3097 1082 3215 1121 ossa
3247 1084 3344 1123 suo
3362 1069 3483 1125 loco

1896 1175 2022 1220 sunt
2047 1165 2306 1236 reposita.

1971 1255 2124 1310 Unde
2156 1254 2510 1326 gaudeamus,
2541 1252 2676 1308 tanti
2707 1251 3036 1308 confessoris
3064 1251 3244 1322 adepti
3301 1263 3482 1322 patrn-

1898 1350 2128 1414 ciuium,
2161 1347 2255 1418 qui
2284 1348 2462 1412 nobis,
2487 1365 2608 1403 cum
2642 1349 2854 1404 deesset
2909 1348 3224 1412 humanum,
3271 1348 3482 1402 meritis

1897 1444 2012 1499 suis
2050 1431 2292 1497 divinum
2316 1441 2554 1496 obtinuit
2581 1441 2862 1495 auxilium.
2959 1435 2962 1438 ’

1967 1533 2212 1591 Gaudeat
2240 1533 2404 1589 etiam
2425 1532 2742 1588 caznobialis
2785 1529 2946 1585 Pater
3000 1535 3204 1594 noster,
3257 1539 3482 1586 eatenus

1897 1628 2177 1685 confectus
2201 1642 2433 1682 moerere
2463 1627 2680 1690 diurno,
2708 1625 2794 1680 cui
2818 1626 2886 1679 ad
2935 1624 3036 1678 hoc
3085 1623 3235 1678 labor
3277 1624 3481 1695 impen-

1897 1729 1990 1777 sus
2018 1721 2091 1776 nil
2120 1719 2321 1791 profuit
2341 1727 2534 1774 exacto
2556 1717 2782 1787 amplius
2803 1716 3193 1786 quinquennio.

1967 1812 2231 1876 Gaudeat,
2281 1810 2523 1880 inquam,
2572 1817 2773 1878 prazter
2817 1823 2968 1877 spem
3014 1806 3115 1861 sibi
3171 1807 3484 1876 provenisse

1899 1913 2103 1959 tantam
2143 1903 2372 1973 gratiam
2400 1916 2563 1972 quam
2594 1915 2700 1956 non
2749 1897 2927 1970 potuit
2979 1897 3204 1968 adipisci
3243 1912 3344 1967 per
3384 1897 3485 1952 bu-

1890 2009 2110 2048 manam
2133 1993 2384 2065 gratiam.

1969 2081 2083 2137 Non
2120 2091 2398 2152 potentum
2428 2097 2491 2136 ac
2517 2080 2825 2151 principum
2850 2077 2986 2147 juvit
3019 2078 3226 2148 privata
3274 2077 3483 2147 gratia;

1898 2174 1972 2230 nil
2005 2175 2201 2229 adhoc
2227 2173 2514 2227 valuerunt
2537 2173 2772 2226 humana
2802 2169 3051 2233 coasilia,
3085 2169 3159 2222 nil
3183 2169 3386 2239 profuit
3411 2171 3480 2224 ad

1899 2263 2104 2318 Curiam
2131 2263 2383 2331 ireQuens
2409 2263 2519 2316 i'tus
2542 2271 2594 2316 et
2628 2261 2847 2318 reditus.
2883 2259 2956 2313 nil
2985 2268 3244 2327 praeterea
3277 2275 3488 2329 promo-

1901 2354 1974 2409 vit
1996 2353 2124 2408 huic
2152 2353 2446 2406 exhaustus
2475 2350 2720 2414 ierat-ius,
2745 2348 2819 2403 nil
2845 2348 2964 2402 auri
2990 2347 3072 2401 vel
3114 2348 3344 2418 argenti,
3368 2362 3489 2416 quae

1898 2447 2075 2519 prima
2106 2443 2362 2499 mortales
2395 2443 2616 2509 ducunt,
2652 2441 2869 2514 largitio
2897 2440 3042 2495 facta
3095 2437 3244 2509 justo
3299 2437 3486 2510 profu-

1900 2541 2037 2595 sius.

1969 2630 2159 2686 Gratia
2183 2639 2365 2686 autem
2391 2631 2486 2686 [δεῖ
2520 2629 2686 2685 solius
2708 2644 2804 2699 per
2852 2626 3108 2682 meritum
3145 2624 3226 2679 sui
3269 2621 3489 2678 confes-

1903 2725 2064 2790 soris,
2099 2740 2222 2780 cum
2253 2724 2440 2788 voluit,
2469 2723 2554 2778 his
2582 2721 2744 2776 ﬁnem
2771 2719 3028 2789 imposuit
3067 2716 3323 2771 miseriis.

1972 2819 2041 2873 Et
2062 2833 2160 2872 nos
2189 2817 2244 2872 in
2275 2817 2359 2871 his
2382 2816 2546 2870 linem
2594 2814 2774 2870 facere
2812 2815 3119 2883 "cupientes,
3173 2811 3332 2882 paulo
3367 2826 3489 2866 ces-

1902 2909 2135 2964 sandum
2165 2907 2230 2962 ab
2261 2907 2363 2961 hoc
2387 2920 2550 2976 opere
2575 2904 2936 2967 decernimus,
2977 2912 3036 2957 ut
3054 2903 3098 2958 si
3123 2904 3190 2957 ad
3217 2902 3321 2955 alia
3350 2900 3490 2955 scri-

1905 3001 2077 3057 benda
2132 3015 2251 3069 qua:
2281 3007 2402 3068 post
2428 2999 2541 3052 lucc
2570 2996 2712 3066 apud
2747 3011 2846 3050 nos
2880 3011 2976 3076 per
3029 3009 3152 3074 eum
3204 2991 3490 3062 magniﬁce

210 3106 376 3170 cavit,
438 3122 598 3175 quem
636 3109 689 3162 in
720 3110 897 3175 initio,
948 3113 1202 3181 vepribus
1235 3114 1488 3183 omnique
1536 3117 1795 3184 spurcitia
1825 3129 1870 3191 ε
1907 3092 2218 3147 claruerunt
2249 3089 2599 3155 intendimus,
2624 3087 2846 3143 interim
2895 3087 3038 3140 vires
3080 3083 3347 3140 sc:ibcndi
3395 3097 3492 3154 per

209 3197 506 3263 eliminata,
532 3199 737 3268 primus
766 3201 1006 3267 incoluit,
1057 3203 1394 3274 eieetumque
1433 3205 1532 3260 sibi
1583 3202 1792 3268 habita;

205 3292 389 3346 culum
419 3293 617 3350 divinis
647 3295 882 3352 cultibus
909 3299 1259 3368 mancipavil,
1303 3302 1666 3372 traditumque
1691 3305 1792 3360 sibi

1903 3184 2069 3239 otium
2101 3196 2428 3252 reparemus.

1770 3441 1944 3496 Fms.

425 3562 719 3646 Diploma
755 3584 878 3646 quo
915 3569 1178 3648 antiqua
1215 3573 1642 3633 controversia
1675 3563 2344 3636 Malmandart'ensium
2375 3584 2597 3638 contra
2625 3574 3015 3638 Stabulemes
3049 3573 3325 3653 sopitur.

283 3683 394 3740 Leo
430 3685 742 3757 cpiscopus,
771 3703 968 3745 servus
997 3705 1276 3746 servorum
1300 3691 1419 3756 Dei,
1451 3693 1700 3762 religioso
1740 3694 1922 3749 abbati
1951 3694 2274 3750 venerabilis
2317 3696 2634 3752 monasterii
2663 3696 2721 3750 S.
2758 3676 2929 3762 Petri,
2973 3693 3255 3763 sanctique
3289 3690 3486 3770 Remaj

219 3775 284 3828 cli
305 3777 570 3833 Stabulao
589 3781 774 3849 positi,
819 3782 1035 3852 tuisque
1073 3783 1477 3840 successoribus
1503 3795 1818 3856 perpetuam
1852 3785 1906 3842 in
1929 3785 2157 3842 Domino
2182 3787 2434 3842 salutem.

282 3870 418 3924 Cum
451 3886 682 3926 summae
707 3875 1022 3944 apostolica:
1048 3875 1417 3945 dignitatis...
1449 3875 1670 3947 Reliqua
1694 3875 1809 3930 vide
1839 3878 1974 3932 inter
1997 3871 2245 3945 epistolas
2270 3878 2332 3934 S.
2352 3877 2540 3931 Leonis
2560 3875 2664 3942 IX,
2696 3874 3017 3946 Putrologiw
3060 3887 3184 3931 tom.
3205 3872 3478 3929 CXLIII.

238 4016 3480 4064 m

3349 4055 3480 4066 *ο

1424 4166 1594 4210 ANNO
1638 4169 1871 4215 DOMINI
1915 4168 2207 4216 ILXXKV.

714 4334 1483 4496 SAMUEL
1557 4337 2958 4564 MAROCHIANUS

1385 4566 1484 4664 'Ex
1520 4606 1767 4665 100.430
1797 4563 2279 4668 crintsrlsnus.

1620 4760 1860 4772 ...ιι-ρ

511 4933 969 5017 NOTITIA
1018 4933 1568 5014 HISTORICA
1628 4935 1739 5016 IN
1803 4934 2362 5051 SAMUELEM
2421 4908 3187 5018 MAROCHIANUM

1255 5092 1620 5164 (Possumus,
1661 5094 1958 5163 Apparatus
1985 5107 2156 5157 sacer,
2180 5089 2244 5154 ll,
2275 5090 2421 5160 ιθο.)
2495 5143 2504 5148 .

265 5285 518 5370 Samuel,
548 5293 647 5364 qui
677 5291 842 5360 vulgo
871 5287 1239 5370 Meroe/tigrim
1278 5289 2278 5370 cognominatur,_Jud:nus._Fessanus
2304 5293 2500 5370 patria,
2528 5311 2625 5370 an.
2664 5295 2801 5352 1085
2835 5278 3012 5350 ’Τοιθιῑ
3040 5293 3109 5349 ad
3151 5290 3498 5370 lideni_(_2li_ri-
