4026 5370
545 366 651 423 855
1781 355 2126 416 SAMUELIS
2155 353 2584 414 MAROCHIANI
3691 355 3803 410 336

546 480 926 552 reprobatione
965 478 1327 552 damnorum,
1361 475 1584 552 Deinde,
1631 475 1697 552 de
1748 475 2025 552 elcc_t_ione_
2069 473 2335 552 gentium,
2378 471 2764 552 apostolorum
2805 480 2986 552 autem
3034 470 3591 552 toeo‘propbetarum,
3640 481 3698 527 ct
3742 472 3817 529 de

544 541 808 609 electione
836 551 1088 606 sacriﬁcii
1119 549 1438 608 Christiani.
1469 547 1687 618 rejectis
1726 548 1982 618 omnibus
1999 541 2238 618 Jud‘aicis
2261 561 2379 618 ,_a_c
2412 541 2638 618 tandem
2683 542 2894 618 agit_¢_le_
2929 551 3092 598 cantu
3131 541 3565 618 libristianorum
3585 583 3600 607 ,
3648 557 3817 618 quem

545 621 785 678 ostendit
815 636 935 676 esse
961 629 1172 686 gratum
1219 619 1348 673 Deo.
1382 611 1683 679 Postremo,
1707 631 1775 670 ex
1808 616 1940 686 ipsis
1970 615 2218 686 hostibus
2261 613 2673 686 Mabometanis,
2703 622 2758 666 et
2778 611 3342 686 Alcliorano__._lur_leeos
3386 611 3819 686 confutat.’Erat

547 701 730 746 autem
772 692 860 746 hic
885 683 1117 753 libellus,
1142 690 1255 742 sive
1289 687 1513 758 epistola
1546 688 1610 758 ad
1664 683 1952 758 quemdam
1993 684 2147 758 rabbi
2187 684 2352 758 lsaae
2383 685 2568 758 missa,
2601 683 2988 758 an_n_o_l)0mini
3032 683 3339 748 millesimo,
3365 697 3529 752 quam
3563 698 3631 738 ex
3675 685 3824 737 Ara-

546 764 669 820 bico
698 762 946 817 Latinam
973 759 1098 816 fecit
1123 753 1432 830 Alphonsus
1457 757 1664 815 Bouiho
1683 753 1832 811 binis
1864 754 2203 810 Dominicani
2237 754 2466 821 ordinis,
2497 770 2626 808 ann.
2658 753 2816 809 1559.

561 931 3813 965 ww“

1390 1089 1979 1207 unum
1997 1083 2938 1262 sumamus

2591 1365 2600 1380 ε
2625 1312 2630 1317 Ι
2748 1333 2766 1368 )
2782 1332 2860 1426 '7
2884 1351 2900 1374 θ
2936 1292 3044 1378 ..-ΞΛ-
3076 1355 3113 1386 lt
3135 1355 3146 1372 '
3168 1360 3176 1381 τ
3198 1357 3209 1376 ο

903 1494 1076 1606 DE
1159 1489 1850 1652 ADVENTU
1932 1395 2204 1602 MES

2237 1358 2541 1397 Z'::'__:.‘_”n;..;
2591 1365 2600 1380 κ
2681 1358 2704 1367 “λ
2748 1358 2860 1426 "7
2884 1358 2899 1374 σ
2936 1358 3044 1378 ‘~~"(f
3076 1358 3242 1386 [l'fl..
3284 1358 3308 1385 ιΔ
3443 1359 3448 1363 ’
3489 1361 3506 1380 .”
3552 1358 3584 1390 /
3609 1358 3804 1395 ‘.";_"/_'
3843 1358 3882 1384 ar
3907 1358 3954 1392 ί.)

2577 1409 2584 1440 ί
2946 1409 2984 1450 χ’
3033 1411 3044 1436 ;
3079 1408 3090 1435 ,ζ

3274 1516 3276 1518 τ
3474 1459 3967 1514 ἀπ”κέέὶν4λνυῖῖ

3629 1559 3641 1582 ι
3701 1543 3840 1623 ῖῖιγ
3871 1531 3960 1610 '3:

3746 1613 3815 1652 λγ
3874 1613 3892 1626 ,,

3732 1613 3828 1707 ΞΑ

2037 1719 2339 1801 LIB-ER

1337 1897 1681 1975 (Bibliotheca
1715 1911 1943 1959 veterum
1976 1895 2225 1965 Patrum,
2256 1906 2390 1954 tom.
2422 1895 2608 1966 XVI“,
2637 1912 2763 1970 pag.
2791 1894 2940 1973 518.)

3649 1404 3844 1416 Μ

3624 1522 3834 1533 ..υ-...ε

3402 2062 3404 2064 ,
3437 2062 3441 2064 _
3785 2054 3814 2088 η

1284 2222 2006 2411 ᾼιΡΗΟΝδι
2093 2224 2204 2368 ei

2237 2220 2902 2360 lNIHOMIN
2916 2222 3044 2338 IS
3063 2284 3133 2360 ε
3389 2215 3846 2397 τ

2064 2434 2274 2476 HISPANI

1495 2561 1563 2617 lN
1594 2555 2150 2627 SUBSEQUENTEM
2189 2554 2532 2613 SAMUELIS
2560 2531 2820 2612 ueneni

3003 2412 3079 2463 ιω

2982 2412 3093 2545 ’ί
3141 2405 3512 2539 (Ἀνέστη
3540 2425 3712 2546 τέκ’,
3732 2506 3794 2552 τ»

3081 2568 3084 2570 η
3113 2569 3118 2571 .
3129 2565 3168 2571 _.
3181 2564 3366 2578 ..-η-κῆ-
3375 2565 3532 2576 «αι-οε*-

1615 2697 1820 2770 Quem
1854 2711 1932 2757 ex
1964 2692 2239 2756 Arabico
2269 2691 2571 2755 Latinum
2598 2690 2753 2757 fecit

884 2843 989 2906 AD
1018 2842 1500 2906 MAGISTRUM
1533 2838 1935 2904 HUGONEM
1972 2835 2298 2899 ORDINIS
2327 2835 2994 2901 PREDICATORUM’
3027 2834 3440 2900 EPISTOLA.

619 3132 1089 3192 Reverendissimo
1111 3131 1165 3187 in
1193 3129 1410 3188 Christo
1436 3128 1498 3185 P.
1522 3129 1585 3184 F.
1609 3127 1840 3193 Hucom,
1863 3127 2128 3198 magistro
2156 3111 2203 3170 Α

537 3227 747 3284 ordinis
793 3225 1216 3282 Praedicatorum
1265 3221 1606 3292 dignissimo,
1649 3235 1713 3274 ac
1760 3226 2128 3275 sacrosancta:

539 3319 752 3390 pagina:
796 3314 1091 3387 professori
1117 3354 1132 3379 ,
1164 3311 1281 3382 ejus
1321 3311 1569 3368 subditus
1610 3310 1781 3366 frater
1823 3310 2133 3381 Alpbonsus

539 3407 933 3473 Bomnomms,
997 3405 1312 3477 Hispanus,
1371 3404 1699 3474 promissam
1763 3401 2130 3459 obedientiam

537 3511 846 3572 promptam
875 3502 927 3555 in
963 3500 1216 3555 omnibus
1239 3515 1303 3556 ac
1331 3501 1602 3556 devotam.

610 3592 744 3647 Cum
775 3607 875 3664 ego
909 3599 1134 3661 propter
1161 3591 1488 3661 parvitatem
1523 3605 1698 3644 meam
1726 3596 1781 3645 et
1809 3589 2134 3647 insulﬁcien-

540 3682 675 3738 tiam
708 3696 818 3736 non
848 3682 950 3735 sim
985 3681 1106 3736 talis
1140 3681 1232 3751 qui
1267 3682 1420 3736 vobis
1444 3690 1494 3736 et
1534 3696 1632 3752 pro
1665 3682 1821 3736 vobis
1853 3683 2020 3737 sciam
2047 3682 2132 3737 vel

540 3771 749 3844 possim
792 3771 993 3840 aliquid
1046 3771 1225 3838 magni
1285 3769 1487 3835 facere,
1521 3769 1602 3825 vel
1633 3770 1822 3824 saltem
1878 3771 2135 3826 assistere

544 3873 760 3920 tantum
784 3864 842 3918 in
874 3862 1148 3918 laboribus
1170 3873 1223 3918 et
1245 3864 1389 3918 euris
1417 3864 1635 3929 vestris,
1665 3878 1801 3932 quas
1823 3879 1921 3932 pro
1951 3871 2134 3919 nostra

541 3956 788 4012 omnium
814 3955 994 4026 quiete
1026 3963 1082 4010 et
1129 3954 1296 4010 totius
1329 3955 1538 4010 ordinis
1567 3969 1704 4024 pace
1745 3955 1798 4009 in
1841 3955 1986 4010 curia
2016 3971 2137 4011 sus-

547 4052 772 4118 tinetis;
821 4050 890 4106 ad
933 4049 1184 4106 solatium
1225 4058 1466 4104 vestrum
1507 4057 1564 4104 et
1599 4047 1834 4118 aliqnale
1886 4047 2135 4104 subleva-

540 4159 667 4201 meu
723 4143 957 4207 laboris,
1009 4139 1216 4197 habens
1266 4139 1501 4195 libellum
1545 4127 2013 4210 antiquissimum,
2044 4140 2136 4210 qui

542 4252 720 4308 nuper
764 4250 892 4292 casu
921 4233 1144 4288 fortuito
1187 4232 1407 4288 devenit
1454 4233 1507 4287 in
1558 4247 1754 4287 manus
1796 4240 2036 4297 nostras,
2082 4240 2138 4287 et

542 4329 647 4385 fuit
690 4337 852 4385 antea
889 4335 970 4382 tot
1010 4326 1344 4398 temporibus
1374 4325 1701 4392 occultatus,
1733 4341 1870 4381 nova
1903 4325 2137 4381 transla-

542 4422 693 4478 tione
719 4422 786 4478 de
816 4419 1049 4477 Arabico
1076 4419 1127 4474 in
1157 4418 1408 4475 Latinum
1451 4434 1548 4490 per
1589 4433 1678 4474 me
1722 4418 2133 4490 interpretatum
2162 4458 2210 4518 Β

542 4513 698 4568 vobis
741 4513 1072 4567 transmitto.
1126 4508 1416 4565 Sciendum
1467 4517 1644 4564 autem
1686 4509 1832 4580 quod
1874 4509 2014 4564 inter
2037 4508 2133 4564 Ju-

547 4606 696 4661 daaos
733 4605 960 4660 multum
993 4603 1292 4675 gloriantur
1328 4603 1405 4658 illi
1447 4603 1538 4672 qui
1587 4601 1948 4657 Arabicarnm
1997 4603 2134 4658 obti-

548 4704 680 4752 nent
705 4696 954 4766 peritiam
988 4695 1316 4763 litterarum,
1350 4705 1463 4751 tum
1486 4694 1630 4766 quod
1661 4695 1765 4749 illa:
1790 4694 1985 4750 litterae
2009 4703 2134 4750 sunt

547 4786 606 4840 in
638 4785 983 4855 antiquorum
1023 4784 1466 4856 philosophorum
1504 4785 1744 4841 archivis
1771 4784 2016 4840 scientiis
2037 4799 2133 4840 co-

546 4877 735 4946 piosa},
770 4887 881 4930 tum
927 4877 1068 4944 quod
1124 4877 1178 4930 in
1221 4878 1338 4942 eis,
1383 4885 1568 4947 utpote
1614 4877 1799 4946 paucis
1840 4875 2041 4932 Judmis
2082 4885 2140 4931 ct

548 4967 894 5040 paucioribus
923 4967 1250 5024 Christianis
1277 4969 1439 5036 notis,
1464 4970 1710 5026 scribunt
1735 4969 2134 5025 conlidentibus

552 5069 764 5116 secreta
788 5075 883 5114 sua
912 5075 1034 5127 quae
1060 5058 1246 5114 volunt
1286 5060 1408 5116 aliis
1451 5061 1752 5117 occultare.
1805 5061 1920 5128 Qua
1971 5061 2133 5116 etiam

549 5153 617 5208 de
640 5165 828 5216 causa,
860 5159 918 5204 nt
942 5149 1211 5214 existimo.
1241 5148 1460 5206 Judmus
1512 5151 1615 5207 iste
1645 5152 1856 5209 scilicet
1879 5151 2137 5207 catechu-

551 5258 744 5292 menns
797 5251 988 5292 auclet'
1035 5241 1195 5292 huius
1239 5239 1384 5292 libri.
1431 5258 1538 5292 non
1587 5243 1760 5292 insum
1810 5242 1863 5292 in
1910 5241 2138 5292 Hebraeo

2233 3127 2557 3184 sententiam
2621 3127 2943 3184 Salvatoris.
3000 3128 3114 3200 Ego
3167 3143 3296 3186 vero
3346 3129 3400 3184 in
3450 3129 3837 3189 transferendo

2233 3216 2408 3289 ipsum
2461 3217 2817 3274 auctoritates
2854 3217 3043 3273 Biblim
3086 3220 3155 3275 ab
3196 3219 3298 3274 isto
3337 3217 3522 3275 Judazo
3573 3220 3836 3278 inductas

2232 3309 2425 3378 scripsi
2460 3309 2512 3364 in
2543 3309 2678 3366 locis
2704 3310 2818 3366 suis
2850 3311 2904 3365 in
2942 3311 3177 3367 Arabico
3200 3312 3404 3382 pariter
3426 3321 3478 3368 et
3507 3313 3561 3368 in
3593 3312 3832 3382 Latino,

2233 3417 2341 3457 non
2382 3411 2543 3472 prout
2586 3403 2638 3456 in
2691 3412 2875 3457 nostra
2907 3403 3181 3458 habentur
3230 3403 3586 3460 translatione
3631 3419 3834 3461 secun-

2232 3492 2361 3549 dum
2408 3495 2623 3549 beatum
2658 3493 3074 3566 Hieronymum,
3107 3496 3202 3550 sed
3254 3503 3414 3566 prout
3453 3497 3555 3552 iste
3604 3495 3836 3553 Judzus
3918 3509 3921 3511 '

2236 3584 2454 3654 scripsit
2483 3585 2699 3654 quando
2731 3585 3038 3654 composuit
3079 3585 3227 3642 istud
3270 3601 3425 3657 opus.
3457 3585 3523 3642 Et
3573 3587 3680 3643 hoc
3725 3586 3833 3644 feci

2235 3696 2303 3736 ne
2329 3681 2526 3750 aliquis
2559 3689 2746 3750 posset
2779 3679 2913 3735 mihi
2950 3680 3430 3751 imponere,quod
3458 3695 3560 3752 ego
3591 3682 3646 3736 in
3680 3691 3837 3740 textu

2234 3772 2672 3841 prmsumpserim
2717 3769 2922 3840 aliquid
2969 3771 3192 3839 addere,
3243 3771 3328 3825 vel
3359 3771 3691 3838 diminuere,
3741 3773 3836 3827 vel

2237 3863 2574 3928 immutare;
2619 3871 2675 3917 et
2714 3877 2878 3931 super
2925 3862 3029 3918 hoc
3082 3872 3243 3918 erunt
3283 3878 3477 3919 omnes
3519 3864 3611 3934 qui
3651 3866 3839 3923 sciunt

2236 3956 2531 4009 Arabicum
2555 3962 2721 4009 testes
2749 3954 2902 4009 mibi.
2927 3953 2995 4008 Et
3029 3954 3131 4009 hoc
3159 3954 3284 4010 dico
3311 3955 3436 4025 quia
3466 3953 3686 4010 Iudaeus
3731 3954 3840 4009 iste

2239 4056 2482 4104 nostram
2521 4045 2934 4103 translationem
2972 4060 3079 4102 non
3104 4047 3370 4118 sequitur,
3401 4054 3460 4102 ut
3497 4047 3733 4102 audietis
3775 4045 3836 4102 in

2238 4157 2518 4214 processu.
2552 4141 2634 4197 Me
2683 4149 2886 4205 autem,
2922 4149 2979 4195 ut
3009 4141 3192 4205 credo,
3235 4141 3476 4212 oportuit
3518 4139 3697 4211 ipsum
3739 4153 3840 4195 ex-

2239 4249 2440 4308 ponere
2469 4231 2521 4287 in
2561 4230 2759 4286 Latino
2800 4237 2962 4300 prout
3005 4231 3121 4301 ipse
3167 4229 3406 4300 loquitur
3446 4229 3500 4284 in
3545 4229 3786 4285 Arabico
3816 4268 3835 4294 ,

2239 4325 2356 4396 ejus
2396 4325 2619 4382 modum
2647 4323 2900 4394 loquendi
2923 4333 3186 4393 quantum
3213 4332 3297 4378 est
3319 4321 3578 4394 possibile
3605 4330 3664 4376 et
3686 4322 3837 4377 ordi-

2239 4435 2363 4475 nem
2397 4416 2740 4475 observando
2764 4431 2780 4484 ;
2807 4415 2941 4471 alias
2967 4430 3074 4471 non
3121 4416 3393 4487 interpres
3415 4413 3555 4485 ejus,
3578 4414 3675 4470 sed
3713 4429 3838 4470 cor-

2238 4519 2429 4580 ruptor
2455 4508 2578 4564 libri
2625 4508 2730 4573 sui,
2762 4506 2960 4562 merito
2984 4521 3200 4577 possem
3231 4507 3336 4562 dici
3365 4523 3380 4572 ;
3416 4520 3517 4562 nec
3558 4503 3758 4572 Judaei,
3787 4503 3837 4560 si

2237 4603 2488 4658 viderent
2513 4601 2688 4672 ipsum
2710 4598 2907 4654 librum
2932 4599 2985 4652 in
3008 4608 3242 4669 utraque
3267 4598 3450 4670 lingua
3473 4596 3834 4668 descriptum,

2241 4698 2450 4744 tantum
2500 4689 2957 4744 convincerentur
2992 4702 3092 4757 per
3133 4702 3257 4742 eum
3283 4727 3297 4752 ,
3336 4688 3381 4742 si
3427 4685 3650 4742 videant
3687 4683 3838 4754 quod

2240 4780 2596 4836 auctoritates
2653 4779 2705 4832 in
2751 4777 2948 4833 Latino
2991 4777 3060 4833 ab
3116 4778 3222 4834 boe
3271 4777 3558 4846 descriptae
3593 4775 3845 4833 Arabico

2243 4875 2638 4931 discordarent.
2672 4871 2780 4928 Sed
2819 4886 2945 4926 cum
2991 4869 3187 4926 solatio
3210 4877 3417 4936 vestro,
3435 4869 3597 4923 Pater
3638 4875 3696 4923 et
3741 4868 3840 4923 do-

2242 4967 2388 5022 mine
2417 4966 2493 5020 mi
2523 4965 2798 5036 magister,
2831 4965 2920 5019 bic
2953 4972 3038 5020 est
3083 4962 3208 5018 linis
3231 4962 3369 5017 alius
3399 4977 3559 5033 quem
3590 4960 3834 5015 intendo.

2241 5059 2553 5123 Conservetr
2582 5071 2677 5113 vos
2716 5055 2900 5111 ordini
2941 5063 3129 5111 nostro
3169 5054 3430 5110 Dominus
3475 5051 3635 5108 Iesus
3670 5050 3836 5105 Cbri-

2242 5157 2358 5204 stus
2384 5163 2480 5220 per
2500 5148 2664 5204 multa
2688 5155 2932 5218 tempora
2964 5146 3016 5200 in
3053 5161 3148 5201 sua
3174 5145 3349 5216 gratia
3375 5153 3429 5201 et
3451 5157 3656 5199 amore.
3687 5141 3839 5197 Seri—

2243 5248 2393 5292 ntum
2443 5238 2665 5292 Parisiis
2700 5253 2800 5292 ner
2839 5251 3060 5292 manum
3109 5235 3306 5291 modici
3355 5235 3500 5291 servi
3529 5233 3696 5289 vestri
3746 5232 3840 5287 Al-
