4026 5370
223 278 326 334 357

1187 281 1384 336 LIBER
1415 281 1500 336 DE
1531 281 1804 338 MESSIAS
1828 282 2158 341 ADVENTU
2190 285 2628 344 PRETEIHTO.

3397 284 3503 343 358

1406 499 1604 554 ’ΚΛΒΒΙ
1645 499 1989 555 SAMUELIS
2039 501 2426 557 PRIEFATIO.

293 704 513 760 Sum.
536 704 883 761 Christianus
915 706 1016 778 (2)⁹
1045 703 1194 763 Isaac
1232 707 1486 763 lsraelitae
1511 708 1570 763 S.

291 796 596 850 Conservet
622 804 674 850 te
702 795 866 863 Deus,
894 812 927 851 ο
949 797 1139 864 frater,
1168 809 1222 854 et
1245 813 1564 868 permanere
1582 809 1632 853 te
1654 798 1818 856 faciat

226 902 504 958 usquequo
546 891 874 943 terminetur
901 890 1003 944 ista
1045 900 1230 946 nostra
1262 891 1568 962 captivitas,
1594 901 1648 946 et
1689 907 1821 948 con-

226 989 476 1050 gregetur
508 980 612 1034 ista
639 990 826 1035 nostra
851 981 1140 1051 dispersio,
1171 991 1226 1038 et
1260 984 1658 1054 appropinquet
1692 999 1820 1053 spes

227 1079 448 1132 ostra,
492 1079 549 1124 et
591 1069 770 1140 sign’et
818 1071 960 1126 Deus
1005 1071 1398 1141 beneplacitum
1451 1089 1605 1129 suum
1656 1089 1818 1142 super

229 1158 393 1212 vitam
438 1168 706 1214 nostram.
739 1161 928 1217 Amen.
961 1163 1095 1217 Novi
1127 1172 1183 1218 et
1219 1173 1476 1234 expertus
1506 1181 1626 1220 sum
1671 1163 1816 1234 quod

229 1246 506 1316 plenitudo
537 1249 785 1304 scientiae
821 1253 990 1307 nostri
1025 1255 1283 1321 temporis
1318 1263 1402 1309 est
1442 1255 1496 1308 in
1537 1263 1612 1318 te,
1655 1264 1710 1310 et
1760 1265 1814 1310 tu

229 1355 284 1394 es
338 1357 466 1411 spes
531 1350 734 1402 nostr-3
787 1345 1194 1407 certilicationis
1243 1345 1297 1400 iu
1342 1346 1519 1400 dubiis
1564 1346 1724 1417 Legis
1764 1356 1819 1400 et

1845 697 1891 753 Α
1923 711 2361 778 Prophetarum,
2408 725 2529 764 cum
2583 709 2688 764 tuis
2745 706 3174 778 expositionibus
3237 697 3506 777 gloriosis.

1923 801 2078 857 Unde
2121 816 2220 871 ego
2249 801 2524 870 particeps
2567 808 2672 854 tua:
2702 798 2964 852 doctrina:
3013 797 3129 852 fieri
3171 797 3506 860 desiderans,

1921 891 2015 946 tibi
2066 906 2279 961 expono
2335 891 2512 946 exitus
2554 889 2763 962 [aestus]
2806 889 2989 944 cordis
3040 889 3145 944 mei
3193 903 3356 959 super
3403 887 3510 943 illis

1919 1000 2039 1055 qua:
2067 983 2226 1054 Legis
2257 993 2381 1039 sunt
2406 993 2463 1039 et
2503 983 2914 1054 Prophetarum,
2962 996 3126 1051 super
3165 981 3362 1050 quibus
3409 994 3510 1033 an-

1921 1078 2042 1132 xior
2075 1092 2197 1132 cum
2231 1076 2445 1130 timore.
2471 1076 2815 1145 Quapmpter
2856 1089 3079 1130 recurro
3120 1076 3188 1128 ad
3235 1071 3512 1127 abundan-

1922 1177 2028 1222 tem
2051 1165 2339 1220 scientiam
2365 1175 2513 1219 tuam
2555 1172 2609 1219 et
2649 1163 2991 1232 sapientiam,
3024 1169 3080 1218 et
3114 1161 3270 1216 mitto
3299 1161 3392 1216 tibi
3445 1161 3512 1214 li-

1919 1257 2118 1312 bellum
2146 1258 2308 1312 istum
2333 1298 2346 1321 ,
2379 1271 2608 1326 sperans
2642 1271 2739 1325 per
2781 1264 2853 1317 te,
2893 1254 3002 1309 Deo
3028 1254 3260 1318 volente,
3293 1253 3346 1306 in
3374 1252 3515 1306 veri-

1925 1356 2033 1402 tate
2066 1347 2374 1402 coulirmari
2402 1364 2466 1404 ac
2498 1349 2549 1402 iu
2593 1347 2774 1403 dubiis
2800 1345 3087 1401 declarari.

243 1463 3477 1499 Ἥ

1084 1565 1685 1678 ΒΔΒΒῙ

1761 1563 2668 1681 εΔΜπΕιιε

1685 1733 2114 1792 MAROCHIAM

358 1873 484 1972 DE
557 1871 1028 1972 ADVENTU
1099 1870 1468 1970 MESSI/E
1543 1867 1814 1978 OUEM
1889 1869 2218 1970 JUDZEI
2291 1873 2697 1973 TEMERE
2772 1866 3406 1971 EXSPEGTANT

1732 2043 2037 2124 LIBER

239 2183 471 2255 Scriptus
500 2191 622 2254 post
654 2197 822 2236 annos
856 2176 994 2234 1000
1039 2178 1105 2232 ab
1155 2176 1342 2231 uitiata
1377 2178 1638 2232 erersioue
1677 2177 1850 2302 Πὶειῦκ

1837 2269 1850 2302 ι

1950 2197 2061 2261 uua.-
2090 2180 2185 2234 διώ
2217 2179 2331 2232 Tito
2368 2196 2518 2247 τηεμ,
2549 2179 2601 2231 id
2627 2186 2700 2231 est
2729 2187 2844 2247 post
2877 2191 3073 2231 annum
3106 2175 3244 2228 1072
3269 2193 3301 2229 a
3338 2175 3526 2229 Natali

1950 2268 2022 2302 ιη.

1837 2267 2022 2304 οηιιηι.

756 2449 988 2506 CAPUT
1043 2447 1332 2504 PRIMUM.

568 2543 753 2609 Quare
793 2539 973 2596 Judaei
1015 2541 1118 2594 sint
1162 2541 1216 2593 in
1263 2540 1342 2593 ira
1394 2538 1508 2594 Der.

302 2639 599 2702 Desidere,
627 2634 846 2690 domine
883 2632 979 2697 mi,
1025 2631 1318 2688 certiﬁcari
1358 2646 1454 2700 per
1479 2638 1559 2696 te,
1591 2639 1646 2684 et
1691 2630 1840 2684 testi-

246 2730 434 2786 moniis
465 2727 633 2798 Legis
663 2735 714 2781 et
765 2723 1188 2794 Prophetarum,
1218 2731 1275 2778 et
1314 2721 1542 2776 aliarum
1587 2720 1838 2789 Scriptu-

251 2831 445 2884 iarum,
471 2832 646 2888 quare
677 2831 776 2871 uos
822 2814 989 2870 Judaei
1020 2812 1344 2884 generaliter
1374 2812 1614 2883 percussi
1655 2827 1842 2867 sumus

251 2925 280 2964 a
305 2910 415 2965 Deo
447 2911 504 2965 in
537 2906 856 2978 captivitate
888 2905 1008 2970 ista,
1041 2904 1093 2958 in
1130 2919 1236 2974 qua
1278 2917 1486 2970 sumus,
1516 2918 1638 2972 quae
1664 2909 1844 2972 potest

254 3000 432 3056 vocari
465 2999 689 3070 proprie
723 2997 802 3052 ira
832 2994 924 3051 Dei
953 3003 1233 3065 perpetua,
1259 2993 1518 3064 quoniam
1547 3007 1651 3046 non
1683 2992 1846 3045 habet

255 3087 436 3144 ﬁnem.
464 3086 600 3142 Nam
635 3085 796 3140 modo
817 3093 943 3138 sunt
971 3082 1115 3138 mille
1141 3081 1268 3136 anni
1290 3080 1563 3150 completi,
1597 3089 1651 3134 et
1680 3079 1844 3146 ultra,

255 3179 394 3250 quod
429 3194 530 3251 per
550 3178 732 3233 Titum
774 3175 975 3231 fuimus
998 3173 1280 3244 captivati.
1323 3171 1430 3227 Nos
1474 3171 1678 3226 scimus
1702 3169 1848 3241 quod

253 3277 441 3340 patres
478 3268 652 3324 nostri
698 3269 1063 3322 adoraverunt
1105 3263 1265 3326 idola,
1291 3271 1346 3318 et
1373 3260 1696 3320 occiderunt
1717 3275 1845 3330 pro-

258 3363 448 3432 pbetas
469 3358 733 3430 et'lcgem
763 3358 859 3413 Dei
897 3357 1257 3427 abiecerunt;
1299 3361 1356 3409 et
1398 3361 1623 3424 propter
1661 3365 1852 3406 omnes

261 3452 392 3508 istas
435 3448 1067 3524 transgressiones.Deus
1097 3463 1204 3502 non
1244 3443 1516 3516 percussit
1553 3458 1646 3497 eos
1674 3439 1850 3510 capti-

262 3543 450 3608 vitate,
481 3542 584 3596 nisi
615 3555 712 3610 per
749 3538 1090 3608 septuaginta
1124 3550 1299 3590 annos
1330 3533 1384 3588 in
1431 3530 1750 3602 Babylonia,
1797 3537 1854 3583 et

264 3641 385 3704 post
423 3640 637 3700 tempus
677 3630 962 3699 praefatum
990 3627 1236 3698 placatus
1267 3633 1355 3680 est
1397 3623 1498 3690 eis,
1541 3632 1597 3675 et
1642 3620 1857 3676 reduxit

265 3740 358 3781 eos
395 3724 450 3778 in
485 3732 685 3778 terram
723 3736 897 3777 suam.
925 3721 1014 3788 Et,
1042 3719 1337 3775 secundum
1379 3715 1739 3786 Scripturam,
1773 3713 1854 3766 ira

267 3815 360 3874 Dei
387 3815 492 3870 fuit
519 3827 647 3870 tunc
674 3814 934 3884 temporis
962 3811 1292 3867 validissima
1321 3825 1484 3881 super
1507 3821 1697 3862 omnes
1727 3806 1855 3871 iras,

270 3923 402 3977 qIIas
425 3916 555 3961 ante
583 3914 830 3975 tempora
875 3903 964 3958 illa
1007 3911 1403 3958 commemorat
1447 3900 1729 3970 Scriptura
1755 3938 1772 3964 ,
1803 3907 1859 3952 et

270 4005 472 4068 tamen,
505 4006 564 4051 ut
607 3997 810 4059 dictum
840 4006 922 4051 est
943 4037 958 4062 ,
991 4010 1151 4065 pcena
1182 4001 1458 4047 tantorum
1507 4000 1858 4062 peccatorum

273 4109 375 4148 non
398 4092 502 4146 fuit
535 4091 638 4145 nisi
666 4089 1005 4160 septuaginta
1033 4087 1212 4142 annis.
1238 4085 1306 4139 Et
1329 4099 1491 4148 nunc,
1518 4083 1734 4138 domine
1763 4081 1859 4145 tui,

275 4185 350 4238 ira
383 4183 479 4240 Dei
505 4198 627 4254 qua:
657 4182 710 4236 in
742 4168 1176 4253 praseutipunit
1214 4192 1312 4232 nos
1339 4192 1443 4230 non
1479 4175 1638 4229 habet
1676 4172 1863 4228 termi-

275 4279 424 4338 num,
447 4288 554 4328 nec
577 4273 738 4327 linea.
768 4271 821 4326 in
859 4269 1162 4340 Prophetis.
1203 4266 1261 4322 Si
1304 4264 1639 4321 voluerimus
1678 4264 1864 4318 dicere

275 4365 414 4437 quod
448 4367 554 4421 ista
596 4380 836 4436 praesens
861 4363 942 4416 ira
976 4363 1026 4416 in
1072 4374 1179 4430 qua
1219 4373 1408 4422 sumus
1446 4356 1517 4411 sit
1556 4355 1733 4418 adhuc
1771 4354 1864 4408 illa

278 4459 354 4513 ira
409 4466 642 4530 propter
684 4470 846 4526 quam
910 4453 1011 4508 fuit
1056 4452 1148 4508 illa
1191 4449 1474 4520 captivitas
1525 4447 1865 4518 septuaginta

279 4565 547 4606 annorum
573 4589 591 4614 .
634 4550 759 4618 quia
806 4555 936 4601 tunc
981 4544 1247 4616 complete
1293 4541 1628 4603 satisfactum
1671 4549 1756 4598 est
1803 4541 1868 4595 de

277 4643 516 4716 peccatis
542 4639 816 4713 praedictis
839 4653 936 4707 per
958 4637 1076 4692 illos
1115 4645 1299 4707 patres
1328 4643 1568 4698 nostros,
1607 4648 1706 4688 nos
1735 4631 1868 4686 faei-

279 4751 396 4789 mus
445 4735 619 4789 Deum
666 4730 1008 4794 mendacem,
1049 4728 1193 4798 quod
1238 4729 1410 4793 absit,
1457 4726 1713 4796 quoniam
1755 4724 1872 4792 ipse

283 4824 420 4879 Deus
481 4837 644 4876 verus
689 4830 744 4876 et
797 4819 1066 4890 gloriosus
1123 4817 1198 4872 illi
1258 4814 1554 4888 captivitati
1614 4809 1874 4882 imposuit

281 4917 568 4986 przetatum
615 4913 908 4968 terminum
947 4927 1042 4980 per
1068 4909 1380 4980 prephetas,
1407 4907 1615 4964 scilicet
1656 4914 1872 4976 septua-

279 5013 427 5082 ginta
456 5024 653 5065 anuos.
677 5006 832 5062 Unde
855 5005 976 5061 talis
1002 5012 1208 5061 nonest
1230 5003 1533 5074 responsio,
1551 5001 1644 5058 sed
1663 4997 1870 5063 evasio,

280 5116 374 5156 seu
400 5099 710 5162 excusatio,
743 5112 844 5152 nec
887 5104 1034 5152 esset
1062 5109 1242 5151 coram
1285 5092 1709 5162 intelligentibus
1742 5103 1872 5158 pro-

279 5191 574 5263 ponenda;
597 5199 650 5244 et
677 5190 721 5244 si
753 5187 1054 5245 dixerimus
1077 5184 1217 5255 quod
1242 5185 1386 5242 Deus
1415 5183 1467 5237 in
1500 5181 1586 5238 illa
1612 5178 1871 5237 transmi-

279 5284 537 5354 gratioue
562 5281 815 5336 misertus
838 5286 923 5334 est
961 5277 1119 5331 unius
1149 5279 1320 5346 partis
1341 5276 1559 5348 generis
1592 5272 1788 5337 nostri,
1819 5279 1875 5326 et

1868 2432 1913 2491 Β
1943 2459 2071 2506 tunc
2094 2451 2274 2506 dicent
2295 2449 2454 2505 nobis
2479 2448 2772 2505 Christiani
2811 2447 2955 2517 quod
2999 2447 3140 2502 Deus
3170 2452 3426 2502 misertus
3447 2451 3532 2500 est

1938 2558 2126 2599 eorum
2155 2544 2245 2613 qui
2287 2544 2651 2597 adoraverunt
2675 2539 2836 2605 idola,
2860 2549 2915 2594 et
2939 2538 3031 2609 qui
3061 2538 3376 2594 occiderunt
3399 2551 3528 2608 pro-

1941 2639 2170 2711 phetas,
2205 2651 2336 2706 ergo
2366 2643 2422 2690 et
2467 2633 2653 2698 nobis,
2696 2632 2822 2702 quia
2872 2646 2969 2686 nos
3010 2646 3115 2685 non
3165 2629 3528 2700 peccavimus.

1941 2731 2073 2785 Item
2099 2730 2150 2784 in
2197 2727 2441 2797 patribus
2488 2712 2863 2794 peccatoribus
2907 2723 3008 2778 fuit
3036 2737 3192 2792 pcena
3221 2722 3418 2776 divina:
3446 2719 3532 2776 ul-

1945 2823 2106 2879 tionis
2142 2823 2195 2876 iu
2235 2828 2384 2875 certo
2433 2818 2684 2880 termino,
2737 2829 2906 2885 quare
2950 2828 3079 2884 ergo
3131 2821 3315 2868 nostra
3369 2827 3530 2882 paena

1944 2923 2089 2970 esset
2129 2913 2245 2968 sine
2306 2909 2559 2971 termino,
2619 2906 2712 2978 qui
2759 2922 2864 2960 non
2907 2903 3246 2974 peccavimus
3283 2902 3307 2957 ?
3352 2902 3537 2972 Itaque

1947 3004 2102 3074 Ioaga
2123 3011 2281 3058 estet
2310 3003 2426 3056 sine
2458 2998 2690 3054 termino
2719 3012 2879 3066 paena
2913 2996 2964 3049 iu
3006 3007 3115 3066 qua
3140 3007 3346 3056 suu'ius,
3375 2991 3537 3047 modo

1943 3097 2054 3166 jam
2086 3104 2215 3150 sunt
2244 3093 2387 3147 mille
2433 3091 2582 3155 anui,
2609 3104 2712 3144 nec
2749 3089 2803 3142 in
2839 3086 2954 3156 lege
2999 3100 3100 3139 nec
3148 3083 3201 3138 in
3251 3080 3543 3152 Prophetil

1950 3187 2110 3256 hujus
2156 3200 2328 3255 pinnae
2367 3183 2656 3239 terminum
2699 3192 2984 3249 possumus
3041 3175 3301 3230 invenire.
3336 3174 3541 3240 Quare,

1949 3277 2166 3337 domine
2188 3276 2295 3340 Ini,
2310 3290 2431 3328 cum
2457 3273 2598 3330 Deus
2619 3269 2857 3345 punierit
2881 3273 3300 3336 patresnostros
3322 3270 3542 3332 propter

1950 3365 2309 3421 ldololatriam
2337 3373 2390 3418 et
2412 3371 2632 3433 propter
2655 3357 3082 3414 interfectionem
3112 3355 3496 3426 prophetarum
3521 3391 3538 3416 ,

1952 3465 2003 3513 et
2031 3471 2189 3526 poma
2233 3462 2287 3510 et
2317 3453 2472 3524 culpa
2502 3453 2612 3508 sint
2659 3459 2800 3506 nota:
2828 3449 2880 3504 in
2911 3446 3213 3516 Scriptura,
3241 3459 3363 3500 cum
3400 3443 3543 3498 Deus

1955 3565 2060 3605 non
2097 3548 2250 3618 punit
2275 3546 2358 3602 bis
2404 3545 2654 3614 idipsum,
2693 3557 2793 3612 pro
2839 3540 3078 3611 peccatis
3107 3538 3208 3594 illis
3252 3535 3543 3609 pratteritis

1957 3638 2059 3694 fuit
2086 3653 2268 3708 paena,
2296 3635 2510 3691 scilicet
2543 3633 2833 3704 captivitas
2875 3629 3211 3701 septuaginta
3249 3643 3539 3683 annorum.

1959 3731 2170 3787 Etcum
2205 3729 2345 3783 Deus
2393 3742 2500 3782 non
2547 3726 2701 3796 punit
2741 3722 3126 3779 universaliter
3173 3721 3277 3776 nisi
3325 3729 3547 3790 propter

1961 3819 2264 3876 universale
2305 3827 2610 3891 peceatum,
2640 3824 2917 3886 oporteret
2941 3814 3084 3885 quod
3119 3821 3240 3884 post
3271 3812 3416 3867 illam
3454 3825 3545 3867 ca-

1960 3918 2260 3989 ptivitatem
2326 3930 2426 3971 nos
2484 3915 2893 3986 peccaverimus
2945 3926 3137 3974 omnes
3193 3925 3378 3965 coram
3431 3909 3545 3964 Deo

1962 4017 2182 4078 peccato
2204 4007 2393 4077 majori
2423 4021 2584 4076 quam
2613 4005 2774 4060 fuerit
2796 4002 3096 4058 idololatria
3127 4001 3423 4070 primorum
3453 4015 3548 4070 pa-

1965 4111 2201 4168 rentum,
2240 4111 2295 4156 et
2330 4116 2492 4171 quam
2549 4099 2715 4155 fuerit
2765 4097 3090 4154 interfectio.
3117 4094 3502 4166 prophetarum
3530 4132 3546 4158 ,

1963 4212 2033 4253 ex
2057 4213 2164 4267 quo
2197 4197 2340 4251 Deus
2364 4210 2464 4265 pro
2489 4193 2593 4249 illis
2622 4193 2862 4263 peccatis
2888 4188 3102 4262 punivit
3126 4195 3308 4257 patres
3337 4193 3551 4239 nostros

1967 4288 2306 4359 septuaginta
2347 4286 2472 4341 anni
2519 4295 2574 4341 et
2621 4300 2730 4339 non
2766 4281 3035 4354 amplius,
3070 4287 3127 4336 et
3171 4293 3268 4334 nos
3311 4275 3551 4348 punivit,

1961 4384 2072 4456 iam
2093 4391 2218 4440 sunt
2247 4381 2394 4437 mille
2422 4379 2580 4435 annis
2599 4387 2653 4434 et
2676 4377 2838 4446 ultra,
2868 4384 2922 4431 et
2945 4374 3100 4446 punit
3131 4392 3144 4429 :
3178 4370 3433 4442 dispersit
3453 4384 3554 4423 nos

1968 4490 2066 4546 per
2103 4483 2337 4545 quatuor
2365 4481 2550 4543 partes
2582 4469 2791 4525 mundi.
2825 4467 3028 4522 Tamen
3056 4463 3319 4536 quidquid
3343 4460 3552 4516 centiu-

1969 4577 2081 4638 gat,
2117 4567 2208 4620 Dei
2236 4579 2425 4619 sumus
2472 4566 2523 4617 in
2569 4561 2716 4616 omni
2746 4567 2967 4625 eventu,
3011 4557 3137 4636 quia
3165 4553 3310 4610 nulla
3339 4561 3423 4608 est
3463 4565 3558 4612 ex:

1971 4657 2180 4714 eusatio
2210 4668 2374 4724 super
2403 4653 2568 4709 dicta.
2605 4649 2914 4720 Responde.

2601 4739 2829 4798 CAPUT
2874 4737 2943 4794 ll.

1974 4842 2172 4900 Probat
2200 4842 2358 4914 quod,
2387 4857 2483 4914 pro
2502 4838 2730 4914 quodam
2773 4835 2922 4908 gravi
2959 4841 3174 4914 peccato
3200 4830 3563 4914 itaquecf-1:,

2045 4917 2146 4969 sint
2178 4904 2234 4967 ii:
2267 4913 2366 4966 hac
2387 4904 2741 4982 dispersione,
2774 4904 2833 4962 'et
2880 4908 3127 4977 arguitur
3173 4909 3358 4956 contra
3387 4904 3570 4949 eorum

2047 4983 2425 5040 observantiam
2451 4982 2625 5053 Legis.

2047 5075 2336 5148 Supposito
2359 5074 2542 5142 igitur,
2585 5073 2802 5129 domine
2833 5071 2926 5141 mi,
2957 5072 3104 5143 quod
3146 5075 3335 5123 sumus
3364 5056 3418 5112 in
3447 5067 3574 5126 pec-

1978 5182 2104 5234 cato
2133 5173 2314 5242 aliquo
2343 5170 2602 5237 maximo,
2636 5185 2768 5241 rogo
2805 5156 2949 5225 nunc
2994 5165 3141 5242 quod
3173 5152 3442 5216 certil‘tces
3467 5157 3566 5243 me.

1979 5267 2024 5323 si
2051 5273 2338 5336 postquam
2367 5261 2508 5317 Deus
2545 5261 2800 5333 dispersit
2841 5275 2941 5316 nos
2978 5262 3045 5317 de
3070 5246 3375 5316 Jerusalem
3403 5247 3458 5294 et
3480 5250 3577 5289 mt-
3624 5325 3627 5329 Ι

3234 5357 3327 5370 an“
3385 5341 3577 5370 “avni!-
