4026 5370
513 285 618 351 559
1763 287 2104 351 SAMUELIS
2143 284 2571 349 llIAR-OCHIANF
2621 285 2624 288 ’

3677 290 3784 351 310

513 405 565 458 in
597 405 912 476 captivitate
943 405 1042 460 ista
1071 423 1176 462 non
1203 406 1526 478 inca-pimus
1556 407 1846 462 observare
1866 407 2095 464 ci‘rcum-
2127 413 2172 470 Λ
2203 407 2256 460 in
2288 421 2390 476 qua
2421 421 2564 461 nunc
2591 421 2796 468 sumus,
2829 413 2912 460 est
2964 405 3119 479 longa
3157 406 3268 478 jam
3329 405 3473 462 mille
3515 423 3782 464 annorum

511 497 794 562 cisionem,
837 508 892 553 et
935 499 1252 562 Sabbatum,
1295 509 1349 554 et
1377 499 1512 554 alias
1561 501 1910 554 cmremonias
1960 515 2096 570 quas

511 599 760 643 tenemus
787 591 1081 646 secundum
1107 591 1276 659 legem
1323 589 1476 646 Mosi.
1513 590 1646 646 Nam
1676 607 1774 647 nos
1819 593 2098 662 cognosci-

509 695 632 734 mus
659 682 801 749 quod
838 697 866 736 a
913 690 1154 752 tempore
1191 697 1298 752 quo
1330 681 1484 738 Titus
1513 683 1780 739 destruxit
1817 683 2094 740 civitatem

508 779 780 846 sanetam,
805 780 860 825 et
901 771 1156 841 templum
1199 774 1500 828 combussit
1541 784 1595 830 et
1639 774 2016 842 bibliothecas,
2041 784 2096 832 et

509 879 607 918 nos
637 864 690 936 in
730 867 1098 935 captivitatem
1150 868 1308 924 istam
1334 869 1607 939 dispersit.
1632 881 1685 927 et
1727 888 1791 927 ex
1827 881 1952 930 tunc
1980 887 2096 932 ees-.

508 955 647 1008 savit
672 956 810 1010 inter
835 972 935 1012 nos
965 958 1148 1028 vigere
1184 961 1534 1025 sacrificium,
1562 963 1866 1020 oblationes
1893 973 1950 1020 et
1990 966 2091 1022 ho-

509 1047 750 1104 locausta
773 1089 788 1112 ,
820 1041 896 1116 et.
923 1049 1066 1105 Deus
1111 1067 1220 1106 non
1266 1054 1516 1120 promisit
1563 1055 1716 1110 nobis
1753 1065 1960 1126 postea,
1995 1073 2094 1126 per

503 1139 866 1206 prophetiam,
900 1155 998 1198 nec
1029 1158 1125 1212 per
1155 1144 1536 1200 rev-elationem
1581 1145 1816 1216 aliquam
1860 1158 2092 1214 certam,

506 1232 649 1300 quod
693 1249 792 1287 nos
821 1234 1140 1290 deberemus
1177 1235 1354 1296 redire
1379 1237 1669 1308 aliquando
1693 1240 1744 1294 in
1791 1240 2090 1296 Jerusalem

504 1325 555 1377 in
595 1333 735 1380 statu
775 1327 1025 1396 pristino,
1068 1343 1168 1382 nec
1218 1329 1493 1384 mandavit
1535 1330 1690 1386 nobis
1715 1341 1902 1401 postea
1947 1335 2090 1403 quod

498 1415 920 1475 observaremus
943 1417 1314 1486 observantius
1358 1419 1662 1490 prrodictas.
1694 1423 1920 1478 Videtur
1959 1439 2089 1495 ergo

498 1506 647 1575 sequi
679 1505 821 1575 quod
864 1523 959 1562 nos
997 1523 1104 1566 nou
1132 1524 1160 1562 a
1208 1509 1336 1574 Deo,
1368 1511 1460 1576 sed
1491 1513 1706 1580 abaliis
1733 1515 1822 1584 qui
1857 1517 2092 1580 erantin

501 1597 579 1648 ira
616 1595 708 1650 Dei
743 1599 1118 1652 observandas
1159 1601 1446 1668 prmdictas
1490 1603 1810 1673 accepimus.
1843 1615 1899 1661 ct
1939 1617 2088 1664 teuc-

499 1704 640 1742 mus.
677 1689 743 1743 Et
777 1691 992 1752 videtur
1021 1693 1164 1761 quod
1197 1694 1344 1763 juste
1391 1696 1572 1751 dicent
1603 1699 1759 1754 nobis
1787 1700 2084 1764 adversarii

2199 507 2254 553 et
2289 499 2452 564 ultra,
2483 509 2671 554 etnon
2705 499 2977 554 invenitur
3002 500 3052 554 ei
3089 501 3350 556 terminus
3381 501 3433 554 in
3472 500 3782 570 Prophetis,

2197 599 2254 644 et
2281 591 2476 656 timeo,
2509 589 2736 646 Domine
2789 591 2884 656 mi,
2932 591 3108 661 quod,
3159 592 3302 648 sicut
3353 593 3494 648 Deus
3541 595 3690 648 misit
3725 594 3777 648 in

2197 682 2564 752 captivitatem
2609 682 2754 736 illam
2805 682 3023 752 brevem
3071 691 3257 752 patres
3282 691 3499 738 nostros
3523 684 3640 738 sine
3659 683 3782 754 lege

2196 783 2252 844 et
2279 774 2395 828 sine
2435 772 2830 836 observandis,
2879 787 2979 827 nec
3026 773 3330 842 acceptav'rt
3385 771 3616 841 jejunis,
3674 788 3782 828 nec

2195 865 2570 922 observantius
2601 865 2738 934 legis
2765 880 2976 926 eorum.
3011 881 3296 936 quousque
3323 864 3420 920 iuit
3451 865 3786 936 completum

2197 962 2412 1026 tempus
2443 969 2619 1024 pinna:
2648 953 2912 1024 ipsorum,
2967 955 3176 1020 scilicet
3229 954 3564 1024 septuaginta
3601 969 3780 1009 θηηοη

2197 1063 2338 1111 rum,
2393 1047 2472 1102 sic
2517 1047 2570 1102 in
2613 1047 2719 1102 ista
2771 1046 3090 1117 captivitate
3137 1046 3326 1102 ultima
3369 1061 3483 1126 non
3531 1056 3786 1116 acceptet.

2194 1154 2354 1208 opera
2401 1154 2522 1208 qua:
2573 1140 2803 1196 fecimus
2847 1140 3146 1196 secundum
3199 1139 3578 1196 obscrvantias
3621 1141 3780 1210 legis.

2195 1229 2375 1296 Quare
2404 1239 2622 1286 constat
2657 1231 2800 1300 quod
2835 1247 2934 1286 nos
2971 1247 3160 1288 sumus
3207 1231 3264 1286 in
3308 1230 3499 1300 majori
3551 1241 3790 1298 peccato

2195 1335 2342 1376 nunc
2367 1336 2529 1390 quam
2559 1331 2744 1391 patres
2767 1321 2940 1376 nostri
2970 1319 3178 1376 fuerint
3203 1321 3254 1377 in
3277 1321 3592 1392 Babylonia.
3626 1322 3790 1378 Unde

2191 1429 2292 1468 nos
2318 1429 2502 1469 sumus
2534 1414 2587 1468 in
2617 1413 2810 1482 tnajori
2843 1413 2921 1467 ira
2953 1415 3045 1469 Dei
3075 1429 3238 1485 quam
3267 1415 3340 1468 illi
3371 1424 3575 1480 essent,
3601 1425 3657 1472 et
3679 1433 3782 1486 per

2191 1519 2533 1574 consequens
2573 1520 2738 1578 opera
2780 1515 2902 1560 sunt
2925 1505 2972 1570 ei
3003 1506 3180 1560 minus
3207 1505 3424 1574 placita,
3461 1514 3515 1562 et
3547 1521 3647 1560 nos
3687 1523 3782 1561 su-

2191 1609 2314 1649 mus
2359 1595 2407 1650 ei
2461 1597 2638 1665 magis,
2680 1595 2873 1656 odiosi,
2929 1596 2994 1650 Et
3047 1604 3196 1665 patet
3239 1597 3380 1666 quod
3430 1597 3504 1650 illi
3555 1607 3786 1667 propter

2193 1694 2421 1748 mortem
2467 1686 2880 1756 prophetarum,
2911 1694 2964 1740 et
2989 1686 3113 1756 quia
3146 1686 3284 1741 idola
3311 1687 3617 1750 coluerunt,
3659 1687 3782 1742 fue-

501 1778 678 1830 nostri
731 1795 744 1832 :
792 1777 943 1834 Sicut
995 1797 1091 1837 vos
1149 1783 1453 1839 observatis
1517 1777 1982 1844 circumcisionem
2035 1801 2076 1845 et

2198 1786 2324 1831 runt
2352 1785 2559 1832 tantum
2597 1777 2936 1848 septuaginta
2963 1779 3119 1832 annis
3148 1779 3198 1832 in
3221 1779 3568 1848 captivitate;
3595 1788 3650 1834 ct
3675 1795 3784 1834 nos

501 1867 796 1923 Sabbatum
835 1879 889 1926 et
929 1872 1108 1940 legitis
1135 1872 1184 1928 in
1219 1877 1508 1947 synagogis
1529 1875 1698 1934 libros
1723 1878 1856 1934 Mosi
1880 1889 1935 1936 et
1965 1897 2089 1950 pro-

495 1961 782 2028 phetarum
829 1962 944 2017 sine
991 1965 1250 2020 mandato
1293 1965 1410 2032 Dei,
1446 1983 1615 2038 quare
1657 1987 1762 2025 non
1808 1974 2088 2029 assumitis

493 2049 651 2103 vobis
698 2051 947 2108 similiter
984 2061 1037 2108 et
1079 2055 1406 2111 sacrificium
1449 2069 1498 2114 et
1551 2075 1656 2114 non
1706 2061 1888 2118 tacitis
1933 2067 2087 2120 vobis

492 2142 938 2222 sacerdoteut,‘et
989 2161 1194 2222 regem,
1226 2160 1284 2203 et
1319 2149 1616 2222 principem
1643 2195 1658 2218 ,
1691 2162 1746 2209 et
1801 2157 2086 2213 unctiones

491 2241 709 2289 sanctas
752 2245 806 2296 et
836 2237 1135 2304 incensum,
1168 2249 1414 2311 etquare
1466 2260 1571 2299 non
1611 2246 1890 2302 arditicatis
1929 2248 2084 2304 vobis

490 2324 703 2391 altaria,
749 2335 802 2383 et
831 2332 1062 2386 servatis
1105 2335 1459 2392 cmremonias
1505 2347 1558 2393 et
1599 2341 1778 2394 omnia
1813 2341 1920 2396 alia
1961 2360 2081 2413 qua?

488 2427 616 2473 sunt
643 2420 694 2474 in
721 2420 862 2494 Lege
885 2434 1166 2494 contenta,
1189 2429 1232 2484 si
1274 2429 1596 2500 Sabbatum,
1628 2445 1686 2490 et
1705 2435 2081 2494 circumcision

491 2529 638 2581 neut,
669 2526 726 2572 et
759 2520 913 2586 plura
945 2521 1048 2576 alia
1078 2539 1199 2593 qua:
1242 2527 1545 2584 observatis
1573 2533 1870 2586 secundum
1903 2533 2081 2588 tradi-

487 2605 664 2670 tiones
686 2618 895 2671 vestras
933 2612 1053 2667 sine
1093 2616 1349 2672 mandato
1397 2618 1490 2674 Dei
1529 2621 1746 2690 propria
1774 2623 2078 2690 voluntate,

487 2713 552 2756 ex
600 2707 844 2771 utraque.
877 2713 1036 2773 parte
1083 2707 1302 2762 curritis
1347 2710 1400 2763 in
1443 2709 1702 2767 oin-usam
1739 2713 1835 2768 Dei
1868 2714 1985 2770 ?Et
2029 2715 2073 2772 si

487 2789 606 2850 btec
633 2793 888 2860 praedicta
928 2795 1106 2852 facitis
1151 2808 1354 2863 contra,
1393 2801 1721 2864 voluntatem
1747 2803 1864 2869 Dei,
1895 2805 1980 2860 vel
2027 2809 2074 2862 si

487 2877 670 2934 dicitis
707 2883 834 2952 quia
866 2884 1116 2948 voluntas
1147 2888 1240 2942 Dei
1269 2899 1354 2944 est
1377 2892 1520 2960 quod
1559 2891 1674 2946 haec
1729 2896 1985 2960 servetis,
2019 2905 2074 2951 et

489 2971 630 3028 bene
670 2973 956 3042 placitum,
974 2977 1116 3048 quod
1162 2989 1338 3036 tamen
1380 2983 1664 3038 ostendere
1683 2999 1790 3038 non
1820 2988 2072 3056 potestis,"

2191 1863 2691 1942 proptertmagnum
2715 1881 2992 1943 peccaturo
3025 1883 3078 1934 et
3122 1875 3422 1932 maximum
3452 1873 3649 1936 sumus
3684 1890 3783 1929 ca-

2191 1961 2346 2032 ptivi.
2375 1961 2492 2016 Jatn
2521 1972 2643 2016 sunt
2673 1963 2817 2016 mille
2849 1963 2998 2028 anni,
3027 1973 3078 2018 ct
3110 1964 3272 2018 ultra-
3305 1965 3368 2019 Et
3401 1965 3517 2020 bmc
3547 1966 3780 2036 captivi-

2191 2061 2296 2115 tas,
2320 2053 2536 2108 domine
2567 2054 2675 2118 mi,
2701 2055 2816 2108 sine
2845 2055 3008 2109 dubio
3054 2065 3136 2109 est
3186 2055 3272 2108 illa
3305 2071 3466 2126 quam
3505 2055 3651 2112 Deus
3679 2073 3782 2126 per

2188 2159 2248 2198 os
2272 2144 2507 2200 Danielis
2533 2147 2807 2216 propheta:
2837 2155 2994 2202 vocat
3021 2146 3432 2214 desolationem,
3458 2163 3582 2202 cum
3607 2151 3740 2204 dicit
3763 2167 3783 2202 ι.

2193 2253 2210 2286 σ
2239 2235 2424 2305 Usque
2454 2237 2521 2292 ad
2552 2238 3075 2293 consummationem
3105 2248 3158 2294 et
3185 2237 3346 2292 ﬁnem
3397 2241 3778 2309 perseverabit

2185 2325 2470 2393 desolatio,
2500 2336 2612 2383 etc.
2641 2327 2802 2399 (Dan.
2823 2327 2919 2399 is).
2959 2349 2977 2381 ›
3012 2329 3190 2384 Prima
3224 2331 3515 2400 captivitas
3545 2341 3780 2386 vocatur

2185 2419 2610 2490 transmigratio.
2665 2421 2806 2489 Quia
2841 2431 2964 2492 post
3005 2423 3276 2478 modicum
3310 2432 3524 2492 tempus
3549 2423 3776 2478 fuerunt

2183 2510 2390 2564 reducti
2419 2527 2552 2566 cum.
2571 2511 2775 2568 honore
2807 2513 2860 2580 in
2891 2511 3214 2578 Jerusalem.
3248 2512 3354 2574 Sed
3393 2515 3507 2570 hazc
3537 2525 3778 2570 vocatur

2180 2601 2442 2660 desolatio
2466 2613 2749 2673 perpetua,
2777 2603 2832 2658 in
2855 2620 2962 2674 qua
2987 2619 3085 2675 pro
3109 2613 3261 2674 certo
3283 2621 3388 2670 non
3415 2606 3776 2666 miserebitur

2179 2693 2382 2766 nostri,
2409 2695 2552 2750 sicut
2583 2709 2688 2749 non
2720 2695 3082 2762 miserebatur
3109 2705 3328 2765 patrum
3357 2705 3678 2752 nostrorum
3715 2695 3780 2758 in.

2179 2783 2498 2856 Babylonia,
2533 2796 2762 2856 excepto
2792 2787 2934 2858 quod
2971 2787 3356 2844 consolabatur
3385 2803 3481 2844 eos
3509 2804 3608 2859 per
3636 2804 3772 2860 pro;

2178 2881 2394 2950 phetas,
2427 2883 2514 2950 qui
2543 2883 2942 2953 promittebant
2965 2883 3074 2950 illis
3099 2882 3498 2948 liberationem,
3523 2893 3582 2938 et
3609 2891 3778 2948 erant

2176 2985 2366 3026 omues
2394 2972 2594 3039 simul;
2638 2973 2802 3050 nobis,
2823 2957 3004 3028 autem
3043 2973 3188 3038 nihil
3209 2973 3564 3042 promittitur,
3578 2983 3652 3054 ,οι
3679 2973 3772 3027 in-

482 3079 654 3132 quare
684 3081 789 3128 non
813 3069 1292 3144 observatissupra
1325 3075 1462 3134 dicta
1491 3075 1618 3142 alia,
1641 3091 1871 3145 quorum
1900 3079 2068 3134 multa

2182 3077 2342 3132 super
2387 3063 2645 3134 dispersit
2675 3081 2773 3122 nos
2803 3080 2901 3134 per
2933 3066 3185 3122 universa
3223 3080 3386 3136 regna
3419 3065 3630 3120 mundi.
3671 3064 3774 3118 At-

481 3155 668 3231 facere
697 3161 964 3227 potestis'l.
983 3163 1058 3218 Et.
1088 3164 1132 3218 si
1161 3181 1268 3218 non
1297 3165 1618 3236 peririittunt
1648 3183 1743 3223 vos
1771 3169 1950 3228 facere
1983 3186 2070 3226 re-

479 3261 584 3312 ges,
601 3249 782 3328 populi
824 3250 925 3310 sub
948 3251 1145 3330 quibus
1163 3253 1379 3323 jacetis.
1415 3256 1733 3324 permittent
1767 3267 1946 3316 tamen
1976 3277 2074 3318 vos

477 3337 778 3402 ntultaalia
813 3338 1014 3406 facere,
1057 3343 1200 3397 sicut
1241 3345 1558 3412 permittunt
1597 3349 2070 3414 circumcisionem

479 3433 535 3479 et
567 3426 1172 3504 librosetsynagogas,
1210 3445 1264 3490 et
1291 3435 1393 3492 alia
1439 3453 1560 3506 quae
1611 3443 1862 3497 servatis.
1895 3442 1962 3504 Et
2001 3445 2071 3500 ad

479 3515 618 3579 haec,
648 3517 1119 3587 domine.mi,,non
1155 3534 1246 3586 est.
1284 3527 1440 3582 nobis
1471 3529 1807 3606 inpromptu
1842 3550 2070 3604 respon-

477 3610 560 3677 sio
589 3611 887 3680 sulm-iens,
913 3611 970 3668 ut
992 3616 1222 3678 videtur.
1257 3617 1458 3688 Sumus
1493 3631 1669 3685 tamen
1701 3625 1794 3680 Dei
1830 3627 1902 3686 in.
1923 3629 2068 3685 omni

480 3714 700 3759 ενοιιιιι.

1100 3801 1326 3862 CAPUT
1367 3805 1452 3864 ill.

480 3879 972 3967 Quqmgdo‘onmis
997 3891 1322 3952 observantia
1357 3897 1482 3967 legis
1512 3899 1821 3960 Juda'oruut
1855 3917 1954 3956 non
1990 3914 2070 3964 est

485 4027 522 4046 ,ἢ
551 3958 884 4030 acceptabilis
929 3961 1039 4016 Deo
1075 3975 1286 4034 propter
1315 3958 1580 4036 pecvcatum
1609 3958 1674 4024 diu
1717 3989 1818 4040 quo
1850 3982 1993 4026 sunt.

489 4135 492 4140 _
548 4067 878 4144 Invenimus,
912 4075 1130 4142 domine
1179 4078 1274 4146 mi,
1313 4079 1480 4146 Deum
1525 4080 1830 4152 loquentem
1871 4102 1968 4155 per
2003 4103 2066 4144 os

479 4161 858 4232 Z:tchari:e,ct
901 4167 1190 4236 dicentem,
1225 4172 1314 4226 ubi
1367 4171 1609 4242 loquitur
1651 4175 1718 4228 de
1769 4176 1858 4231 illa
1889 4179 2064 4247 prima

479 4256 794 4328 captivitate
838 4258 986 4327 brevi
1022 4278 1035 4314 :
1075 4278 1094 4314 ι
1130 4259 1256 4328 llaec
1303 4263 1433 4320 dicit
1477 4263 1738 4322 Dominus
1787 4267 1930 4336 Deus
1973 4285 2062 4324 sa-

479 4349 792 4416 cerdotibus
837 4360 896 4422 et
938 4353 1154 4424 popula
1180 4363 1338 4410 terra:
1367 4373 1380 4408 :
1411 4357 1637 4426 Quando
1672 4357 1962 4431 jejunastis
2008 4371 2064 4438 et

2178 3165 2360 3212 tamen
2420 3156 2683 3228 quidquid
2739 3163 3060 3232 contingat,
3115 3158 3212 3216 Dei
3267 3173 3454 3220 sumus
3509 3159 3564 3214 iu
3613 3158 3778 3218 omni

2178 3259 2398 3307 eventu.

2787 3347 3016 3405 CAPUT
3071 3347 3159 3402 IV.

2493 3439 2732 3496 Ostendit
2763 3441 2902 3512 quod
2930 3440 3110 3494 J'udari
3143 3449 3267 3494 sunt
3293 3439 3440 3494 caui.

2245 3529 2474 3586 Domine
2515 3531 2610 3597 mi,
2659 3531 2820 3585 valde.
2861 3529 3111 3586 mirabile
3157 3539 3242 3585 est
3293 3529 3422 3592 mihi
3473 3527 3540 3583 de
3579 3527 3764 3582 nobis.

2173 3621 2469 3692 Speramus
2495 3623 2639 3676 enim
2671 3621 2913 3692 quotidie
2943 3621 3316 3678 liberationem
3345 3618 3412 3673 de
3434 3617 3764 3687 captivitate

2173 3713 2299 3777 ista,
2350 3721 2406 3768 et
2451 3727 2666 3782 semper
2692 3713 2759 3768 de
2783 3714 2886 3768 hoc
2913 3712 3206 3782 loquimur,
3239 3720 3300 3766 et
3324 3723 3542 3780 semper
3573 3707 3762 3776 loqui-

2169 3819 2296 3858 mur
2322 3803 2390 3858 de
2423 3805 2742 3859 reduetione
2781 3813 2966 3859 nostra
2996 3806 3048 3858 in
3077 3802 3403 3866 Jerusalem,
3435 3811 3489 3856 et
3515 3801 3638 3856 ideo
3668 3815 3762 3858 su:

2169 3911 2289 3950 mus
2312 3897 2442 3951 czeci
2471 3895 2554 3950 vel
2584 3896 2904 3967 deceptores
2953 3895 3302 3966 simplicium.
3357 3893 3494 3948 Nam
3533 3901 3762 3948 εοιιςιέιι

2169 3988 2313 4054 quod
2345 3995 2468 4055 post
2495 3987 2889 4058 dispersionem
2937 3995 3176 4041 nostram
3221 3999 3342 4056 quae
3379 3982 3523 4038 facta
3551 3993 3638 4038 est
3663 3997 3762 4052 per

2169 4075 2372 4142 Titum,
2419 4092 2526 4131 nou
2571 4079 2824 4148 apparuit
2872 4078 2926 4132 in
2973 4077 3134 4132 nobis
3173 4077 3436 4147 propheta
3473 4075 3566 4144 qui
3603 4074 3764 4134 nobis

2168 4169 2510 4240 promitteret
2541 4171 2935 4235 reductionem,
2977 4185 3078 4225 nec
3113 4171 3282 4240 etiam.
3307 4177 3430 4238 post
3459 4167 3757 4236 captivita-

2169 4271 2280 4317 tem
2303 4264 2644 4333 septuaginta
2675 4277 2946 4318 annorum
2989 4261 3092 4316 fuit
3139 4261 3408 4332 propheta
3441 4261 3534 4330 qui
3567 4259 3760 4328 loque:

2169 4365 2326 4412 retur
2359 4359 2426 4410 de
2463 4357 2568 4411 ista
2598 4356 2914 4426 captivitate
2945 4371 3064 4425 qua:
3095 4371 3204 4409 non
3235 4355 3396 4410 habet
3423 4351 3614 4414 tinent,
3649 4351 3764 4414 nisi

471 4439 742 4508 plorastis
773 4442 824 4496 in
868 4453 1019 4498 sexto
1057 4454 1110 4498 et
1154 4447 1384 4516 septimo
1416 4458 1528 4506 toto
1573 4457 1811 4520 tempore
1841 4462 2058 4522 septua-
2087 4463 2136 4520 ι)
2169 4450 2222 4503 in
2283 4449 2390 4510 ﬁne
2443 4450 2652 4504 mundi.
2702 4449 2814 4508 Nec
2863 4449 3236 4504 liberationem
3288 4445 3450 4500 habet
3501 4444 3610 4498 nisi
3659 4457 3760 4514 per

476 4529 624 4595 ginta
654 4545 934 4602 annorum,
970 4533 1313 4600 intellexistis
1348 4538 1490 4606 quod
1506 4537 1828 4608 jejunaretis
1853 4543 1918 4596 ad
1952 4557 2062 4608 me,

473 4625 570 4670 aut
613 4617 940 4688 plOI'ul‘eliS,
995 4625 1248 4694 cgotale
1293 4625 1559 4694 jejunium
1621 4629 1766 4698 uolui
1825 4646 1854 4684 a
1904 4633 2059 4688 vobis

473 4705 662 4780 (Zaclt.
701 4709 818 4780 vn).
847 4711 1045 4769 Nostra
1072 4725 1244 4788 autem
1283 4719 1564 4775 trans/alio
1621 4719 1775 4774 aliter
1801 4739 1856 4774 se
1884 4723 2060 4785 habet,

471 4801 562 4852 sed
625 4818 718 4872 ego
789 4805 1010 4870 scribere
1073 4825 1305 4880 propono
1335 4852 1352 4877 ,
1401 4813 1534 4866 sicut
1584 4812 1764 4882 jaceat
1818 4815 1872 4867 in
1924 4815 2060 4882 Ara-

469 4891 584 4944 bico
637 4895 973 4950 auctoritates
1045 4916 1177 4968 quas
1225 4899 1441 4959 Samuel
1481 4905 1574 4958 iste
1643 4904 1907 4970 adducit,
1958 4923 2060 4961 non

471 4983 602 5040 sicut
654 4997 773 5066 sunt
807 4988 860 5042 in
898 5001 1076 5045 nostra
1130 4991 1352 5064 Biblia.)
1385 4996 1564 5050 lnnttit
1611 4996 1872 5052 Dominus
1901 5040 1916 5064 ,
1965 5000 2062 5051 do-

467 5075 615 5130 mine
639 5079 731 5143 mi,
761 5079 813 5134 in
847 5081 1121 5150 praedic-tis
1144 5069 1324 5138 verbis
1381 5087 1526 5155 quod
1571 5089 1698 5142 dum
1753 5105 1848 5143 nos
1887 5090 2058 5146 Judaei

467 5169 671 5224 fuimus
719 5186 814 5240 per
864 5175 1207 5244 septuaginta
1251 5189 1422 5232 annos
1452 5179 1503 5232 in
1535 5180 1676 5234 dicta
1710 5183 2052 5251 captivitate,

467 5261 670 5315 fuimus
701 5263 820 5318 sine
847 5265 983 5336 lege,
1023 5266 1152 5334 quia
1175 5262 1442 5330 jejunium
1473 5286 1577 5326 non
1609 5273 1919 5339 habuimus,
1959 5290 2058 5330 nc-

2167 4542 2688 4597 consummatiouem
2721 4542 2925 4607 surculi,
2965 4542 3090 4611 quia
3123 4539 3312 4594 Daniel
3349 4545 3506 4594 vocat
3545 4536 3756 4591 desola-

2167 4635 2370 4688 tionem
2401 4637 2518 4689 siue
2549 4635 2656 4689 [ine
2681 4635 2846 4704 (Dan.
2873 4636 2976 4707 lx).
3003 4634 3156 4690 Unde
3179 4636 3366 4699 timeo,
3396 4631 3620 4687 domine
3655 4631 3756 4694 mi,

2163 4728 2329 4798 quod,
2360 4743 2480 4783 cum
2515 4737 2662 4784 tanta
2689 4728 2980 4798 captivitas
3009 4743 3116 4782 non
3144 4726 3318 4797 possit
3339 4737 3560 4779 manere
3589 4737 3759 4792 super

2167 4831 2336 4877 totam
2381 4804 2596 4892 gentem
2647 4829 2888 4878 nostram
2920 4838 2948 4876 a
2981 4821 3114 4888 Deo,
3155 4821 3257 4875 nisi
3307 4829 3530 4890 propter
3579 4815 3758 4870 maxi-

2163 4927 2310 4966 mum
2363 4921 2646 4982 peceatum
2701 4913 2755 4967 in
2813 4913 3025 4979 Deum;
3063 4913 3208 4982 quod
3260 4911 3432 4980 majus
3463 4917 3548 4964 est
3583 4922 3754 4977 quam

2167 5001 2514 5060 interfecisse
2560 5006 2852 5076 prophetas
2899 5013 2954 5060 et
3001 5005 3258 5058 adorasse
3309 5002 3474 5060 idola.
3527 5010 3756 5070 propter

2163 5111 2284 5166 quae
2316 5109 2534 5167 peccata
2586 5108 2772 5169 patres
2815 5098 2988 5154 nostri
3041 5095 3262 5152 fuerunt
3308 5095 3523 5166 puniti;
3575 5093 3748 5163 quod,

2164 5189 2306 5242 sicut
2332 5189 2472 5244 Deus
2505 5181 2612 5246 non
2641 5191 2931 5246 miseretur
2958 5190 3131 5246 nostri
3157 5189 3210 5242 in
3241 5188 3376 5252 vita,
3408 5201 3530 5242 cum
3567 5187 3622 5240 in
3652 5200 3754 5240 eo-

2163 5279 2282 5334 dem
2307 5290 2534 5350 peceato
2567 5267 3000 5352 perseveremus,
3031 5281 3110 5336 sic
3139 5280 3306 5364 etiam
3337 5293 3443 5332 non
3465 5277 3754 5334 miserehio.
