4026 5370
255 175 374 230 5-H.

1269 169 1470 226 LIBER
1495 169 1582 234 DE
1607 170 1876 228 MESSIJE
1909 169 2238 236 ADVENTU
2280 170 2716 236 PRIETERITO.

3433 179 3536 238 5i?

256 291 432 360 ipsos,
491 288 628 358 quia
682 287 742 344 iu
775 287 926 344 libris
957 285 1136 358 legum
1169 294 1224 341 et
1253 287 1638 358 prophetarum
1685 287 1850 342 hahe—
1885 289 1928 346 Α
1962 293 2162 340 terram
2185 297 2424 340 nostram
2455 288 2806 357 perdidimus.
2829 287 2916 354 Et,
2951 289 3166 352 domine
3188 292 3279 356 mi,
3309 293 3556 356 multum

255 397 382 436 mus
425 381 602 434 Deum
641 377 1043 449 promittentem
1071 387 1270 432 nostra:
1299 377 1443 449 genti
1475 377 1851 431 liberationem

1956 377 2205 432 mirabile
2232 389 2334 442 est,
2365 394 2487 433 cum
2511 394 2702 433 omnes
2728 380 3120 436 concordemus
3157 381 3296 452 quod
3325 393 3538 452 oportet

255 484 310 530 et
351 474 841 544 congregationem
867 473 932 526 de
963 472 1299 542 dispersione
1327 469 1718 540 multipliciter.
1749 469 1870 524 Sed'
1955 471 2094 538 quod
2127 479 2246 542 post
2277 471 2641 540 captivitatem
2673 475 3011 544 septuaginta
3041 489 3306 529 annorum
3346 475 3398 528 in
3434 473 3536 528 Ba-

253 565 404 618 bcne
437 563 754 618 advertenti
804 577 994 618 omnes
1037 562 1432 632 promissiones
1482 577 1617 630 quas
1661 561 1853 616 habui-

255 672 406 718 mus,
453 655 540 711 vel
569 653 788 710 fuerunt
820 653 1100 724 completa:
1147 664 1273 708 ante
1326 654 1692 723 captivitatem
1736 669 1856 722 sep-

255 747 510 818 tuaginta
556 761 824 800 annorum
861 756 912 800 et
944 745 996 800 in
1023 745 1155 815 ipsis
1187 745 1526 816 septuaginta
1560 745 1738 808 annis,
1771 747 1866 796 vel

253 836 663 899 promissiones
700 835 920 890 fuerunt
967 846 1185 906 propter
1216 843 1434 906 peccata
1471 835 1680 888 illorum
1728 833 1854 904 qni-

255 929 356 982 l;us
413 929 814 998 promissiones
861 926 1018 984 facta:
1083 937 1209 982 sunt
1263 927 1504 984 totaliter
1559 926 1850 998 impeditae,

253 1019 400 1074 sicut
429 1036 685 1090 propono
708 1037 892 1076 coram
931 1029 1001 1088 te,
1035 1020 1256 1074 domine
1281 1020 1372 1082 nti,
1397 1019 1628 1088 exempli
1652 1019 1851 1090 gratia,

256 1113 362 1172 ista
415 1128 594 1182 pauca
654 1114 911 1168 dicuntur
965 1114 1016 1167 in
1059 1113 1342 1170 Ezechiele
1384 1132 1396 1166 :
1452 1131 1470 1163 ι
1513 1113 1568 1166 Si
1615 1112 1853 1168 feceritis

251 1202 498 1270 iustitias
526 1220 700 1270 meas,
725 1215 782 1260 et
805 1205 1058 1260 mandata
1089 1221 1206 1260 mea
1229 1203 1596 1266 servaveritis,
1627 1219 1855 1274 congre-

256 1297 400 1370 gabo
423 1310 524 1350 vos
557 1295 624 1350 de
654 1304 890 1364 quatuor
919 1296 1164 1364 partibus
1193 1295 1402 1360 mundi,
1441 1303 1494 1349 et
1521 1293 1712 1350 levabo
1733 1309 1852 1362 vos,

255 1395 308 1438 et
337 1387 608 1440 adducant
639 1402 734 1440 vos
754 1402 854 1456 per
883 1402 1050 1451 mare,
1083 1397 1134 1443 et
1153 1387 1408 1448 reducam
1434 1401 1528 1442 vos
1555 1385 1608 1440 in
1635 1387 1851 1442 domum

253 1485 504 1532 sanctam
535 1491 776 1534 vestram
808 1479 1026 1553 (Ezech.
1070 1481 1168 1550 vt).
1204 1500 1220 1532 ι
1277 1481 1416 1535 Ecce
1441 1482 1584 1550 quod
1615 1481 1666 1534 id
1709 1481 1853 1549 quod

254 1571 522 1630 Dominus
555 1573 726 1628 nobis.
759 1574 1031 1644 promittit
1055 1588 1149 1644 per
1179 1573 1520 1629 Ezechielem
1573 1573 1624 1628 in
1655 1573 1852 1643 prmdi-

255 1665 361 1720 etis
389 1665 578 1719 verbis
604 1673 663 1720 et
685 1666 809 1721 aliis
839 1667 968 1721 locis
999 1665 1124 1721 libri
1155 1665 1392 1735 ejusdem
1421 1665 1718 1737 prophetae,
1737 1665 1848 1733 jam

255 1756 590 1826 completum
627 1767 712 1810 est
755 1766 881 1810 ante
911 1756 1056 1810 illam
1103 1757 1474 1826 captivitatem
1507 1756 1848 1828 septuaginta

255 1862 550 1904 annorum.
583 1847 652 1904 Ut
683 1863 873 1902 omnes
899 1847 1290 1919 promissiones
1329 1849 1542 1904 Domini
1577 1849 1710 1904 tales
1743 1864 1850 1902 ma-

251 1935 400 2014 jores
445 1948 500 1992 et
543 1938 810 2006 minores,
846 1955 964 2010 quae
1009 1943 1060 1996 in
1107 1942 1336 1998 diversis
1384 1941 1517 1997 locis
1571 1957 1850 1994 sacrorum

255 2031 524 2086 librorum
573 2033 942 2096 continentur,
976 2035 1257 2104 completa:
1307 2036 1528 2090 fuerunt
1559 2043 1848 2104 antequam

257 2123 587 2178 caderemus
637 2124 688 2178 in
717 2125 876 2178 istaut
911 2126 1156 2182 ultimam
1187 2127 1554 2196 captivitatem
1589 2142 1710 2198 qua:
1743 2141 1847 2180 non

258 2215 422 2268 habet
447 2215 636 2280 ﬁnem,
664 2217 827 2270 modo
850 2217 962 2285 jam
991 2233 1178 2272 sumus
1205 2219 1256 2273 in
1285 2219 1573 2274 millesimo
1606 2235 1765 2284 anno,
1797 2231 1854 2276 ct-

257 2307 424 2380 ultra,
457 2325 570 2366 nec.
597 2311 650 2363 in
692 2310 874 2380 aliquo
903 2311 1040 2366 libro
1080 2314 1466 2382 prophetarum
1514 2315 1631 2384 ejus
1662 2315 1848 2382 termi-

1955 561 2172 632 hylonia
2202 563 2548 631 peccavimus
2578 572 2768 618 contra
2799 563 2966 618 Deum
3020 565 3262 620 maximo
3290 575 3534 635 peccato,

1953 663 2008 708 et
2040 663 2216 708 tamen
2249 653 2426 708 nullus
2451 664 2534 708 est
2566 655 2657 724 qui
2701 655 2846 709 dicat
2871 657 3014 725 quod
3045 657 3094 710 id
3140 667 3222 711 est
3251 667 3556 727 peccatum.

1955 752 2178 813 propter
2207 743 2348 812 quod
2389 744 2718 808 incurrimus
2760 753 2908 798 tanta
2957 743 3118 800 mala.
3158 745 3223 799 Et
3270 732 3314 800 Si
3345 745 3540 816 aliquis

1955 845 2199 890 uestrum
2249 845 2540 906 COQHOSCM.
2584 846 2825 892 nostram
2866 851 3108 902 causam,
3136 845 3189 892 CI.
3227 847 3533 905 peccatum,

1953 935 2176 998 propter
2209 929 2350 997 quod
2389 927 2717 982 incurri-mus
2749 937 2896 982 tanta
2939 928 3103 990 mala,
3145 927 3323 982 nullus
3355 941 3533 984 tamen

1955 1018 2006 1074 id
2039 1021 2212 1092 aperit
2240 1021 2486 1090 proximo
2510 1035 2626 1084 suo,
2661 1035 2760 1075 nec
2790 1021 3013 1089 ipsemet
3042 1021 3130 1091 qui
3163 1021 3440 1090 cognoscit
3473 1021 3526 1075 in

1955 1119 2106 1168 suam
2155 1111 2422 1166 convertit
2449 1111 2757 1178 utilitatem,
2803 1113 2896 1166 sed
2923 1111 3381 1181 onmesjacemus
3411 1127 3533 1182 pro-

1953 1208 2128 1260 strati.
2159 1205 2224 1260 Et
2257 1205 2498 1260 videmus
2530 1203 2966 1274 manifestequod
2998 1205 3048 1259 in
3081 1207 3336 1276 praedicta
3359 1205 3532 1274 capti-

1955 1299 2121 1352 vitate
2153 1299 2488 1369 septuaginta
2523 1311 2788 1358 attnorttm
2833 1308 2948 1352 erat
2979 1299 3119 1354 Deus
3147 1315 3266 1354 cum
3293 1300 3536 1370 patribus

1955 1391 2154 1445 nostris
2180 1392 2230 1444 in
2259 1391 2560 1460 prophetis.
2596 1391 2646 1444 id
2673 1401 2775 1454 est,
2813 1389 3046 1446 Ieremia
3078 1401 3132 1444 et
3161 1391 3282 1446 aliis
3308 1393 3537 1462 prophe-

1957 1483 2042 1540 tis.
2067 1491 2121 1536 et
2149 1481 2294 1536 dedit
2321 1483 2397 1536 eis
2428 1479 2688 1536 Salathicl
2719 1481 2932 1548 ducem,
2965 1491 3018 1534 ct
3054 1481 3344 1551 principes,
3370 1491 3422 1536 et
3454 1497 3537 1534 sa-

1957 1573 2226 1636 cerdotes,
2257 1589 2378 1628 cum
2405 1573 2607 1642 quibus
2621 1572 2986 1626 cxivernntde
3009 1571 3297 1642 Babylone,
3318 1581 3536 1640 peracta

1881 1638 1926 1698 Β
1955 1665 2289 1735 pmoitetttia,
2315 1675 2390 1730 et,
2417 1665 2628 1735 placato
2645 1665 2775 1730 Deo,
2797 1663 3198 1720 :cdilicavernnt
3215 1663 3554 1742 Jerusalem,‘

1953 1769 2008 1815 et
2038 1761 2316 1832 templum,
2348 1771 2401 1817 et
2435 1761 2568 1816 alias
2591 1761 2860 1827 civitates,
2907 1767 2960 1814 et
2984 1757 3171 1814 elI'udit
3207 1761 3348 1812 Deus
3377 1774 3552 1828 super,

1954 1857 2073 1911 illos
2121 1855 2520 1911 misericordias
2569 1869 2696 1909 suas
2728 1853 2962 1924 copiose.
3019 1853 3080 1906 Et
3123 1861 3299 1905 tamen
3353 1851 3402 1903 in
3437 1850 3550 1903 ista

1955 1949 2269 2018 captivitate
2299 1947 2478 2002 nullus
2503 1945 2762 2016 prepheta
2807 1943 3086 2000 nobiscum
3113 1949 3216 2005 est,
3247 1955 3346 1996 nec
3370 1939 3534 2002 Dens,

1953 2051 2012 2094 ut
2039 2049 2280 2110 apparet.
2313 2039 2504 2109 Igitur,
2532 2038 2770 2102 domine,
2795 2036 3062 2110 inquiram
3087 2044 3269 2090 etnon
3313 2033 3538 2088 cessabo

1954 2145 2200 2200 quzerere
2231 2130 2372 2198 quod
2403 2137 2682 2202 peccatum
2711 2129 2762 2180 id
2792 2135 2870 2186 est
2897 2135 3122 2188 tantum,
3145 2134 3364 2202 propter
3393 2125 3532 2196 quod

1955 2239 2141 2288 sumus
2166 2221 2218 2282 in
2249 2223 2348 2276 hac
2393 2201 2704 2291 captivitate
2751 2219 2898 2274 mille
2933 2220 3114 2284 anuis,
3157 2201 3211 2272 et
3241 2217 3402 2282 ultra,
3437 2231 3528 2269 ηρ(

1955 2315 2212 2370 habemus
2243 2315 2584 2385 prophetam,
2633 2329 2732 2368 nec
2761 2328 2963 2384 regem,
3021 2327 3120 2366 nec
3169 2311 3506 2376 sacerdotem

260 2416 384 2454 nunt
419 2402 760 2469 invenimus,
790 2419 890 2458 nec
919 2403 1024 2458 ulla
1067 2405 1160 2460 Dei
1189 2405 1502 2475 promissio,
1533 2407 1620 2461 ubi
1647 2407 1756 2476 agit
1786 2407 1860 2470 de,
1953 2424 2048 2462 nec
2104 2407 2294 2472 altare,
2353 2423 2453 2462 nec
2504 2407 2852 2472 sacriﬁcium,
2907 2421 3004 2461 nec
3043 2405 3372 2470 unctionem,
3433 2415 3550 2468 nec

257 2494 586 2570 liberatione
638 2505 693 2550 et
745 2498 1200 2574 congregatione,
1255 2499 1576 2570 intelligitur
1631 2501 1696 2554 de
1748 2501 1847 2554 ista

256 2587 593 2656 captivitate
633 2599 914 2664 perpetua,
968 2591 1060 2646 sed
1099 2593 1163 2646 de
1194 2591 1298 2645 illis
1329 2591 1767 2646 tribulationibus
1797 2602 1850 2648 et

255 2679 715 2748 dispersiquibus,
750 2691 874 2734 ante
915 2680 1091 2736 dictos
1133 2685 1472 2754 septuaginta
1508 2701 1702 2748 annos,
1751 2701 1850 2740 nec

255 2779 444 2847 postea
475 2771 831 2840 congregatio
875 2771 940 2826 de
969 2771 1310 2842 dispersione
1339 2775 1604 2842 promissa
1633 2785 1712 2830 est
1747 2792 1846 2831 no—

259 2861 356 2916 bis.
395 2859 554 2916 L’nde
585 2871 804 2931 oportet
827 2865 968 2932 quod
1004 2875 1122 2935 post
1157 2866 1274 2922 illos
1303 2868 1644 2940 septuaginta
1679 2885 1848 2924 annos

1953 2499 2254 2566 incensum,
2280 2515 2379 2554 nec
2407 2499 2860 2570 purificationem,
2907 2499 3013 2552 imo
3047 2496 3173 2552 facti
3217 2511 3402 2552 sumus
3437 2496 3533 2549 ab—

1952 2592 2272 2650 ominabiles
2295 2591 2388 2646 toti
2415 2591 2634 2656 mundo,
2663 2590 2802 2646 sicut
2831 2591 2962 2654 Deo,
2985 2599 3038 2644 et
3066 2587 3531 2658 contemptibiles;

1954 2687 2010 2740 in
2044 2684 2158 2740 solo
2190 2685 2354 2740 corde
2396 2693 2603 2737 tantum
2657 2691 2844 2738 nostro
2888 2691 3076 2752 regnat
3107 2679 3377 2750 superbia,
3409 2678 3535 2746 quia

1951 2793 2050 2834 nos
2082 2779 2194 2850 ipsa
2224 2777 2560 2847 pra'ferimus
2583 2777 2678 2830 toti
2706 2777 2926 2830 mundo.
2967 2775 3032 2830 Et
3057 2775 3198 2844 quod
3234 2787 3398 2840 super
3427 2772 3530 2826 hoc

1954 2869 2128 2922 sentio
2161 2868 2404 2944 pandam
2451 2866 2568 2933 tibi,
2605 2867 2840 2922 domine.
2887 2863 2998 2922 Nec
3041 2863 3240 2930 minus,
3273 2860 3548 2944 quidquid

259 2955 696 3010 commiserimns
721 2955 853 3010 illud
876 2969 1156 3028 peccatum
1173 2972 1685 3032 magnum,proptcr
1704 2965 1844 3033 quod
1877 2983 1922 3046 ρ
1953 2959 2150 3026 evenit,
2185 2974 2284 3014 nos
2324 2957 2418 3014 Dei
2450 2973 2654 3022 sumus.

261 3050 400 3108 Deus
429 3037 552 3104 sine
584 3050 820 3106 termino
849 3051 1004 3120 punit
1033 3068 1163 3118 nos;
1195 3053 1248 3106 in
1279 3069 1386 3122 quo
1411 3065 1635 3124 peccato
1663 3071 1850 3112 sumus

262 3151 311 3194 et
333 3156 623 3196 manemus
649 3157 860 3207 omnes,
885 3141 1038 3198 aliter
1068 3144 1210 3200 Deus
1239 3145 1666 3200 misericordiam
1697 3162 1849 3200 suam

263 3246 366 3285 non
389 3232 760 3294 continuisset
791 3233 844 3286 in
875 3233 1029 3289 nobis
1061 3235 1140 3290 ira
1171 3243 1278 3290 tam
1311 3235 1493 3306 longa.
1527 3217 1662 3291 Nam
1697 3237 1849 3291 vidc-

265 3336 381 3384 utus
408 3337 506 3390 per
530 3321 849 3394 Scripturas
865 3325 1009 3392 quod
1032 3327 1212 3380 omnia
1239 3337 1459 3402 peccata
1487 3344 1603 3398 quat
1625 3328 1852 3382 commi-

265 3421 446 3490 serunt
493 3423 678 3482 patres
709 3415 876 3470 nostri
921 3427 1046 3471 ante
1075 3419 1413 3490 septuaginta
1447 3435 1618 3474 annos
1657 3419 1853 3490 prtedi-

267 3515 360 3560 ctre
385 3507 726 3576 captivitatis
749 3507 938 3576 punita
977 3507 1215 3574 fuerunt,
1245 3493 1306 3564 et
1343 3511 1408 3566 de
1444 3509 1627 3564 multis
1659 3525 1850 3564 exem-

265 3599 346 3680 pla
401 3601 518 3656 hare
565 3617 738 3674 pauca
783 3602 1000 3658 induco.
1041 3603 1412 3660 Pcccaverunt
1445 3606 1848 3676 patresnostri,

265 3705 386 3758 ante
439 3694 564 3750 illos
626 3696 970 3766 septuaginta
1037 3711 1228 3762 annos,
1297 3698 1388 3766 qui
1455 3697 1737 3753 exiverunt
1783 3697 1850 3753 de

265 3783 530 3856 Egypto;
557 3795 616 3840 et
651 3787 966 3855 promissio,
1017 3787 1096 3844 eis
1136 3787 1384 3860 facta,_in
1417 3789 1504 3856 eis
1535 3789 1710 3844 locum
1742 3805 1850 3843 non

265 3875 480 3942 habuit,
535 3878 629 3932 sed
685 3878 738 3932 in
797 3879 1034 3948 peccatis
1089 3881 1201 3946 suis
1267 3881 1327 3944 in,
1381 3883 1596 3936 deserto
1649 3882 1848 3946 mortui

265 3981 382 4024 sunt
435 3971 575 4042 (Jos.
606 3974 684 4045 v).
717 3974 970 4030 Peccavit
999 3976 1142 4030 enim
1175 3976 1352 4032 Moses
1401 3978 1468 4032 ad
1505 3993 1676 4052 aquas
1713 3994 1848 4034 con,

265 4065 648 4130 tradietionis,
723 4077 780 4122 et
855 4078 1054 4124 terram
1131 4071 1510 4138 promissionis
1568 4087 1674 4126 non
1730 4087 1848 4136 mc-_

263 4163 368 4216 ruit
407 4163 592 4234 (Dent.
621 4164 822 4236 xxxii).
865 4165 1122 4220 Peccavit
1151 4168 1267 4238 ipse
1297 4167 1506 4231 Aaron.
1533 4177 1588 4222 et
1613 4169 1850 4238 portavit

259 4269 468 4324 pinnam
495 4256 692 4328 (Num.
725 4257 842 4324 xx).
877 4257 990 4312 IIeli
1019 4262 1272 4320 sacerdos
1301 4261 1566 4336 peccavit,
1591 4271 1646 4314 et
1676 4261 1848 4330 ruptis

2568 3070 2800 3128 CAPUT
2834 3071 2917 3127 VI.

1957 3163 2110 3229 Quod
2139 3163 2206 3218 sit
2231 3157 2366 3220 illud.
2395 3173 2666 3234 peccatum
2709 3174 2919 3232 propter
2947 3164 3086 3234 quod
3114 3163 3294 3218 Judwi
3332 3174 3450 3218 sum
3477 3165 3562 3220 in»

2519 3233 2613 3286 Imc
2644 3235 2959 3303 captivitate.

2025 3325 2375 3398 Nnnc_ergo.
2438 3324 2686 3388 domine,
2735 3339 2907 3393 paveo
2957 3323 3100 3394 quod
3149 3323 3200 3378 id
3249 3332 3564 3394 peccatum,

1953 3405 2180 3488 propter
2205 3417 2350 3488 quod
2374 3432 2558 3474 sumus
2589 3417 2640 3470 in
2687 3415 2788 3470 hac
2830 3413 3178 3480 desolatione,
3229 3423 3285 3470 et
3329 3415 3380 3468 itt
3429 3413 3550 3467 hac.

1951 3509 2265 3580 captivitate
2293 3509 2415 3574 ista,
2455 3507 2532 3574 sit
2553 3505 2681 3562 illud
2708 3515 2987 3575 peccatum
3027 3520 3188 3576 super
3217 3503 3358 3576 quod
3388 3505 3558 3558 locu—..

1954 3607 2040 3656 tus
2074 3607 2160 3660 est
2197 3599 2338 3654 Dens
2383 3614 2480 3670 per
2529 3597 2847 3668 prophetam
2892 3597 3060 3651 Amos
3090 3611 3213 3650 cum
3255 3596 3386 3650 dicit
3412 3595 3528 3650 sic:

1957 3683 1976 3744 ἀ
2012 3691 2184 3764 Super
2209 3691 2380 3746 tribus
2403 3689 2701 3746 sceleribus
2734 3688 2869 3744 Iuda
2893 3677 3219 3743 convertam
3245 3687 3328 3742 vel
3362 3697 3538 3742 trans-

1953 3785 2124 3841 feram
2163 3785 2350 3850 Israel,
2395 3793 2452 3840 et
2499 3799 2661 3854 super
2699 3795 2894 3854 quarto
2935 3799 3042 3838 non
3086 3783 3407 3837 transferam
3457 3779 3538 3852 (5)

1951 3891 2074 3940 eos,
2149 3876 2406 3948 quoniam
2465 3875 2828 3930 vendiderunt
2872 3873 3082 3944 justum
3137 3889 3234 3946 pro
3309 3879 3534 3944 argento

1953 3970 2134 4038 (Amos
2159 3970 2273 4041 tt).t
2307 3970 2374 4026 Et
2396 3983 2516 4034 nos,
2543 3967 2760 4024 domine
2782 3967 2878 4032 mi,
2901 3966 3197 4022 secundum
3227 3966 3546 4026 doctrinam

1949 4073 2194 4118 nostram
2228 4063 2460 4118 dicimus
2491 4059 2630 4132 quod
2664 4061 2768 4115 iste
2804 4057 2985 4127 justus
3027 4059 3126 4114 fuit
3159 4057 3358 4126 Ioseph
3395 4057 3538 4118 filius

1950 4155 2138 4224 Iacob,
2176 4157 2268 4226 qui
2303 4155 2404 4212 fuit
2433 4155 2682 4211 venditus
2708 4169 2738 4208 a
2767 4139 3027 4209 fratribus
3057 4152 3168 4207 suis
3200 4151 3253 4205 in
3279 4149 3541 4222 Egypto,

1951 4261 2006 4306 et
2041 4250 2144 4304 hoc
2169 4257 2411 4304 tenerem
2440 4264 2562 4320 ego,
2604 4247 2707 4302 nisi
2736 4248 2862 4318 quia
2894 4262 3074 4302 sermo
3126 4245 3339 4300 divinus
3385 4239 3536 4312 ponit

260 4347 558 4404 cervicibus
584 4349 884 4420 exspiravit
917 4349 976 4420 (1,
999 4350 1128 4422 Reg.
1183 4352 1258 4420 tv)
1277 4393 1290 4416 ,
1323 4331 1378 4416 et
1405 4353 1698 4422 posteritas
1729 4352 1848 4421 ejus
1875 4331 1923 4390 D
1951 4344 2092 4400 istud
2119 4331 2756 4416 peccatum‘venditionis
2776 4349 3028 4409 quartum
3065 4337 3116 4391 iu
3147 4349 3374 4390 numero
3403 4347 3538 4404 pec-.

259 4442 564 4498 sacerdotio
607 4445 818 4512 privata
869 4451 974 4508 est,
1023 4453 1078 4499 et
1122 4453 1302 4510 tamen
1348 4445 1492 4500 Deus
1519 4446 1846 4514 promiserat

259 4532 619 4600 sacerdotium
675 4534 728 4588 in
771 4543 1059 4588 mtcrnum.
1095 4534 1202 4590 Sed
1231 4534 1540 4605 Itujnsmodi
1571 4537 1844 4606 promissa

259 4621 634 4696 intelliguntur
659 4627 1026 4700 semper,inisi
1057 4640 1285 4699 p,r0pter
1322 4639 1545 4700 peccata
1593 4647 1698 4710 non
1727 4647 1842 4687 me-

258 4725 480 4772 reantur
507 4720 790 4788 accipere,
829 4728 890 4774 ut
943 4731 1090 4790 patet
1141 4724 1196 4776 in
1249 4739 1418 4794 regno
1469 4723 1660 4792 David,
1697 4726 1842 4796 quod

259 4807 486 4862 carnalis
506 4809 798 4878 posteritas
813 4809 936 4882 ejus
953 4811 1162 4880 privata
1185 4821 1268 4868 est
1290 4828 1474 4883 regno.
1495 4813 1646 4872 Sicut
1672 4817 1842 4872 etiam

259 4897 392 4956 Deus
425 4919 602 4960 verus.
618 4913 672 4960 et
701 4905 973 4976 gloriosus
999 4907 1248 4976 promisit
1289 4907 1526 4962 Abrahae
1565 4917 1618 4965 et
1645 4908 1846 4964 semini

261 5008 351 5048 suo
377 5005 582 5052 terram
611 4999 756 5054 illam
785 5001 842 5056 in
873 5008 1138 5056 aeternum
1171 5001 1576 5070 possidendam,
1624 5013 1682 5058 et
1727 5003 1839 5058 fre-

261 5096 484 5150 quenter
523 5089 878 5156 perdiderunt
926 5104 1044 5142 eam
1093 5100 1314 5160 pr0pter
1358 5105 1584 5160 peccata
1635 5110 1756 5160 sua,
1787 5102 1843 5150 et

261 5173 568 5247 frequenter
590 5184 834 5240 restituit
863 5182 970 5237 illis
995 5181 1252 5240 Dominus
1283 5199 1458 5254 usque
1489 5189 1556 5244 ad
1590 5188 1838 5248 ultimam

261 5272 428 5328 vicem
475 5291 580 5346 qua
609 5281 992 5346 perdiderunt.
1046 5276 1164 5332 Iam
1193 5289 1320 5334 sunt
1367 5278 1516 5334 mille
1571 5283 1730 5348 anni;
1785 5289 1842 5336 et

1953 4446 2200 4492 catorum
2241 4449 2334 4492 seu
2373 4434 2640 4490 scelerum
2678 4430 2856 4487 Israel.
2891 4429 2994 4499 Ipsi
3041 4427 3205 4482 etiam
3238 4423 3534 4480 Christiani

1951 4531 2150 4600 quibus
2191 4505 2504 4584 sanctorum
2541 4526 2804 4582 librorttm
2844 4522 3082 4578 studium
3139 4520 3354 4574 videtur
3409 4532 3530 4573 esse

1954 4622 2212 4678 traditum
2258 4637 2288 4676 a
2312 4621 2422 4676 Deo
2452 4619 2783 4690 reSpondent.
2828 4615 3087 4672 doctrina:
3117 4623 3316 4669 nostra:
3341 4609 3538 4682 pratdi-

1950 4722 2156 4781 ctte,et
2195 4713 2382 4769 dicunt
2421 4711 2565 4780 quod
2616 4710 2847 4782 printum
2893 4707 2944 4761 in
2982 4715 3216 4778 quatuor
3241 4701 3540 4760 sceleribus

1946 4807 2124 4870 Israel
2137 4816 2220 4864 est
2254 4805 2492 4866 venditio
2513 4801 2720 4874 Josepb
2741 4817 2770 4856 a
2801 4799 3063 4856 fratribus
3091 4799 3224 4854 suis.
3251 4796 3316 4850 Et
3344 4811 3542 4852 secun-

1947 4899 2074 4954 dum
2128 4905 2411 4968 peccatum
2455 4893 2570 4948 sive
2602 4892 2800 4958 scelus,
2838 4891 3126 4968 assignant
3157 4887 3538 4954 adorationem

1950 4987 2105 5052 vituli
2130 4967 2192 5043 in
2241 4986 2440 5042 IIoreb.
2472 4985 2540 5038 Et
2565 4977 2784 5048 tertium
2819 4967 3012 5038 scelus:
3042 4979 3367 5046 occisionem
3411 4990 3543 5056 pro-

1944 5080 2258 5150 phetarum,
2297 5087 2518 5150 propter
2538 5079 2682 5152 quod
2711 5077 2910 5132 fuimus
2940 5071 3194 5144 captivali
3223 5069 3276 5123 in
3307 5065 3542 5148 Baltylo-_

1951 5175 2040 5238 nia
2069 5173 2414 5248 septuaginta
2444 5171 2632 5236 annis.
2655 5174 2722 5238 Et
2753 5172 2939 5228 dicunt
2967 5167 3108 5238 quod
3139 5169 3390 5244 quartum
3418 5175 3540 5220 scee

1951 5269 2034 5328 lus
2065 5270 2232 5328 Israel
2257 5268 2357 5328 fuit
2383 5261 2632 5330 venditio
2650 5267 2804 5340 justi,
2829 5263 3040 5328 scilicet
3063 5261 3210 5324 Jesu,
3233 5255 3328 5334 {qui
3351 5251 3416 5322 ad
3448 5250 3540 5303 lit.

3157 5364 3228 5370 ----
3257 5341 3534 5370 -..ι-ιηιισιω
