  <div class='ocr_page' id='page_1' title='image "/cluster/home/n/w/nwhite01/storage/ocr_20150623/149/hvd.32044015473770/177.png"; bbox 0 0 4026 5370; ppageno 0'>
   <div class='ocr_carea' id='block_1_1' title="bbox 519 223 628 281">
    <p class='ocr_par' dir='ltr' id='par_1_1' title="bbox 519 223 628 281">
     <span class='ocr_line' id='line_1_1' title="bbox 519 223 628 281; baseline 0.009 -1"><span class='ocrx_word' id='word_1_1' title='bbox 519 223 628 281; x_wconf 70' lang='lat'><strong>5-55</strong></span> 
     </span>
    </p>
   </div>
   <div class='ocr_carea' id='block_1_2' title="bbox 1784 227 2594 285">
    <p class='ocr_par' dir='ltr' id='par_1_2' title="bbox 1784 227 2594 285">
     <span class='ocr_line' id='line_1_2' title="bbox 1784 227 2594 285; baseline 0.002 -2"><span class='ocrx_word' id='word_1_2' title='bbox 1784 228 2126 284; x_wconf 71' lang='lat' dir='ltr'><strong>SAMUELIS</strong></span> <span class='ocrx_word' id='word_1_3' title='bbox 2167 227 2594 285; x_wconf 71' lang='lat' dir='ltr'><strong>MAIIOCIIIANI</strong></span> 
     </span>
    </p>
   </div>
   <div class='ocr_carea' id='block_1_3' title="bbox 3697 230 3806 286">
    <p class='ocr_par' dir='ltr' id='par_1_3' title="bbox 3697 230 3806 286">
     <span class='ocr_line' id='line_1_3' title="bbox 3697 230 3806 286; baseline 0 -1"><span class='ocrx_word' id='word_1_4' title='bbox 3697 230 3806 286; x_wconf 67' lang='lat' dir='ltr'><strong>3H</strong></span> 
     </span>
    </p>
   </div>
   <div class='ocr_carea' id='block_1_4' title="bbox 527 331 3802 420">
    <p class='ocr_par' dir='ltr' id='par_1_4' title="bbox 527 331 3802 420">
     <span class='ocr_line' id='line_1_4' title="bbox 527 331 3802 420; baseline 0.002 -27"><span class='ocrx_word' id='word_1_5' title='bbox 527 351 713 394; x_wconf 88' lang='lat' dir='ltr'><strong>tenere</strong></span> <span class='ocrx_word' id='word_1_6' title='bbox 741 341 1019 410; x_wconf 71' lang='lat' dir='ltr'><strong>pra-tatam</strong></span> <span class='ocrx_word' id='word_1_7' title='bbox 1045 343 1346 402; x_wconf 67' lang='lat' dir='ltr'><strong>doctrinam</strong></span> <span class='ocrx_word' id='word_1_8' title='bbox 1392 354 1658 412; x_wconf 74' lang='lat' dir='ltr'><strong>noslram,</strong></span> <span class='ocrx_word' id='word_1_9' title='bbox 1692 331 1745 399; x_wconf 87' lang='lat' dir='ltr'><strong>et</strong></span> <span class='ocrx_word' id='word_1_10' title='bbox 1787 345 2116 418; x_wconf 89' lang='lat' dir='ltr'><strong>respondere</strong></span> <span class='ocrx_word' id='word_1_11' title='bbox 2144 363 2192 420; x_wconf 66' lang='grc' dir='ltr'><strong>Α</strong></span> <span class='ocrx_word' id='word_1_12' title='bbox 2222 363 2341 402; x_wconf 89' lang='lat' dir='ltr'><strong>mus</strong></span> <span class='ocrx_word' id='word_1_13' title='bbox 2372 366 2383 400; x_wconf 97' lang='lat'><strong>:</strong></span> <span class='ocrx_word' id='word_1_14' title='bbox 2418 349 2470 402; x_wconf 89' lang='lat' dir='ltr'><strong>lu</strong></span> <span class='ocrx_word' id='word_1_15' title='bbox 2497 347 2689 402; x_wconf 89' lang='lat' dir='ltr'><strong>mnbra</strong></span> <span class='ocrx_word' id='word_1_16' title='bbox 2741 355 2828 402; x_wconf 85' lang='lat' dir='ltr'><strong>tua</strong></span> <span class='ocrx_word' id='word_1_17' title='bbox 2877 347 3121 404; x_wconf 75' lang='lat' dir='ltr'><strong>vivemus</strong></span> <span class='ocrx_word' id='word_1_18' title='bbox 3171 348 3314 403; x_wconf 90' lang='lat' dir='ltr'><strong>inter</strong></span> <span class='ocrx_word' id='word_1_19' title='bbox 3349 355 3540 418; x_wconf 80' lang='lat' dir='ltr'><strong>gentes</strong></span> <span class='ocrx_word' id='word_1_20' title='bbox 3583 345 3802 418; x_wconf 76' lang='lat' dir='ltr'><strong>(Thrcu.</strong></span> 
     </span>
    </p>
   </div>
   <div class='ocr_carea' id='block_1_5' title="bbox 521 433 2111 508">
    <p class='ocr_par' dir='ltr' id='par_1_5' title="bbox 521 433 2111 508">
     <span class='ocr_line' id='line_1_5' title="bbox 521 433 2111 508; baseline 0.005 -20"><span class='ocrx_word' id='word_1_21' title='bbox 521 433 865 502; x_wconf 83' lang='lat' dir='ltr'><strong>Christianis,</strong></span> <span class='ocrx_word' id='word_1_22' title='bbox 880 435 1246 508; x_wconf 76' lang='lat' dir='ltr'><strong>oportetquod</strong></span> <span class='ocrx_word' id='word_1_23' title='bbox 1266 455 1366 494; x_wconf 92' lang='lat' dir='ltr'><strong>nos</strong></span> <span class='ocrx_word' id='word_1_24' title='bbox 1385 440 1790 508; x_wconf 82' lang='lat' dir='ltr'><strong>assignemusin</strong></span> <span class='ocrx_word' id='word_1_25' title='bbox 1804 440 1970 495; x_wconf 90' lang='lat' dir='ltr'><strong>lsrael</strong></span> <span class='ocrx_word' id='word_1_26' title='bbox 1985 451 2111 496; x_wconf 90' lang='lat' dir='ltr'><strong>ante</strong></span> 
     </span>
    </p>
   </div>
   <div class='ocr_carea' id='block_1_6' title="bbox 525 527 2110 602">
    <p class='ocr_par' dir='ltr' id='par_1_6' title="bbox 525 527 2110 602">
     <span class='ocr_line' id='line_1_6' title="bbox 525 527 2110 602; baseline 0.004 -23"><span class='ocrx_word' id='word_1_27' title='bbox 525 527 888 582; x_wconf 73' lang='lat' dir='ltr'><strong>venditionem</strong></span> <span class='ocrx_word' id='word_1_28' title='bbox 907 527 1106 600; x_wconf 91' lang='lat' dir='ltr'><strong>Ioseph</strong></span> <span class='ocrx_word' id='word_1_29' title='bbox 1133 530 1280 584; x_wconf 87' lang='lat' dir='ltr'><strong>varia</strong></span> <span class='ocrx_word' id='word_1_30' title='bbox 1303 530 1505 588; x_wconf 78' lang='lat' dir='ltr'><strong>scelera</strong></span> <span class='ocrx_word' id='word_1_31' title='bbox 1525 531 1886 600; x_wconf 77' lang='lat' dir='ltr'><strong>prtecessisse,</strong></span> <span class='ocrx_word' id='word_1_32' title='bbox 1911 540 1970 588; x_wconf 94' lang='lat' dir='ltr'><strong>ut</strong></span> <span class='ocrx_word' id='word_1_33' title='bbox 1996 532 2110 602; x_wconf 88' lang='lat' dir='ltr'><strong>ipsa</strong></span> 
     </span>
    </p>
   </div>
   <div class='ocr_carea' id='block_1_7' title="bbox 520 619 2110 691">
    <p class='ocr_par' dir='ltr' id='par_1_7' title="bbox 520 619 2110 691">
     <span class='ocr_line' id='line_1_7' title="bbox 520 619 2110 691; baseline 0.003 -19"><span class='ocrx_word' id='word_1_34' title='bbox 520 619 760 680; x_wconf 85' lang='lat' dir='ltr'><strong>venditio</strong></span> <span class='ocrx_word' id='word_1_35' title='bbox 805 619 1002 690; x_wconf 78' lang='lat' dir='ltr'><strong>Ioseph</strong></span> <span class='ocrx_word' id='word_1_36' title='bbox 1051 623 1122 676; x_wconf 90' lang='lat' dir='ltr'><strong>sit</strong></span> <span class='ocrx_word' id='word_1_37' title='bbox 1157 631 1409 691; x_wconf 87' lang='lat' dir='ltr'><strong>quartum</strong></span> <span class='ocrx_word' id='word_1_38' title='bbox 1440 622 1638 678; x_wconf 86' lang='lat' dir='ltr'><strong>scelus.</strong></span> <span class='ocrx_word' id='word_1_39' title='bbox 1681 621 1788 677; x_wconf 88' lang='lat' dir='ltr'><strong>Sed</strong></span> <span class='ocrx_word' id='word_1_40' title='bbox 1835 623 1952 676; x_wconf 71' lang='lat' dir='ltr'><strong>lucc</strong></span> <span class='ocrx_word' id='word_1_41' title='bbox 2001 637 2110 677; x_wconf 89' lang='lat' dir='ltr'><strong>non</strong></span> 
     </span>
    </p>
   </div>
   <div class='ocr_carea' id='block_1_8' title="bbox 419 701 2110 785">
    <p class='ocr_par' dir='ltr' id='par_1_8' title="bbox 419 701 2110 785">
     <span class='ocr_line' id='line_1_8' title="bbox 419 701 2110 785; baseline 0.005 -23"><span class='ocrx_word' id='word_1_42' title='bbox 419 701 436 710; x_wconf 82' lang='grc'><em>’</em></span> <span class='ocrx_word' id='word_1_43' title='bbox 523 713 820 779; x_wconf 72' lang='lat' dir='ltr'><strong>poterimus</strong></span> <span class='ocrx_word' id='word_1_44' title='bbox 851 715 1141 780; x_wconf 86' lang='lat' dir='ltr'><strong>sustinere,</strong></span> <span class='ocrx_word' id='word_1_45' title='bbox 1185 715 1312 785; x_wconf 88' lang='lat' dir='ltr'><strong>quia</strong></span> <span class='ocrx_word' id='word_1_46' title='bbox 1345 715 1713 771; x_wconf 87' lang='lat' dir='ltr'><strong>testimonium</strong></span> <span class='ocrx_word' id='word_1_47' title='bbox 1740 715 1860 770; x_wconf 87' lang='lat' dir='ltr'><strong>libri</strong></span> <span class='ocrx_word' id='word_1_48' title='bbox 1885 715 2110 771; x_wconf 85' lang='lat' dir='ltr'><strong>Genesis</strong></span> 
     </span>
    </p>
   </div>
   <div class='ocr_carea' id='block_1_9' title="bbox 523 805 2108 885">
    <p class='ocr_par' dir='ltr' id='par_1_9' title="bbox 523 805 2108 885">
     <span class='ocr_line' id='line_1_9' title="bbox 523 805 2108 885; baseline 0.001 -27"><span class='ocrx_word' id='word_1_49' title='bbox 523 812 608 858; x_wconf 87' lang='lat' dir='ltr'><strong>est</strong></span> <span class='ocrx_word' id='word_1_50' title='bbox 635 816 822 858; x_wconf 89' lang='lat' dir='ltr'><strong>contra</strong></span> <span class='ocrx_word' id='word_1_51' title='bbox 871 820 990 870; x_wconf 89' lang='lat' dir='ltr'><strong>nos,</strong></span> <span class='ocrx_word' id='word_1_52' title='bbox 1038 807 1128 875; x_wconf 88' lang='lat' dir='ltr'><strong>qui</strong></span> <span class='ocrx_word' id='word_1_53' title='bbox 1173 806 1540 862; x_wconf 75' lang='lat' dir='ltr'><strong>venditionem</strong></span> <span class='ocrx_word' id='word_1_54' title='bbox 1572 805 1772 885; x_wconf 83' lang='lat' dir='ltr'><strong>Ioseph</strong></span> <span class='ocrx_word' id='word_1_55' title='bbox 1813 807 1967 876; x_wconf 89' lang='lat' dir='ltr'><strong>ponit</strong></span> <span class='ocrx_word' id='word_1_56' title='bbox 1995 806 2108 874; x_wconf 77' lang='lat' dir='ltr'><strong>pti-</strong></span> 
     </span>
    </p>
   </div>
   <div class='ocr_carea' id='block_1_10' title="bbox 525 897 2110 971">
    <p class='ocr_par' dir='ltr' id='par_1_10' title="bbox 525 897 2110 971">
     <span class='ocr_line' id='line_1_10' title="bbox 525 897 2110 971; baseline 0.005 -23"><span class='ocrx_word' id='word_1_57' title='bbox 525 911 672 950; x_wconf 80' lang='lat' dir='ltr'><strong>mum</strong></span> <span class='ocrx_word' id='word_1_58' title='bbox 703 897 881 952; x_wconf 86' lang='lat' dir='ltr'><strong>scelus</strong></span> <span class='ocrx_word' id='word_1_59' title='bbox 913 897 1144 952; x_wconf 82' lang='lat' dir='ltr'><strong>filiorum</strong></span> <span class='ocrx_word' id='word_1_60' title='bbox 1175 898 1362 971; x_wconf 82' lang='lat' dir='ltr'><strong>Israel.</strong></span> <span class='ocrx_word' id='word_1_61' title='bbox 1389 901 1454 954; x_wconf 79' lang='lat' dir='ltr'><strong>Et</strong></span> <span class='ocrx_word' id='word_1_62' title='bbox 1483 902 1742 970; x_wconf 88' lang='lat' dir='ltr'><strong>propheta</strong></span> <span class='ocrx_word' id='word_1_63' title='bbox 1765 902 1931 954; x_wconf 88' lang='lat' dir='ltr'><strong>Amos</strong></span> <span class='ocrx_word' id='word_1_64' title='bbox 1957 901 2110 971; x_wconf 88' lang='lat' dir='ltr'><strong>ponit</strong></span> 
     </span>
    </p>
   </div>
   <div class='ocr_carea' id='block_1_11' title="bbox 525 969 2110 1062">
    <p class='ocr_par' dir='ltr' id='par_1_11' title="bbox 525 969 2110 1062">
     <span class='ocr_line' id='line_1_11' title="bbox 525 969 2110 1062; baseline 0.004 -24"><span class='ocrx_word' id='word_1_65' title='bbox 525 1000 782 1054; x_wconf 80' lang='lat' dir='ltr'><strong>expresse</strong></span> <span class='ocrx_word' id='word_1_66' title='bbox 819 997 1070 1056; x_wconf 91' lang='lat' dir='ltr'><strong>quartum</strong></span> <span class='ocrx_word' id='word_1_67' title='bbox 1104 969 1278 1062; x_wconf 78' lang='lat' dir='ltr'><strong>scelus</strong></span> <span class='ocrx_word' id='word_1_68' title='bbox 1301 981 1666 1045; x_wconf 69' lang='lat' dir='ltr'><strong>venditionem</strong></span> <span class='ocrx_word' id='word_1_69' title='bbox 1701 990 1857 1060; x_wconf 91' lang='lat' dir='ltr'><strong>justi,</strong></span> <span class='ocrx_word' id='word_1_70' title='bbox 1889 999 2110 1060; x_wconf 80' lang='lat' dir='ltr'><strong>propter</strong></span> 
     </span>
    </p>
   </div>
   <div class='ocr_carea' id='block_1_12' title="bbox 521 1072 2108 1150">
    <p class='ocr_par' dir='ltr' id='par_1_12' title="bbox 521 1072 2108 1150">
     <span class='ocr_line' id='line_1_12' title="bbox 521 1072 2108 1150; baseline 0.008 -28"><span class='ocrx_word' id='word_1_71' title='bbox 521 1073 666 1142; x_wconf 84' lang='lat' dir='ltr'><strong>quod</strong></span> <span class='ocrx_word' id='word_1_72' title='bbox 715 1072 914 1130; x_wconf 82' lang='lat' dir='ltr'><strong>fuimus</strong></span> <span class='ocrx_word' id='word_1_73' title='bbox 943 1077 996 1130; x_wconf 93' lang='lat' dir='ltr'><strong>in</strong></span> <span class='ocrx_word' id='word_1_74' title='bbox 1027 1079 1363 1147; x_wconf 85' lang='lat' dir='ltr'><strong>captivitate,</strong></span> <span class='ocrx_word' id='word_1_75' title='bbox 1420 1080 1487 1133; x_wconf 92' lang='lat' dir='ltr'><strong>de</strong></span> <span class='ocrx_word' id='word_1_76' title='bbox 1533 1094 1638 1148; x_wconf 88' lang='lat' dir='ltr'><strong>qua</strong></span> <span class='ocrx_word' id='word_1_77' title='bbox 1679 1079 2108 1150; x_wconf 85' lang='lat' dir='ltr'><strong>loquitur_Deus,</strong></span> 
     </span>
    </p>
   </div>
   <div class='ocr_carea' id='block_1_13' title="bbox 519 1163 2108 1234">
    <p class='ocr_par' dir='ltr' id='par_1_13' title="bbox 519 1163 2108 1234">
     <span class='ocr_line' id='line_1_13' title="bbox 519 1163 2108 1234; baseline 0.007 -19"><span class='ocrx_word' id='word_1_78' title='bbox 519 1164 858 1218; x_wconf 86' lang='lat' dir='ltr'><strong>comminans</strong></span> <span class='ocrx_word' id='word_1_79' title='bbox 901 1167 1043 1234; x_wconf 90' lang='lat' dir='ltr'><strong>quod</strong></span> <span class='ocrx_word' id='word_1_80' title='bbox 1087 1182 1194 1221; x_wconf 88' lang='lat' dir='ltr'><strong>non</strong></span> <span class='ocrx_word' id='word_1_81' title='bbox 1245 1167 1467 1222; x_wconf 78' lang='lat' dir='ltr'><strong>reducet</strong></span> <span class='ocrx_word' id='word_1_82' title='bbox 1517 1183 1616 1223; x_wconf 89' lang='lat' dir='ltr'><strong>nos</strong></span> <span class='ocrx_word' id='word_1_83' title='bbox 1648 1168 1788 1224; x_wconf 89' lang='lat' dir='ltr'><strong>ultra</strong></span> <span class='ocrx_word' id='word_1_84' title='bbox 1819 1171 1872 1224; x_wconf 92' lang='lat' dir='ltr'><strong>in</strong></span> <span class='ocrx_word' id='word_1_85' title='bbox 1905 1163 2108 1226; x_wconf 86' lang='lat' dir='ltr'><strong>terram</strong></span> 
     </span>
    </p>
   </div>
   <div class='ocr_carea' id='block_1_14' title="bbox 521 1255 2108 1332">
    <p class='ocr_par' dir='ltr' id='par_1_14' title="bbox 521 1255 2108 1332">
     <span class='ocr_line' id='line_1_14' title="bbox 521 1255 2108 1332; baseline 0.008 -26"><span class='ocrx_word' id='word_1_86' title='bbox 521 1255 918 1324; x_wconf 85' lang='lat' dir='ltr'><strong>promissionis,</strong></span> <span class='ocrx_word' id='word_1_87' title='bbox 970 1273 1092 1312; x_wconf 89' lang='lat' dir='ltr'><strong>cum</strong></span> <span class='ocrx_word' id='word_1_88' title='bbox 1137 1258 1267 1312; x_wconf 87' lang='lat' dir='ltr'><strong>dicit</strong></span> <span class='ocrx_word' id='word_1_89' title='bbox 1305 1277 1318 1314; x_wconf 92' lang='lat'><strong>:</strong></span> <span class='ocrx_word' id='word_1_90' title='bbox 1357 1279 1375 1311; x_wconf 76' lang='grc' dir='ltr'><strong>ι</strong></span> <span class='ocrx_word' id='word_1_91' title='bbox 1426 1261 1497 1314; x_wconf 89' lang='lat' dir='ltr'><strong>Et</strong></span> <span class='ocrx_word' id='word_1_92' title='bbox 1546 1277 1710 1332; x_wconf 86' lang='lat' dir='ltr'><strong>super</strong></span> <span class='ocrx_word' id='word_1_93' title='bbox 1754 1272 1948 1332; x_wconf 90' lang='lat' dir='ltr'><strong>quarto</strong></span> <span class='ocrx_word' id='word_1_94' title='bbox 1999 1280 2108 1320; x_wconf 92' lang='lat' dir='ltr'><strong>non</strong></span> 
     </span>
    </p>
   </div>
   <div class='ocr_carea' id='block_1_15' title="bbox 519 1347 2108 1427">
    <p class='ocr_par' dir='ltr' id='par_1_15' title="bbox 519 1347 2108 1427">
     <span class='ocr_line' id='line_1_15' title="bbox 519 1347 2108 1427; baseline 0.007 -27"><span class='ocrx_word' id='word_1_95' title='bbox 519 1347 844 1418; x_wconf 64' lang='lat' dir='ltr'><strong>transferam</strong></span> <span class='ocrx_word' id='word_1_96' title='bbox 876 1363 988 1424; x_wconf 86' lang='lat' dir='ltr'><strong>eos,</strong></span> <span class='ocrx_word' id='word_1_97' title='bbox 1038 1351 1293 1420; x_wconf 87' lang='lat' dir='ltr'><strong>quoniam</strong></span> <span class='ocrx_word' id='word_1_98' title='bbox 1349 1353 1708 1409; x_wconf 85' lang='lat' dir='ltr'><strong>vendiderunt</strong></span> <span class='ocrx_word' id='word_1_99' title='bbox 1750 1357 1955 1426; x_wconf 87' lang='lat' dir='ltr'><strong>justum</strong></span> <span class='ocrx_word' id='word_1_100' title='bbox 2011 1372 2108 1427; x_wconf 89' lang='lat' dir='ltr'><strong>pro</strong></span> 
     </span>
    </p>
   </div>
   <div class='ocr_carea' id='block_1_16' title="bbox 519 1429 2106 1516">
    <p class='ocr_par' dir='ltr' id='par_1_16' title="bbox 519 1429 2106 1516">
     <span class='ocr_line' id='line_1_16' title="bbox 519 1429 2106 1516; baseline 0.005 -24"><span class='ocrx_word' id='word_1_101' title='bbox 519 1448 745 1508; x_wconf 80' lang='lat' dir='ltr'><strong>argento</strong></span> <span class='ocrx_word' id='word_1_102' title='bbox 771 1429 950 1508; x_wconf 69' lang='grc' dir='ltr'><strong>(Αηιόε</strong></span> <span class='ocrx_word' id='word_1_103' title='bbox 979 1441 1060 1512; x_wconf 88' lang='grc' dir='ltr'>ιι).</span> <span class='ocrx_word' id='word_1_104' title='bbox 1099 1461 1116 1512; x_wconf 61' lang='grc' dir='ltr'>ξ</span> <span class='ocrx_word' id='word_1_105' title='bbox 1149 1441 1215 1506; x_wconf 85' lang='lat' dir='ltr'><strong>Et</strong></span> <span class='ocrx_word' id='word_1_106' title='bbox 1241 1443 1528 1514; x_wconf 84' lang='lat' dir='ltr'><strong>tuanifeste</strong></span> <span class='ocrx_word' id='word_1_107' title='bbox 1553 1456 1778 1515; x_wconf 78' lang='lat' dir='ltr'><strong>apparet</strong></span> <span class='ocrx_word' id='word_1_108' title='bbox 1801 1445 1934 1501; x_wconf 89' lang='lat' dir='ltr'><strong>mihi</strong></span> <span class='ocrx_word' id='word_1_109' title='bbox 1961 1437 2106 1516; x_wconf 80' lang='lat' dir='ltr'><strong>quOd</strong></span> 
     </span>
    </p>
   </div>
   <div class='ocr_carea' id='block_1_17' title="bbox 518 1527 2107 1608">
    <p class='ocr_par' dir='ltr' id='par_1_17' title="bbox 518 1527 2107 1608">
     <span class='ocr_line' id='line_1_17' title="bbox 518 1527 2107 1608; baseline 0.006 -24"><span class='ocrx_word' id='word_1_110' title='bbox 518 1547 640 1598; x_wconf 81' lang='lat' dir='ltr'><strong>nos,</strong></span> <span class='ocrx_word' id='word_1_111' title='bbox 673 1547 836 1602; x_wconf 88' lang='lat' dir='ltr'><strong>super</strong></span> <span class='ocrx_word' id='word_1_112' title='bbox 857 1532 948 1588; x_wconf 88' lang='lat' dir='ltr'><strong>illo</strong></span> <span class='ocrx_word' id='word_1_113' title='bbox 971 1543 1196 1602; x_wconf 87' lang='lat' dir='ltr'><strong>peccato</strong></span> <span class='ocrx_word' id='word_1_114' title='bbox 1224 1527 1420 1605; x_wconf 88' lang='lat' dir='ltr'><strong>quarto</strong></span> <span class='ocrx_word' id='word_1_115' title='bbox 1440 1537 1766 1592; x_wconf 80' lang='lat' dir='ltr'><strong>venditionis</strong></span> <span class='ocrx_word' id='word_1_116' title='bbox 1785 1537 1941 1605; x_wconf 85' lang='lat' dir='ltr'><strong>justi,</strong></span> <span class='ocrx_word' id='word_1_117' title='bbox 1961 1537 2107 1608; x_wconf 88' lang='lat' dir='ltr'><strong>juste</strong></span> 
     </span>
    </p>
   </div>
   <div class='ocr_carea' id='block_1_18' title="bbox 520 1623 2106 1701">
    <p class='ocr_par' dir='ltr' id='par_1_18' title="bbox 520 1623 2106 1701">
     <span class='ocr_line' id='line_1_18' title="bbox 520 1623 2106 1701; baseline 0.007 -27"><span class='ocrx_word' id='word_1_118' title='bbox 520 1636 709 1676; x_wconf 70' lang='lat' dir='ltr'><strong>titinius</strong></span> <span class='ocrx_word' id='word_1_119' title='bbox 733 1623 934 1693; x_wconf 85' lang='lat' dir='ltr'><strong>puniti;</strong></span> <span class='ocrx_word' id='word_1_120' title='bbox 978 1625 1090 1694; x_wconf 89' lang='lat' dir='ltr'><strong>jam</strong></span> <span class='ocrx_word' id='word_1_121' title='bbox 1124 1637 1252 1680; x_wconf 91' lang='lat' dir='ltr'><strong>sunt</strong></span> <span class='ocrx_word' id='word_1_122' title='bbox 1283 1627 1430 1682; x_wconf 91' lang='lat' dir='ltr'><strong>mille</strong></span> <span class='ocrx_word' id='word_1_123' title='bbox 1457 1629 1610 1694; x_wconf 89' lang='lat' dir='ltr'><strong>anni,</strong></span> <span class='ocrx_word' id='word_1_124' title='bbox 1634 1638 1688 1684; x_wconf 94' lang='lat' dir='ltr'><strong>et</strong></span> <span class='ocrx_word' id='word_1_125' title='bbox 1720 1629 1880 1695; x_wconf 92' lang='lat' dir='ltr'><strong>ultra,</strong></span> <span class='ocrx_word' id='word_1_126' title='bbox 1914 1631 1968 1685; x_wconf 93' lang='lat' dir='ltr'><strong>in</strong></span> <span class='ocrx_word' id='word_1_127' title='bbox 1999 1646 2106 1701; x_wconf 89' lang='lat' dir='ltr'><strong>quo</strong></span> 
     </span>
    </p>
   </div>
   <div class='ocr_carea' id='block_1_19' title="bbox 2215 436 3808 512">
    <p class='ocr_par' dir='ltr' id='par_1_19' title="bbox 2215 436 3808 512">
     <span class='ocr_line' id='line_1_19' title="bbox 2215 436 3808 512; baseline -0.001 -20"><span class='ocrx_word' id='word_1_128' title='bbox 2215 440 2312 508; x_wconf 85' lang='lat' dir='ltr'><strong>tv).</strong></span> <span class='ocrx_word' id='word_1_129' title='bbox 2345 458 2362 490; x_wconf 73' lang='grc' dir='ltr'><strong>ι</strong></span> <span class='ocrx_word' id='word_1_130' title='bbox 2398 438 2585 500; x_wconf 83' lang='lat' dir='ltr'><strong>Timeo</strong></span> <span class='ocrx_word' id='word_1_131' title='bbox 2609 437 2800 503; x_wconf 90' lang='lat' dir='ltr'><strong>etiam,</strong></span> <span class='ocrx_word' id='word_1_132' title='bbox 2845 437 3063 492; x_wconf 89' lang='lat' dir='ltr'><strong>domine</strong></span> <span class='ocrx_word' id='word_1_133' title='bbox 3109 438 3202 512; x_wconf 78' lang='lat' dir='ltr'><strong>mi,</strong></span> <span class='ocrx_word' id='word_1_134' title='bbox 3255 438 3397 508; x_wconf 88' lang='lat' dir='ltr'><strong>quod</strong></span> <span class='ocrx_word' id='word_1_135' title='bbox 3450 438 3550 493; x_wconf 84' lang='lat' dir='ltr'><strong>iste</strong></span> <span class='ocrx_word' id='word_1_136' title='bbox 3597 439 3670 502; x_wconf 83' lang='lat' dir='ltr'><strong>sit</strong></span> <span class='ocrx_word' id='word_1_137' title='bbox 3717 436 3808 508; x_wconf 75' lang='lat' dir='ltr'><strong>ille</strong></span> 
     </span>
    </p>
   </div>
   <div class='ocr_carea' id='block_1_20' title="bbox 2207 525 3798 600">
    <p class='ocr_par' dir='ltr' id='par_1_20' title="bbox 2207 525 3798 600">
     <span class='ocr_line' id='line_1_20' title="bbox 2207 525 3798 600; baseline -0.001 -18"><span class='ocrx_word' id='word_1_138' title='bbox 2207 529 2388 600; x_wconf 80' lang='lat' dir='ltr'><strong>justus</strong></span> <span class='ocrx_word' id='word_1_139' title='bbox 2415 528 2482 584; x_wconf 90' lang='lat' dir='ltr'><strong>de</strong></span> <span class='ocrx_word' id='word_1_140' title='bbox 2509 543 2618 598; x_wconf 90' lang='lat' dir='ltr'><strong>quo</strong></span> <span class='ocrx_word' id='word_1_141' title='bbox 2645 529 2781 583; x_wconf 75' lang='lat' dir='ltr'><strong>dixit</strong></span> <span class='ocrx_word' id='word_1_142' title='bbox 2807 527 2951 582; x_wconf 83' lang='lat' dir='ltr'><strong>Dens</strong></span> <span class='ocrx_word' id='word_1_143' title='bbox 2975 543 3069 598; x_wconf 92' lang='lat' dir='ltr'><strong>per</strong></span> <span class='ocrx_word' id='word_1_144' title='bbox 3091 543 3153 583; x_wconf 90' lang='lat' dir='ltr'><strong>os</strong></span> <span class='ocrx_word' id='word_1_145' title='bbox 3178 525 3458 582; x_wconf 64' lang='lat' dir='ltr'><strong>Zachariae</strong></span> <span class='ocrx_word' id='word_1_146' title='bbox 3486 528 3798 598; x_wconf 63' lang='lat' dir='ltr'><strong>propheta}:</strong></span> 
     </span>
    </p>
   </div>
   <div class='ocr_carea' id='block_1_21' title="bbox 2220 617 3800 688">
    <p class='ocr_par' dir='ltr' id='par_1_21' title="bbox 2220 617 3800 688">
     <span class='ocr_line' id='line_1_21' title="bbox 2220 617 3800 688; baseline -0.003 -15"><span class='ocrx_word' id='word_1_147' title='bbox 2220 638 2238 673; x_wconf 74' lang='grc' dir='ltr'><strong>ι</strong></span> <span class='ocrx_word' id='word_1_148' title='bbox 2268 621 2488 676; x_wconf 85' lang='lat' dir='ltr'><strong>Dicetur</strong></span> <span class='ocrx_word' id='word_1_149' title='bbox 2521 621 2668 676; x_wconf 89' lang='lat' dir='ltr'><strong>enim</strong></span> <span class='ocrx_word' id='word_1_150' title='bbox 2702 619 2758 675; x_wconf 87' lang='lat' dir='ltr'><strong>in</strong></span> <span class='ocrx_word' id='word_1_151' title='bbox 2801 621 2887 674; x_wconf 91' lang='lat' dir='ltr'><strong>illa</strong></span> <span class='ocrx_word' id='word_1_152' title='bbox 2919 620 3044 676; x_wconf 90' lang='lat' dir='ltr'><strong>die:</strong></span> <span class='ocrx_word' id='word_1_153' title='bbox 3073 619 3202 686; x_wconf 77' lang='lat' dir='ltr'><strong>Qua:</strong></span> <span class='ocrx_word' id='word_1_154' title='bbox 3237 627 3363 674; x_wconf 87' lang='lat' dir='ltr'><strong>sunt</strong></span> <span class='ocrx_word' id='word_1_155' title='bbox 3393 618 3510 672; x_wconf 68' lang='lat' dir='ltr'><strong>istae</strong></span> <span class='ocrx_word' id='word_1_156' title='bbox 3543 617 3716 688; x_wconf 72' lang='lat' dir='ltr'><strong>plaga:</strong></span> <span class='ocrx_word' id='word_1_157' title='bbox 3744 617 3800 669; x_wconf 87' lang='lat' dir='ltr'><strong>in</strong></span> 
     </span>
    </p>
   </div>
   <div class='ocr_carea' id='block_1_22' title="bbox 2212 705 3808 782">
    <p class='ocr_par' dir='ltr' id='par_1_22' title="bbox 2212 705 3808 782">
     <span class='ocr_line' id='line_1_22' title="bbox 2212 705 3808 782; baseline -0.003 -18"><span class='ocrx_word' id='word_1_158' title='bbox 2212 710 2409 782; x_wconf 82' lang='lat' dir='ltr'><strong>palmis</strong></span> <span class='ocrx_word' id='word_1_159' title='bbox 2456 709 2582 764; x_wconf 90' lang='lat' dir='ltr'><strong>tuis.</strong></span> <span class='ocrx_word' id='word_1_160' title='bbox 2616 709 2684 763; x_wconf 89' lang='lat' dir='ltr'><strong>Et</strong></span> <span class='ocrx_word' id='word_1_161' title='bbox 2715 710 3063 780; x_wconf 72' lang='lat' dir='ltr'><strong>respondebit</strong></span> <span class='ocrx_word' id='word_1_162' title='bbox 3101 723 3116 762; x_wconf 75' lang='grc' dir='ltr'><strong>ε</strong></span> <span class='ocrx_word' id='word_1_163' title='bbox 3147 708 3397 779; x_wconf 80' lang='lat' dir='ltr'><strong>Plagatus</strong></span> <span class='ocrx_word' id='word_1_164' title='bbox 3429 707 3503 761; x_wconf 91' lang='lat' dir='ltr'><strong>l&#39;ui</strong></span> <span class='ocrx_word' id='word_1_165' title='bbox 3537 707 3590 760; x_wconf 91' lang='lat' dir='ltr'><strong>in</strong></span> <span class='ocrx_word' id='word_1_166' title='bbox 3625 705 3808 760; x_wconf 88' lang='lat' dir='ltr'><strong>medio</strong></span> 
     </span>
    </p>
   </div>
   <div class='ocr_carea' id='block_1_23' title="bbox 2210 795 3808 868">
    <p class='ocr_par' dir='ltr' id='par_1_23' title="bbox 2210 795 3808 868">
     <span class='ocr_line' id='line_1_23' title="bbox 2210 795 3808 868; baseline -0.006 -12"><span class='ocrx_word' id='word_1_167' title='bbox 2210 799 2402 856; x_wconf 89' lang='lat' dir='ltr'><strong>domus</strong></span> <span class='ocrx_word' id='word_1_168' title='bbox 2429 814 2562 853; x_wconf 70' lang='lat' dir='ltr'><strong>mea:</strong></span> <span class='ocrx_word' id='word_1_169' title='bbox 2593 799 2737 854; x_wconf 91' lang='lat' dir='ltr'><strong>inter</strong></span> <span class='ocrx_word' id='word_1_170' title='bbox 2768 799 2888 854; x_wconf 90' lang='lat' dir='ltr'><strong>illos</strong></span> <span class='ocrx_word' id='word_1_171' title='bbox 2920 799 3013 868; x_wconf 87' lang='lat' dir='ltr'><strong>qui</strong></span> <span class='ocrx_word' id='word_1_172' title='bbox 3047 795 3356 852; x_wconf 78' lang='lat' dir='ltr'><strong>dilexerunt</strong></span> <span class='ocrx_word' id='word_1_173' title='bbox 3379 811 3487 860; x_wconf 87' lang='lat' dir='ltr'><strong>me,</strong></span> <span class='ocrx_word' id='word_1_174' title='bbox 3519 805 3576 856; x_wconf 88' lang='lat' dir='ltr'><strong>et</strong></span> <span class='ocrx_word' id='word_1_175' title='bbox 3605 795 3808 854; x_wconf 85' lang='lat' dir='ltr'><strong>levavit</strong></span> 
     </span>
    </p>
   </div>
   <div class='ocr_carea' id='block_1_24' title="bbox 2211 884 3802 964">
    <p class='ocr_par' dir='ltr' id='par_1_24' title="bbox 2211 884 3802 964">
     <span class='ocr_line' id='line_1_24' title="bbox 2211 884 3802 964; baseline -0.006 -18"><span class='ocrx_word' id='word_1_176' title='bbox 2211 905 2396 946; x_wconf 91' lang='lat' dir='ltr'><strong>ensem</strong></span> <span class='ocrx_word' id='word_1_177' title='bbox 2443 898 2632 960; x_wconf 86' lang='lat' dir='ltr'><strong>pastor</strong></span> <span class='ocrx_word' id='word_1_178' title='bbox 2661 904 2813 948; x_wconf 85' lang='lat' dir='ltr'><strong>meus</strong></span> <span class='ocrx_word' id='word_1_179' title='bbox 2847 901 3012 958; x_wconf 84' lang='lat' dir='ltr'><strong>supra</strong></span> <span class='ocrx_word' id='word_1_180' title='bbox 3055 903 3140 942; x_wconf 88' lang='lat' dir='ltr'><strong>me</strong></span> <span class='ocrx_word' id='word_1_181' title='bbox 3169 885 3353 964; x_wconf 78' lang='lat' dir='ltr'><strong>(Zaclt.</strong></span> <span class='ocrx_word' id='word_1_182' title='bbox 3381 884 3527 956; x_wconf 78' lang='lat' dir='ltr'><strong>xm).</strong></span> <span class='ocrx_word' id='word_1_183' title='bbox 3558 903 3576 936; x_wconf 73' lang='grc' dir='ltr'><strong>ι</strong></span> <span class='ocrx_word' id='word_1_184' title='bbox 3609 884 3758 938; x_wconf 85' lang='lat' dir='ltr'><strong>Idem</strong></span> <span class='ocrx_word' id='word_1_185' title='bbox 3785 899 3802 936; x_wconf 88' lang='lat'><strong>:</strong></span> 
     </span>
    </p>
   </div>
   <div class='ocr_carea' id='block_1_25' title="bbox 2219 969 3808 1054">
    <p class='ocr_par' dir='ltr' id='par_1_25' title="bbox 2219 969 3808 1054">
     <span class='ocr_line' id='line_1_25' title="bbox 2219 969 3808 1054; baseline -0.003 -19"><span class='ocrx_word' id='word_1_186' title='bbox 2219 1003 2236 1035; x_wconf 78' lang='grc' dir='ltr'><strong>ι</strong></span> <span class='ocrx_word' id='word_1_187' title='bbox 2263 983 2543 1054; x_wconf 81' lang='lat' dir='ltr'><strong>Aspicient</strong></span> <span class='ocrx_word' id='word_1_188' title='bbox 2573 981 2639 1036; x_wconf 89' lang='lat' dir='ltr'><strong>ad</strong></span> <span class='ocrx_word' id='word_1_189' title='bbox 2672 997 2758 1036; x_wconf 87' lang='lat' dir='ltr'><strong>me</strong></span> <span class='ocrx_word' id='word_1_190' title='bbox 2786 980 2874 1036; x_wconf 90' lang='lat' dir='ltr'><strong>die</strong></span> <span class='ocrx_word' id='word_1_191' title='bbox 2903 980 3020 1046; x_wconf 91' lang='lat' dir='ltr'><strong>illa,</strong></span> <span class='ocrx_word' id='word_1_192' title='bbox 3047 989 3102 1035; x_wconf 89' lang='lat' dir='ltr'><strong>et</strong></span> <span class='ocrx_word' id='word_1_193' title='bbox 3133 969 3284 1034; x_wconf 89' lang='lat' dir='ltr'><strong>illum</strong></span> <span class='ocrx_word' id='word_1_194' title='bbox 3319 995 3480 1048; x_wconf 82' lang='lat' dir='ltr'><strong>quem</strong></span> <span class='ocrx_word' id='word_1_195' title='bbox 3514 977 3808 1032; x_wconf 74' lang='lat' dir='ltr'><strong>transiim-</strong></span> 
     </span>
    </p>
   </div>
   <div class='ocr_carea' id='block_1_26' title="bbox 2213 1067 3808 1143">
    <p class='ocr_par' dir='ltr' id='par_1_26' title="bbox 2213 1067 3808 1143">
     <span class='ocr_line' id='line_1_26' title="bbox 2213 1067 3808 1143; baseline -0.004 -15"><span class='ocrx_word' id='word_1_196' title='bbox 2213 1067 2365 1139; x_wconf 81' lang='lat' dir='ltr'><strong>runt,</strong></span> <span class='ocrx_word' id='word_1_197' title='bbox 2411 1083 2465 1128; x_wconf 89' lang='lat' dir='ltr'><strong>et</strong></span> <span class='ocrx_word' id='word_1_198' title='bbox 2501 1073 2760 1143; x_wconf 81' lang='lat' dir='ltr'><strong>plangcnt</strong></span> <span class='ocrx_word' id='word_1_199' title='bbox 2787 1087 2952 1142; x_wconf 85' lang='lat' dir='ltr'><strong>super</strong></span> <span class='ocrx_word' id='word_1_200' title='bbox 2983 1072 3132 1126; x_wconf 86' lang='lat' dir='ltr'><strong>iilum</strong></span> <span class='ocrx_word' id='word_1_201' title='bbox 3163 1072 3314 1142; x_wconf 85' lang='lat' dir='ltr'><strong>quasi</strong></span> <span class='ocrx_word' id='word_1_202' title='bbox 3349 1072 3626 1140; x_wconf 80' lang='lat' dir='ltr'><strong>planctum</strong></span> <span class='ocrx_word' id='word_1_203' title='bbox 3685 1070 3808 1122; x_wconf 82' lang='lat' dir='ltr'><strong>uni-</strong></span> 
     </span>
    </p>
   </div>
   <div class='ocr_carea' id='block_1_27' title="bbox 2211 1161 3808 1236">
    <p class='ocr_par' dir='ltr' id='par_1_27' title="bbox 2211 1161 3808 1236">
     <span class='ocr_line' id='line_1_27' title="bbox 2211 1161 3808 1236; baseline -0.003 -17"><span class='ocrx_word' id='word_1_204' title='bbox 2211 1165 2379 1234; x_wconf 82' lang='lat' dir='ltr'><strong>geniti</strong></span> <span class='ocrx_word' id='word_1_205' title='bbox 2408 1163 2595 1233; x_wconf 71' lang='lat' dir='ltr'><strong>(Zur/1.</strong></span> <span class='ocrx_word' id='word_1_206' title='bbox 2629 1163 2756 1236; x_wconf 74' lang='lat' dir='ltr'><strong>Ml).</strong></span> <span class='ocrx_word' id='word_1_207' title='bbox 2789 1184 2809 1217; x_wconf 73' lang='grc' dir='ltr'><strong>ι</strong></span> <span class='ocrx_word' id='word_1_208' title='bbox 2840 1163 3029 1218; x_wconf 85' lang='lat' dir='ltr'><strong>Timeo</strong></span> <span class='ocrx_word' id='word_1_209' title='bbox 3061 1164 3249 1228; x_wconf 89' lang='lat' dir='ltr'><strong>etiam,</strong></span> <span class='ocrx_word' id='word_1_210' title='bbox 3289 1163 3506 1218; x_wconf 86' lang='lat' dir='ltr'><strong>domine</strong></span> <span class='ocrx_word' id='word_1_211' title='bbox 3537 1163 3630 1226; x_wconf 85' lang='lat' dir='ltr'><strong>mi,</strong></span> <span class='ocrx_word' id='word_1_212' title='bbox 3659 1161 3808 1231; x_wconf 82' lang='lat' dir='ltr'><strong>quod</strong></span> 
     </span>
    </p>
   </div>
   <div class='ocr_carea' id='block_1_28' title="bbox 2211 1251 3807 1324">
    <p class='ocr_par' dir='ltr' id='par_1_28' title="bbox 2211 1251 3807 1324">
     <span class='ocr_line' id='line_1_28' title="bbox 2211 1251 3807 1324; baseline -0.003 -16"><span class='ocrx_word' id='word_1_213' title='bbox 2211 1253 2315 1308; x_wconf 74' lang='lat' dir='ltr'><strong>istc</strong></span> <span class='ocrx_word' id='word_1_214' title='bbox 2360 1253 2462 1308; x_wconf 88' lang='lat' dir='ltr'><strong>fuit</strong></span> <span class='ocrx_word' id='word_1_215' title='bbox 2496 1254 2679 1324; x_wconf 90' lang='lat' dir='ltr'><strong>justus</strong></span> <span class='ocrx_word' id='word_1_216' title='bbox 2712 1253 2800 1309; x_wconf 89' lang='lat' dir='ltr'><strong>ille</strong></span> <span class='ocrx_word' id='word_1_217' title='bbox 2831 1255 2897 1308; x_wconf 91' lang='lat' dir='ltr'><strong>de</strong></span> <span class='ocrx_word' id='word_1_218' title='bbox 2927 1268 3034 1322; x_wconf 90' lang='lat' dir='ltr'><strong>quo</strong></span> <span class='ocrx_word' id='word_1_219' title='bbox 3055 1253 3187 1308; x_wconf 83' lang='lat' dir='ltr'><strong>dicit</strong></span> <span class='ocrx_word' id='word_1_220' title='bbox 3211 1251 3465 1307; x_wconf 89' lang='lat' dir='ltr'><strong>Ilabacnc</strong></span> <span class='ocrx_word' id='word_1_221' title='bbox 3491 1267 3504 1305; x_wconf 89' lang='lat'><strong>:</strong></span> <span class='ocrx_word' id='word_1_222' title='bbox 3536 1269 3554 1301; x_wconf 69' lang='grc' dir='ltr'><strong>ι</strong></span> <span class='ocrx_word' id='word_1_223' title='bbox 3585 1251 3807 1304; x_wconf 79' lang='lat' dir='ltr'><strong>Cornua</strong></span> 
     </span>
    </p>
   </div>
   <div class='ocr_carea' id='block_1_29' title="bbox 2211 1340 3808 1417">
    <p class='ocr_par' dir='ltr' id='par_1_29' title="bbox 2211 1340 3808 1417">
     <span class='ocr_line' id='line_1_29' title="bbox 2211 1340 3808 1417; baseline -0.004 -16"><span class='ocrx_word' id='word_1_224' title='bbox 2211 1346 2264 1401; x_wconf 87' lang='lat' dir='ltr'><strong>in</strong></span> <span class='ocrx_word' id='word_1_225' title='bbox 2289 1346 2538 1401; x_wconf 86' lang='lat' dir='ltr'><strong>manibus</strong></span> <span class='ocrx_word' id='word_1_226' title='bbox 2559 1347 2698 1417; x_wconf 86' lang='lat' dir='ltr'><strong>ejus,</strong></span> <span class='ocrx_word' id='word_1_227' title='bbox 2717 1345 2789 1400; x_wconf 85' lang='lat' dir='ltr'><strong>ibi</strong></span> <span class='ocrx_word' id='word_1_228' title='bbox 2814 1346 3128 1400; x_wconf 84' lang='lat' dir='ltr'><strong>abscondita</strong></span> <span class='ocrx_word' id='word_1_229' title='bbox 3153 1356 3235 1399; x_wconf 89' lang='lat' dir='ltr'><strong>est</strong></span> <span class='ocrx_word' id='word_1_230' title='bbox 3259 1342 3516 1398; x_wconf 81' lang='lat' dir='ltr'><strong>fortitudo</strong></span> <span class='ocrx_word' id='word_1_231' title='bbox 3539 1340 3678 1411; x_wconf 89' lang='lat' dir='ltr'><strong>ejus,</strong></span> <span class='ocrx_word' id='word_1_232' title='bbox 3696 1351 3808 1396; x_wconf 88' lang='lat' dir='ltr'><strong>etc.</strong></span> 
     </span>
    </p>
   </div>
   <div class='ocr_carea' id='block_1_30' title="bbox 2211 1419 3810 1510">
    <p class='ocr_par' dir='ltr' id='par_1_30' title="bbox 2211 1419 3810 1510">
     <span class='ocr_line' id='line_1_30' title="bbox 2211 1419 3810 1510; baseline -0.003 -20"><span class='ocrx_word' id='word_1_233' title='bbox 2211 1437 2444 1510; x_wconf 80' lang='lat' dir='ltr'><strong>(llubuc.</strong></span> <span class='ocrx_word' id='word_1_234' title='bbox 2489 1438 2595 1510; x_wconf 85' lang='grc' dir='ltr'>ιιι).</span> <span class='ocrx_word' id='word_1_235' title='bbox 2625 1456 2645 1490; x_wconf 73' lang='grc' dir='ltr'><strong>ι</strong></span> <span class='ocrx_word' id='word_1_236' title='bbox 2691 1437 2756 1492; x_wconf 85' lang='grc' dir='ltr'>Ει</span> <span class='ocrx_word' id='word_1_237' title='bbox 2797 1437 3094 1506; x_wconf 82' lang='lat' dir='ltr'><strong>concordat</strong></span> <span class='ocrx_word' id='word_1_238' title='bbox 3135 1435 3488 1508; x_wconf 76' lang='lat' dir='ltr'><strong>Evangelium</strong></span> <span class='ocrx_word' id='word_1_239' title='bbox 3537 1419 3810 1490; x_wconf 66' lang='lat' dir='ltr'><strong>Chi-istisi-</strong></span> 
     </span>
    </p>
   </div>
   <div class='ocr_carea' id='block_1_31' title="bbox 2209 1513 3808 1600">
    <p class='ocr_par' dir='ltr' id='par_1_31' title="bbox 2209 1513 3808 1600">
     <span class='ocr_line' id='line_1_31' title="bbox 2209 1513 3808 1600; baseline -0.003 -15"><span class='ocrx_word' id='word_1_240' title='bbox 2209 1545 2424 1596; x_wconf 84' lang='lat' dir='ltr'><strong>uorum,</strong></span> <span class='ocrx_word' id='word_1_241' title='bbox 2461 1515 2550 1587; x_wconf 77' lang='lat' dir='ltr'><strong>ubi</strong></span> <span class='ocrx_word' id='word_1_242' title='bbox 2583 1540 2840 1600; x_wconf 77' lang='lat' dir='ltr'><strong>narratur</strong></span> <span class='ocrx_word' id='word_1_243' title='bbox 2885 1545 3034 1586; x_wconf 89' lang='lat' dir='ltr'><strong>mors</strong></span> <span class='ocrx_word' id='word_1_244' title='bbox 3070 1513 3222 1594; x_wconf 81' lang='lat' dir='ltr'><strong>Iesu,</strong></span> <span class='ocrx_word' id='word_1_245' title='bbox 3247 1538 3297 1584; x_wconf 91' lang='lat' dir='ltr'><strong>et</strong></span> <span class='ocrx_word' id='word_1_246' title='bbox 3331 1527 3535 1582; x_wconf 84' lang='lat' dir='ltr'><strong>dicitur</strong></span> <span class='ocrx_word' id='word_1_247' title='bbox 3565 1545 3579 1581; x_wconf 87' lang='lat'><strong>:</strong></span> <span class='ocrx_word' id='word_1_248' title='bbox 3623 1543 3643 1576; x_wconf 74' lang='grc' dir='ltr'><strong>ι</strong></span> <span class='ocrx_word' id='word_1_249' title='bbox 3667 1526 3808 1586; x_wconf 80' lang='lat' dir='ltr'><strong>Coit:</strong></span> 
     </span>
    </p>
   </div>
   <div class='ocr_carea' id='block_1_32' title="bbox 2209 1619 3812 1686">
    <p class='ocr_par' dir='ltr' id='par_1_32' title="bbox 2209 1619 3812 1686">
     <span class='ocr_line' id='line_1_32' title="bbox 2209 1619 3812 1686; baseline -0.005 -9"><span class='ocrx_word' id='word_1_250' title='bbox 2209 1631 2390 1677; x_wconf 88' lang='lat' dir='ltr'><strong>autem</strong></span> <span class='ocrx_word' id='word_1_251' title='bbox 2439 1623 2718 1677; x_wconf 80' lang='lat' dir='ltr'><strong>venissent</strong></span> <span class='ocrx_word' id='word_1_252' title='bbox 2761 1622 2830 1676; x_wconf 89' lang='lat' dir='ltr'><strong>ad</strong></span> <span class='ocrx_word' id='word_1_253' title='bbox 2871 1619 3082 1686; x_wconf 78' lang='lat' dir='ltr'><strong>Iesum,</strong></span> <span class='ocrx_word' id='word_1_254' title='bbox 3134 1621 3460 1674; x_wconf 88' lang='lat' dir='ltr'><strong>invenerunt</strong></span> <span class='ocrx_word' id='word_1_255' title='bbox 3495 1631 3620 1670; x_wconf 88' lang='lat' dir='ltr'><strong>cum</strong></span> <span class='ocrx_word' id='word_1_256' title='bbox 3659 1631 3812 1670; x_wconf 85' lang='lat' dir='ltr'><strong>mor-</strong></span> 
     </span>
    </p>
   </div>
   <div class='ocr_carea' id='block_1_33' title="bbox 523 1705 3811 1790">
    <p class='ocr_par' dir='ltr' id='par_1_33' title="bbox 523 1705 3811 1790">
     <span class='ocr_line' id='line_1_33' title="bbox 523 1705 3811 1790; baseline -0.001 -27"><span class='ocrx_word' id='word_1_257' title='bbox 523 1721 766 1780; x_wconf 87' lang='lat' dir='ltr'><strong>tempore</strong></span> <span class='ocrx_word' id='word_1_258' title='bbox 813 1713 884 1766; x_wconf 90' lang='lat' dir='ltr'><strong>nil</strong></span> <span class='ocrx_word' id='word_1_259' title='bbox 928 1705 1244 1784; x_wconf 83' lang='lat' dir='ltr'><strong>proficimus</strong></span> <span class='ocrx_word' id='word_1_260' title='bbox 1291 1717 1434 1771; x_wconf 88' lang='lat' dir='ltr'><strong>inter</strong></span> <span class='ocrx_word' id='word_1_261' title='bbox 1485 1727 1698 1788; x_wconf 83' lang='lat' dir='ltr'><strong>gentes,</strong></span> <span class='ocrx_word' id='word_1_262' title='bbox 1731 1733 1831 1774; x_wconf 89' lang='lat' dir='ltr'><strong>nec</strong></span> <span class='ocrx_word' id='word_1_263' title='bbox 1860 1729 1944 1774; x_wconf 89' lang='lat' dir='ltr'><strong>est</strong></span> <span class='ocrx_word' id='word_1_264' title='bbox 1981 1735 2105 1790; x_wconf 87' lang='lat' dir='ltr'><strong>spes</strong></span> <span class='ocrx_word' id='word_1_265' title='bbox 2137 1711 2181 1770; x_wconf 86' lang='grc' dir='ltr'><strong>Β</strong></span> <span class='ocrx_word' id='word_1_266' title='bbox 2211 1726 2385 1780; x_wconf 90' lang='lat' dir='ltr'><strong>tuum,</strong></span> <span class='ocrx_word' id='word_1_267' title='bbox 2413 1724 2468 1769; x_wconf 92' lang='lat' dir='ltr'><strong>et</strong></span> <span class='ocrx_word' id='word_1_268' title='bbox 2491 1715 2638 1770; x_wconf 77' lang='lat' dir='ltr'><strong>misit</strong></span> <span class='ocrx_word' id='word_1_269' title='bbox 2664 1729 2882 1771; x_wconf 79' lang='lat' dir='ltr'><strong>unusex</strong></span> <span class='ocrx_word' id='word_1_270' title='bbox 2912 1707 3811 1774; x_wconf 68' lang='lat' dir='ltr'><strong>eislaueeamsuam,cttransfixit</strong></span> 
     </span>
    </p>
   </div>
   <div class='ocr_carea' id='block_1_34' title="bbox 523 1801 1114 1873">
    <p class='ocr_par' dir='ltr' id='par_1_34' title="bbox 523 1801 1114 1873">
     <span class='ocr_line' id='line_1_34' title="bbox 523 1801 1114 1873; baseline 0.008 -18"><span class='ocrx_word' id='word_1_271' title='bbox 523 1801 837 1870; x_wconf 81' lang='lat' dir='ltr'><strong>proficiendi</strong></span> <span class='ocrx_word' id='word_1_272' title='bbox 867 1803 1114 1873; x_wconf 77' lang='lat' dir='ltr'><strong>amplius.</strong></span> 
     </span>
    </p>
   </div>
   <div class='ocr_carea' id='block_1_35' title="bbox 1117 1915 1496 1986">
    <p class='ocr_par' dir='ltr' id='par_1_35' title="bbox 1117 1915 1496 1986">
     <span class='ocr_line' id='line_1_35' title="bbox 1117 1915 1496 1986; baseline -0.008 -10"><span class='ocrx_word' id='word_1_273' title='bbox 1117 1915 1344 1986; x_wconf 78' lang='lat' dir='ltr'><strong>CAPUT</strong></span> <span class='ocrx_word' id='word_1_274' title='bbox 1389 1919 1496 1986; x_wconf 69' lang='lat' dir='ltr'><strong>VII.</strong></span> 
     </span>
    </p>
   </div>
   <div class='ocr_carea' id='block_1_36' title="bbox 611 2006 2037 2134">
    <p class='ocr_par' dir='ltr' id='par_1_36' title="bbox 611 2006 2037 2134">
     <span class='ocr_line' id='line_1_36' title="bbox 611 2006 2037 2134; baseline 0.008 -76"><span class='ocrx_word' id='word_1_275' title='bbox 611 2006 766 2092; x_wconf 70' lang='lat' dir='ltr'><strong>Quod</strong></span> <span class='ocrx_word' id='word_1_276' title='bbox 779 2006 958 2076; x_wconf 76' lang='lat' dir='ltr'><strong>justus</strong></span> <span class='ocrx_word' id='word_1_277' title='bbox 983 2007 1160 2075; x_wconf 62' lang='lat' dir='ltr'><strong>Iesus,</strong></span> <span class='ocrx_word' id='word_1_278' title='bbox 1193 2008 1615 2134; x_wconf 43' lang='lat' dir='ltr'><strong>Christianorum</strong></span> <span class='ocrx_word' id='word_1_279' title='bbox 1649 2011 1806 2081; x_wconf 81' lang='lat' dir='ltr'><strong>Deus,</strong></span> <span class='ocrx_word' id='word_1_280' title='bbox 1831 2015 2037 2087; x_wconf 56' lang='lat' dir='ltr'><strong>injuste,</strong></span> 
     </span>
     <span class='ocr_line' id='line_1_37' title="bbox 926 2091 1448 2134; baseline 0 0"><span class='ocrx_word' id='word_1_281' title='bbox 926 2091 928 2094; x_wconf 78' lang='grc'><em>’</em></span> <span class='ocrx_word' id='word_1_282' title='bbox 1191 2097 1282 2134; x_wconf 78' lang='lat' dir='ltr'><strong>t&#39;eu</strong></span> <span class='ocrx_word' id='word_1_283' title='bbox 1324 2093 1448 2134; x_wconf 72' lang='lat' dir='ltr'><strong>itus.</strong></span> 
     </span>
    </p>
   </div>
   <div class='ocr_carea' id='block_1_37' title="bbox 926 2091 1448 2137">
    <p class='ocr_par' dir='ltr' id='par_1_37' title="bbox 926 2091 1448 2137">
     <span class='ocr_line' id='line_1_38' title="bbox 926 2091 1448 2137; baseline 0.01 -5"><span class='ocrx_word' id='word_1_284' title='bbox 926 2091 928 2094; x_wconf 76' lang='lat'><strong><em>&#39;</em></strong></span> <span class='ocrx_word' id='word_1_285' title='bbox 1191 2091 1448 2137; x_wconf 71' lang='lat' dir='ltr'><strong>venditus.</strong></span> 
     </span>
    </p>
   </div>
   <div class='ocr_carea' id='block_1_38' title="bbox 591 2166 2109 2252">
    <p class='ocr_par' dir='ltr' id='par_1_38' title="bbox 591 2166 2109 2252">
     <span class='ocr_line' id='line_1_39' title="bbox 591 2166 2109 2252; baseline 0.007 -30"><span class='ocrx_word' id='word_1_286' title='bbox 591 2167 934 2252; x_wconf 80' lang='lat' dir='ltr'><strong>Expavesco,</strong></span> <span class='ocrx_word' id='word_1_287' title='bbox 981 2171 1198 2226; x_wconf 89' lang='lat' dir='ltr'><strong>domine</strong></span> <span class='ocrx_word' id='word_1_288' title='bbox 1229 2173 1321 2238; x_wconf 91' lang='lat' dir='ltr'><strong>mi,</strong></span> <span class='ocrx_word' id='word_1_289' title='bbox 1355 2181 1411 2228; x_wconf 89' lang='lat' dir='ltr'><strong>et</strong></span> <span class='ocrx_word' id='word_1_290' title='bbox 1445 2166 1614 2230; x_wconf 87' lang='lat' dir='ltr'><strong>timeo</strong></span> <span class='ocrx_word' id='word_1_291' title='bbox 1640 2175 1784 2245; x_wconf 83' lang='lat' dir='ltr'><strong>quod</strong></span> <span class='ocrx_word' id='word_1_292' title='bbox 1820 2175 1922 2232; x_wconf 88' lang='lat' dir='ltr'><strong>iste</strong></span> <span class='ocrx_word' id='word_1_293' title='bbox 1949 2175 2109 2233; x_wconf 87' lang='lat' dir='ltr'><strong>Iesus</strong></span> 
     </span>
    </p>
   </div>
   <div class='ocr_carea' id='block_1_39' title="bbox 520 2257 2109 2338">
    <p class='ocr_par' dir='ltr' id='par_1_39' title="bbox 520 2257 2109 2338">
     <span class='ocr_line' id='line_1_40' title="bbox 520 2257 2109 2338; baseline 0.006 -26"><span class='ocrx_word' id='word_1_294' title='bbox 520 2257 884 2336; x_wconf 75' lang='lat' dir='ltr'><strong>quem‘colunt</strong></span> <span class='ocrx_word' id='word_1_295' title='bbox 909 2258 1209 2316; x_wconf 84' lang='lat' dir='ltr'><strong>Christiani</strong></span> <span class='ocrx_word' id='word_1_296' title='bbox 1262 2263 1334 2317; x_wconf 90' lang='lat' dir='ltr'><strong>sit</strong></span> <span class='ocrx_word' id='word_1_297' title='bbox 1382 2263 1471 2318; x_wconf 90' lang='lat' dir='ltr'><strong>ille</strong></span> <span class='ocrx_word' id='word_1_298' title='bbox 1503 2261 1684 2331; x_wconf 86' lang='lat' dir='ltr'><strong>justus</strong></span> <span class='ocrx_word' id='word_1_299' title='bbox 1727 2265 1978 2320; x_wconf 90' lang='lat' dir='ltr'><strong>venditus</strong></span> <span class='ocrx_word' id='word_1_300' title='bbox 2010 2281 2109 2338; x_wconf 91' lang='lat' dir='ltr'><strong>pro</strong></span> 
     </span>
    </p>
   </div>
   <div class='ocr_carea' id='block_1_40' title="bbox 523 2352 2108 2429">
    <p class='ocr_par' dir='ltr' id='par_1_40' title="bbox 523 2352 2108 2429">
     <span class='ocr_line' id='line_1_41' title="bbox 523 2352 2108 2429; baseline 0.008 -28"><span class='ocrx_word' id='word_1_301' title='bbox 523 2361 750 2420; x_wconf 76' lang='lat' dir='ltr'><strong>argento</strong></span> <span class='ocrx_word' id='word_1_302' title='bbox 781 2352 1078 2407; x_wconf 83' lang='lat' dir='ltr'><strong>secundum</strong></span> <span class='ocrx_word' id='word_1_303' title='bbox 1109 2354 1276 2409; x_wconf 85' lang='lat' dir='ltr'><strong>Amos</strong></span> <span class='ocrx_word' id='word_1_304' title='bbox 1303 2355 1646 2426; x_wconf 82' lang='lat' dir='ltr'><strong>prophetam.</strong></span> <span class='ocrx_word' id='word_1_305' title='bbox 1680 2357 1748 2412; x_wconf 83' lang='lat' dir='ltr'><strong>Et</strong></span> <span class='ocrx_word' id='word_1_306' title='bbox 1785 2357 1946 2414; x_wconf 87' lang='lat' dir='ltr'><strong>timeo</strong></span> <span class='ocrx_word' id='word_1_307' title='bbox 1965 2360 2108 2429; x_wconf 88' lang='lat' dir='ltr'><strong>quod</strong></span> 
     </span>
    </p>
   </div>
   <div class='ocr_carea' id='block_1_41' title="bbox 521 2431 2108 2513">
    <p class='ocr_par' dir='ltr' id='par_1_41' title="bbox 521 2431 2108 2513">
     <span class='ocr_line' id='line_1_42' title="bbox 521 2431 2108 2513; baseline 0.008 -20"><span class='ocrx_word' id='word_1_308' title='bbox 521 2437 588 2494; x_wconf 88' lang='lat' dir='ltr'><strong>de</strong></span> <span class='ocrx_word' id='word_1_309' title='bbox 617 2431 734 2512; x_wconf 74' lang='lat' dir='ltr'><strong>ipSo</strong></span> <span class='ocrx_word' id='word_1_310' title='bbox 786 2451 912 2497; x_wconf 87' lang='lat' dir='ltr'><strong>sunt</strong></span> <span class='ocrx_word' id='word_1_311' title='bbox 955 2443 1070 2498; x_wconf 59' lang='lat' dir='ltr'><strong>hinc</strong></span> <span class='ocrx_word' id='word_1_312' title='bbox 1108 2459 1228 2513; x_wconf 63' lang='lat' dir='ltr'><strong>qua:</strong></span> <span class='ocrx_word' id='word_1_313' title='bbox 1276 2445 1406 2500; x_wconf 86' lang='lat' dir='ltr'><strong>mihi</strong></span> <span class='ocrx_word' id='word_1_314' title='bbox 1463 2457 1760 2504; x_wconf 88' lang='lat' dir='ltr'><strong>occurrunt</strong></span> <span class='ocrx_word' id='word_1_315' title='bbox 1798 2451 2108 2504; x_wconf 89' lang='lat' dir='ltr'><strong>testimonia</strong></span> 
     </span>
    </p>
   </div>
   <div class='ocr_carea' id='block_1_42' title="bbox 521 2525 2109 2610">
    <p class='ocr_par' dir='ltr' id='par_1_42' title="bbox 521 2525 2109 2610">
     <span class='ocr_line' id='line_1_43' title="bbox 521 2525 2109 2610; baseline 0.009 -27"><span class='ocrx_word' id='word_1_316' title='bbox 521 2531 930 2610; x_wconf 81' lang='lat' dir='ltr'><strong>prophetarum,</strong></span> <span class='ocrx_word' id='word_1_317' title='bbox 973 2543 1028 2589; x_wconf 92' lang='lat' dir='ltr'><strong>et</strong></span> <span class='ocrx_word' id='word_1_318' title='bbox 1071 2534 1162 2590; x_wconf 89' lang='lat' dir='ltr'><strong>illa</strong></span> <span class='ocrx_word' id='word_1_319' title='bbox 1210 2537 1400 2592; x_wconf 80' lang='lat' dir='ltr'><strong>eadem</strong></span> <span class='ocrx_word' id='word_1_320' title='bbox 1445 2537 1500 2592; x_wconf 88' lang='lat' dir='ltr'><strong>in</strong></span> <span class='ocrx_word' id='word_1_321' title='bbox 1548 2539 1794 2595; x_wconf 88' lang='lat' dir='ltr'><strong>doctrina</strong></span> <span class='ocrx_word' id='word_1_322' title='bbox 1823 2531 1922 2596; x_wconf 72' lang='lat' dir='ltr'><strong>Sua</strong></span> <span class='ocrx_word' id='word_1_323' title='bbox 1955 2525 2109 2598; x_wconf 84' lang='lat' dir='ltr'><strong>valde</strong></span> 
     </span>
    </p>
   </div>
   <div class='ocr_carea' id='block_1_43' title="bbox 525 2621 2106 2702">
    <p class='ocr_par' dir='ltr' id='par_1_43' title="bbox 525 2621 2106 2702">
     <span class='ocr_line' id='line_1_44' title="bbox 525 2621 2106 2702; baseline 0.009 -27"><span class='ocrx_word' id='word_1_324' title='bbox 525 2633 712 2694; x_wconf 82' lang='lat' dir='ltr'><strong>aperte</strong></span> <span class='ocrx_word' id='word_1_325' title='bbox 742 2624 1016 2694; x_wconf 86' lang='lat' dir='ltr'><strong>applicant</strong></span> <span class='ocrx_word' id='word_1_326' title='bbox 1053 2627 1370 2684; x_wconf 83' lang='lat' dir='ltr'><strong>Christiani.</strong></span> <span class='ocrx_word' id='word_1_327' title='bbox 1421 2629 1589 2685; x_wconf 89' lang='lat' dir='ltr'><strong>Isaias</strong></span> <span class='ocrx_word' id='word_1_328' title='bbox 1615 2621 1903 2702; x_wconf 79' lang='lat' dir='ltr'><strong>propheta</strong></span> <span class='ocrx_word' id='word_1_329' title='bbox 1934 2633 2106 2690; x_wconf 87' lang='lat' dir='ltr'><strong>dicit:</strong></span> 
     </span>
    </p>
   </div>
   <div class='ocr_carea' id='block_1_44' title="bbox 529 2709 2110 2798">
    <p class='ocr_par' dir='ltr' id='par_1_44' title="bbox 529 2709 2110 2798">
     <span class='ocr_line' id='line_1_45' title="bbox 529 2709 2110 2798; baseline 0.009 -32"><span class='ocrx_word' id='word_1_330' title='bbox 529 2731 550 2764; x_wconf 78' lang='grc' dir='ltr'><strong>ι</strong></span> <span class='ocrx_word' id='word_1_331' title='bbox 571 2709 681 2768; x_wconf 61' lang='grc' dir='ltr'><strong>ναξ</strong></span> <span class='ocrx_word' id='word_1_332' title='bbox 709 2717 855 2786; x_wconf 78' lang='lat' dir='ltr'><strong>genti</strong></span> <span class='ocrx_word' id='word_1_333' title='bbox 883 2713 1202 2786; x_wconf 36' lang='lat' dir='ltr'><strong>pe‘ccatrici,</strong></span> <span class='ocrx_word' id='word_1_334' title='bbox 1235 2720 1362 2775; x_wconf 82' lang='lat' dir='ltr'><strong>ﬁliis</strong></span> <span class='ocrx_word' id='word_1_335' title='bbox 1392 2721 1695 2789; x_wconf 86' lang='lat' dir='ltr'><strong>sceleratis,</strong></span> <span class='ocrx_word' id='word_1_336' title='bbox 1724 2723 1978 2794; x_wconf 90' lang='lat' dir='ltr'><strong>quoniam</strong></span> <span class='ocrx_word' id='word_1_337' title='bbox 2006 2726 2110 2798; x_wconf 93' lang='lat' dir='ltr'><strong>ipsi</strong></span> 
     </span>
    </p>
   </div>
   <div class='ocr_carea' id='block_1_45' title="bbox 522 2803 2109 2882">
    <p class='ocr_par' dir='ltr' id='par_1_45' title="bbox 522 2803 2109 2882">
     <span class='ocr_line' id='line_1_46' title="bbox 522 2803 2109 2882; baseline 0.008 -22"><span class='ocrx_word' id='word_1_338' title='bbox 522 2803 916 2876; x_wconf 77' lang='lat' dir='ltr'><strong>elongaveruut</strong></span> <span class='ocrx_word' id='word_1_339' title='bbox 938 2825 997 2866; x_wconf 80' lang='lat' dir='ltr'><strong>se</strong></span> <span class='ocrx_word' id='word_1_340' title='bbox 1024 2825 1054 2864; x_wconf 89' lang='lat' dir='ltr'><strong>a</strong></span> <span class='ocrx_word' id='word_1_341' title='bbox 1079 2809 1213 2876; x_wconf 84' lang='lat' dir='ltr'><strong>Deo,</strong></span> <span class='ocrx_word' id='word_1_342' title='bbox 1237 2822 1292 2866; x_wconf 87' lang='lat' dir='ltr'><strong>et</strong></span> <span class='ocrx_word' id='word_1_343' title='bbox 1321 2812 1832 2882; x_wconf 82' lang='lat' dir='ltr'><strong>blasplicmaverunt</strong></span> <span class='ocrx_word' id='word_1_344' title='bbox 1859 2825 2109 2872; x_wconf 87' lang='lat' dir='ltr'><strong>sanctum</strong></span> 
     </span>
    </p>
   </div>
   <div class='ocr_carea' id='block_1_46' title="bbox 523 2891 2107 2976">
    <p class='ocr_par' dir='ltr' id='par_1_46' title="bbox 523 2891 2107 2976">
     <span class='ocr_line' id='line_1_47' title="bbox 523 2891 2107 2976; baseline 0.008 -27"><span class='ocrx_word' id='word_1_345' title='bbox 523 2895 668 2966; x_wconf 70' lang='lat' dir='ltr'><strong>ejus,</strong></span> <span class='ocrx_word' id='word_1_346' title='bbox 701 2891 756 2951; x_wconf 89' lang='lat' dir='ltr'><strong>et</strong></span> <span class='ocrx_word' id='word_1_347' title='bbox 809 2893 1054 2953; x_wconf 85' lang='lat' dir='ltr'><strong>inclinati</strong></span> <span class='ocrx_word' id='word_1_348' title='bbox 1097 2909 1227 2955; x_wconf 88' lang='lat' dir='ltr'><strong>sunt</strong></span> <span class='ocrx_word' id='word_1_349' title='bbox 1271 2911 1570 2956; x_wconf 88' lang='lat' dir='ltr'><strong>retrorsum</strong></span> <span class='ocrx_word' id='word_1_350' title='bbox 1593 2891 1759 2974; x_wconf 31' lang='lat' dir='ltr'><strong>&#39;(lsat&#39;.</strong></span> <span class='ocrx_word' id='word_1_351' title='bbox 1791 2903 1854 2976; x_wconf 85' lang='grc' dir='ltr'><strong>ι).</strong></span> <span class='ocrx_word' id='word_1_352' title='bbox 1894 2923 1916 2968; x_wconf 66' lang='lat' dir='ltr'><strong>t</strong></span> <span class='ocrx_word' id='word_1_353' title='bbox 1976 2901 2107 2962; x_wconf 84' lang='lat' dir='ltr'><strong>Item</strong></span> 
     </span>
    </p>
   </div>
   <div class='ocr_carea' id='block_1_47' title="bbox 523 2979 2106 3074">
    <p class='ocr_par' dir='ltr' id='par_1_47' title="bbox 523 2979 2106 3074">
     <span class='ocr_line' id='line_1_48' title="bbox 523 2979 2106 3074; baseline 0.007 -29"><span class='ocrx_word' id='word_1_354' title='bbox 523 2991 671 3074; x_wconf 71' lang='lat' dir='ltr'><strong>idem</strong></span> <span class='ocrx_word' id='word_1_355' title='bbox 701 2985 962 3074; x_wconf 80' lang='lat' dir='ltr'><strong>propheta</strong></span> <span class='ocrx_word' id='word_1_356' title='bbox 1001 2995 1133 3050; x_wconf 88' lang='lat' dir='ltr'><strong>dicit</strong></span> <span class='ocrx_word' id='word_1_357' title='bbox 1175 3012 1188 3049; x_wconf 89' lang='lat'><strong>:</strong></span> <span class='ocrx_word' id='word_1_358' title='bbox 1236 3014 1256 3048; x_wconf 71' lang='grc' dir='ltr'><strong><em>ο</em></strong></span> <span class='ocrx_word' id='word_1_359' title='bbox 1285 2979 1476 3063; x_wconf 27' lang='grc' dir='ltr'><strong>τριιειεί</strong></span> <span class='ocrx_word' id='word_1_360' title='bbox 1506 2998 1622 3052; x_wconf 90' lang='lat' dir='ltr'><strong>ovis</strong></span> <span class='ocrx_word' id='word_1_361' title='bbox 1664 2998 1730 3053; x_wconf 89' lang='lat' dir='ltr'><strong>ad</strong></span> <span class='ocrx_word' id='word_1_362' title='bbox 1780 2999 2106 3056; x_wconf 89' lang='lat' dir='ltr'><strong>occisionem</strong></span> 
     </span>
    </p>
   </div>
   <div class='ocr_carea' id='block_1_48' title="bbox 525 3061 2180 3164">
    <p class='ocr_par' dir='ltr' id='par_1_48' title="bbox 525 3061 2180 3164">
     <span class='ocr_line' id='line_1_49' title="bbox 525 3061 2180 3164; baseline 0.005 -28"><span class='ocrx_word' id='word_1_363' title='bbox 525 3061 720 3138; x_wconf 75' lang='lat' dir='ltr'><strong>ductus</strong></span> <span class='ocrx_word' id='word_1_364' title='bbox 747 3061 876 3152; x_wconf 59' lang='lat' dir='ltr'><strong>est;</strong></span> <span class='ocrx_word' id='word_1_365' title='bbox 908 3087 1000 3158; x_wconf 87' lang='lat' dir='ltr'><strong>qui</strong></span> <span class='ocrx_word' id='word_1_366' title='bbox 1027 3102 1136 3143; x_wconf 89' lang='lat' dir='ltr'><strong>non</strong></span> <span class='ocrx_word' id='word_1_367' title='bbox 1167 3061 1378 3158; x_wconf 79' lang='lat' dir='ltr'><strong>aperuit</strong></span> <span class='ocrx_word' id='word_1_368' title='bbox 1419 3105 1481 3144; x_wconf 91' lang='lat' dir='ltr'><strong>os</strong></span> <span class='ocrx_word' id='word_1_369' title='bbox 1510 3105 1666 3145; x_wconf 90' lang='lat' dir='ltr'><strong>suum</strong></span> <span class='ocrx_word' id='word_1_370' title='bbox 1708 3089 2040 3164; x_wconf 54' lang='lat' dir='ltr'><strong>(hat-Lm).</strong></span> <span class='ocrx_word' id='word_1_371' title='bbox 2083 3111 2103 3144; x_wconf 78' lang='grc' dir='ltr'><strong>ι</strong></span> <span class='ocrx_word' id='word_1_372' title='bbox 2135 3061 2180 3124; x_wconf 78' lang='lat' dir='ltr'><strong><em>C</em></strong></span> 
     </span>
    </p>
   </div>
   <div class='ocr_carea' id='block_1_49' title="bbox 523 3171 2112 3259">
    <p class='ocr_par' dir='ltr' id='par_1_49' title="bbox 523 3171 2112 3259">
     <span class='ocr_line' id='line_1_50' title="bbox 523 3171 2112 3259; baseline 0.006 -28"><span class='ocrx_word' id='word_1_373' title='bbox 523 3175 656 3252; x_wconf 86' lang='lat' dir='ltr'><strong>Item</strong></span> <span class='ocrx_word' id='word_1_374' title='bbox 682 3177 813 3234; x_wconf 81' lang='lat' dir='ltr'><strong>dicit</strong></span> <span class='ocrx_word' id='word_1_375' title='bbox 845 3198 858 3234; x_wconf 93' lang='lat'><strong>:</strong></span> <span class='ocrx_word' id='word_1_376' title='bbox 898 3181 1052 3259; x_wconf 70' lang='lat' dir='ltr'><strong>t‘Vir</strong></span> <span class='ocrx_word' id='word_1_377' title='bbox 1089 3182 1292 3238; x_wconf 87' lang='lat' dir='ltr'><strong>habens</strong></span> <span class='ocrx_word' id='word_1_378' title='bbox 1319 3183 1560 3258; x_wconf 82' lang='lat' dir='ltr'><strong>dolorem</strong></span> <span class='ocrx_word' id='word_1_379' title='bbox 1595 3185 1850 3244; x_wconf 84' lang='lat' dir='ltr'><strong>etscieus</strong></span> <span class='ocrx_word' id='word_1_380' title='bbox 1880 3171 2112 3240; x_wconf 54' lang='lat' dir='ltr'><strong>infirmi;</strong></span> 
     </span>
    </p>
   </div>
   <div class='ocr_carea' id='block_1_50' title="bbox 524 3261 2111 3350">
    <p class='ocr_par' dir='ltr' id='par_1_50' title="bbox 524 3261 2111 3350">
     <span class='ocr_line' id='line_1_51' title="bbox 524 3261 2111 3350; baseline 0.005 -28"><span class='ocrx_word' id='word_1_381' title='bbox 524 3263 692 3350; x_wconf 70' lang='lat' dir='ltr'><strong>tatem</strong></span> <span class='ocrx_word' id='word_1_382' title='bbox 721 3261 890 3342; x_wconf 69' lang='lat' dir='ltr'><strong>&quot;ibid.)</strong></span> <span class='ocrx_word' id='word_1_383' title='bbox 938 3289 960 3323; x_wconf 77' lang='grc' dir='ltr'><strong>ι</strong></span> <span class='ocrx_word' id='word_1_384' title='bbox 1011 3263 1189 3327; x_wconf 53' lang='lat' dir='ltr'><strong>Item}</strong></span> <span class='ocrx_word' id='word_1_385' title='bbox 1223 3291 1242 3324; x_wconf 71' lang='grc' dir='ltr'><strong>ι</strong></span> <span class='ocrx_word' id='word_1_386' title='bbox 1275 3273 1400 3328; x_wconf 82' lang='lat' dir='ltr'><strong>Fuit</strong></span> <span class='ocrx_word' id='word_1_387' title='bbox 1447 3273 1735 3344; x_wconf 85' lang='lat' dir='ltr'><strong>despectus</strong></span> <span class='ocrx_word' id='word_1_388' title='bbox 1783 3283 1840 3332; x_wconf 90' lang='lat' dir='ltr'><strong>et</strong></span> <span class='ocrx_word' id='word_1_389' title='bbox 1887 3284 2111 3347; x_wconf 89' lang='lat' dir='ltr'><strong>propter</strong></span> 
     </span>
    </p>
   </div>
   <div class='ocr_carea' id='block_1_51' title="bbox 523 3357 2108 3438">
    <p class='ocr_par' dir='ltr' id='par_1_51' title="bbox 523 3357 2108 3438">
     <span class='ocr_line' id='line_1_52' title="bbox 523 3357 2108 3438; baseline 0.003 -20"><span class='ocrx_word' id='word_1_390' title='bbox 523 3364 628 3419; x_wconf 87' lang='lat' dir='ltr'><strong>hoc</strong></span> <span class='ocrx_word' id='word_1_391' title='bbox 669 3381 775 3420; x_wconf 89' lang='lat' dir='ltr'><strong>non</strong></span> <span class='ocrx_word' id='word_1_392' title='bbox 807 3357 1178 3434; x_wconf 87' lang='lat' dir='ltr'><strong>reputavimus</strong></span> <span class='ocrx_word' id='word_1_393' title='bbox 1222 3383 1378 3432; x_wconf 88' lang='lat' dir='ltr'><strong>eum;</strong></span> <span class='ocrx_word' id='word_1_394' title='bbox 1410 3369 1525 3438; x_wconf 88' lang='lat' dir='ltr'><strong>ipse</strong></span> <span class='ocrx_word' id='word_1_395' title='bbox 1569 3368 1715 3424; x_wconf 91' lang='lat' dir='ltr'><strong>enim</strong></span> <span class='ocrx_word' id='word_1_396' title='bbox 1757 3369 1973 3425; x_wconf 89' lang='lat' dir='ltr'><strong>oblatus</strong></span> <span class='ocrx_word' id='word_1_397' title='bbox 2002 3380 2108 3436; x_wconf 88' lang='lat' dir='ltr'><strong>est,</strong></span> 
     </span>
    </p>
   </div>
   <div class='ocr_carea' id='block_1_52' title="bbox 522 3447 2108 3534">
    <p class='ocr_par' dir='ltr' id='par_1_52' title="bbox 522 3447 2108 3534">
     <span class='ocr_line' id='line_1_53' title="bbox 522 3447 2108 3534; baseline 0.004 -24"><span class='ocrx_word' id='word_1_398' title='bbox 522 3447 646 3526; x_wconf 84' lang='lat' dir='ltr'><strong>quia</strong></span> <span class='ocrx_word' id='word_1_399' title='bbox 676 3457 792 3534; x_wconf 87' lang='lat' dir='ltr'><strong>ipse</strong></span> <span class='ocrx_word' id='word_1_400' title='bbox 815 3459 981 3513; x_wconf 89' lang='lat' dir='ltr'><strong>voluit</strong></span> <span class='ocrx_word' id='word_1_401' title='bbox 1006 3459 1203 3531; x_wconf 80' lang='lat' dir='ltr'><strong>(ibid.).</strong></span> <span class='ocrx_word' id='word_1_402' title='bbox 1242 3479 1261 3512; x_wconf 71' lang='grc' dir='ltr'><strong>ι</strong></span> <span class='ocrx_word' id='word_1_403' title='bbox 1291 3459 1424 3515; x_wconf 90' lang='lat' dir='ltr'><strong>Item</strong></span> <span class='ocrx_word' id='word_1_404' title='bbox 1451 3475 1467 3516; x_wconf 87' lang='lat'><strong>:</strong></span> <span class='ocrx_word' id='word_1_405' title='bbox 1498 3481 1516 3514; x_wconf 72' lang='grc' dir='ltr'><strong>ι</strong></span> <span class='ocrx_word' id='word_1_406' title='bbox 1549 3461 1899 3533; x_wconf 77' lang='lat' dir='ltr'><strong>De&#39;angustia</strong></span> <span class='ocrx_word' id='word_1_407' title='bbox 1914 3462 2108 3532; x_wconf 83' lang='lat' dir='ltr'><strong>judicii</strong></span> 
     </span>
    </p>
   </div>
   <div class='ocr_carea' id='block_1_53' title="bbox 523 3537 2108 3625">
    <p class='ocr_par' dir='ltr' id='par_1_53' title="bbox 523 3537 2108 3625">
     <span class='ocr_line' id='line_1_54' title="bbox 523 3537 2108 3625; baseline 0.004 -23"><span class='ocrx_word' id='word_1_408' title='bbox 523 3537 801 3618; x_wconf 73' lang='lat' dir='ltr'><strong>depositus</strong></span> <span class='ocrx_word' id='word_1_409' title='bbox 861 3562 984 3615; x_wconf 86' lang='lat' dir='ltr'><strong>est,</strong></span> <span class='ocrx_word' id='word_1_410' title='bbox 1049 3551 1448 3621; x_wconf 76' lang='lat' dir='ltr'><strong>generationem</strong></span> <span class='ocrx_word' id='word_1_411' title='bbox 1527 3551 1642 3623; x_wconf 88' lang='lat' dir='ltr'><strong>ejus</strong></span> <span class='ocrx_word' id='word_1_412' title='bbox 1690 3556 1812 3625; x_wconf 90' lang='lat' dir='ltr'><strong>quis</strong></span> <span class='ocrx_word' id='word_1_413' title='bbox 1883 3569 2108 3610; x_wconf 64' lang='lat' dir='ltr'><strong>enarra«</strong></span> 
     </span>
    </p>
   </div>
   <div class='ocr_carea' id='block_1_54' title="bbox 520 3637 2106 3716">
    <p class='ocr_par' dir='ltr' id='par_1_54' title="bbox 520 3637 2106 3716">
     <span class='ocr_line' id='line_1_55' title="bbox 520 3637 2106 3716; baseline 0.006 -25"><span class='ocrx_word' id='word_1_414' title='bbox 520 3637 601 3702; x_wconf 78' lang='lat' dir='ltr'><strong>bit</strong></span> <span class='ocrx_word' id='word_1_415' title='bbox 625 3639 840 3712; x_wconf 83' lang='lat' dir='ltr'><strong>(ibid.)?</strong></span> <span class='ocrx_word' id='word_1_416' title='bbox 878 3661 897 3694; x_wconf 73' lang='grc' dir='ltr'><strong>ι</strong></span> <span class='ocrx_word' id='word_1_417' title='bbox 946 3641 1080 3696; x_wconf 88' lang='lat' dir='ltr'><strong>Item</strong></span> <span class='ocrx_word' id='word_1_418' title='bbox 1115 3641 1136 3694; x_wconf 79' lang='grc' dir='ltr'><strong>ε’</strong></span> <span class='ocrx_word' id='word_1_419' title='bbox 1166 3661 1185 3694; x_wconf 75' lang='grc' dir='ltr'><strong>ι</strong></span> <span class='ocrx_word' id='word_1_420' title='bbox 1219 3641 1450 3713; x_wconf 87' lang='lat' dir='ltr'><strong>Propter</strong></span> <span class='ocrx_word' id='word_1_421' title='bbox 1493 3645 1704 3714; x_wconf 89' lang='lat' dir='ltr'><strong>culpam</strong></span> <span class='ocrx_word' id='word_1_422' title='bbox 1755 3645 1934 3716; x_wconf 91' lang='lat' dir='ltr'><strong>populi</strong></span> <span class='ocrx_word' id='word_1_423' title='bbox 1999 3644 2106 3700; x_wconf 85' lang='lat' dir='ltr'><strong>mei</strong></span> 
     </span>
    </p>
   </div>
   <div class='ocr_carea' id='block_1_55' title="bbox 525 3719 2107 3806">
    <p class='ocr_par' dir='ltr' id='par_1_55' title="bbox 525 3719 2107 3806">
     <span class='ocr_line' id='line_1_56' title="bbox 525 3719 2107 3806; baseline 0.005 -22"><span class='ocrx_word' id='word_1_424' title='bbox 525 3721 770 3786; x_wconf 67' lang='lat' dir='ltr'><strong>transfixi</strong></span> <span class='ocrx_word' id='word_1_425' title='bbox 805 3719 953 3798; x_wconf 80' lang='lat' dir='ltr'><strong>eum,</strong></span> <span class='ocrx_word' id='word_1_426' title='bbox 1006 3740 1062 3787; x_wconf 93' lang='lat' dir='ltr'><strong>et</strong></span> <span class='ocrx_word' id='word_1_427' title='bbox 1103 3731 1254 3786; x_wconf 86' lang='lat' dir='ltr'><strong>dabit</strong></span> <span class='ocrx_word' id='word_1_428' title='bbox 1301 3733 1648 3802; x_wconf 84' lang='lat' dir='ltr'><strong>injuriatores</strong></span> <span class='ocrx_word' id='word_1_429' title='bbox 1686 3751 1784 3806; x_wconf 89' lang='lat' dir='ltr'><strong>pro</strong></span> <span class='ocrx_word' id='word_1_430' title='bbox 1829 3734 2107 3806; x_wconf 87' lang='lat' dir='ltr'><strong>sepultura</strong></span> 
     </span>
    </p>
   </div>
   <div class='ocr_carea' id='block_1_56' title="bbox 523 3813 2109 3906">
    <p class='ocr_par' dir='ltr' id='par_1_56' title="bbox 523 3813 2109 3906">
     <span class='ocr_line' id='line_1_57' title="bbox 523 3813 2109 3906; baseline 0.005 -29"><span class='ocrx_word' id='word_1_431' title='bbox 523 3813 913 3906; x_wconf 53' lang='lat' dir='ltr'><strong>et&#39;divitespro</strong></span> <span class='ocrx_word' id='word_1_432' title='bbox 943 3833 1115 3880; x_wconf 86' lang='lat' dir='ltr'><strong>morte</strong></span> <span class='ocrx_word' id='word_1_433' title='bbox 1142 3841 1240 3902; x_wconf 82' lang='lat' dir='ltr'><strong>sua</strong></span> <span class='ocrx_word' id='word_1_434' title='bbox 1275 3826 1475 3906; x_wconf 49' lang='lat' dir='ltr'><strong>(ibid).</strong></span> <span class='ocrx_word' id='word_1_435' title='bbox 1517 3848 1534 3880; x_wconf 71' lang='grc' dir='ltr'><strong>ι</strong></span> <span class='ocrx_word' id='word_1_436' title='bbox 1676 3829 1862 3906; x_wconf 85' lang='lat' dir='ltr'><strong>timeo,</strong></span> <span class='ocrx_word' id='word_1_437' title='bbox 1893 3830 2109 3892; x_wconf 77' lang='lat' dir='ltr'><strong>domine</strong></span> 
     </span>
    </p>
   </div>
   <div class='ocr_carea' id='block_1_57' title="bbox 523 3901 2110 3990">
    <p class='ocr_par' dir='ltr' id='par_1_57' title="bbox 523 3901 2110 3990">
     <span class='ocr_line' id='line_1_58' title="bbox 523 3901 2110 3990; baseline 0.004 -21"><span class='ocrx_word' id='word_1_438' title='bbox 523 3901 620 3982; x_wconf 69' lang='lat' dir='ltr'><strong>ini,</strong></span> <span class='ocrx_word' id='word_1_439' title='bbox 651 3909 796 3986; x_wconf 86' lang='lat' dir='ltr'><strong>quod</strong></span> <span class='ocrx_word' id='word_1_440' title='bbox 819 3915 1166 3988; x_wconf 85' lang='lat' dir='ltr'><strong>injuriatores</strong></span> <span class='ocrx_word' id='word_1_441' title='bbox 1209 3901 1428 3973; x_wconf 80' lang='lat' dir='ltr'><strong>fuerunt</strong></span> <span class='ocrx_word' id='word_1_442' title='bbox 1457 3901 1641 3990; x_wconf 79' lang='lat' dir='ltr'><strong>patres</strong></span> <span class='ocrx_word' id='word_1_443' title='bbox 1679 3901 1848 3976; x_wconf 84' lang='lat' dir='ltr'><strong>nostri</strong></span> <span class='ocrx_word' id='word_1_444' title='bbox 1881 3930 1933 3975; x_wconf 89' lang='lat' dir='ltr'><strong>et</strong></span> <span class='ocrx_word' id='word_1_445' title='bbox 1970 3921 2110 3976; x_wconf 88' lang='lat' dir='ltr'><strong>divi-</strong></span> 
     </span>
    </p>
   </div>
   <div class='ocr_carea' id='block_1_58' title="bbox 523 4005 2108 4081">
    <p class='ocr_par' dir='ltr' id='par_1_58' title="bbox 523 4005 2108 4081">
     <span class='ocr_line' id='line_1_59' title="bbox 523 4005 2108 4081; baseline 0.003 -19"><span class='ocrx_word' id='word_1_446' title='bbox 523 4005 627 4072; x_wconf 86' lang='lat' dir='ltr'><strong>tes,</strong></span> <span class='ocrx_word' id='word_1_447' title='bbox 651 4007 882 4075; x_wconf 84' lang='lat' dir='ltr'><strong>Pilatus,</strong></span> <span class='ocrx_word' id='word_1_448' title='bbox 911 4021 962 4063; x_wconf 93' lang='lat' dir='ltr'><strong>et</strong></span> <span class='ocrx_word' id='word_1_449' title='bbox 991 4007 1254 4076; x_wconf 83' lang='lat' dir='ltr'><strong>Herodes,</strong></span> <span class='ocrx_word' id='word_1_450' title='bbox 1287 4019 1343 4064; x_wconf 92' lang='lat' dir='ltr'><strong>et</strong></span> <span class='ocrx_word' id='word_1_451' title='bbox 1377 4010 1531 4065; x_wconf 84' lang='lat' dir='ltr'><strong>Anna</strong></span> <span class='ocrx_word' id='word_1_452' title='bbox 1556 4009 1813 4081; x_wconf 87' lang='lat' dir='ltr'><strong>Caiphas,</strong></span> <span class='ocrx_word' id='word_1_453' title='bbox 1856 4011 1998 4067; x_wconf 91' lang='lat' dir='ltr'><strong>sicut</strong></span> <span class='ocrx_word' id='word_1_454' title='bbox 2026 4012 2108 4066; x_wconf 91' lang='lat' dir='ltr'><strong>di-</strong></span> 
     </span>
    </p>
   </div>
   <div class='ocr_carea' id='block_1_59' title="bbox 522 4087 2108 4180">
    <p class='ocr_par' dir='ltr' id='par_1_59' title="bbox 522 4087 2108 4180">
     <span class='ocr_line' id='line_1_60' title="bbox 522 4087 2108 4180; baseline 0.002 -24"><span class='ocrx_word' id='word_1_455' title='bbox 522 4087 888 4180; x_wconf 44' lang='lat' dir='ltr'><strong>cit&#39;propheta&#39;</strong></span> <span class='ocrx_word' id='word_1_456' title='bbox 933 4101 1140 4156; x_wconf 88' lang='lat' dir='ltr'><strong>David:</strong></span> <span class='ocrx_word' id='word_1_457' title='bbox 1173 4120 1192 4153; x_wconf 78' lang='grc' dir='ltr'><strong>ι</strong></span> <span class='ocrx_word' id='word_1_458' title='bbox 1221 4101 1693 4157; x_wconf 82' lang='lat' dir='ltr'><strong>Consurrexerunt</strong></span> <span class='ocrx_word' id='word_1_459' title='bbox 1736 4117 1925 4158; x_wconf 87' lang='lat' dir='ltr'><strong>omnes</strong></span> <span class='ocrx_word' id='word_1_460' title='bbox 1953 4097 2108 4174; x_wconf 78' lang='lat' dir='ltr'><strong>reges</strong></span> 
     </span>
    </p>
   </div>
   <div class='ocr_carea' id='block_1_60' title="bbox 523 4181 2104 4260">
    <p class='ocr_par' dir='ltr' id='par_1_60' title="bbox 523 4181 2104 4260">
     <span class='ocr_line' id='line_1_61' title="bbox 523 4181 2104 4260; baseline 0.001 -12"><span class='ocrx_word' id='word_1_461' title='bbox 523 4187 684 4248; x_wconf 75' lang='lat' dir='ltr'><strong>terra:</strong></span> <span class='ocrx_word' id='word_1_462' title='bbox 729 4181 783 4247; x_wconf 78' lang='lat' dir='ltr'><strong>et</strong></span> <span class='ocrx_word' id='word_1_463' title='bbox 827 4191 1079 4260; x_wconf 81' lang='lat' dir='ltr'><strong>majores,</strong></span> <span class='ocrx_word' id='word_1_464' title='bbox 1129 4188 1184 4248; x_wconf 83' lang='lat' dir='ltr'><strong>et</strong></span> <span class='ocrx_word' id='word_1_465' title='bbox 1211 4202 1402 4249; x_wconf 82' lang='lat' dir='ltr'><strong>contra</strong></span> <span class='ocrx_word' id='word_1_466' title='bbox 1433 4195 1602 4250; x_wconf 89' lang='lat' dir='ltr'><strong>Deum</strong></span> <span class='ocrx_word' id='word_1_467' title='bbox 1629 4203 1684 4252; x_wconf 92' lang='lat' dir='ltr'><strong>et</strong></span> <span class='ocrx_word' id='word_1_468' title='bbox 1714 4204 1905 4252; x_wconf 88' lang='lat' dir='ltr'><strong>contra</strong></span> <span class='ocrx_word' id='word_1_469' title='bbox 1945 4195 2104 4250; x_wconf 89' lang='lat' dir='ltr'><strong>Chri-</strong></span> 
     </span>
    </p>
   </div>
   <div class='ocr_carea' id='block_1_61' title="bbox 520 4281 2106 4358">
    <p class='ocr_par' dir='ltr' id='par_1_61' title="bbox 520 4281 2106 4358">
     <span class='ocr_line' id='line_1_62' title="bbox 520 4281 2106 4358; baseline 0.002 -20"><span class='ocrx_word' id='word_1_470' title='bbox 520 4293 664 4339; x_wconf 90' lang='lat' dir='ltr'><strong>stum</strong></span> <span class='ocrx_word' id='word_1_471' title='bbox 693 4281 810 4352; x_wconf 89' lang='lat' dir='ltr'><strong>ejus</strong></span> <span class='ocrx_word' id='word_1_472' title='bbox 834 4281 1006 4356; x_wconf 82' lang='lat' dir='ltr'><strong>(Psal.</strong></span> <span class='ocrx_word' id='word_1_473' title='bbox 1033 4285 1116 4354; x_wconf 87' lang='lat' dir='ltr'><strong>II).</strong></span> <span class='ocrx_word' id='word_1_474' title='bbox 1157 4303 1174 4336; x_wconf 82' lang='grc'>›</span> <span class='ocrx_word' id='word_1_475' title='bbox 1203 4285 1378 4356; x_wconf 73' lang='lat' dir='ltr'><strong>Iteges</strong></span> <span class='ocrx_word' id='word_1_476' title='bbox 1403 4287 1612 4342; x_wconf 89' lang='lat' dir='ltr'><strong>scilicet</strong></span> <span class='ocrx_word' id='word_1_477' title='bbox 1641 4287 1914 4358; x_wconf 66' lang='lat' dir='ltr'><strong>praedicti;</strong></span> <span class='ocrx_word' id='word_1_478' title='bbox 1941 4285 2106 4356; x_wconf 86' lang='lat' dir='ltr'><strong>majo-</strong></span> 
     </span>
    </p>
   </div>
   <div class='ocr_carea' id='block_1_62' title="bbox 521 4366 2180 4480">
    <p class='ocr_par' dir='ltr' id='par_1_62' title="bbox 521 4366 2180 4480">
     <span class='ocr_line' id='line_1_63' title="bbox 521 4366 2180 4480; baseline 0.004 -49"><span class='ocrx_word' id='word_1_479' title='bbox 521 4366 633 4442; x_wconf 84' lang='lat' dir='ltr'><strong>res,</strong></span> <span class='ocrx_word' id='word_1_480' title='bbox 662 4369 870 4430; x_wconf 76' lang='lat' dir='ltr'><strong>scilicet</strong></span> <span class='ocrx_word' id='word_1_481' title='bbox 913 4379 1100 4446; x_wconf 85' lang='lat' dir='ltr'><strong>patres</strong></span> <span class='ocrx_word' id='word_1_482' title='bbox 1141 4379 1334 4456; x_wconf 80' lang='lat' dir='ltr'><strong>nostri.</strong></span> <span class='ocrx_word' id='word_1_483' title='bbox 1367 4379 1432 4434; x_wconf 89' lang='lat' dir='ltr'><strong>Et</strong></span> <span class='ocrx_word' id='word_1_484' title='bbox 1462 4379 1659 4448; x_wconf 88' lang='lat' dir='ltr'><strong>timeo,</strong></span> <span class='ocrx_word' id='word_1_485' title='bbox 1689 4380 1927 4446; x_wconf 87' lang='lat' dir='ltr'><strong>domine,</strong></span> <span class='ocrx_word' id='word_1_486' title='bbox 1959 4382 2103 4452; x_wconf 87' lang='lat' dir='ltr'><strong>quod</strong></span> <span class='ocrx_word' id='word_1_487' title='bbox 2135 4419 2180 4480; x_wconf 67' lang='grc' dir='ltr'><strong>Β</strong></span> 
     </span>
    </p>
   </div>
   <div class='ocr_carea' id='block_1_63' title="bbox 523 4464 2154 4548">
    <p class='ocr_par' dir='ltr' id='par_1_63' title="bbox 523 4464 2154 4548">
     <span class='ocr_line' id='line_1_64' title="bbox 523 4464 2154 4548; baseline 0.004 -27"><span class='ocrx_word' id='word_1_488' title='bbox 523 4465 627 4548; x_wconf 78' lang='lat' dir='ltr'><strong>iste</strong></span> <span class='ocrx_word' id='word_1_489' title='bbox 671 4464 830 4523; x_wconf 84' lang='lat' dir='ltr'><strong>Iesus</strong></span> <span class='ocrx_word' id='word_1_490' title='bbox 877 4469 948 4522; x_wconf 88' lang='lat' dir='ltr'><strong>sit</strong></span> <span class='ocrx_word' id='word_1_491' title='bbox 988 4467 1076 4524; x_wconf 93' lang='lat' dir='ltr'><strong>ille</strong></span> <span class='ocrx_word' id='word_1_492' title='bbox 1122 4469 1487 4528; x_wconf 74' lang='lat' dir='ltr'><strong>commutatus</strong></span> <span class='ocrx_word' id='word_1_493' title='bbox 1513 4480 1569 4526; x_wconf 92' lang='lat' dir='ltr'><strong>et</strong></span> <span class='ocrx_word' id='word_1_494' title='bbox 1594 4465 1844 4528; x_wconf 76' lang='lat' dir='ltr'><strong>venditus</strong></span> <span class='ocrx_word' id='word_1_495' title='bbox 1887 4489 1983 4543; x_wconf 88' lang='lat' dir='ltr'><strong>pro</strong></span> <span class='ocrx_word' id='word_1_496' title='bbox 2018 4464 2154 4528; x_wconf 60' lang='grc' dir='ltr'><strong>ξιτ-ἶ</strong></span> 
     </span>
    </p>
   </div>
   <div class='ocr_carea' id='block_1_64' title="bbox 521 4553 2106 4636">
    <p class='ocr_par' dir='ltr' id='par_1_64' title="bbox 521 4553 2106 4636">
     <span class='ocr_line' id='line_1_65' title="bbox 521 4553 2106 4636; baseline 0.006 -24"><span class='ocrx_word' id='word_1_497' title='bbox 521 4569 702 4629; x_wconf 77' lang='lat' dir='ltr'><strong>gemo,</strong></span> <span class='ocrx_word' id='word_1_498' title='bbox 735 4561 802 4614; x_wconf 90' lang='lat' dir='ltr'><strong>de</strong></span> <span class='ocrx_word' id='word_1_499' title='bbox 823 4575 930 4629; x_wconf 91' lang='lat' dir='ltr'><strong>quo</strong></span> <span class='ocrx_word' id='word_1_500' title='bbox 959 4553 1194 4632; x_wconf 85' lang='lat' dir='ltr'><strong>loquitur</strong></span> <span class='ocrx_word' id='word_1_501' title='bbox 1221 4564 1516 4620; x_wconf 87' lang='lat' dir='ltr'><strong>Zacharias</strong></span> <span class='ocrx_word' id='word_1_502' title='bbox 1537 4567 1826 4636; x_wconf 87' lang='lat' dir='ltr'><strong>propheta,</strong></span> <span class='ocrx_word' id='word_1_503' title='bbox 1862 4575 1917 4620; x_wconf 92' lang='lat' dir='ltr'><strong>et</strong></span> <span class='ocrx_word' id='word_1_504' title='bbox 1940 4566 2106 4622; x_wconf 84' lang='lat' dir='ltr'><strong>Amos</strong></span> 
     </span>
    </p>
   </div>
   <div class='ocr_carea' id='block_1_65' title="bbox 525 4645 2105 4733">
    <p class='ocr_par' dir='ltr' id='par_1_65' title="bbox 525 4645 2105 4733">
     <span class='ocr_line' id='line_1_66' title="bbox 525 4645 2105 4733; baseline 0.001 -24"><span class='ocrx_word' id='word_1_505' title='bbox 525 4663 580 4709; x_wconf 88' lang='lat' dir='ltr'><strong>et</strong></span> <span class='ocrx_word' id='word_1_506' title='bbox 607 4645 699 4708; x_wconf 87' lang='lat' dir='ltr'><strong>alii</strong></span> <span class='ocrx_word' id='word_1_507' title='bbox 729 4655 1023 4724; x_wconf 83' lang='lat' dir='ltr'><strong>prophetae.</strong></span> <span class='ocrx_word' id='word_1_508' title='bbox 1065 4647 1141 4712; x_wconf 88' lang='lat' dir='ltr'><strong>De</strong></span> <span class='ocrx_word' id='word_1_509' title='bbox 1176 4651 1283 4726; x_wconf 87' lang='lat' dir='ltr'><strong>quo</strong></span> <span class='ocrx_word' id='word_1_510' title='bbox 1324 4655 1488 4711; x_wconf 89' lang='lat' dir='ltr'><strong>etiam</strong></span> <span class='ocrx_word' id='word_1_511' title='bbox 1515 4655 1758 4726; x_wconf 90' lang='lat' dir='ltr'><strong>loquitur</strong></span> <span class='ocrx_word' id='word_1_512' title='bbox 1783 4656 1952 4712; x_wconf 86' lang='lat' dir='ltr'><strong>Isaias</strong></span> <span class='ocrx_word' id='word_1_513' title='bbox 1977 4673 2105 4733; x_wconf 70' lang='lat' dir='ltr'><strong>pro-</strong></span> 
     </span>
    </p>
   </div>
   <div class='ocr_carea' id='block_1_66' title="bbox 525 4745 2110 4818">
    <p class='ocr_par' dir='ltr' id='par_1_66' title="bbox 525 4745 2110 4818">
     <span class='ocr_line' id='line_1_67' title="bbox 525 4745 2110 4818; baseline 0.003 -22"><span class='ocrx_word' id='word_1_514' title='bbox 525 4747 688 4816; x_wconf 77' lang='lat' dir='ltr'><strong>plie1a</strong></span> <span class='ocrx_word' id='word_1_515' title='bbox 718 4763 730 4798; x_wconf 90' lang='lat'><strong>:</strong></span> <span class='ocrx_word' id='word_1_516' title='bbox 763 4745 1043 4816; x_wconf 69' lang='lat' dir='ltr'><strong>«Deponet</strong></span> <span class='ocrx_word' id='word_1_517' title='bbox 1083 4745 1278 4807; x_wconf 64' lang='lat' dir='ltr'><strong>&#39;omnes</strong></span> <span class='ocrx_word' id='word_1_518' title='bbox 1330 4747 1652 4818; x_wconf 85' lang='lat' dir='ltr'><strong>iniquitates</strong></span> <span class='ocrx_word' id='word_1_519' title='bbox 1699 4756 1753 4802; x_wconf 89' lang='lat' dir='ltr'><strong>et</strong></span> <span class='ocrx_word' id='word_1_520' title='bbox 1801 4747 1982 4803; x_wconf 87' lang='lat' dir='ltr'><strong>orabit</strong></span> <span class='ocrx_word' id='word_1_521' title='bbox 2009 4761 2110 4818; x_wconf 88' lang='lat' dir='ltr'><strong>pro</strong></span> 
     </span>
    </p>
   </div>
   <div class='ocr_carea' id='block_1_67' title="bbox 521 4821 2112 4908">
    <p class='ocr_par' dir='ltr' id='par_1_67' title="bbox 521 4821 2112 4908">
     <span class='ocr_line' id='line_1_68' title="bbox 521 4821 2112 4908; baseline 0.001 -18"><span class='ocrx_word' id='word_1_522' title='bbox 521 4836 834 4891; x_wconf 75' lang='lat' dir='ltr'><strong>infidelibus</strong></span> <span class='ocrx_word' id='word_1_523' title='bbox 882 4836 1038 4908; x_wconf 80' lang='lat' dir='ltr'><strong>(Isai.</strong></span> <span class='ocrx_word' id='word_1_524' title='bbox 1093 4838 1240 4906; x_wconf 76' lang='lat' dir='ltr'><strong>XIII).</strong></span> <span class='ocrx_word' id='word_1_525' title='bbox 1270 4859 1288 4890; x_wconf 78' lang='grc' dir='ltr'><strong>ι</strong></span> <span class='ocrx_word' id='word_1_526' title='bbox 1339 4835 1529 4894; x_wconf 87' lang='lat' dir='ltr'><strong>Timeo</strong></span> <span class='ocrx_word' id='word_1_527' title='bbox 1576 4853 1697 4908; x_wconf 77' lang='lat' dir='ltr'><strong>ego,</strong></span> <span class='ocrx_word' id='word_1_528' title='bbox 1744 4839 1964 4894; x_wconf 81' lang='lat' dir='ltr'><strong>domine</strong></span> <span class='ocrx_word' id='word_1_529' title='bbox 2007 4821 2112 4902; x_wconf 68' lang='lat' dir='ltr'><strong>mi,‘</strong></span> 
     </span>
    </p>
   </div>
   <div class='ocr_carea' id='block_1_68' title="bbox 524 4917 2102 5000">
    <p class='ocr_par' dir='ltr' id='par_1_68' title="bbox 524 4917 2102 5000">
     <span class='ocr_line' id='line_1_69' title="bbox 524 4917 2102 5000; baseline 0 -16"><span class='ocrx_word' id='word_1_530' title='bbox 524 4928 668 5000; x_wconf 89' lang='lat' dir='ltr'><strong>quod</strong></span> <span class='ocrx_word' id='word_1_531' title='bbox 714 4917 828 4983; x_wconf 87' lang='lat' dir='ltr'><strong>iste</strong></span> <span class='ocrx_word' id='word_1_532' title='bbox 863 4926 1020 4983; x_wconf 89' lang='lat' dir='ltr'><strong>Iesus</strong></span> <span class='ocrx_word' id='word_1_533' title='bbox 1051 4929 1121 4983; x_wconf 89' lang='lat' dir='ltr'><strong>sit</strong></span> <span class='ocrx_word' id='word_1_534' title='bbox 1157 4929 1246 4982; x_wconf 92' lang='lat' dir='ltr'><strong>ille</strong></span> <span class='ocrx_word' id='word_1_535' title='bbox 1271 4930 1453 5000; x_wconf 91' lang='lat' dir='ltr'><strong>justus</strong></span> <span class='ocrx_word' id='word_1_536' title='bbox 1485 4930 1551 4986; x_wconf 89' lang='lat' dir='ltr'><strong>de</strong></span> <span class='ocrx_word' id='word_1_537' title='bbox 1581 4947 1689 5000; x_wconf 85' lang='lat' dir='ltr'><strong>quo</strong></span> <span class='ocrx_word' id='word_1_538' title='bbox 1715 4931 1845 4986; x_wconf 86' lang='lat' dir='ltr'><strong>dicit</strong></span> <span class='ocrx_word' id='word_1_539' title='bbox 1895 4930 2102 4985; x_wconf 82' lang='lat' dir='ltr'><strong>David:</strong></span> 
     </span>
    </p>
   </div>
   <div class='ocr_carea' id='block_1_69' title="bbox 527 5009 2105 5094">
    <p class='ocr_par' dir='ltr' id='par_1_69' title="bbox 527 5009 2105 5094">
     <span class='ocr_line' id='line_1_70' title="bbox 527 5009 2105 5094; baseline 0.003 -20"><span class='ocrx_word' id='word_1_540' title='bbox 527 5043 544 5074; x_wconf 74' lang='grc' dir='ltr'><strong>ι</strong></span> <span class='ocrx_word' id='word_1_541' title='bbox 577 5021 842 5077; x_wconf 88' lang='lat' dir='ltr'><strong>Delectati</strong></span> <span class='ocrx_word' id='word_1_542' title='bbox 879 5028 1009 5075; x_wconf 88' lang='lat' dir='ltr'><strong>sunt</strong></span> <span class='ocrx_word' id='word_1_543' title='bbox 1055 5021 1107 5073; x_wconf 90' lang='lat' dir='ltr'><strong>in</strong></span> <span class='ocrx_word' id='word_1_544' title='bbox 1157 5021 1395 5076; x_wconf 87' lang='lat' dir='ltr'><strong>animam</strong></span> <span class='ocrx_word' id='word_1_545' title='bbox 1427 5022 1558 5091; x_wconf 87' lang='lat' dir='ltr'><strong>justi</strong></span> <span class='ocrx_word' id='word_1_546' title='bbox 1588 5035 1642 5078; x_wconf 89' lang='lat' dir='ltr'><strong>et</strong></span> <span class='ocrx_word' id='word_1_547' title='bbox 1671 5009 1988 5094; x_wconf 83' lang='lat' dir='ltr'><strong>sanguinem</strong></span> <span class='ocrx_word' id='word_1_548' title='bbox 2021 5023 2105 5078; x_wconf 51' lang='lat' dir='ltr'><strong>in?</strong></span> 
     </span>
    </p>
   </div>
   <div class='ocr_carea' id='block_1_70' title="bbox 521 5103 2103 5188">
    <p class='ocr_par' dir='ltr' id='par_1_70' title="bbox 521 5103 2103 5188">
     <span class='ocr_line' id='line_1_71' title="bbox 521 5103 2103 5188; baseline -0.001 -16"><span class='ocrx_word' id='word_1_549' title='bbox 521 5125 811 5172; x_wconf 83' lang='lat' dir='ltr'><strong>nocentem</strong></span> <span class='ocrx_word' id='word_1_550' title='bbox 860 5113 1323 5188; x_wconf 77' lang='lat' dir='ltr'><strong>condemnabam,</strong></span> <span class='ocrx_word' id='word_1_551' title='bbox 1365 5123 1418 5169; x_wconf 94' lang='lat' dir='ltr'><strong>et</strong></span> <span class='ocrx_word' id='word_1_552' title='bbox 1467 5127 1683 5186; x_wconf 83' lang='lat' dir='ltr'><strong>propter</strong></span> <span class='ocrx_word' id='word_1_553' title='bbox 1728 5119 1830 5173; x_wconf 89' lang='lat' dir='ltr'><strong>hoc</strong></span> <span class='ocrx_word' id='word_1_554' title='bbox 1858 5103 2103 5174; x_wconf 82' lang='lat' dir='ltr'><strong>destruet</strong></span> 
     </span>
    </p>
   </div>
   <div class='ocr_carea' id='block_1_71' title="bbox 519 5195 2104 5274">
    <p class='ocr_par' dir='ltr' id='par_1_71' title="bbox 519 5195 2104 5274">
     <span class='ocr_line' id='line_1_72' title="bbox 519 5195 2104 5274; baseline 0 -12"><span class='ocrx_word' id='word_1_555' title='bbox 519 5225 616 5264; x_wconf 88' lang='lat' dir='ltr'><strong>eos</strong></span> <span class='ocrx_word' id='word_1_556' title='bbox 640 5208 804 5271; x_wconf 91' lang='lat' dir='ltr'><strong>Deus,</strong></span> <span class='ocrx_word' id='word_1_557' title='bbox 839 5213 894 5260; x_wconf 88' lang='lat' dir='ltr'><strong>et</strong></span> <span class='ocrx_word' id='word_1_558' title='bbox 932 5195 1206 5274; x_wconf 80' lang='lat' dir='ltr'><strong>disperdet</strong></span> <span class='ocrx_word' id='word_1_559' title='bbox 1254 5201 1384 5260; x_wconf 84' lang='lat' dir='ltr'><strong>illos</strong></span> <span class='ocrx_word' id='word_1_560' title='bbox 1423 5208 1682 5264; x_wconf 86' lang='lat' dir='ltr'><strong>Dominus</strong></span> <span class='ocrx_word' id='word_1_561' title='bbox 1729 5211 1872 5265; x_wconf 90' lang='lat' dir='ltr'><strong>Deus</strong></span> <span class='ocrx_word' id='word_1_562' title='bbox 1919 5217 2104 5266; x_wconf 88' lang='lat' dir='ltr'><strong>noster</strong></span> 
     </span>
    </p>
   </div>
   <div class='ocr_carea' id='block_1_72' title="bbox 519 5291 2106 5370">
    <p class='ocr_par' dir='ltr' id='par_1_72' title="bbox 519 5291 2106 5370">
     <span class='ocr_line' id='line_1_73' title="bbox 519 5291 2106 5370; baseline -0.001 -14"><span class='ocrx_word' id='word_1_563' title='bbox 519 5303 750 5370; x_wconf 62' lang='lat' dir='ltr'><strong>(halm.</strong></span> <span class='ocrx_word' id='word_1_564' title='bbox 795 5296 972 5359; x_wconf 79' lang='lat' dir='ltr'><strong>xcm).</strong></span> <span class='ocrx_word' id='word_1_565' title='bbox 1003 5316 1022 5349; x_wconf 75' lang='grc' dir='ltr'><strong>ι</strong></span> <span class='ocrx_word' id='word_1_566' title='bbox 1071 5297 1138 5351; x_wconf 87' lang='grc' dir='ltr'>Ει</span> <span class='ocrx_word' id='word_1_567' title='bbox 1185 5297 1368 5364; x_wconf 88' lang='lat' dir='ltr'><strong>timeo,</strong></span> <span class='ocrx_word' id='word_1_568' title='bbox 1417 5299 1632 5356; x_wconf 89' lang='lat' dir='ltr'><strong>domine</strong></span> <span class='ocrx_word' id='word_1_569' title='bbox 1675 5303 1768 5370; x_wconf 90' lang='lat' dir='ltr'><strong>mi,</strong></span> <span class='ocrx_word' id='word_1_570' title='bbox 1817 5291 1961 5370; x_wconf 82' lang='lat' dir='ltr'><strong>quod</strong></span> <span class='ocrx_word' id='word_1_571' title='bbox 2003 5305 2106 5358; x_wconf 89' lang='lat' dir='ltr'><strong>iste</strong></span> 
     </span>
    </p>
   </div>
   <div class='ocr_carea' id='block_1_73' title="bbox 2211 1801 3812 1882">
    <p class='ocr_par' dir='ltr' id='par_1_73' title="bbox 2211 1801 3812 1882">
     <span class='ocr_line' id='line_1_74' title="bbox 2211 1801 3812 1882; baseline -0.005 -20"><span class='ocrx_word' id='word_1_572' title='bbox 2211 1809 2430 1882; x_wconf 81' lang='lat' dir='ltr'><strong>(Matth.</strong></span> <span class='ocrx_word' id='word_1_573' title='bbox 2453 1807 2680 1878; x_wconf 67' lang='lat' dir='ltr'><strong>XXVII).)</strong></span> <span class='ocrx_word' id='word_1_574' title='bbox 2711 1803 3144 1874; x_wconf 82' lang='lat' dir='ltr'><strong>Paveo,domine</strong></span> <span class='ocrx_word' id='word_1_575' title='bbox 3161 1804 3528 1875; x_wconf 86' lang='lat' dir='ltr'><strong>mi,quodiste</strong></span> <span class='ocrx_word' id='word_1_576' title='bbox 3545 1801 3812 1871; x_wconf 81' lang='lat' dir='ltr'><strong>sitjustns</strong></span> 
     </span>
    </p>
   </div>
   <div class='ocr_carea' id='block_1_74' title="bbox 2209 1897 3872 1982">
    <p class='ocr_par' dir='ltr' id='par_1_74' title="bbox 2209 1897 3872 1982">
     <span class='ocr_line' id='line_1_75' title="bbox 2209 1897 3872 1982; baseline -0.005 -22"><span class='ocrx_word' id='word_1_577' title='bbox 2209 1906 2275 1974; x_wconf 86' lang='lat' dir='ltr'><strong>de</strong></span> <span class='ocrx_word' id='word_1_578' title='bbox 2305 1921 2416 1976; x_wconf 89' lang='lat' dir='ltr'><strong>quo</strong></span> <span class='ocrx_word' id='word_1_579' title='bbox 2441 1906 2570 1961; x_wconf 87' lang='lat' dir='ltr'><strong>dicit</strong></span> <span class='ocrx_word' id='word_1_580' title='bbox 2599 1905 2855 1962; x_wconf 74' lang='lat' dir='ltr'><strong>llaliaeuc</strong></span> <span class='ocrx_word' id='word_1_581' title='bbox 2882 1923 2896 1961; x_wconf 89' lang='lat'><strong>:</strong></span> <span class='ocrx_word' id='word_1_582' title='bbox 2933 1925 2950 1982; x_wconf 62' lang='grc' dir='ltr'><strong>ι</strong></span> <span class='ocrx_word' id='word_1_583' title='bbox 2995 1905 3258 1975; x_wconf 81' lang='lat' dir='ltr'><strong>Egressus</strong></span> <span class='ocrx_word' id='word_1_584' title='bbox 3289 1917 3371 1966; x_wconf 92' lang='lat' dir='ltr'><strong>es,</strong></span> <span class='ocrx_word' id='word_1_585' title='bbox 3402 1901 3648 1966; x_wconf 83' lang='lat' dir='ltr'><strong>Domine,</strong></span> <span class='ocrx_word' id='word_1_586' title='bbox 3697 1897 3814 1954; x_wconf 86' lang='lat' dir='ltr'><strong>sal-</strong></span> <span class='ocrx_word' id='word_1_587' title='bbox 3869 1961 3872 1964; x_wconf 96' lang='lat'><em>_</em></span> 
     </span>
    </p>
   </div>
   <div class='ocr_carea' id='block_1_75' title="bbox 2211 1983 3806 2072">
    <p class='ocr_par' dir='ltr' id='par_1_75' title="bbox 2211 1983 3806 2072">
     <span class='ocr_line' id='line_1_76' title="bbox 2211 1983 3806 2072; baseline -0.002 -23"><span class='ocrx_word' id='word_1_588' title='bbox 2211 2011 2338 2052; x_wconf 87' lang='lat' dir='ltr'><strong>vare</strong></span> <span class='ocrx_word' id='word_1_589' title='bbox 2373 1989 2631 2069; x_wconf 86' lang='lat' dir='ltr'><strong>populum</strong></span> <span class='ocrx_word' id='word_1_590' title='bbox 2661 2007 2812 2053; x_wconf 89' lang='lat' dir='ltr'><strong>tuum</strong></span> <span class='ocrx_word' id='word_1_591' title='bbox 2842 1983 2962 2052; x_wconf 89' lang='lat' dir='ltr'><strong>cum</strong></span> <span class='ocrx_word' id='word_1_592' title='bbox 2993 1997 3214 2053; x_wconf 81' lang='lat' dir='ltr'><strong>Christo</strong></span> <span class='ocrx_word' id='word_1_593' title='bbox 3240 1983 3335 2050; x_wconf 87' lang='lat' dir='ltr'><strong>tuo</strong></span> <span class='ocrx_word' id='word_1_594' title='bbox 3365 1993 3598 2066; x_wconf 76' lang='lat' dir='ltr'><strong>(Nubae.</strong></span> <span class='ocrx_word' id='word_1_595' title='bbox 3640 1991 3748 2072; x_wconf 78' lang='lat' dir='ltr'><strong>nt).</strong></span> <span class='ocrx_word' id='word_1_596' title='bbox 3781 2011 3806 2058; x_wconf 56' lang='grc' dir='ltr'><strong>η</strong></span> 
     </span>
    </p>
   </div>
   <div class='ocr_carea' id='block_1_76' title="bbox 2810 2109 3211 2168">
    <p class='ocr_par' dir='ltr' id='par_1_76' title="bbox 2810 2109 3211 2168">
     <span class='ocr_line' id='line_1_77' title="bbox 2810 2109 3211 2168; baseline -0.005 -2"><span class='ocrx_word' id='word_1_597' title='bbox 2810 2111 3040 2168; x_wconf 81' lang='lat' dir='ltr'><strong>CAPUT</strong></span> <span class='ocrx_word' id='word_1_598' title='bbox 3079 2109 3211 2166; x_wconf 74' lang='lat' dir='ltr'><strong>VIII.</strong></span> 
     </span>
    </p>
   </div>
   <div class='ocr_carea' id='block_1_77' title="bbox 2213 2200 3806 2276">
    <p class='ocr_par' dir='ltr' id='par_1_77' title="bbox 2213 2200 3806 2276">
     <span class='ocr_line' id='line_1_78' title="bbox 2213 2200 3806 2276; baseline -0.003 -17"><span class='ocrx_word' id='word_1_599' title='bbox 2213 2203 2489 2274; x_wconf 84' lang='lat' dir='ltr'><strong>Quomodo</strong></span> <span class='ocrx_word' id='word_1_600' title='bbox 2519 2217 2633 2276; x_wconf 74' lang='lat' dir='ltr'><strong>post</strong></span> <span class='ocrx_word' id='word_1_601' title='bbox 2666 2207 2974 2276; x_wconf 79' lang='lat' dir='ltr'><strong>occisionem</strong></span> <span class='ocrx_word' id='word_1_602' title='bbox 3016 2205 3157 2275; x_wconf 70' lang='lat' dir='ltr'><strong>facta</strong></span> <span class='ocrx_word' id='word_1_603' title='bbox 3184 2202 3542 2276; x_wconf 15' lang='lat' dir='ltr'><strong>estrdispersio</strong></span> <span class='ocrx_word' id='word_1_604' title='bbox 3567 2200 3806 2256; x_wconf 63' lang='lat' dir='ltr'><strong>Indera—</strong></span> 
     </span>
    </p>
   </div>
   <div class='ocr_carea' id='block_1_78' title="bbox 2235 2275 3380 2332">
    <p class='ocr_par' dir='ltr' id='par_1_78' title="bbox 2235 2275 3380 2332">
     <span class='ocr_line' id='line_1_79' title="bbox 2235 2275 3380 2332; baseline -0.004 2"><span class='ocrx_word' id='word_1_605' title='bbox 2235 2279 2246 2300; x_wconf 80' lang='grc'><strong>·⁵</strong></span> <span class='ocrx_word' id='word_1_606' title='bbox 2521 2275 2529 2276; x_wconf 25' lang='grc' dir='ltr'>ί</span> <span class='ocrx_word' id='word_1_607' title='bbox 2585 2281 2587 2284; x_wconf 49' lang='grc'><em>⁴</em></span> <span class='ocrx_word' id='word_1_608' title='bbox 2625 2294 2742 2332; x_wconf 84' lang='lat' dir='ltr'><strong>rum</strong></span> <span class='ocrx_word' id='word_1_609' title='bbox 2770 2275 3056 2331; x_wconf 79' lang='lat' dir='ltr'><strong>secundum</strong></span> <span class='ocrx_word' id='word_1_610' title='bbox 3089 2275 3380 2330; x_wconf 79' lang='lat' dir='ltr'><strong>Danielem.</strong></span> 
     </span>
    </p>
   </div>
   <div class='ocr_carea' id='block_1_79' title="bbox 2281 2359 3811 2444">
    <p class='ocr_par' dir='ltr' id='par_1_79' title="bbox 2281 2359 3811 2444">
     <span class='ocr_line' id='line_1_80' title="bbox 2281 2359 3811 2444; baseline -0.005 -14"><span class='ocrx_word' id='word_1_611' title='bbox 2281 2373 2622 2444; x_wconf 84' lang='lat' dir='ltr'><strong>Expavesco,</strong></span> <span class='ocrx_word' id='word_1_612' title='bbox 2673 2361 2890 2428; x_wconf 87' lang='lat' dir='ltr'><strong>domine</strong></span> <span class='ocrx_word' id='word_1_613' title='bbox 2926 2371 3020 2434; x_wconf 92' lang='lat' dir='ltr'><strong>mi,</strong></span> <span class='ocrx_word' id='word_1_614' title='bbox 3054 2359 3220 2441; x_wconf 85' lang='lat' dir='ltr'><strong>super</strong></span> <span class='ocrx_word' id='word_1_615' title='bbox 3251 2370 3334 2428; x_wconf 86' lang='lat' dir='ltr'><strong>his</strong></span> <span class='ocrx_word' id='word_1_616' title='bbox 3363 2387 3378 2424; x_wconf 88' lang='lat'><strong>:</strong></span> <span class='ocrx_word' id='word_1_617' title='bbox 3408 2367 3542 2438; x_wconf 85' lang='lat' dir='ltr'><strong>Quis</strong></span> <span class='ocrx_word' id='word_1_618' title='bbox 3571 2368 3672 2422; x_wconf 84' lang='lat' dir='ltr'><strong>fuit</strong></span> <span class='ocrx_word' id='word_1_619' title='bbox 3703 2369 3811 2423; x_wconf 89' lang='lat' dir='ltr'><strong>iste</strong></span> 
     </span>
    </p>
   </div>
   <div class='ocr_carea' id='block_1_80' title="bbox 2205 2457 3806 2536">
    <p class='ocr_par' dir='ltr' id='par_1_80' title="bbox 2205 2457 3806 2536">
     <span class='ocr_line' id='line_1_81' title="bbox 2205 2457 3806 2536; baseline -0.004 -18"><span class='ocrx_word' id='word_1_620' title='bbox 2205 2457 2389 2536; x_wconf 85' lang='lat' dir='ltr'><strong>justus</strong></span> <span class='ocrx_word' id='word_1_621' title='bbox 2411 2464 2530 2520; x_wconf 89' lang='lat' dir='ltr'><strong>sine</strong></span> <span class='ocrx_word' id='word_1_622' title='bbox 2553 2473 2799 2534; x_wconf 87' lang='lat' dir='ltr'><strong>peccato,</strong></span> <span class='ocrx_word' id='word_1_623' title='bbox 2827 2463 2893 2517; x_wconf 91' lang='lat' dir='ltr'><strong>de</strong></span> <span class='ocrx_word' id='word_1_624' title='bbox 2915 2477 3022 2534; x_wconf 88' lang='lat' dir='ltr'><strong>quo</strong></span> <span class='ocrx_word' id='word_1_625' title='bbox 3046 2461 3283 2532; x_wconf 84' lang='lat' dir='ltr'><strong>loquitur</strong></span> <span class='ocrx_word' id='word_1_626' title='bbox 3303 2460 3468 2516; x_wconf 88' lang='lat' dir='ltr'><strong>Isaias</strong></span> <span class='ocrx_word' id='word_1_627' title='bbox 3495 2459 3806 2529; x_wconf 85' lang='lat' dir='ltr'><strong>propheta;</strong></span> 
     </span>
    </p>
   </div>
   <div class='ocr_carea' id='block_1_81' title="bbox 2212 2551 3810 2628">
    <p class='ocr_par' dir='ltr' id='par_1_81' title="bbox 2212 2551 3810 2628">
     <span class='ocr_line' id='line_1_82' title="bbox 2212 2551 3810 2628; baseline -0.006 -15"><span class='ocrx_word' id='word_1_628' title='bbox 2212 2567 2266 2613; x_wconf 93' lang='lat' dir='ltr'><strong>et</strong></span> <span class='ocrx_word' id='word_1_629' title='bbox 2314 2558 2437 2628; x_wconf 90' lang='lat' dir='ltr'><strong>quis</strong></span> <span class='ocrx_word' id='word_1_630' title='bbox 2471 2557 2543 2612; x_wconf 91' lang='lat' dir='ltr'><strong>sit</strong></span> <span class='ocrx_word' id='word_1_631' title='bbox 2571 2556 2660 2611; x_wconf 91' lang='lat' dir='ltr'><strong>ille</strong></span> <span class='ocrx_word' id='word_1_632' title='bbox 2687 2551 2864 2625; x_wconf 74' lang='lat' dir='ltr'><strong>justus</strong></span> <span class='ocrx_word' id='word_1_633' title='bbox 2894 2554 3142 2610; x_wconf 88' lang='lat' dir='ltr'><strong>venditus</strong></span> <span class='ocrx_word' id='word_1_634' title='bbox 3173 2568 3270 2628; x_wconf 83' lang='lat' dir='ltr'><strong>pro</strong></span> <span class='ocrx_word' id='word_1_635' title='bbox 3299 2561 3544 2624; x_wconf 76' lang='lat' dir='ltr'><strong>argento,</strong></span> <span class='ocrx_word' id='word_1_636' title='bbox 3575 2559 3810 2620; x_wconf 78' lang='lat' dir='ltr'><strong>preptc&#39;r</strong></span> 
     </span>
    </p>
   </div>
   <div class='ocr_carea' id='block_1_82' title="bbox 2211 2627 3809 2720">
    <p class='ocr_par' dir='ltr' id='par_1_82' title="bbox 2211 2627 3809 2720">
     <span class='ocr_line' id='line_1_83' title="bbox 2211 2627 3809 2720; baseline -0.003 -20"><span class='ocrx_word' id='word_1_637' title='bbox 2211 2627 2354 2720; x_wconf 85' lang='lat' dir='ltr'><strong>quod</strong></span> <span class='ocrx_word' id='word_1_638' title='bbox 2403 2649 2535 2703; x_wconf 90' lang='lat' dir='ltr'><strong>dicit</strong></span> <span class='ocrx_word' id='word_1_639' title='bbox 2578 2647 2840 2702; x_wconf 90' lang='lat' dir='ltr'><strong>Dominus</strong></span> <span class='ocrx_word' id='word_1_640' title='bbox 2885 2635 2982 2716; x_wconf 88' lang='lat' dir='ltr'><strong>per</strong></span> <span class='ocrx_word' id='word_1_641' title='bbox 3023 2645 3190 2699; x_wconf 85' lang='lat' dir='ltr'><strong>Amos</strong></span> <span class='ocrx_word' id='word_1_642' title='bbox 3219 2627 3564 2716; x_wconf 83' lang='lat' dir='ltr'><strong>prophetam,</strong></span> <span class='ocrx_word' id='word_1_643' title='bbox 3591 2641 3682 2696; x_wconf 85' lang='lat' dir='ltr'><strong>ubi</strong></span> <span class='ocrx_word' id='word_1_644' title='bbox 3712 2657 3809 2704; x_wconf 80' lang='lat' dir='ltr'><strong>su-</strong></span> 
     </span>
    </p>
   </div>
   <div class='ocr_carea' id='block_1_83' title="bbox 2213 2736 3810 2814">
    <p class='ocr_par' dir='ltr' id='par_1_83' title="bbox 2213 2736 3810 2814">
     <span class='ocr_line' id='line_1_84' title="bbox 2213 2736 3810 2814; baseline -0.005 -18"><span class='ocrx_word' id='word_1_645' title='bbox 2213 2758 2332 2813; x_wconf 85' lang='lat' dir='ltr'><strong>pra,</strong></span> <span class='ocrx_word' id='word_1_646' title='bbox 2372 2741 2514 2811; x_wconf 87' lang='lat' dir='ltr'><strong>quod</strong></span> <span class='ocrx_word' id='word_1_647' title='bbox 2558 2741 2611 2796; x_wconf 92' lang='lat' dir='ltr'><strong>in</strong></span> <span class='ocrx_word' id='word_1_648' title='bbox 2661 2739 3028 2795; x_wconf 89' lang='lat' dir='ltr'><strong>testimonium</strong></span> <span class='ocrx_word' id='word_1_649' title='bbox 3057 2738 3198 2808; x_wconf 81' lang='lat' dir='ltr'><strong>parti</strong></span> <span class='ocrx_word' id='word_1_650' title='bbox 3231 2736 3456 2814; x_wconf 83' lang='lat' dir='ltr'><strong>sceleris</strong></span> <span class='ocrx_word' id='word_1_651' title='bbox 3489 2751 3592 2788; x_wconf 87' lang='lat' dir='ltr'><strong>non</strong></span> <span class='ocrx_word' id='word_1_652' title='bbox 3627 2743 3810 2788; x_wconf 86' lang='lat' dir='ltr'><strong>trans-</strong></span> 
     </span>
    </p>
   </div>
   <div class='ocr_carea' id='block_1_84' title="bbox 2213 2819 3810 2908">
    <p class='ocr_par' dir='ltr' id='par_1_84' title="bbox 2213 2819 3810 2908">
     <span class='ocr_line' id='line_1_85' title="bbox 2213 2819 3810 2908; baseline -0.004 -21"><span class='ocrx_word' id='word_1_653' title='bbox 2213 2833 2355 2889; x_wconf 74' lang='lat' dir='ltr'><strong>feret</strong></span> <span class='ocrx_word' id='word_1_654' title='bbox 2397 2827 2491 2889; x_wconf 7' lang='lat' dir='ltr'><strong>eius</strong></span> <span class='ocrx_word' id='word_1_655' title='bbox 2523 2832 2574 2887; x_wconf 90' lang='lat' dir='ltr'><strong>in</strong></span> <span class='ocrx_word' id='word_1_656' title='bbox 2610 2841 2809 2908; x_wconf 75' lang='lat' dir='ltr'><strong>terram</strong></span> <span class='ocrx_word' id='word_1_657' title='bbox 2853 2819 3246 2902; x_wconf 72' lang='lat' dir='ltr'><strong>promissionis</strong></span> <span class='ocrx_word' id='word_1_658' title='bbox 3273 2827 3530 2899; x_wconf 89' lang='lat' dir='ltr'><strong>amplius.</strong></span> <span class='ocrx_word' id='word_1_659' title='bbox 3571 2825 3810 2880; x_wconf 70' lang='lat' dir='ltr'><strong>Videtur.</strong></span> 
     </span>
    </p>
   </div>
   <div class='ocr_carea' id='block_1_85' title="bbox 2213 2917 3804 2994">
    <p class='ocr_par' dir='ltr' id='par_1_85' title="bbox 2213 2917 3804 2994">
     <span class='ocr_line' id='line_1_86' title="bbox 2213 2917 3804 2994; baseline -0.005 -13"><span class='ocrx_word' id='word_1_660' title='bbox 2213 2919 2401 2992; x_wconf 86' lang='lat' dir='ltr'><strong>etiam,</strong></span> <span class='ocrx_word' id='word_1_661' title='bbox 2440 2925 2659 2980; x_wconf 88' lang='lat' dir='ltr'><strong>domine</strong></span> <span class='ocrx_word' id='word_1_662' title='bbox 2695 2923 2792 2990; x_wconf 92' lang='lat' dir='ltr'><strong>mi,</strong></span> <span class='ocrx_word' id='word_1_663' title='bbox 2827 2923 2972 2994; x_wconf 89' lang='lat' dir='ltr'><strong>quod</strong></span> <span class='ocrx_word' id='word_1_664' title='bbox 3001 2921 3326 2993; x_wconf 86' lang='lat' dir='ltr'><strong>completum</strong></span> <span class='ocrx_word' id='word_1_665' title='bbox 3353 2929 3456 2986; x_wconf 88' lang='lat' dir='ltr'><strong>est,</strong></span> <span class='ocrx_word' id='word_1_666' title='bbox 3488 2917 3631 2989; x_wconf 90' lang='lat' dir='ltr'><strong>quod</strong></span> <span class='ocrx_word' id='word_1_667' title='bbox 3658 2918 3804 2992; x_wconf 46' lang='lat' dir='ltr'><strong>sc&#39;if</strong></span> 
     </span>
    </p>
   </div>
   <div class='ocr_carea' id='block_1_86' title="bbox 2213 3011 3806 3086">
    <p class='ocr_par' dir='ltr' id='par_1_86' title="bbox 2213 3011 3806 3086">
     <span class='ocr_line' id='line_1_87' title="bbox 2213 3011 3806 3086; baseline -0.006 -14"><span class='ocrx_word' id='word_1_668' title='bbox 2213 3017 2293 3073; x_wconf 87' lang='lat' dir='ltr'><strong>bit</strong></span> <span class='ocrx_word' id='word_1_669' title='bbox 2317 3015 2526 3081; x_wconf 77' lang='lat' dir='ltr'><strong>Daniel,</strong></span> <span class='ocrx_word' id='word_1_670' title='bbox 2546 3031 2601 3069; x_wconf 78' lang='lat' dir='ltr'><strong>ix</strong></span> <span class='ocrx_word' id='word_1_671' title='bbox 2631 3015 2830 3086; x_wconf 88' lang='lat' dir='ltr'><strong>capite,</strong></span> <span class='ocrx_word' id='word_1_672' title='bbox 2863 3013 2952 3069; x_wconf 84' lang='lat' dir='ltr'><strong>ubi</strong></span> <span class='ocrx_word' id='word_1_673' title='bbox 2972 3012 3102 3068; x_wconf 90' lang='lat' dir='ltr'><strong>dicit</strong></span> <span class='ocrx_word' id='word_1_674' title='bbox 3129 3031 3141 3067; x_wconf 91' lang='lat'><strong>:</strong></span> <span class='ocrx_word' id='word_1_675' title='bbox 3175 3031 3193 3063; x_wconf 71' lang='grc' dir='ltr'><strong>ε</strong></span> <span class='ocrx_word' id='word_1_676' title='bbox 3223 3011 3514 3082; x_wconf 83' lang='lat' dir='ltr'><strong>Postquam</strong></span> <span class='ocrx_word' id='word_1_677' title='bbox 3545 3025 3806 3067; x_wconf 70' lang='lat' dir='ltr'><strong>censum-</strong></span> 
     </span>
    </p>
   </div>
   <div class='ocr_carea' id='block_1_87' title="bbox 2214 3091 3806 3178">
    <p class='ocr_par' dir='ltr' id='par_1_87' title="bbox 2214 3091 3806 3178">
     <span class='ocr_line' id='line_1_88' title="bbox 2214 3091 3806 3178; baseline -0.005 -14"><span class='ocrx_word' id='word_1_678' title='bbox 2214 3121 2374 3164; x_wconf 75' lang='lat' dir='ltr'><strong>matm</strong></span> <span class='ocrx_word' id='word_1_679' title='bbox 2403 3107 2618 3163; x_wconf 87' lang='lat' dir='ltr'><strong>fuerunt</strong></span> <span class='ocrx_word' id='word_1_680' title='bbox 2646 3103 2926 3178; x_wconf 80' lang='lat' dir='ltr'><strong>sexaginta</strong></span> <span class='ocrx_word' id='word_1_681' title='bbox 2967 3091 3087 3161; x_wconf 67' lang='lat' dir='ltr'><strong>dua:</strong></span> <span class='ocrx_word' id='word_1_682' title='bbox 3117 3093 3491 3167; x_wconf 63' lang='lat' dir='ltr'><strong>hebdomadas,</strong></span> <span class='ocrx_word' id='word_1_683' title='bbox 3518 3101 3806 3158; x_wconf 84' lang='lat' dir='ltr'><strong>occidetur</strong></span> 
     </span>
    </p>
   </div>
   <div class='ocr_carea' id='block_1_88' title="bbox 2213 3183 3808 3268">
    <p class='ocr_par' dir='ltr' id='par_1_88' title="bbox 2213 3183 3808 3268">
     <span class='ocr_line' id='line_1_89' title="bbox 2213 3183 3808 3268; baseline -0.008 -11"><span class='ocrx_word' id='word_1_684' title='bbox 2213 3201 2486 3266; x_wconf 84' lang='lat' dir='ltr'><strong>Christus,</strong></span> <span class='ocrx_word' id='word_1_685' title='bbox 2518 3209 2574 3255; x_wconf 91' lang='lat' dir='ltr'><strong>et</strong></span> <span class='ocrx_word' id='word_1_686' title='bbox 2611 3183 2739 3254; x_wconf 85' lang='lat' dir='ltr'><strong>tunc</strong></span> <span class='ocrx_word' id='word_1_687' title='bbox 2769 3199 2948 3253; x_wconf 88' lang='lat' dir='ltr'><strong>veniet</strong></span> <span class='ocrx_word' id='word_1_688' title='bbox 2981 3197 3211 3268; x_wconf 87' lang='lat' dir='ltr'><strong>populus</strong></span> <span class='ocrx_word' id='word_1_689' title='bbox 3243 3189 3364 3251; x_wconf 88' lang='lat' dir='ltr'><strong>cum</strong></span> <span class='ocrx_word' id='word_1_690' title='bbox 3398 3189 3645 3266; x_wconf 83' lang='lat' dir='ltr'><strong>principe</strong></span> <span class='ocrx_word' id='word_1_691' title='bbox 3671 3207 3808 3246; x_wconf 84' lang='lat' dir='ltr'><strong>vcn-</strong></span> 
     </span>
    </p>
   </div>
   <div class='ocr_carea' id='block_1_89' title="bbox 2215 3283 3802 3360">
    <p class='ocr_par' dir='ltr' id='par_1_89' title="bbox 2215 3283 3802 3360">
     <span class='ocr_line' id='line_1_90' title="bbox 2215 3283 3802 3360; baseline -0.009 -11"><span class='ocrx_word' id='word_1_692' title='bbox 2215 3289 2358 3360; x_wconf 84' lang='lat' dir='ltr'><strong>turo,</strong></span> <span class='ocrx_word' id='word_1_693' title='bbox 2387 3304 2441 3348; x_wconf 90' lang='lat' dir='ltr'><strong>et</strong></span> <span class='ocrx_word' id='word_1_694' title='bbox 2468 3295 2711 3348; x_wconf 85' lang='lat' dir='ltr'><strong>destruet</strong></span> <span class='ocrx_word' id='word_1_695' title='bbox 2743 3291 3042 3355; x_wconf 89' lang='lat' dir='ltr'><strong>civitatem,</strong></span> <span class='ocrx_word' id='word_1_696' title='bbox 3082 3299 3138 3343; x_wconf 92' lang='lat' dir='ltr'><strong>et</strong></span> <span class='ocrx_word' id='word_1_697' title='bbox 3181 3291 3400 3343; x_wconf 85' lang='lat' dir='ltr'><strong>domum</strong></span> <span class='ocrx_word' id='word_1_698' title='bbox 3441 3283 3802 3347; x_wconf 86' lang='lat' dir='ltr'><strong>comminuet,</strong></span> 
     </span>
    </p>
   </div>
   <div class='ocr_carea' id='block_1_90' title="bbox 2211 3371 3803 3448">
    <p class='ocr_par' dir='ltr' id='par_1_90' title="bbox 2211 3371 3803 3448">
     <span class='ocr_line' id='line_1_91' title="bbox 2211 3371 3803 3448; baseline -0.008 -7"><span class='ocrx_word' id='word_1_699' title='bbox 2211 3395 2270 3441; x_wconf 89' lang='lat' dir='ltr'><strong>ct</strong></span> <span class='ocrx_word' id='word_1_700' title='bbox 2311 3371 2756 3440; x_wconf 74' lang='lat' dir='ltr'><strong>condemnabam</strong></span> <span class='ocrx_word' id='word_1_701' title='bbox 2795 3399 2938 3448; x_wconf 88' lang='lat' dir='ltr'><strong>eam,</strong></span> <span class='ocrx_word' id='word_1_702' title='bbox 2971 3392 3025 3437; x_wconf 92' lang='lat' dir='ltr'><strong>et</strong></span> <span class='ocrx_word' id='word_1_703' title='bbox 3054 3381 3334 3436; x_wconf 79' lang='lat' dir='ltr'><strong>auferetur</strong></span> <span class='ocrx_word' id='word_1_704' title='bbox 3363 3377 3716 3440; x_wconf 78' lang='lat' dir='ltr'><strong>sacriﬁcium,</strong></span> <span class='ocrx_word' id='word_1_705' title='bbox 3747 3375 3803 3429; x_wconf 82' lang='lat' dir='ltr'><strong>ct</strong></span> 
     </span>
    </p>
   </div>
   <div class='ocr_carea' id='block_1_91' title="bbox 2213 3463 3804 3548">
    <p class='ocr_par' dir='ltr' id='par_1_91' title="bbox 2213 3463 3804 3548">
     <span class='ocr_line' id='line_1_92' title="bbox 2213 3463 3804 3548; baseline -0.006 -18"><span class='ocrx_word' id='word_1_706' title='bbox 2213 3475 2684 3534; x_wconf 80' lang='lat' dir='ltr'><strong>consummabitur</strong></span> <span class='ocrx_word' id='word_1_707' title='bbox 2719 3473 3020 3529; x_wconf 86' lang='lat' dir='ltr'><strong>destructio</strong></span> <span class='ocrx_word' id='word_1_708' title='bbox 3052 3471 3310 3542; x_wconf 87' lang='lat' dir='ltr'><strong>perpetua</strong></span> <span class='ocrx_word' id='word_1_709' title='bbox 3343 3470 3505 3543; x_wconf 80' lang='lat' dir='ltr'><strong>(Dan.</strong></span> <span class='ocrx_word' id='word_1_710' title='bbox 3538 3469 3640 3544; x_wconf 62' lang='lat' dir='ltr'><strong>is).</strong></span> <span class='ocrx_word' id='word_1_711' title='bbox 3675 3487 3696 3548; x_wconf 55' lang='grc' dir='ltr'>ξ</span> <span class='ocrx_word' id='word_1_712' title='bbox 3737 3463 3804 3548; x_wconf 68' lang='lat' dir='ltr'><strong>Et</strong></span> 
     </span>
    </p>
   </div>
   <div class='ocr_carea' id='block_1_92' title="bbox 2211 3553 3806 3638">
    <p class='ocr_par' dir='ltr' id='par_1_92' title="bbox 2211 3553 3806 3638">
     <span class='ocr_line' id='line_1_93' title="bbox 2211 3553 3806 3638; baseline -0.006 -16"><span class='ocrx_word' id='word_1_713' title='bbox 2211 3561 2317 3623; x_wconf 77' lang='lat' dir='ltr'><strong>neu</strong></span> <span class='ocrx_word' id='word_1_714' title='bbox 2349 3561 2431 3622; x_wconf 80' lang='lat' dir='ltr'><strong>est</strong></span> <span class='ocrx_word' id='word_1_715' title='bbox 2459 3561 2700 3629; x_wconf 76' lang='lat' dir='ltr'><strong>dubium,</strong></span> <span class='ocrx_word' id='word_1_716' title='bbox 2735 3555 2955 3638; x_wconf 80' lang='lat' dir='ltr'><strong>domine</strong></span> <span class='ocrx_word' id='word_1_717' title='bbox 2983 3563 3077 3628; x_wconf 89' lang='lat' dir='ltr'><strong>mi,</strong></span> <span class='ocrx_word' id='word_1_718' title='bbox 3109 3563 3238 3634; x_wconf 85' lang='lat' dir='ltr'><strong>quin</strong></span> <span class='ocrx_word' id='word_1_719' title='bbox 3280 3561 3579 3617; x_wconf 89' lang='lat' dir='ltr'><strong>destructio</strong></span> <span class='ocrx_word' id='word_1_720' title='bbox 3637 3553 3806 3614; x_wconf 53' lang='lat' dir='ltr'><strong>dcso-&#39;</strong></span> 
     </span>
    </p>
   </div>
   <div class='ocr_carea' id='block_1_93' title="bbox 2211 3655 3802 3732">
    <p class='ocr_par' dir='ltr' id='par_1_93' title="bbox 2211 3655 3802 3732">
     <span class='ocr_line' id='line_1_94' title="bbox 2211 3655 3802 3732; baseline -0.008 -15"><span class='ocrx_word' id='word_1_721' title='bbox 2211 3662 2430 3717; x_wconf 82' lang='lat' dir='ltr'><strong>latiouis</strong></span> <span class='ocrx_word' id='word_1_722' title='bbox 2469 3671 2741 3732; x_wconf 77' lang='lat' dir='ltr'><strong>perpetua:</strong></span> <span class='ocrx_word' id='word_1_723' title='bbox 2777 3659 2846 3714; x_wconf 90' lang='lat' dir='ltr'><strong>sit</strong></span> <span class='ocrx_word' id='word_1_724' title='bbox 2886 3655 3176 3728; x_wconf 87' lang='lat' dir='ltr'><strong>captivitas</strong></span> <span class='ocrx_word' id='word_1_725' title='bbox 3223 3656 3329 3710; x_wconf 86' lang='lat' dir='ltr'><strong>ista</strong></span> <span class='ocrx_word' id='word_1_726' title='bbox 3361 3655 3412 3708; x_wconf 90' lang='lat' dir='ltr'><strong>in</strong></span> <span class='ocrx_word' id='word_1_727' title='bbox 3443 3669 3547 3722; x_wconf 91' lang='lat' dir='ltr'><strong>qua</strong></span> <span class='ocrx_word' id='word_1_728' title='bbox 3583 3667 3802 3714; x_wconf 88' lang='lat' dir='ltr'><strong>sumus,</strong></span> 
     </span>
    </p>
   </div>
   <div class='ocr_carea' id='block_1_94' title="bbox 2208 3731 3805 3822">
    <p class='ocr_par' dir='ltr' id='par_1_94' title="bbox 2208 3731 3805 3822">
     <span class='ocr_line' id='line_1_95' title="bbox 2208 3731 3805 3822; baseline -0.009 -16"><span class='ocrx_word' id='word_1_729' title='bbox 2208 3751 2319 3822; x_wconf 88' lang='lat' dir='ltr'><strong>jam</strong></span> <span class='ocrx_word' id='word_1_730' title='bbox 2345 3731 2480 3822; x_wconf 78' lang='lat' dir='ltr'><strong>sunt</strong></span> <span class='ocrx_word' id='word_1_731' title='bbox 2521 3749 2669 3806; x_wconf 87' lang='lat' dir='ltr'><strong>mille</strong></span> <span class='ocrx_word' id='word_1_732' title='bbox 2713 3745 2864 3802; x_wconf 84' lang='lat' dir='ltr'><strong>anni.</strong></span> <span class='ocrx_word' id='word_1_733' title='bbox 2903 3747 2972 3802; x_wconf 89' lang='lat' dir='ltr'><strong>Et</strong></span> <span class='ocrx_word' id='word_1_734' title='bbox 2998 3739 3182 3818; x_wconf 89' lang='lat' dir='ltr'><strong>aperte</strong></span> <span class='ocrx_word' id='word_1_735' title='bbox 3214 3731 3345 3801; x_wconf 85' lang='lat' dir='ltr'><strong>dicit</strong></span> <span class='ocrx_word' id='word_1_736' title='bbox 3384 3741 3525 3798; x_wconf 82' lang='lat' dir='ltr'><strong>Deus</strong></span> <span class='ocrx_word' id='word_1_737' title='bbox 3551 3755 3654 3811; x_wconf 85' lang='lat' dir='ltr'><strong>per</strong></span> <span class='ocrx_word' id='word_1_738' title='bbox 3680 3755 3805 3820; x_wconf 81' lang='lat' dir='ltr'><strong>pro-</strong></span> 
     </span>
    </p>
   </div>
   <div class='ocr_carea' id='block_1_95' title="bbox 2210 3827 3802 3914">
    <p class='ocr_par' dir='ltr' id='par_1_95' title="bbox 2210 3827 3802 3914">
     <span class='ocr_line' id='line_1_96' title="bbox 2210 3827 3802 3914; baseline -0.008 -17"><span class='ocrx_word' id='word_1_739' title='bbox 2210 3827 2428 3914; x_wconf 86' lang='lat' dir='ltr'><strong>phetam</strong></span> <span class='ocrx_word' id='word_1_740' title='bbox 2477 3841 2621 3910; x_wconf 87' lang='lat' dir='ltr'><strong>quod</strong></span> <span class='ocrx_word' id='word_1_741' title='bbox 2663 3839 2769 3894; x_wconf 89' lang='lat' dir='ltr'><strong>erit</strong></span> <span class='ocrx_word' id='word_1_742' title='bbox 2807 3837 3072 3892; x_wconf 87' lang='lat' dir='ltr'><strong>desolatio</strong></span> <span class='ocrx_word' id='word_1_743' title='bbox 3117 3843 3380 3906; x_wconf 86' lang='lat' dir='ltr'><strong>perpetua</strong></span> <span class='ocrx_word' id='word_1_744' title='bbox 3411 3843 3536 3903; x_wconf 88' lang='lat' dir='ltr'><strong>post</strong></span> <span class='ocrx_word' id='word_1_745' title='bbox 3565 3831 3802 3886; x_wconf 86' lang='lat' dir='ltr'><strong>occisio-</strong></span> 
     </span>
    </p>
   </div>
   <div class='ocr_carea' id='block_1_96' title="bbox 2213 3921 3802 3996">
    <p class='ocr_par' dir='ltr' id='par_1_96' title="bbox 2213 3921 3802 3996">
     <span class='ocr_line' id='line_1_97' title="bbox 2213 3921 3802 3996; baseline -0.007 -8"><span class='ocrx_word' id='word_1_746' title='bbox 2213 3949 2336 3988; x_wconf 90' lang='lat' dir='ltr'><strong>nem</strong></span> <span class='ocrx_word' id='word_1_747' title='bbox 2383 3931 2606 3996; x_wconf 90' lang='lat' dir='ltr'><strong>Christi,</strong></span> <span class='ocrx_word' id='word_1_748' title='bbox 2665 3931 2808 3986; x_wconf 90' lang='lat' dir='ltr'><strong>sicut</strong></span> <span class='ocrx_word' id='word_1_749' title='bbox 2848 3921 3246 3985; x_wconf 31' lang='lat' dir='ltr'><strong>est‘desol‘atio</strong></span> <span class='ocrx_word' id='word_1_750' title='bbox 3293 3933 3478 3981; x_wconf 85' lang='lat' dir='ltr'><strong>nostra</strong></span> <span class='ocrx_word' id='word_1_751' title='bbox 3507 3931 3802 3994; x_wconf 84' lang='lat' dir='ltr'><strong>postquam</strong></span> 
     </span>
    </p>
   </div>
   <div class='ocr_carea' id='block_1_97' title="bbox 2210 4011 3806 4100">
    <p class='ocr_par' dir='ltr' id='par_1_97' title="bbox 2210 4011 3806 4100">
     <span class='ocr_line' id='line_1_98' title="bbox 2210 4011 3806 4100; baseline -0.008 -19"><span class='ocrx_word' id='word_1_752' title='bbox 2210 4027 2368 4081; x_wconf 83' lang='lat' dir='ltr'><strong>Iesus</strong></span> <span class='ocrx_word' id='word_1_753' title='bbox 2394 4025 2492 4078; x_wconf 89' lang='lat' dir='ltr'><strong>fuit</strong></span> <span class='ocrx_word' id='word_1_754' title='bbox 2519 4023 2756 4088; x_wconf 87' lang='lat' dir='ltr'><strong>occisus,</strong></span> <span class='ocrx_word' id='word_1_755' title='bbox 2799 4037 2901 4076; x_wconf 87' lang='lat' dir='ltr'><strong>nec</strong></span> <span class='ocrx_word' id='word_1_756' title='bbox 2949 4015 3315 4100; x_wconf 81' lang='lat' dir='ltr'><strong>comminatus</strong></span> <span class='ocrx_word' id='word_1_757' title='bbox 3345 4011 3428 4073; x_wconf 81' lang='lat' dir='ltr'><strong>est</strong></span> <span class='ocrx_word' id='word_1_758' title='bbox 3465 4013 3806 4100; x_wconf 31' lang='lat' dir='ltr'><strong>Deus‘nohis</strong></span> 
     </span>
    </p>
   </div>
   <div class='ocr_carea' id='block_1_98' title="bbox 2211 4095 3806 4190">
    <p class='ocr_par' dir='ltr' id='par_1_98' title="bbox 2211 4095 3806 4190">
     <span class='ocr_line' id='line_1_99' title="bbox 2211 4095 3806 4190; baseline -0.005 -20"><span class='ocrx_word' id='word_1_759' title='bbox 2211 4109 2524 4188; x_wconf 73' lang='lat' dir='ltr'><strong>perpetuam</strong></span> <span class='ocrx_word' id='word_1_760' title='bbox 2565 4113 2977 4190; x_wconf 82' lang='lat' dir='ltr'><strong>desolationem,</strong></span> <span class='ocrx_word' id='word_1_761' title='bbox 3009 4095 3112 4166; x_wconf 79' lang='lat' dir='ltr'><strong>nisi</strong></span> <span class='ocrx_word' id='word_1_762' title='bbox 3145 4125 3242 4181; x_wconf 88' lang='lat' dir='ltr'><strong>per</strong></span> <span class='ocrx_word' id='word_1_763' title='bbox 3267 4109 3601 4165; x_wconf 86' lang='lat' dir='ltr'><strong>occisionem</strong></span> <span class='ocrx_word' id='word_1_764' title='bbox 3635 4095 3806 4162; x_wconf 52' lang='lat' dir='ltr'><strong>Cliri?</strong></span> 
     </span>
    </p>
   </div>
   <div class='ocr_carea' id='block_1_99' title="bbox 2212 4198 3800 4272">
    <p class='ocr_par' dir='ltr' id='par_1_99' title="bbox 2212 4198 3800 4272">
     <span class='ocr_line' id='line_1_100' title="bbox 2212 4198 3800 4272; baseline -0.008 -8"><span class='ocrx_word' id='word_1_765' title='bbox 2212 4209 2302 4264; x_wconf 81' lang='lat' dir='ltr'><strong>Sti.</strong></span> <span class='ocrx_word' id='word_1_766' title='bbox 2333 4207 2399 4262; x_wconf 85' lang='lat' dir='ltr'><strong>Et</strong></span> <span class='ocrx_word' id='word_1_767' title='bbox 2425 4207 2469 4262; x_wconf 91' lang='lat' dir='ltr'><strong>si</strong></span> <span class='ocrx_word' id='word_1_768' title='bbox 2495 4205 2826 4262; x_wconf 80' lang='lat' dir='ltr'><strong>voluerimus</strong></span> <span class='ocrx_word' id='word_1_769' title='bbox 2871 4205 3054 4260; x_wconf 89' lang='lat' dir='ltr'><strong>dicere</strong></span> <span class='ocrx_word' id='word_1_770' title='bbox 3091 4201 3232 4272; x_wconf 85' lang='lat' dir='ltr'><strong>quod</strong></span> <span class='ocrx_word' id='word_1_771' title='bbox 3257 4214 3383 4257; x_wconf 89' lang='lat' dir='ltr'><strong>ante</strong></span> <span class='ocrx_word' id='word_1_772' title='bbox 3407 4209 3636 4256; x_wconf 87' lang='lat' dir='ltr'><strong>mortem</strong></span> <span class='ocrx_word' id='word_1_773' title='bbox 3669 4198 3800 4254; x_wconf 81' lang='lat' dir='ltr'><strong>Iesu</strong></span> 
     </span>
    </p>
   </div>
   <div class='ocr_carea' id='block_1_100' title="bbox 2209 4281 3803 4366">
    <p class='ocr_par' dir='ltr' id='par_1_100' title="bbox 2209 4281 3803 4366">
     <span class='ocr_line' id='line_1_101' title="bbox 2209 4281 3803 4366; baseline -0.006 -12"><span class='ocrx_word' id='word_1_774' title='bbox 2209 4299 2410 4355; x_wconf 83' lang='lat' dir='ltr'><strong>fuimus</strong></span> <span class='ocrx_word' id='word_1_775' title='bbox 2437 4299 2488 4353; x_wconf 89' lang='lat' dir='ltr'><strong>in</strong></span> <span class='ocrx_word' id='word_1_776' title='bbox 2515 4297 2868 4361; x_wconf 84' lang='lat' dir='ltr'><strong>desolatioue,</strong></span> <span class='ocrx_word' id='word_1_777' title='bbox 2894 4297 2960 4350; x_wconf 89' lang='lat' dir='ltr'><strong>ad</strong></span> <span class='ocrx_word' id='word_1_778' title='bbox 2987 4297 3088 4350; x_wconf 86' lang='lat' dir='ltr'><strong>hoc</strong></span> <span class='ocrx_word' id='word_1_779' title='bbox 3113 4295 3441 4366; x_wconf 86' lang='lat' dir='ltr'><strong>respondent</strong></span> <span class='ocrx_word' id='word_1_780' title='bbox 3462 4293 3620 4348; x_wconf 89' lang='lat' dir='ltr'><strong>nobis</strong></span> <span class='ocrx_word' id='word_1_781' title='bbox 3641 4281 3803 4347; x_wconf 52' lang='lat' dir='ltr'><strong>Chrié</strong></span> 
     </span>
    </p>
   </div>
   <div class='ocr_carea' id='block_1_101' title="bbox 2211 4377 3796 4462">
    <p class='ocr_par' dir='ltr' id='par_1_101' title="bbox 2211 4377 3796 4462">
     <span class='ocr_line' id='line_1_102' title="bbox 2211 4377 3796 4462; baseline -0.008 -17"><span class='ocrx_word' id='word_1_782' title='bbox 2211 4390 2372 4445; x_wconf 77' lang='lat' dir='ltr'><strong>stiani</strong></span> <span class='ocrx_word' id='word_1_783' title='bbox 2421 4389 2563 4458; x_wconf 86' lang='lat' dir='ltr'><strong>quod</strong></span> <span class='ocrx_word' id='word_1_784' title='bbox 2608 4396 2734 4441; x_wconf 87' lang='lat' dir='ltr'><strong>ante</strong></span> <span class='ocrx_word' id='word_1_785' title='bbox 2781 4377 3012 4440; x_wconf 82' lang='lat' dir='ltr'><strong>mortem</strong></span> <span class='ocrx_word' id='word_1_786' title='bbox 3057 4384 3206 4462; x_wconf 88' lang='lat' dir='ltr'><strong>illam</strong></span> <span class='ocrx_word' id='word_1_787' title='bbox 3235 4383 3344 4438; x_wconf 79' lang='lat' dir='ltr'><strong>non</strong></span> <span class='ocrx_word' id='word_1_788' title='bbox 3377 4381 3479 4436; x_wconf 86' lang='lat' dir='ltr'><strong>fuit</strong></span> <span class='ocrx_word' id='word_1_789' title='bbox 3503 4381 3796 4448; x_wconf 76' lang='lat' dir='ltr'><strong>desolatin,</strong></span> 
     </span>
    </p>
   </div>
   <div class='ocr_carea' id='block_1_102' title="bbox 2209 4475 3798 4552">
    <p class='ocr_par' dir='ltr' id='par_1_102' title="bbox 2209 4475 3798 4552">
     <span class='ocr_line' id='line_1_103' title="bbox 2209 4475 3798 4552; baseline -0.004 -16"><span class='ocrx_word' id='word_1_790' title='bbox 2209 4485 2311 4538; x_wconf 86' lang='lat' dir='ltr'><strong>nisi</strong></span> <span class='ocrx_word' id='word_1_791' title='bbox 2367 4481 2708 4552; x_wconf 82' lang='lat' dir='ltr'><strong>septuaginta</strong></span> <span class='ocrx_word' id='word_1_792' title='bbox 2755 4475 2930 4545; x_wconf 83' lang='lat' dir='ltr'><strong>annis,</strong></span> <span class='ocrx_word' id='word_1_793' title='bbox 2977 4488 3033 4534; x_wconf 91' lang='lat' dir='ltr'><strong>et</strong></span> <span class='ocrx_word' id='word_1_794' title='bbox 3077 4485 3198 4548; x_wconf 87' lang='lat' dir='ltr'><strong>post</strong></span> <span class='ocrx_word' id='word_1_795' title='bbox 3246 4477 3350 4532; x_wconf 85' lang='lat' dir='ltr'><strong>hoc</strong></span> <span class='ocrx_word' id='word_1_796' title='bbox 3395 4475 3600 4530; x_wconf 86' lang='lat' dir='ltr'><strong>fuimus</strong></span> <span class='ocrx_word' id='word_1_797' title='bbox 3652 4475 3798 4545; x_wconf 82' lang='lat' dir='ltr'><strong>apud</strong></span> 
     </span>
    </p>
   </div>
   <div class='ocr_carea' id='block_1_103' title="bbox 2209 4553 3802 4643">
    <p class='ocr_par' dir='ltr' id='par_1_103' title="bbox 2209 4553 3802 4643">
     <span class='ocr_line' id='line_1_104' title="bbox 2209 4553 3802 4643; baseline -0.008 -13"><span class='ocrx_word' id='word_1_798' title='bbox 2209 4575 2376 4630; x_wconf 90' lang='lat' dir='ltr'><strong>Deum</strong></span> <span class='ocrx_word' id='word_1_799' title='bbox 2407 4553 2459 4626; x_wconf 83' lang='lat' dir='ltr'><strong>in</strong></span> <span class='ocrx_word' id='word_1_800' title='bbox 2493 4561 2674 4643; x_wconf 82' lang='lat' dir='ltr'><strong>gratia</strong></span> <span class='ocrx_word' id='word_1_801' title='bbox 2699 4567 2773 4625; x_wconf 60' lang='lat' dir='ltr'><strong>et&#39;</strong></span> <span class='ocrx_word' id='word_1_802' title='bbox 2803 4571 3031 4625; x_wconf 89' lang='lat' dir='ltr'><strong>honore.</strong></span> <span class='ocrx_word' id='word_1_803' title='bbox 3061 4569 3245 4634; x_wconf 86' lang='lat' dir='ltr'><strong>Certe,</strong></span> <span class='ocrx_word' id='word_1_804' title='bbox 3283 4563 3508 4623; x_wconf 81' lang='lat' dir='ltr'><strong>domine</strong></span> <span class='ocrx_word' id='word_1_805' title='bbox 3547 4565 3644 4631; x_wconf 86' lang='lat' dir='ltr'><strong>mi,</strong></span> <span class='ocrx_word' id='word_1_806' title='bbox 3694 4559 3802 4635; x_wconf 78' lang='lat' dir='ltr'><strong>ego</strong></span> 
     </span>
    </p>
   </div>
   <div class='ocr_carea' id='block_1_104' title="bbox 2210 4657 3796 4731">
    <p class='ocr_par' dir='ltr' id='par_1_104' title="bbox 2210 4657 3796 4731">
     <span class='ocr_line' id='line_1_105' title="bbox 2210 4657 3796 4731; baseline -0.007 -11"><span class='ocrx_word' id='word_1_807' title='bbox 2210 4681 2319 4722; x_wconf 89' lang='lat' dir='ltr'><strong>non</strong></span> <span class='ocrx_word' id='word_1_808' title='bbox 2383 4665 2540 4718; x_wconf 76' lang='lat' dir='ltr'><strong>video</strong></span> <span class='ocrx_word' id='word_1_809' title='bbox 2593 4663 2904 4717; x_wconf 87' lang='lat' dir='ltr'><strong>evasionem</strong></span> <span class='ocrx_word' id='word_1_810' title='bbox 2959 4669 3152 4716; x_wconf 88' lang='lat' dir='ltr'><strong>contra</strong></span> <span class='ocrx_word' id='word_1_811' title='bbox 3199 4658 3546 4731; x_wconf 84' lang='lat' dir='ltr'><strong>prophetiam</strong></span> <span class='ocrx_word' id='word_1_812' title='bbox 3593 4657 3796 4723; x_wconf 86' lang='lat' dir='ltr'><strong>istam,</strong></span> 
     </span>
    </p>
   </div>
   <div class='ocr_carea' id='block_1_105' title="bbox 2209 4751 3800 4835">
    <p class='ocr_par' dir='ltr' id='par_1_105' title="bbox 2209 4751 3800 4835">
     <span class='ocr_line' id='line_1_106' title="bbox 2209 4751 3800 4835; baseline -0.004 -24"><span class='ocrx_word' id='word_1_813' title='bbox 2209 4761 2337 4830; x_wconf 89' lang='lat' dir='ltr'><strong>quia</strong></span> <span class='ocrx_word' id='word_1_814' title='bbox 2390 4759 2456 4813; x_wconf 90' lang='lat' dir='ltr'><strong>de</strong></span> <span class='ocrx_word' id='word_1_815' title='bbox 2507 4755 2656 4835; x_wconf 83' lang='lat' dir='ltr'><strong>facto</strong></span> <span class='ocrx_word' id='word_1_816' title='bbox 2705 4757 2811 4810; x_wconf 78' lang='lat' dir='ltr'><strong>isto</strong></span> <span class='ocrx_word' id='word_1_817' title='bbox 2854 4754 3118 4832; x_wconf 82' lang='lat' dir='ltr'><strong>probatur</strong></span> <span class='ocrx_word' id='word_1_818' title='bbox 3145 4753 3302 4808; x_wconf 85' lang='lat' dir='ltr'><strong>nobis</strong></span> <span class='ocrx_word' id='word_1_819' title='bbox 3331 4751 3475 4822; x_wconf 87' lang='lat' dir='ltr'><strong>quod</strong></span> <span class='ocrx_word' id='word_1_820' title='bbox 3505 4753 3800 4821; x_wconf 74' lang='lat' dir='ltr'><strong>postquam</strong></span> 
     </span>
    </p>
   </div>
   <div class='ocr_carea' id='block_1_106' title="bbox 2207 4841 3796 4920">
    <p class='ocr_par' dir='ltr' id='par_1_106' title="bbox 2207 4841 3796 4920">
     <span class='ocr_line' id='line_1_107' title="bbox 2207 4841 3796 4920; baseline -0.008 -17"><span class='ocrx_word' id='word_1_821' title='bbox 2207 4865 2238 4903; x_wconf 89' lang='lat' dir='ltr'><strong>a</strong></span> <span class='ocrx_word' id='word_1_822' title='bbox 2268 4847 2692 4904; x_wconf 70' lang='lat' dir='ltr'><strong>retedilicatione</strong></span> <span class='ocrx_word' id='word_1_823' title='bbox 2720 4841 2943 4900; x_wconf 87' lang='lat' dir='ltr'><strong>fuerunt</strong></span> <span class='ocrx_word' id='word_1_824' title='bbox 2977 4843 3262 4914; x_wconf 67' lang='lat' dir='ltr'><strong>completa:</strong></span> <span class='ocrx_word' id='word_1_825' title='bbox 3299 4841 3796 4920; x_wconf 63' lang='lat' dir='ltr'><strong>septuaginta‘ﬂua:</strong></span> 
     </span>
    </p>
   </div>
   <div class='ocr_carea' id='block_1_107' title="bbox 2208 4935 3793 5009">
    <p class='ocr_par' dir='ltr' id='par_1_107' title="bbox 2208 4935 3793 5009">
     <span class='ocr_line' id='line_1_108' title="bbox 2208 4935 3793 5009; baseline -0.008 -14"><span class='ocrx_word' id='word_1_826' title='bbox 2208 4939 2562 4995; x_wconf 69' lang='lat' dir='ltr'><strong>ltehdouiadte</strong></span> <span class='ocrx_word' id='word_1_827' title='bbox 2587 4953 2746 5009; x_wconf 86' lang='lat' dir='ltr'><strong>supra</strong></span> <span class='ocrx_word' id='word_1_828' title='bbox 2770 4951 2962 5002; x_wconf 87' lang='lat' dir='ltr'><strong>annos,</strong></span> <span class='ocrx_word' id='word_1_829' title='bbox 2979 4936 3068 5006; x_wconf 90' lang='lat' dir='ltr'><strong>qui</strong></span> <span class='ocrx_word' id='word_1_830' title='bbox 3095 4944 3222 4990; x_wconf 90' lang='lat' dir='ltr'><strong>sunt</strong></span> <span class='ocrx_word' id='word_1_831' title='bbox 3245 4935 3509 4989; x_wconf 84' lang='lat' dir='ltr'><strong>annicccc</strong></span> <span class='ocrx_word' id='word_1_832' title='bbox 3531 4941 3793 4994; x_wconf 76' lang='lat' dir='ltr'><strong>etxxmt,</strong></span> 
     </span>
    </p>
   </div>
   <div class='ocr_carea' id='block_1_108' title="bbox 2209 5026 3798 5100">
    <p class='ocr_par' dir='ltr' id='par_1_108' title="bbox 2209 5026 3798 5100">
     <span class='ocr_line' id='line_1_109' title="bbox 2209 5026 3798 5100; baseline -0.009 -13"><span class='ocrx_word' id='word_1_833' title='bbox 2209 5045 2339 5088; x_wconf 86' lang='lat' dir='ltr'><strong>tunc</strong></span> <span class='ocrx_word' id='word_1_834' title='bbox 2362 5030 2630 5086; x_wconf 83' lang='lat' dir='ltr'><strong>fuitIesus</strong></span> <span class='ocrx_word' id='word_1_835' title='bbox 2651 5026 2864 5085; x_wconf 73' lang='lat' dir='ltr'><strong>Occisus</strong></span> <span class='ocrx_word' id='word_1_836' title='bbox 2877 5045 2905 5082; x_wconf 89' lang='lat' dir='ltr'><strong>a</strong></span> <span class='ocrx_word' id='word_1_837' title='bbox 2923 5027 3169 5100; x_wconf 87' lang='lat' dir='ltr'><strong>patribus</strong></span> <span class='ocrx_word' id='word_1_838' title='bbox 3187 5026 3410 5090; x_wconf 86' lang='lat' dir='ltr'><strong>nostris,</strong></span> <span class='ocrx_word' id='word_1_839' title='bbox 3423 5035 3478 5079; x_wconf 92' lang='lat' dir='ltr'><strong>et</strong></span> <span class='ocrx_word' id='word_1_840' title='bbox 3497 5031 3684 5093; x_wconf 88' lang='lat' dir='ltr'><strong>postea</strong></span> <span class='ocrx_word' id='word_1_841' title='bbox 3707 5037 3798 5074; x_wconf 88' lang='lat' dir='ltr'><strong>ve-</strong></span> 
     </span>
    </p>
   </div>
   <div class='ocr_carea' id='block_1_109' title="bbox 2207 5102 3792 5188">
    <p class='ocr_par' dir='ltr' id='par_1_109' title="bbox 2207 5102 3792 5188">
     <span class='ocr_line' id='line_1_110' title="bbox 2207 5102 3792 5188; baseline -0.007 -10"><span class='ocrx_word' id='word_1_842' title='bbox 2207 5125 2287 5178; x_wconf 87' lang='lat' dir='ltr'><strong>nit</strong></span> <span class='ocrx_word' id='word_1_843' title='bbox 2317 5122 2446 5185; x_wconf 82' lang='lat' dir='ltr'><strong>tlux,</strong></span> <span class='ocrx_word' id='word_1_844' title='bbox 2475 5121 2683 5176; x_wconf 88' lang='lat' dir='ltr'><strong>scilicet</strong></span> <span class='ocrx_word' id='word_1_845' title='bbox 2711 5117 2867 5174; x_wconf 73' lang='lat' dir='ltr'><strong>&#39;I&#39;itus</strong></span> <span class='ocrx_word' id='word_1_846' title='bbox 2892 5127 2948 5174; x_wconf 88' lang='lat' dir='ltr'><strong>et</strong></span> <span class='ocrx_word' id='word_1_847' title='bbox 2971 5102 3200 5188; x_wconf 82' lang='lat' dir='ltr'><strong>populus</strong></span> <span class='ocrx_word' id='word_1_848' title='bbox 3232 5113 3530 5180; x_wconf 79' lang='lat' dir='ltr'><strong>Romanus,</strong></span> <span class='ocrx_word' id='word_1_849' title='bbox 3563 5123 3616 5169; x_wconf 88' lang='lat' dir='ltr'><strong>et</strong></span> <span class='ocrx_word' id='word_1_850' title='bbox 3643 5114 3792 5182; x_wconf 81' lang='lat' dir='ltr'><strong>fece-</strong></span> 
     </span>
    </p>
   </div>
   <div class='ocr_carea' id='block_1_110' title="bbox 2213 5207 3796 5282">
    <p class='ocr_par' dir='ltr' id='par_1_110' title="bbox 2213 5207 3796 5282">
     <span class='ocr_line' id='line_1_111' title="bbox 2213 5207 3796 5282; baseline -0.008 -12"><span class='ocrx_word' id='word_1_851' title='bbox 2213 5225 2341 5271; x_wconf 88' lang='lat' dir='ltr'><strong>runt</strong></span> <span class='ocrx_word' id='word_1_852' title='bbox 2373 5215 2531 5270; x_wconf 87' lang='lat' dir='ltr'><strong>nobis</strong></span> <span class='ocrx_word' id='word_1_853' title='bbox 2555 5213 2848 5269; x_wconf 87' lang='lat' dir='ltr'><strong>secundum</strong></span> <span class='ocrx_word' id='word_1_854' title='bbox 2881 5211 3228 5282; x_wconf 86' lang='lat' dir='ltr'><strong>prephetiam</strong></span> <span class='ocrx_word' id='word_1_855' title='bbox 3251 5210 3447 5273; x_wconf 85' lang='lat' dir='ltr'><strong>istam,</strong></span> <span class='ocrx_word' id='word_1_856' title='bbox 3479 5207 3640 5262; x_wconf 84' lang='lat' dir='ltr'><strong>hodie</strong></span> <span class='ocrx_word' id='word_1_857' title='bbox 3667 5214 3796 5261; x_wconf 87' lang='lat' dir='ltr'><strong>sunt</strong></span> 
     </span>
    </p>
   </div>
   <div class='ocr_carea' id='block_1_111' title="bbox 2209 5287 3788 5368">
    <p class='ocr_par' dir='ltr' id='par_1_111' title="bbox 2209 5287 3788 5368">
     <span class='ocr_line' id='line_1_112' title="bbox 2209 5287 3788 5368; baseline -0.006 -8"><span class='ocrx_word' id='word_1_858' title='bbox 2209 5305 2356 5360; x_wconf 83' lang='lat' dir='ltr'><strong>mille</strong></span> <span class='ocrx_word' id='word_1_859' title='bbox 2377 5304 2503 5358; x_wconf 89' lang='lat' dir='ltr'><strong>anni</strong></span> <span class='ocrx_word' id='word_1_860' title='bbox 2527 5315 2581 5359; x_wconf 86' lang='lat' dir='ltr'><strong>et</strong></span> <span class='ocrx_word' id='word_1_861' title='bbox 2601 5303 2761 5368; x_wconf 86' lang='lat' dir='ltr'><strong>ultra,</strong></span> <span class='ocrx_word' id='word_1_862' title='bbox 2777 5311 2832 5357; x_wconf 90' lang='lat' dir='ltr'><strong>et</strong></span> <span class='ocrx_word' id='word_1_863' title='bbox 2853 5287 3208 5366; x_wconf 81' lang='lat' dir='ltr'><strong>nihilominus</strong></span> <span class='ocrx_word' id='word_1_864' title='bbox 3229 5302 3272 5355; x_wconf 91' lang='lat' dir='ltr'><strong>si</strong></span> <span class='ocrx_word' id='word_1_865' title='bbox 3291 5302 3344 5354; x_wconf 92' lang='lat' dir='ltr'><strong>in</strong></span> <span class='ocrx_word' id='word_1_866' title='bbox 3369 5301 3449 5354; x_wconf 81' lang='lat' dir='ltr'><strong>ira</strong></span> <span class='ocrx_word' id='word_1_867' title='bbox 3467 5299 3561 5353; x_wconf 88' lang='lat' dir='ltr'><strong>Dei</strong></span> <span class='ocrx_word' id='word_1_868' title='bbox 3581 5313 3788 5361; x_wconf 86' lang='lat' dir='ltr'><strong>sumus,</strong></span> 
     </span>
    </p>
   </div>
  </div>
