4026 5370
514 132 620 194 5.5.7

1727 141 1806 202 SA
1817 141 2072 200 MUELIS
2105 143 2538 212 MAROCIIIANI

3675 159 3784 218 ars

515 239 662 302 Sicut
701 247 832 310 dicit
855 253 998 314 Dens
1029 261 1125 320 per
1159 263 1219 303 os
1249 237 1731 322 Esaim'proplicta:
1758 273 1770 308 :
1801 274 1820 306 ι
1858 257 1923 316 Ει
1954 257 2094 310 inter
2120 263 2165 323 Α
2192 257 2371 327 justus
2415 259 2514 312 istc
2545 257 2803 314 Dominus
2831 267 3112 326 virtutum,
3141 276 3246 316 non
3289 263 3470 326 habuit
3501 267 3778 340 praelium,

512 339 725 408 iniquos
747 349 1092 409 computatus
1132 350 1244 408 est,
1279 351 1332 398 ct
1367 354 1588 415 propter
1613 345 1714 401 hoc
1744 363 1850 402 non
1879 358 2090 418 reputa-

509 432 684 486 vimus
729 447 851 486 eum
898 433 1053 503 (Iani.
1108 437 1248 506 Lm).
1287 458 1305 490 ι
1337 437 1402 492 Ει
1428 438 1690 496 Jeremias
1717 441 1886 498 dicit:
1923 463 1941 496 ε
1977 445 2093 513 ipse

509 531 591 577 est
621 524 780 579 homo
800 566 814 590 ,
843 535 897 580 et
926 526 1046 596 quis
1080 529 1184 582 scit
1212 543 1334 584 eum
1357 531 1380 584 ?
1401 551 1418 583 ι
1453 531 1518 585 Et
1546 531 1730 599 timeo,
1758 533 1972 592 domine
1997 538 2088 604 mi,

2197 347 2300 402 nisi
2341 348 2391 412 in
2425 347 2600 417 primo
2647 349 2877 403 adventu
2921 365 3038 416 suo,
3074 351 3198 422 quia
3226 356 3441 423 quando
3471 359 3682 415 sedebit
3711 363 3784 418 ad

2187 437 2535 506 judicandum
2565 441 2706 518 ignis
2745 443 2796 496 in
2844 444 3070 506 circuitu
3118 445 3234 516 ejus
3261 449 3580 506 cxardeseet
3615 463 3670 509 et
3701 454 3783 509 in-

2191 529 2487 586 ﬂammabit
2519 533 2570 587 in
2599 533 2825 588 circuitu
2859 534 3107 592 inimicos
3136 537 3282 605 ejus,
3330 549 3385 595 et
3426 543 3784 614 conﬂagrahit

509 616 652 688 quod
682 625 863 688 patres
897 619 1066 674 nostri
1091 621 1142 694 in
1169 622 1346 692 primo
1378 623 1610 680 adventu
1649 625 1858 683 Messina
1883 628 2083 685 deiece-

2185 621 2362 690 justos
2386 638 2485 692 per
2533 623 2711 695 ignem
2762 627 2916 696 quasi
2961 638 3245 696 argentum
3283 629 3452 702 (Psal.
3509 635 3695 709 nix);
3727 647 3788 694 et

507 717 672 774 runt,
709 715 764 762 et
801 711 1178 779 erraverunt,‘
1201 722 1255 768 et
1289 723 1509 785 propter
1541 717 1642 772 hoc
1663 713 1871 774 'surnus
1903 719 1954 774 in
1986 720 2090 775 ista

506 799 820 867 captivitate
845 842 858 866 ,
911 818 1030 872 qua:
1063 821 1168 859 non
1199 805 1361 862 habet
1391 809 1574 864 tinem.
1621 808 1688 865 Et
1727 821 1904 866 tamen
1937 814 2091 884 quid-

507 891 632 968 quid
663 895 960 966 contingat,
986 897 1077 953 Dei
1107 914 1314 964 sumus,
1343 910 1398 956 et
1430 903 1482 957 in
1515 903 1628 974 ipso
1647 918 1950 974 speramus.

1075 991 1306 1049 CAPUT
1355 993 1445 1052 XI.

505 1075 582 1130 Dc
603 1081 829 1133 secundo
860 1083 1086 1142 adventu
1120 1083 1316 1140 Christi
1361 1103 1478 1140 cum
1509 1089 1742 1156 potentia
1767 1089 2084 1158 jndicaturi.

576 1167 802 1225 Domine
824 1171 896 1226 ini
916 1213 930 1238 ,
957 1189 1127 1244 paveo
1163 1190 1229 1230 ne
1271 1175 1570 1245 istejustus
1590 1177 1755 1247 judex
1784 1179 1854 1233 sit
1881 1178 1968 1234 ille
1996 1179 2086 1249 qui

499 1262 838 1332 iudicaturus
872 1276 954 1321 est
981 1283 1102 1322 eum
1131 1271 1368 1338 polentia
1401 1270 1452 1324 in
1485 1271 1719 1326 adventu
1751 1274 2006 1338 secundo,
2037 1281 2088 1327 et

501 1354 590 1430 qui
615 1351 714 1408 fuit
745 1355 994 1412 Salvator
1023 1359 1074 1412 in
1111 1360 1342 1415 adventu
1378 1361 1555 1432 primo
1585 1363 1825 1417 omnium
1854 1364 1943 1433 qui
1972 1379 2088 1420 erc-

501 1443 753 1499 diderunt
800 1445 852 1500 in
900 1463 1053 1510 eum,
1088 1449 1340 1518 quoniam
1373 1453 1633 1520 propheta
1663 1451 1830 1507 David
1863 1453 1994 1508 dicit
2022 1455 2088 1508 de

499 1535 630 1589 illo:
661 1555 680 1588 ι
719 1535 912 1591 Notum
947 1538 1075 1593 fecit
1105 1541 1361 1597 Dominus
1414 1543 1652 1601 salutare
1685 1559 1875 1608 suum,
1937 1553 1992 1599 et
2029 1545 2082 1598 in

2191 715 2295 770 hoc
2332 715 2522 771 ultimo
2559 717 2677 788 ejus
2719 720 2972 774 adventu.
3007 721 3196 778 Nullus
3237 733 3414 778 autem
3444 727 3787 796 prwliabitur

2191 815 2377 860 contra
2411 807 2584 872 illum,
2619 823 2718 863 nec
2749 807 2899 865 locus
2943 812 3047 866 erit
3089 825 3300 884 pugnae.
3331 816 3521 872 Adhuc
3547 819 3612 874 de
3645 820 3784 890 justi

2190 898 2351 968 hujus
2405 901 2735 958 exaltatioue
2789 904 2919 959 dicit
2960 905 3164 961 Isaias:
3201 926 3220 959 ε
3258 906 3388 976 Quis
3417 920 3498 965 est
3538 913 3642 968 iste
3686 917 3783 985 qui

2189 991 2338 1047 venit
2364 991 2430 1046 de
2463 993 2631 1048 Edom
2661 995 2725 1049 de
2760 1003 2922 1059 terra,
2959 997 3158 1054 rubens
3200 1002 3537 1063 vestimentis
3571 1003 3687 1071 ejus
3715 1007 3798 1065 de

2191 1080 2383 1140 Bosra.
2409 1084 2548 1138 sicut
2577 1085 2667 1142 ille
2697 1087 2966 1143 formosus
2995 1089 3046 1144 in
3094 1091 3264 1158 stola;
3295 1101 3348 1148 et
3381 1097 3673 1164 respondet
3695 1096 3788 1160 his

2182 1172 2363 1243 justus
2387 1175 2488 1231 iste
2517 1194 2530 1230 :
2563 1177 2672 1248 Ego
2703 1179 2792 1248 qui
2823 1177 3012 1248 loquor
3033 1179 3323 1250 justitiam,
3355 1199 3472 1239 sum
3505 1202 3788 1257 expugna-

2189 1271 2274 1316 tor
2301 1263 2366 1319 ad
2395 1265 2798 1330 salutationem,
2819 1277 2874 1324 et
2898 1271 3082 1325 dicunt
3106 1267 3152 1326 ei
3177 1274 3362 1344 Angcli
3403 1294 3416 1329 :
3454 1276 3497 1332 0
3538 1279 3786 1346 domine,

2185 1371 2355 1426 quare
2411 1359 2632 1414 rubrum
2679 1364 2762 1416 est
2803 1365 3180 1428 vestimentum
3250 1377 3401 1428 tuum
3468 1370 3608 1426 sicut
3670 1347 3804 1427 eali

2186 1447 2359 1502 cautis
2384 1449 3008 1522 torcular?Respondet,
3037 1456 3219 1511 dicens
3249 1476 3260 1510 :
3288 1457 3548 1514 Torcul'ar
3574 1462 3786 1522 calcavi

2188 1539 2355 1606 solus,
2381 1550 2438 1596 et
2468 1558 2573 1598 non
2604 1553 2724 1599 erat
2767 1547 2850 1600 vir
2877 1563 3085 1602 mecum
3128 1548 3278 1620 (Isai.
3331 1554 3508 1622 mn).
3551 1574 3569 1606 ι
3621 1553 3788 1622 Vide,

499 1635 792 1695 conspectu
834 1629 1072 1697 gentium
1123 1629 1384 1686 revelavit
1421 1632 1688 1700 justitiam
1718 1649 1869 1690 suam
1908 1633 2079 1706 (Paul.
2115 1632 2403 1698 Bdomine
2450 1635 2540 1698 mi,
2566 1651 2726 1706 quam
2779 1639 2996 1708 proprie
3023 1639 3259 1710 loquitur
3307 1629 3499 1708 lsaias,‘
3526 1655 3578 1698 et
3612 1647 3788 1700 timeo

499 1717 690 1784 xcv").
726 1736 744 1770 ι
773 1719 963 1775 Adhuc
1011 1721 1143 1776 dicit
1191 1723 1400 1778 Isaias:
1437 1745 1454 1776 ‹
1489 1723 1764 1780 llaurietis
1805 1739 1976 1796 aquas
2021 1727 2087 1781 de

497 1811 723 1880 piscinis
756 1813 1053 1870 Salvatoris
1081 1815 1218 1888 (Isa.
1259 1819 1382 1890 xu).
1415 1837 1432 1869 ι
1462 1817 1614 1885 Quod
1642 1819 1868 1885 dictum,
1898 1835 2090 1874 secun—

498 1903 623 1956 dum
679 1905 859 1960 videre
904 1921 1111 1972 meum,
1155 1908 1394 1980 intelligo
1443 1909 1508 1964 de
1545 1909 1832 1980 baptismo.
1867 1909 1999 1963 Nam
2033 1910 2086 1964 in
2121 1969 2124 1972 ,

495 1995 673 2063 primo
704 1997 936 2053 adventu
967 2000 1198 2054 salvavit
1229 2015 1325 2070 per
1363 2017 1558 2070 aquam
1581 2041 1595 2064 ,
1643 2011 1699 2056 et
1747 2001 1799 2056 in
1850 2001 2086 2057 secundo

493 2089 758 2161 iudicabit
803 2107 899 2164 per
928 2093 1128 2164 ignem.
1168 2094 1232 2149 Et
1277 2093 1344 2149 de
1391 2095 1495 2148 isto
1527 2093 1808 2150 Salvatore
1854 2095 2084 2160 dicitur,

495 2183 714 2239 domine
742 2186 813 2238 mi
847 2204 862 2240 :
901 2205 918 2236 ‹
964 2187 1090 2241 Scio
1125 2187 1266 2257 quod
1297 2187 1546 2242 Salvator
1573 2203 1726 2244 meus
1755 2188 1914 2252 vivit,
1947 2197 1998 2242 ct
2031 2187 2084 2242 in

495 2266 794 2331 novissimo
815 2277 903 2330 die
927 2277 991 2332 de
1020 2285 1160 2332 terra
1192 2289 1536 2333 surrecturus
1579 2293 1697 2333 sum
1749 2287 1803 2332 ct
1831 2279 1884 2332 in
1923 2291 2086 2332 carne

493 2381 610 2420 mea
639 2367 778 2420 oculi
822 2369 923 2422 mei
973 2369 1233 2423 videbunt
1275 2370 1442 2423 Deum
1495 2385 1672 2423 meum
1702 2367 1846 2440 (Job.
1877 2367 2014 2438 vix).
2060 2389 2080 2421 ι

493 2455 750 2516 Attende.
778 2459 993 2514 domine
1039 2460 1130 2523 tui,
1161 2461 1302 2528 quod
1329 2468 1485 2514 vocat
1507 2459 1714 2529 justum
1745 2459 2082 2513 Salvatoretn

494 2549 682 2614 Deum,
709 2560 922 2606 constat
948 2561 1126 2605 autem
1153 2552 1294 2620 quod
1317 2551 1458 2606 oeuli
1479 2549 1662 2604 carnis
1687 2565 1791 2603 non
1819 2550 2084 2604 videbunt

495 2641 686 2696 Deum.
719 2641 858 2703 Ecce
914 2641 1176 2696 habemus
1226 2643 1520 2697 secundum
1571 2639 1882 2711 Scripturas
1941 2639 2082 2710 quod

496 2735 748 2791 Salvator
778 2744 861 2790 est
891 2736 979 2791 ille
1011 2736 1154 2790 Deus
1177 2737 1383 2806 justus,
1436 2735 1502 2790 de
1533 2749 1639 2804 quo
1673 2744 1756 2789 est
1783 2747 1961 2788 sermo
1989 2774 2002 2797 ,
2031 2741 2086 2786 et

493 2827 643 2884 soius
670 2837 848 2898 potest
880 2827 986 2882 dici
1015 2843 1174 2882 verus
1195 2827 1402 2896 justus,
1433 2828 1690 2898 quoniam
1732 2825 1936 2880 nullum
1963 2841 2080 2894 pec-

493 2927 674 2974 catum
701 2917 844 2982 fecit,
871 2919 1170 2972 secundum
1201 2918 1344 2988 quod
1377 2917 1442 2971 de
1471 2916 1562 2970 illo
1589 2915 1730 2971 Deus
1772 2915 2085 2970 testiﬁcabi-

2189 1721 2332 1792 quod
2363 1723 2524 1792 hujus
2545 1724 2677 1794 justi
2713 1729 2991 1797 responsio
3019 1745 3124 1784 non
3159 1740 3342 1802 tangat
3375 1734 3477 1788 nisi
3501 1751 3622 1800 nos,
3653 1751 3784 1791 cum

2189 1815 2356 1871 dicit:
2397 1835 2414 1867 ε
2447 1815 2660 1873 Calcavi
2702 1835 2796 1874 eos
2834 1821 2886 1875 in
2927 1821 3004 1876 ira
3039 1838 3176 1886 mea,
3211 1823 3381 1879 donec
3411 1841 3666 1896 aspersus
3697 1837 3788 1883 cst

2189 1907 2411 1978 sanguis
2439 1923 2626 1963 eorum
2660 1923 2824 1979 super
2871 1911 3180 1968 indumenta
3228 1930 3346 1968 mea
3367 1957 3381 1980 ,
3410 1925 3464 1971 et
3495 1915 3784 1984 inquinata

2187 2003 2316 2049 sunt.
2343 1997 2525 2051 omnia
2581 1999 2900 2054 vestimenta
2940 2016 3079 2054 mea.
3135 2000 3238 2056 Sed
3290 2004 3405 2058 dies
3451 2003 3673 2061 ultionis
3725 2009 3783 2062 in

2189 2085 2350 2140 corde
2377 2101 2518 2154 meo,
2552 2099 2608 2142 et
2631 2103 2804 2144 annus
2832 2090 3195 2146 tribulationis
3217 2108 3349 2147 meae
3375 2095 3524 2148 venit
3549 2096 3727 2166 (ibid.)
3756 2117 3780 2148 ι

2187 2175 2456 2244 Quantum
2490 2195 2620 2248 ergo
2650 2195 2870 2251 sperare
2897 2196 3182 2251 possumus
3213 2184 3264 2237 in
3306 2185 3452 2254 justo
3495 2185 3628 2252 isto,
3682 2187 3786 2240 do-

2189 2275 2335 2329 mine
2365 2275 2472 2340 mi,
2519 2276 2608 2330 ubi
2637 2277 2837 2330 scimus
2873 2278 3043 2347 ipsum
3071 2278 3135 2332 de
3167 2279 3318 2332 nobis
3365 2278 3567 2349 angelis
3611 2277 3786 2338 fuisse

2188 2371 2545 2434 conquestum
2579 2365 2632 2418 in
2661 2365 2823 2429 coelo,
2847 2375 2898 2421 ct
2925 2365 3219 2422 notiticavit
3246 2368 3325 2423 eis
3355 2369 3506 2438 quod
3529 2367 3646 2437 ipse
3671 2369 3786 2424 eal-

2185 2451 2392 2507 caverit
2431 2457 2668 2508 torcular
2697 2453 2863 2509 solus.
2899 2455 2964 2508 Et
2991 2456 3120 2525 quid
3151 2457 3300 2510 aliud
3325 2457 3559 2512 calcavit
3605 2459 3658 2512 in
3698 2459 3780 2512 ira

2187 2557 2306 2609 sua,
2343 2543 2446 2598 nisi
2481 2559 2578 2599 nos
2598 2545 2714 2615 qui,
2745 2554 2864 2614 post
2907 2545 3100 2600 bellum
3131 2547 3272 2616 quod
3301 2547 3488 2600 habuit
3517 2549 3568 2600 in
3595 2548 3784 2617 primo

2187 2635 2418 2689 adventu
2448 2650 2568 2700 suo,
2594 2637 2848 2705 prostrati
2877 2653 3064 2692 sumus
3095 2637 3162 2691 ab
3188 2651 3251 2691 eo
3273 2679 3288 2702 ,
3312 2649 3365 2692 et
3393 2638 3585 2698 ealcati
3615 2656 3630 2702 ;
3663 2637 3782 2707 jam

2185 2737 2310 2783 sunt
2340 2729 2486 2784 mille
2514 2729 2663 2796 anni,
2691 2739 2744 2784 e'.
2774 2733 2950 2786 adhuc
2985 2742 3152 2786 restat
3181 2731 3296 2786 dies
3349 2731 3570 2786 ultionis
3601 2732 3654 2786 in
3689 2733 3780 2786 ul—

2189 2822 2321 2876 timo
2348 2821 2466 2890 ejus
2499 2823 2731 2877 adventu
2752 2865 2766 2890 ,
2807 2833 2860 2878 et
2899 2839 3074 2878 annus
3123 2823 3494 2880 retributionis
3525 2824 3579 2878 in
3613 2823 3782 2879 corde

2188 2907 2572 2980 suo.Utinam,
2587 2916 2803 2971 domine
2825 2917 2918 2984 mi,
2935 2917 3150 2986 quando
3167 2917 3534 2972 inter-fecimus
3555 2918 3776 2984 Isaiam,

493 3021 584 3066 tur
618 3026 714 3081 per
741 3025 802 3065 os
820 3009 971 3064 lsaia:
999 2987 1277 3078 propheta:
1304 3025 1317 3061 :
1358 3027 1376 3058 ι
1411 3005 1512 3074 Qui
1543 3014 1824 3074 peccatum
1869 3021 1974 3060 non
1999 3003 2080 3058 ie-
2111 2987 2154 3049 C
2189 3008 2575 3064 delevissemus
2609 3009 2764 3064 istam
2797 3011 3176 3066 auctoritatem
3207 3011 3515 3082 praedictam
3560 3013 3627 3067 de
3652 3028 3784 3082 pro-

492 3103 588 3168 cit,
625 3118 722 3158 nec
761 3102 1010 3156 inventus
1039 3109 1123 3155 est
1154 3098 1308 3156 dolus
1339 3100 1392 3153 in
1422 3112 1516 3152 ore
1542 3095 1660 3166 ejus
1688 3095 1823 3168 (Isai
1871 3093 2010 3166 Lm).
2058 3113 2076 3146 ι

491 3197 602 3254 Nec
649 3197 715 3252 de
763 3195 930 3259 Mose,
985 3208 1086 3249 nec
1114 3193 1180 3248 de
1229 3192 1408 3262 aliquo
1435 3189 1822 3262 prophetarum
1859 3187 2078 3253 dicitur,

490 3277 633 3360 quod
657 3288 727 3344 sit
762 3287 1012 3344 Salvator
1034 3285 1214 3358 justus
1235 3293 1290 3342 et
1322 3285 1438 3341 sine
1472 3292 1718 3355 peccato,
1750 3282 1875 3352 quia
1905 3281 2080 3336 Moses

487 3380 756 3450 peccavit.
779 3387 832 3434 et
862 3393 1052 3440 omnes
1081 3378 1357 3448 prophetae
1400 3383 1779 3445 peccaverunt,
1814 3373 1954 3428 sicut
1985 3387 2080 3426 vos

490 3473 662 3538 scitis,
691 3472 908 3526 domine
935 3473 1028 3526 mi.
1059 3471 1127 3525 Et
1159 3471 1360 3525 idcirco
1401 3469 1580 3522 nullus
1621 3482 1810 3522 eorum
1855 3475 2080 3520 vocatur

487 3566 668 3636 justus
689 3565 741 3618 in
765 3565 1070 3633 Scriptura,
1086 3564 1180 3617 sed
1203 3561 1330 3616 illud
1354 3575 1549 3614 nomen
1575 3559 1664 3613 isti
1693 3558 1787 3613 soli
1811 3567 2075 3612 servatur.

491 3657 560 3712 Et
589 3657 706 3711 sine
734 3656 896 3711 dubio
919 3697 933 3721 ,
967 3670 1073 3708 non
1105 3653 1412 3718 salvantur,
1444 3651 1546 3705 nisi
1597 3651 1650 3704 hi
1707 3650 1798 3718 qui
1853 3649 2080 3703 credunt

491 3749 728 3820 primum
778 3747 1070 3802 adventum
1126 3760 1318 3811 suum;
1351 3753 1406 3799 et
1441 3741 1516 3797 illi
1566 3742 1657 3813 qui
1695 3756 1803 3796 non
1831 3739 2076 3806 credunt,

495 3857 604 3896 non
633 3840 834 3897 habent
882 3854 1102 3896 causam
1157 3838 1391 3910 aliquam
1437 3835 1578 3906 quod
1605 3835 1882 3889 salventur
1907 3833 1960 3886 in
1989 3847 2077 3886 sc-

493 3935 673 3994 cundo
695 3936 927 3990 adventu
955 3933 1091 4002 ejus,
1121 3932 1214 3988 scd
1238 3930 1378 4002 digni
1403 3937 1530 3985 sunt
1557 3936 1750 3982 morte.
1771 3925 1908 3992 Quia
1933 3924 2076 3996 digni

489 4040 647 4086 erant
674 4040 845 4085 morte
867 4027 941 4083 illi
971 4027 1062 4097 qui
1088 4043 1193 4080 non
1229 4025 1520 4081 credebant
1543 4021 1698 4088 Mosi,
1723 4027 1776 4075 et
1821 4033 1926 4072 nou
1952 4018 2077 4072 obo-

491 4123 708 4178 diebant
749 4123 798 4177 ei
856 4121 946 4190 qui
1009 4120 1112 4174 fuit
1160 4128 1436 4189 peccator,
1479 4124 1682 4186 quanto
1733 4111 1903 4182 magis
1932 4109 2076 4178 digiti

489 4227 616 4272 sunt
638 4217 760 4286 igne
787 4214 860 4269 illi
889 4213 978 4283 qui
1009 4228 1114 4266 non
1134 4211 1450 4272 eredunt,et
1475 4203 2074 4278 blasphemantjustum

490 4317 544 4364 et
621 4307 905 4363 Dominum
985 4305 1075 4374 qui
1154 4309 1434 4374 peccatum
1509 4298 1736 4353 nescivit
1800 4296 2152 4398 unquam?”

491 4399 627 4470 (Iw.
679 4399 819 4471 Litt.)
866 4396 1135 4468 Quidquid
1193 4405 1372 4448 tamen
1425 4391 1641 4447 eveniat
1735 4389 1826 4445 Dei
1885 4403 2072 4443 sumus

490 4503 591 4546 nos

1071 4575 1300 4636 CAPUT
1327 4575 1440 4632 ΧΠ.

920 4671 995 4728 De
1026 4675 1327 4728 ascensione
1360 4670 1574 4726 Christi.

509 4747 514 4752 ’
567 4765 794 4820 Domine
846 4765 940 4829 mi,
977 4779 1078 4820 nos
1119 4765 1423 4820 invenimus
1479 4765 1530 4818 in
1583 4759 1880 4830 Scripturis
1931 4759 2074 4828 quod

497 4847 748 4934 Christus
771 4857 1098 4928 exaltabitur
1123 4859 1190 4914 de
1215 4867 1354 4914 terra
1381 4857 1444 4911 ad
1468 4857 1684 4922 caelum,
1710 4864 1879 4926 etego
1910 4853 2075 4907 timeo

493 4953 634 5020 quod
667 4947 796 5004 illud
828 4949 897 5004 sit
923 4947 1247 5021 completum
1280 4950 1330 5003 iu
1362 4949 1467 5004 isto
1497 4947 1586 5019 qui
1617 4947 1716 5001 fuit
1755 4943 2074 5000 interfectus

497 5060 525 5098 a
555 5043 797 5114 patribus
823 5042 1046 5109 nostris,
1080 5049 1135 5096 et
1173 5043 1239 5096 dc
1263 5042 1362 5097 ista
1400 5039 1732 5096 exultatione
1755 5039 1883 5095 dicit
1905 5037 2074 5092 David

490 5137 752 5207 pmpheta
781 5136 833 5190 in
867 5135 1114 5206 psalmo:
1149 5153 1169 5186 ι
1205 5133 1250 5190 Ο
1281 5141 1559 5202 magnates
1580 5177 1595 5200 ,
1638 5134 1845 5205 aperite
1889 5142 2076 5202 portas

492 5230 830 5300 principatus
861 5227 1046 5293 vestri,
1072 5235 1125 5282 et
1152 5225 1459 5289 elevamini,
1492 5233 1659 5292 porta:
1684 5225 1984 5290 aatcrnales,
2021 5231 2076 5279 et

496 5323 742 5370 intmihit
773 5320 1027 5370 nrineens
1053 5318 1237 5370 eloria:
1275 5315 1448 5370 (Psal.
1477 5318 1670 5370 xxxul.
1702 5338 1720 5370 ι
1747 5319 1813 5370 Ει
1833 5318 2073 5370 attende.

2183 3102 2365 3172 phetia
2397 3119 2517 3169 sua,
2550 3105 2694 3172 quod
2728 3119 3002 3174 nunquam
3051 3103 3317 3173 legeretur
3356 3105 3422 3158 ab
3471 3103 3676 3173 aliquo.
3709 3101 3782 3157 Et

2181 3209 2309 3250 ecce
2325 3197 2466 3266 quod
2496 3181 2665 3250 David
2687 3207 2844 3251 vocat
2867 3197 3227 3258 bellum,cum
3256 3197 3385 3251 dicit
3413 3214 3425 3249 :
3458 3214 3477 3246 ε
3513 3195 3778 3249 Dominus

2182 3289 2440 3341 virtutum
2475 3285 2630 3342 funis
2677 3287 2728 3340 in
2773 3287 2914 3340 bello
2946 3287 3114 3358 (Psal.
3149 3287 3344 3356 xxx").
3384 3305 3402 3337 ι
3448 3285 3560 3340 Hoc
3605 3285 3775 3339 Isaias

2180 3386 2340 3432 vocat
2370 3376 2627 3432 torcular.
2651 3377 2783 3440 Ileu,
2808 3377 3022 3431 domine
3047 3375 3136 3440 mi,
3161 3392 3260 3431 nos
3279 3375 3508 3430 bibimus
3528 3383 3796 3441 mustum,

2180 3469 2329 3534 illud,
2361 3469 2428 3523 de
2457 3483 2564 3540 quo
2590 3468 2752 3522 etiam
2803 3467 2934 3522 dicit
2981 3466 3146 3522 .lacob
3175 3465 3506 3538 patriarcha,
3529 3474 3582 3519 et
3639 3479 3784 3534 pro-.

2181 3562 2365 3632 pheta,
2399 3569 2455 3615 ut
2487 3561 2718 3615 habetur
2755 3560 2805 3614 in
2839 3561 2974 3614 libro
3002 3561 3365 3632 generationis
3394 3569 3770 3613 creaturarum

2181 3651 2248 3706 de
2273 3651 2410 3706 Juda
2437 3669 2450 3706 :
2487 3669 2504 3702 ε
2539 3649 2767 3705 Lavavit
2793 3651 2987 3706 stolam
3017 3653 3068 3704 in
3094 3651 3359 3722 sanguine
3383 3648 3725 3719 (Gemma).
3747 3666 3770 3700 ι

2183 3729 2400 3799 scilicet
2431 3758 2567 3809 urte,
2603 3743 2741 3798 sicut
2761 3752 2843 3797 est
2871 3741 3069 3798 factum
3113 3744 3165 3798 in
3193 3743 3350 3798 nobis
3383 3743 3432 3797 in
3463 3743 3636 3812 primo
3666 3739 3770 3793 ad-

2181 3829 2341 3890 ventu
2391 3835 2626 3902 Messina;
2681 3835 2774 3890 sed
2809 3834 2952 3905 quid:
2981 3833 3241 3890 faciemus
3289 3835 3340 3888 in
3389 3833 3620 3888 adventu
3649 3833 3776 3902 ejus.

2179 3927 2388 3990 ultimo,
2413 3927 2631 3997 quando
2662 3926 2880 3981 stabunt
2909 3926 3154 3981 homines
3176 3941 3357 3981 coram
3389 3925 3606 3980 homine
3625 3925 3774 3996 judi-

2179 4029 2358 4086 cante,
2391 4029 2446 4074 et
2479 4019 2533 4074 in
2559 4019 2790 4075 circuitu
2836 4018 2942 4073 erit
2969 4019 3104 4089 ignis
3150 4029 3369 4090 paratus
3399 4018 3465 4073 ad
3495 4019 3770 4074 devoran-

2179 4111 2304 4166 dum
2357 4112 2512 4177 illos,
2566 4121 2754 4167 centra
2801 4126 2938 4182 quos
2971 4111 3152 4166 tulerit
3199 4111 3572 4166 sententiam?
3611 4111 3770 4168 Tunc

2177 4207 2321 4262 enim
2365 4221 2469 4260 non
2508 4205 2612 4260 erit
2663 4213 2873 4275 tempus
2919 4203 3075 4271 belli,
3105 4218 3206 4259 nec
3241 4205 3350 4274 jam
3409 4203 3465 4257 in
3506 4204 3786 4272 torculari‘

2179 4301 2497 4366 calcahitur,
2526 4299 2650 4371 quia
2693 4299 2804 4369 jam
2839 4308 2964 4352 tunc
2989 4313 3091 4352 non
3127 4298 3233 4352 erit
3258 4297 3405 4352 locus
3433 4311 3532 4352 nec
3554 4307 3768 4366 tempus

2176 4391 2472 4462 pmnitcndi
2505 4406 2607 4446 nec
2638 4389 2852 4458 refugii.
2886 4387 3231 4457 sedjustitia,
3265 4397 3322 4442 ut
3367 4387 3506 4443 sicut
3533 4389 3647 4456 ipse
3671 4389 3768 4459 ju-

2176 4484 2518 4550 dicatusfuit
2544 4485 2660 4538 sine
2682 4491 2906 4554 peccato
2934 4483 3076 4552 quod
3108 4481 3445 4538 inveniretur
3480 4480 3532 4534 in
3566 4495 3653 4544 eo,
3684 4481 3767 4535 sic

2175 4575 2931 4646 ipsejudicabitpeccatores.
2963 4574 3106 4629 Dicit
3151 4575 3296 4628 enim
3351 4571 3493 4627 Deus
3530 4573 3583 4626 in
3633 4587 3764 4641 pro-.

2175 4671 2353 4742 phetia
2369 4669 2708 4725 Salomonis:
2745 4687 2763 4721 ι
2793 4667 3021 4735 Quando
3030 4667 3209 4736 justus
3235 4665 3784 4736 recipietjudicium,‘

2177 4763 2268 4818 ubi
2313 4762 2417 4818 erit
2470 4763 2687 4832 impius.
2731 4769 2784 4816 et
2815 4760 3101 4832 peccator?
3135 4755 3317 4830 (Prov.
3351 4757 3450 4828 xi.)
3488 4775 3506 4807 ›
3539 4754 3693 4811 Unde
3719 4755 3762 4809 si

2170 4854 2350 4925 justus
2396 4853 2484 4906 vix
2527 4851 2862 4918 salvabitur,
2921 4849 3049 4922 quid
3106 4849 3210 4905 erit
3258 4857 3384 4902 tunc
3433 4847 3502 4901 de
3557 4845 3768 4917 impio?

2178 4949 2231 5021 (1
2265 4949 2407 5005 Ιέιν.
2441 4949 2541 5020 tv.)

2761 5037 2990 5095 CAPUT
3027 5037 3163 5093 Xlli.

2179 5127 2363 5186 Adhuc
2393 5114 2581 5201 fortius
2606 5131 2786 5201 probat
2812 5129 3132 5201 corporalem
3161 5127 3358 5182 Christi
3384 5125 3762 5181 ascensionem.

2249 5223 2415 5280 Valde
2455 5224 2648 5289 timeo,
2693 5223 2910 5278 domine
2957 5221 3063 5287 mi,
3109 5219 3250 5290 quod
3293 5219 3408 5274 lucc
3448 5231 3569 5287 qua:
3617 5217 3763 5270 dicta

2181 5325 2305 5370 sunt
2337 5315 2636 5370 testimonia
2666 5313 3048 5370 prophetarum
3077 5309 3142 5365 de
3173 5310 3263 5364 illo
3285 5307 3454 5370 justo,
3484 5308 3628 5370 quod
3657 5305 3762 5361 sci-
