  <div class='ocr_page' id='page_1' title='image "/cluster/home/n/w/nwhite01/storage/ocr_20150623/149/hvd.32044015473770/180.png"; bbox 0 0 4026 5370; ppageno 0'>
   <div class='ocr_carea' id='block_1_1' title="bbox 236 250 345 312">
    <p class='ocr_par' dir='ltr' id='par_1_1' title="bbox 236 250 345 312">
     <span class='ocr_line' id='line_1_1' title="bbox 236 250 345 312; baseline 0.018 -2"><span class='ocrx_word' id='word_1_1' title='bbox 236 250 345 312; x_wconf 71' lang='grc' dir='ltr'><strong>διο</strong></span> 
     </span>
    </p>
   </div>
   <div class='ocr_carea' id='block_1_2' title="bbox 1251 227 2730 314">
    <p class='ocr_par' dir='ltr' id='par_1_2' title="bbox 1251 227 2730 314">
     <span class='ocr_line' id='line_1_2' title="bbox 1251 227 2730 314; baseline -0.003 0"><span class='ocrx_word' id='word_1_2' title='bbox 1251 257 1453 314; x_wconf 76' lang='lat' dir='ltr'><strong>LIBER</strong></span> <span class='ocrx_word' id='word_1_3' title='bbox 1487 227 1575 313; x_wconf 77' lang='lat' dir='ltr'><strong>or.</strong></span> <span class='ocrx_word' id='word_1_4' title='bbox 1616 254 1892 314; x_wconf 68' lang='lat' dir='ltr'><strong>uessm:</strong></span> <span class='ocrx_word' id='word_1_5' title='bbox 1933 235 2260 312; x_wconf 66' lang='lat' dir='ltr'><strong>aovemd</strong></span> <span class='ocrx_word' id='word_1_6' title='bbox 2286 254 2730 312; x_wconf 69' lang='lat' dir='ltr'><strong>ramemro.</strong></span> 
     </span>
    </p>
   </div>
   <div class='ocr_carea' id='block_1_3' title="bbox 3407 256 3515 312">
    <p class='ocr_par' dir='ltr' id='par_1_3' title="bbox 3407 256 3515 312">
     <span class='ocr_line' id='line_1_3' title="bbox 3407 256 3515 312; baseline 0.019 -2"><span class='ocrx_word' id='word_1_7' title='bbox 3407 256 3515 312; x_wconf 76' lang='lat'><strong>350</strong></span> 
     </span>
    </p>
   </div>
   <div class='ocr_carea' id='block_1_4' title="bbox 235 369 3517 443">
    <p class='ocr_par' dir='ltr' id='par_1_4' title="bbox 235 369 3517 443">
     <span class='ocr_line' id='line_1_4' title="bbox 235 369 3517 443; baseline -0.001 -17"><span class='ocrx_word' id='word_1_8' title='bbox 235 372 383 443; x_wconf 87' lang='lat' dir='ltr'><strong>quod</strong></span> <span class='ocrx_word' id='word_1_9' title='bbox 416 380 612 443; x_wconf 86' lang='lat' dir='ltr'><strong>captus</strong></span> <span class='ocrx_word' id='word_1_10' title='bbox 657 371 817 426; x_wconf 79' lang='lat' dir='ltr'><strong>fuerit</strong></span> <span class='ocrx_word' id='word_1_11' title='bbox 857 370 908 425; x_wconf 90' lang='lat' dir='ltr'><strong>in</strong></span> <span class='ocrx_word' id='word_1_12' title='bbox 951 373 1185 442; x_wconf 76' lang='lat' dir='ltr'><strong>peccatis</strong></span> <span class='ocrx_word' id='word_1_13' title='bbox 1226 375 1458 439; x_wconf 91' lang='lat' dir='ltr'><strong>nostris,</strong></span> <span class='ocrx_word' id='word_1_14' title='bbox 1503 375 1642 430; x_wconf 97' lang='lat' dir='ltr'><strong>sicut</strong></span> <span class='ocrx_word' id='word_1_15' title='bbox 1689 373 1824 428; x_wconf 66' lang='lat' dir='ltr'><strong>dixit</strong></span> <span class='ocrx_word' id='word_1_16' title='bbox 1854 377 1900 432; x_wconf 74' lang='grc' dir='ltr'><strong><em>Α</em></strong></span> <span class='ocrx_word' id='word_1_17' title='bbox 1929 371 2220 428; x_wconf 84' lang='lat' dir='ltr'><strong>secundum</strong></span> <span class='ocrx_word' id='word_1_18' title='bbox 2252 371 2544 441; x_wconf 77' lang='lat' dir='ltr'><strong>prephetas</strong></span> <span class='ocrx_word' id='word_1_19' title='bbox 2573 369 2826 424; x_wconf 78' lang='lat' dir='ltr'><strong>sustinuit</strong></span> <span class='ocrx_word' id='word_1_20' title='bbox 2853 410 2868 434; x_wconf 92' lang='lat'><strong>,</strong></span> <span class='ocrx_word' id='word_1_21' title='bbox 2901 377 2956 425; x_wconf 90' lang='lat' dir='ltr'><strong>et</strong></span> <span class='ocrx_word' id='word_1_22' title='bbox 2988 369 3172 440; x_wconf 92' lang='lat' dir='ltr'><strong>plures</strong></span> <span class='ocrx_word' id='word_1_23' title='bbox 3203 371 3517 442; x_wconf 82' lang='lat' dir='ltr'><strong>captivatio-</strong></span> 
     </span>
    </p>
   </div>
   <div class='ocr_carea' id='block_1_5' title="bbox 233 458 1826 534">
    <p class='ocr_par' dir='ltr' id='par_1_5' title="bbox 233 458 1826 534">
     <span class='ocr_line' id='line_1_5' title="bbox 233 458 1826 534; baseline -0.001 -16"><span class='ocrx_word' id='word_1_24' title='bbox 233 460 541 528; x_wconf 80' lang='lat' dir='ltr'><strong>Jeremias,</strong></span> <span class='ocrx_word' id='word_1_25' title='bbox 591 463 734 533; x_wconf 89' lang='lat' dir='ltr'><strong>quod</strong></span> <span class='ocrx_word' id='word_1_26' title='bbox 779 462 1084 519; x_wconf 73' lang='lat' dir='ltr'><strong>vulneratus</strong></span> <span class='ocrx_word' id='word_1_27' title='bbox 1138 458 1298 519; x_wconf 73' lang='lat' dir='ltr'><strong>fuerit</strong></span> <span class='ocrx_word' id='word_1_28' title='bbox 1345 465 1396 518; x_wconf 93' lang='lat' dir='ltr'><strong>in</strong></span> <span class='ocrx_word' id='word_1_29' title='bbox 1451 465 1643 534; x_wconf 84' lang='lat' dir='ltr'><strong>palmis</strong></span> <span class='ocrx_word' id='word_1_30' title='bbox 1690 465 1826 525; x_wconf 85' lang='lat' dir='ltr'><strong>suis.</strong></span> 
     </span>
    </p>
   </div>
   <div class='ocr_carea' id='block_1_6' title="bbox 234 553 1829 624">
    <p class='ocr_par' dir='ltr' id='par_1_6' title="bbox 234 553 1829 624">
     <span class='ocr_line' id='line_1_6' title="bbox 234 553 1829 624; baseline -0.003 -12"><span class='ocrx_word' id='word_1_31' title='bbox 234 559 375 614; x_wconf 77' lang='lat' dir='ltr'><strong>sicut</strong></span> <span class='ocrx_word' id='word_1_32' title='bbox 403 556 548 611; x_wconf 81' lang='lat' dir='ltr'><strong>dixit</strong></span> <span class='ocrx_word' id='word_1_33' title='bbox 575 554 894 618; x_wconf 80' lang='lat' dir='ltr'><strong>Zacharias,</strong></span> <span class='ocrx_word' id='word_1_34' title='bbox 925 555 1065 624; x_wconf 90' lang='lat' dir='ltr'><strong>quod</strong></span> <span class='ocrx_word' id='word_1_35' title='bbox 1089 569 1256 624; x_wconf 84' lang='lat' dir='ltr'><strong>super</strong></span> <span class='ocrx_word' id='word_1_36' title='bbox 1280 553 1395 622; x_wconf 88' lang='lat' dir='ltr'><strong>ejus</strong></span> <span class='ocrx_word' id='word_1_37' title='bbox 1420 564 1625 609; x_wconf 90' lang='lat' dir='ltr'><strong>vestem</strong></span> <span class='ocrx_word' id='word_1_38' title='bbox 1652 555 1829 608; x_wconf 76' lang='lat' dir='ltr'><strong>missa:</strong></span> 
     </span>
    </p>
   </div>
   <div class='ocr_carea' id='block_1_7' title="bbox 232 645 1827 716">
    <p class='ocr_par' dir='ltr' id='par_1_7' title="bbox 232 645 1827 716">
     <span class='ocr_line' id='line_1_7' title="bbox 232 645 1827 716; baseline -0.003 -11"><span class='ocrx_word' id='word_1_39' title='bbox 232 659 359 705; x_wconf 83' lang='lat' dir='ltr'><strong>sunt</strong></span> <span class='ocrx_word' id='word_1_40' title='bbox 401 657 586 703; x_wconf 72' lang='lat' dir='ltr'><strong>sortes</strong></span> <span class='ocrx_word' id='word_1_41' title='bbox 615 688 628 710; x_wconf 92' lang='lat'><strong>,</strong></span> <span class='ocrx_word' id='word_1_42' title='bbox 673 647 811 702; x_wconf 86' lang='lat' dir='ltr'><strong>sicut</strong></span> <span class='ocrx_word' id='word_1_43' title='bbox 857 647 985 701; x_wconf 90' lang='lat' dir='ltr'><strong>dicit</strong></span> <span class='ocrx_word' id='word_1_44' title='bbox 1029 646 1198 704; x_wconf 84' lang='lat' dir='ltr'><strong>David</strong></span> <span class='ocrx_word' id='word_1_45' title='bbox 1251 645 1422 714; x_wconf 71' lang='lat' dir='ltr'><strong>(Psal.</strong></span> <span class='ocrx_word' id='word_1_46' title='bbox 1472 648 1587 714; x_wconf 70' lang='grc' dir='ltr'>ιιι)</span> <span class='ocrx_word' id='word_1_47' title='bbox 1615 687 1630 712; x_wconf 87' lang='grc'><em>,</em></span> <span class='ocrx_word' id='word_1_48' title='bbox 1685 647 1827 716; x_wconf 90' lang='lat' dir='ltr'><strong>quod</strong></span> 
     </span>
    </p>
   </div>
   <div class='ocr_carea' id='block_1_8' title="bbox 233 737 1826 810">
    <p class='ocr_par' dir='ltr' id='par_1_8' title="bbox 233 737 1826 810">
     <span class='ocr_line' id='line_1_8' title="bbox 233 737 1826 810; baseline -0.001 -17"><span class='ocrx_word' id='word_1_49' title='bbox 233 738 483 794; x_wconf 79' lang='lat' dir='ltr'><strong>ascendit</strong></span> <span class='ocrx_word' id='word_1_50' title='bbox 511 738 564 792; x_wconf 93' lang='lat' dir='ltr'><strong>in</strong></span> <span class='ocrx_word' id='word_1_51' title='bbox 595 737 813 797; x_wconf 71' lang='lat' dir='ltr'><strong>cmlum.</strong></span> <span class='ocrx_word' id='word_1_52' title='bbox 834 737 971 791; x_wconf 89' lang='lat' dir='ltr'><strong>sicut</strong></span> <span class='ocrx_word' id='word_1_53' title='bbox 993 737 1130 791; x_wconf 75' lang='lat' dir='ltr'><strong>dixit</strong></span> <span class='ocrx_word' id='word_1_54' title='bbox 1157 738 1296 794; x_wconf 82' lang='lat' dir='ltr'><strong>idem</strong></span> <span class='ocrx_word' id='word_1_55' title='bbox 1320 738 1608 810; x_wconf 83' lang='lat' dir='ltr'><strong>propheta,</strong></span> <span class='ocrx_word' id='word_1_56' title='bbox 1637 748 1689 792; x_wconf 86' lang='lat' dir='ltr'><strong>et</strong></span> <span class='ocrx_word' id='word_1_57' title='bbox 1715 738 1826 803; x_wconf 88' lang='lat' dir='ltr'><strong>alii,</strong></span> 
     </span>
    </p>
   </div>
   <div class='ocr_carea' id='block_1_9' title="bbox 233 828 1826 900">
    <p class='ocr_par' dir='ltr' id='par_1_9' title="bbox 233 828 1826 900">
     <span class='ocr_line' id='line_1_9' title="bbox 233 828 1826 900; baseline 0.003 -20"><span class='ocrx_word' id='word_1_58' title='bbox 233 830 376 900; x_wconf 85' lang='lat' dir='ltr'><strong>quod</strong></span> <span class='ocrx_word' id='word_1_59' title='bbox 419 845 529 883; x_wconf 88' lang='lat' dir='ltr'><strong>non</strong></span> <span class='ocrx_word' id='word_1_60' title='bbox 568 829 856 884; x_wconf 76' lang='lat' dir='ltr'><strong>conveniat</strong></span> <span class='ocrx_word' id='word_1_61' title='bbox 897 828 1006 883; x_wconf 90' lang='lat' dir='ltr'><strong>Deo</strong></span> <span class='ocrx_word' id='word_1_62' title='bbox 1036 829 1090 886; x_wconf 80' lang='lat' dir='ltr'><strong>in</strong></span> <span class='ocrx_word' id='word_1_63' title='bbox 1119 831 1352 884; x_wconf 83' lang='lat' dir='ltr'><strong>essentia</strong></span> <span class='ocrx_word' id='word_1_64' title='bbox 1384 831 1496 886; x_wconf 87' lang='lat' dir='ltr'><strong>sive</strong></span> <span class='ocrx_word' id='word_1_65' title='bbox 1542 831 1594 884; x_wconf 91' lang='lat' dir='ltr'><strong>in</strong></span> <span class='ocrx_word' id='word_1_66' title='bbox 1635 840 1826 884; x_wconf 84' lang='lat' dir='ltr'><strong>natura</strong></span> 
     </span>
    </p>
   </div>
   <div class='ocr_carea' id='block_1_10' title="bbox 234 921 1827 994">
    <p class='ocr_par' dir='ltr' id='par_1_10' title="bbox 234 921 1827 994">
     <span class='ocr_line' id='line_1_10' title="bbox 234 921 1827 994; baseline -0.001 -19"><span class='ocrx_word' id='word_1_67' title='bbox 234 922 441 985; x_wconf 81' lang='lat' dir='ltr'><strong>divina,</strong></span> <span class='ocrx_word' id='word_1_68' title='bbox 476 921 776 978; x_wconf 88' lang='lat' dir='ltr'><strong>secundum</strong></span> <span class='ocrx_word' id='word_1_69' title='bbox 809 936 967 990; x_wconf 88' lang='lat' dir='ltr'><strong>quam</strong></span> <span class='ocrx_word' id='word_1_70' title='bbox 997 937 1100 976; x_wconf 90' lang='lat' dir='ltr'><strong>nec</strong></span> <span class='ocrx_word' id='word_1_71' title='bbox 1129 923 1381 994; x_wconf 75' lang='lat' dir='ltr'><strong>resurgit,</strong></span> <span class='ocrx_word' id='word_1_72' title='bbox 1411 938 1509 977; x_wconf 88' lang='lat' dir='ltr'><strong>nec</strong></span> <span class='ocrx_word' id='word_1_73' title='bbox 1536 922 1827 987; x_wconf 73' lang='lat' dir='ltr'><strong>exaltatur,</strong></span> 
     </span>
    </p>
   </div>
   <div class='ocr_carea' id='block_1_11' title="bbox 232 1013 1827 1083">
    <p class='ocr_par' dir='ltr' id='par_1_11' title="bbox 232 1013 1827 1083">
     <span class='ocr_line' id='line_1_11' title="bbox 232 1013 1827 1083; baseline -0.001 -15"><span class='ocrx_word' id='word_1_74' title='bbox 232 1029 332 1068; x_wconf 85' lang='lat' dir='ltr'><strong>n:c</strong></span> <span class='ocrx_word' id='word_1_75' title='bbox 362 1015 549 1073; x_wconf 87' lang='lat' dir='ltr'><strong>sedet.</strong></span> <span class='ocrx_word' id='word_1_76' title='bbox 587 1029 688 1067; x_wconf 88' lang='lat' dir='ltr'><strong>nec</strong></span> <span class='ocrx_word' id='word_1_77' title='bbox 713 1013 1010 1067; x_wconf 87' lang='lat' dir='ltr'><strong>descendit.</strong></span> <span class='ocrx_word' id='word_1_78' title='bbox 1045 1013 1124 1067; x_wconf 80' lang='lat' dir='ltr'><strong>Ex</strong></span> <span class='ocrx_word' id='word_1_79' title='bbox 1150 1013 1236 1068; x_wconf 81' lang='lat' dir='ltr'><strong>his</strong></span> <span class='ocrx_word' id='word_1_80' title='bbox 1261 1029 1379 1083; x_wconf 65' lang='lat' dir='ltr'><strong>quae</strong></span> <span class='ocrx_word' id='word_1_81' title='bbox 1400 1013 1542 1068; x_wconf 82' lang='lat' dir='ltr'><strong>dicta</strong></span> <span class='ocrx_word' id='word_1_82' title='bbox 1584 1021 1708 1067; x_wconf 86' lang='lat' dir='ltr'><strong>suat</strong></span> <span class='ocrx_word' id='word_1_83' title='bbox 1739 1027 1827 1067; x_wconf 86' lang='lat' dir='ltr'><strong>sc-</strong></span> 
     </span>
    </p>
   </div>
   <div class='ocr_carea' id='block_1_12' title="bbox 235 1102 1828 1177">
    <p class='ocr_par' dir='ltr' id='par_1_12' title="bbox 235 1102 1828 1177">
     <span class='ocr_line' id='line_1_12' title="bbox 235 1102 1828 1177; baseline 0.001 -18"><span class='ocrx_word' id='word_1_84' title='bbox 235 1108 418 1177; x_wconf 74' lang='grc' dir='ltr'>ιι·ιίιινι’</span> <span class='ocrx_word' id='word_1_85' title='bbox 449 1107 766 1162; x_wconf 85' lang='lat' dir='ltr'><strong>necessario</strong></span> <span class='ocrx_word' id='word_1_86' title='bbox 794 1105 934 1174; x_wconf 81' lang='lat' dir='ltr'><strong>quod</strong></span> <span class='ocrx_word' id='word_1_87' title='bbox 957 1107 1068 1175; x_wconf 90' lang='lat' dir='ltr'><strong>jam</strong></span> <span class='ocrx_word' id='word_1_88' title='bbox 1101 1107 1310 1160; x_wconf 85' lang='lat' dir='ltr'><strong>venerit</strong></span> <span class='ocrx_word' id='word_1_89' title='bbox 1338 1105 1424 1161; x_wconf 93' lang='lat' dir='ltr'><strong>ille</strong></span> <span class='ocrx_word' id='word_1_90' title='bbox 1446 1104 1644 1172; x_wconf 88' lang='lat' dir='ltr'><strong>justus,</strong></span> <span class='ocrx_word' id='word_1_91' title='bbox 1675 1102 1828 1172; x_wconf 78' lang='lat' dir='ltr'><strong>rnjus</strong></span> 
     </span>
    </p>
   </div>
   <div class='ocr_carea' id='block_1_13' title="bbox 232 1195 1830 1266">
    <p class='ocr_par' dir='ltr' id='par_1_13' title="bbox 232 1195 1830 1266">
     <span class='ocr_line' id='line_1_13' title="bbox 232 1195 1830 1266; baseline -0.001 -13"><span class='ocrx_word' id='word_1_92' title='bbox 232 1209 441 1254; x_wconf 67' lang='lat' dir='ltr'><strong>natura:</strong></span> <span class='ocrx_word' id='word_1_93' title='bbox 468 1212 746 1264; x_wconf 66' lang='lat' dir='ltr'><strong>corporete</strong></span> <span class='ocrx_word' id='word_1_94' title='bbox 771 1196 885 1251; x_wconf 85' lang='lat' dir='ltr'><strong>haec</strong></span> <span class='ocrx_word' id='word_1_95' title='bbox 925 1195 1202 1266; x_wconf 62' lang='lat' dir='ltr'><strong>prmdicta,</strong></span> <span class='ocrx_word' id='word_1_96' title='bbox 1239 1204 1294 1250; x_wconf 89' lang='lat' dir='ltr'><strong>et</strong></span> <span class='ocrx_word' id='word_1_97' title='bbox 1327 1195 1542 1258; x_wconf 81' lang='lat' dir='ltr'><strong>similia,</strong></span> <span class='ocrx_word' id='word_1_98' title='bbox 1577 1203 1830 1266; x_wconf 70' lang='lat' dir='ltr'><strong>poterunt</strong></span> 
     </span>
    </p>
   </div>
   <div class='ocr_carea' id='block_1_14' title="bbox 233 1286 1828 1346">
    <p class='ocr_par' dir='ltr' id='par_1_14' title="bbox 233 1286 1828 1346">
     <span class='ocr_line' id='line_1_14' title="bbox 233 1286 1828 1346; baseline -0.004 0"><span class='ocrx_word' id='word_1_99' title='bbox 233 1289 549 1346; x_wconf 75' lang='lat' dir='ltr'><strong>crnweuire.</strong></span> <span class='ocrx_word' id='word_1_100' title='bbox 598 1288 656 1342; x_wconf 90' lang='lat' dir='ltr'><strong>Si</strong></span> <span class='ocrx_word' id='word_1_101' title='bbox 702 1297 878 1341; x_wconf 86' lang='lat' dir='ltr'><strong>autem</strong></span> <span class='ocrx_word' id='word_1_102' title='bbox 920 1287 1012 1340; x_wconf 91' lang='lat' dir='ltr'><strong>tibi</strong></span> <span class='ocrx_word' id='word_1_103' title='bbox 1052 1287 1264 1341; x_wconf 88' lang='lat' dir='ltr'><strong>videtur</strong></span> <span class='ocrx_word' id='word_1_104' title='bbox 1291 1286 1434 1342; x_wconf 79' lang='lat' dir='ltr'><strong>forte</strong></span> <span class='ocrx_word' id='word_1_105' title='bbox 1468 1288 1660 1341; x_wconf 83' lang='lat' dir='ltr'><strong>durum</strong></span> <span class='ocrx_word' id='word_1_106' title='bbox 1703 1302 1828 1340; x_wconf 77' lang='lat' dir='ltr'><strong>crc—</strong></span> 
     </span>
    </p>
   </div>
   <div class='ocr_carea' id='block_1_15' title="bbox 235 1376 1824 1448">
    <p class='ocr_par' dir='ltr' id='par_1_15' title="bbox 235 1376 1824 1448">
     <span class='ocr_line' id='line_1_15' title="bbox 235 1376 1824 1448; baseline -0.003 -13"><span class='ocrx_word' id='word_1_107' title='bbox 235 1382 382 1443; x_wconf 64' lang='lat' dir='ltr'><strong>dere,</strong></span> <span class='ocrx_word' id='word_1_108' title='bbox 418 1378 644 1434; x_wconf 88' lang='lat' dir='ltr'><strong>domine</strong></span> <span class='ocrx_word' id='word_1_109' title='bbox 677 1378 783 1442; x_wconf 92' lang='lat' dir='ltr'><strong>mi,</strong></span> <span class='ocrx_word' id='word_1_110' title='bbox 811 1377 952 1448; x_wconf 89' lang='lat' dir='ltr'><strong>quod</strong></span> <span class='ocrx_word' id='word_1_111' title='bbox 985 1377 1148 1432; x_wconf 90' lang='lat' dir='ltr'><strong>homo</strong></span> <span class='ocrx_word' id='word_1_112' title='bbox 1177 1392 1470 1448; x_wconf 83' lang='lat' dir='ltr'><strong>corporeus</strong></span> <span class='ocrx_word' id='word_1_113' title='bbox 1499 1377 1742 1434; x_wconf 79' lang='lat' dir='ltr'><strong>ascendit</strong></span> <span class='ocrx_word' id='word_1_114' title='bbox 1773 1376 1824 1430; x_wconf 92' lang='lat' dir='ltr'><strong>in</strong></span> 
     </span>
    </p>
   </div>
   <div class='ocr_carea' id='block_1_16' title="bbox 233 1471 1829 1542">
    <p class='ocr_par' dir='ltr' id='par_1_16' title="bbox 233 1471 1829 1542">
     <span class='ocr_line' id='line_1_16' title="bbox 233 1471 1829 1542; baseline -0.003 -14"><span class='ocrx_word' id='word_1_115' title='bbox 233 1473 597 1539; x_wconf 70' lang='lat' dir='ltr'><strong>caclam,audi</strong></span> <span class='ocrx_word' id='word_1_116' title='bbox 619 1475 970 1528; x_wconf 67' lang='lat' dir='ltr'><strong>auctoritates</strong></span> <span class='ocrx_word' id='word_1_117' title='bbox 993 1481 1047 1526; x_wconf 89' lang='lat' dir='ltr'><strong>et</strong></span> <span class='ocrx_word' id='word_1_118' title='bbox 1073 1471 1314 1542; x_wconf 78' lang='lat' dir='ltr'><strong>exempla</strong></span> <span class='ocrx_word' id='word_1_119' title='bbox 1339 1487 1457 1542; x_wconf 75' lang='lat' dir='ltr'><strong>qua:</strong></span> <span class='ocrx_word' id='word_1_120' title='bbox 1482 1472 1611 1526; x_wconf 88' lang='lat' dir='ltr'><strong>mihi</strong></span> <span class='ocrx_word' id='word_1_121' title='bbox 1641 1486 1829 1525; x_wconf 81' lang='lat' dir='ltr'><strong>occur-</strong></span> 
     </span>
    </p>
   </div>
   <div class='ocr_carea' id='block_1_17' title="bbox 231 1563 1825 1634">
    <p class='ocr_par' dir='ltr' id='par_1_17' title="bbox 231 1563 1825 1634">
     <span class='ocr_line' id='line_1_17' title="bbox 231 1563 1825 1634; baseline -0.001 -14"><span class='ocrx_word' id='word_1_122' title='bbox 231 1575 359 1628; x_wconf 79' lang='lat' dir='ltr'><strong>runt</strong></span> <span class='ocrx_word' id='word_1_123' title='bbox 383 1566 451 1620; x_wconf 89' lang='lat' dir='ltr'><strong>de</strong></span> <span class='ocrx_word' id='word_1_124' title='bbox 483 1564 784 1634; x_wconf 89' lang='lat' dir='ltr'><strong>Scripturis</strong></span> <span class='ocrx_word' id='word_1_125' title='bbox 811 1565 1029 1618; x_wconf 83' lang='lat' dir='ltr'><strong>nostris.</strong></span> <span class='ocrx_word' id='word_1_126' title='bbox 1066 1564 1132 1617; x_wconf 84' lang='lat' dir='ltr'><strong>Et</strong></span> <span class='ocrx_word' id='word_1_127' title='bbox 1167 1580 1330 1634; x_wconf 84' lang='lat' dir='ltr'><strong>super</strong></span> <span class='ocrx_word' id='word_1_128' title='bbox 1363 1565 1462 1618; x_wconf 92' lang='lat' dir='ltr'><strong>hoc</strong></span> <span class='ocrx_word' id='word_1_129' title='bbox 1491 1564 1621 1619; x_wconf 91' lang='lat' dir='ltr'><strong>dicit</strong></span> <span class='ocrx_word' id='word_1_130' title='bbox 1658 1563 1825 1618; x_wconf 82' lang='lat' dir='ltr'><strong>David</strong></span> 
     </span>
    </p>
   </div>
   <div class='ocr_carea' id='block_1_18' title="bbox 232 1653 1828 1724">
    <p class='ocr_par' dir='ltr' id='par_1_18' title="bbox 232 1653 1828 1724">
     <span class='ocr_line' id='line_1_18' title="bbox 232 1653 1828 1724; baseline -0.002 -16"><span class='ocrx_word' id='word_1_131' title='bbox 232 1655 503 1724; x_wconf 78' lang='lat' dir='ltr'><strong>propheta</strong></span> <span class='ocrx_word' id='word_1_132' title='bbox 531 1653 598 1708; x_wconf 91' lang='lat' dir='ltr'><strong>de</strong></span> <span class='ocrx_word' id='word_1_133' title='bbox 628 1653 720 1708; x_wconf 91' lang='lat' dir='ltr'><strong>illo</strong></span> <span class='ocrx_word' id='word_1_134' title='bbox 747 1670 759 1705; x_wconf 92' lang='lat'><strong>:</strong></span> <span class='ocrx_word' id='word_1_135' title='bbox 797 1672 815 1703; x_wconf 80' lang='grc' dir='ltr'><strong>ι</strong></span> <span class='ocrx_word' id='word_1_136' title='bbox 845 1654 1101 1708; x_wconf 73' lang='lat' dir='ltr'><strong>Ascendit</strong></span> <span class='ocrx_word' id='word_1_137' title='bbox 1131 1653 1270 1708; x_wconf 87' lang='lat' dir='ltr'><strong>Deus</strong></span> <span class='ocrx_word' id='word_1_138' title='bbox 1297 1653 1346 1706; x_wconf 92' lang='lat' dir='ltr'><strong>in</strong></span> <span class='ocrx_word' id='word_1_139' title='bbox 1377 1653 1542 1707; x_wconf 87' lang='lat' dir='ltr'><strong>altum</strong></span> <span class='ocrx_word' id='word_1_140' title='bbox 1570 1662 1624 1708; x_wconf 90' lang='lat' dir='ltr'><strong>et</strong></span> <span class='ocrx_word' id='word_1_141' title='bbox 1653 1653 1828 1707; x_wconf 84' lang='lat' dir='ltr'><strong>salva-</strong></span> 
     </span>
    </p>
   </div>
   <div class='ocr_carea' id='block_1_19' title="bbox 1934 463 3512 535">
    <p class='ocr_par' dir='ltr' id='par_1_19' title="bbox 1934 463 3512 535">
     <span class='ocr_line' id='line_1_19' title="bbox 1934 463 3512 535; baseline -0.001 -15"><span class='ocrx_word' id='word_1_142' title='bbox 1934 481 2028 521; x_wconf 91' lang='lat' dir='ltr'><strong>ncs</strong></span> <span class='ocrx_word' id='word_1_143' title='bbox 2065 466 2247 520; x_wconf 90' lang='lat' dir='ltr'><strong>mundi</strong></span> <span class='ocrx_word' id='word_1_144' title='bbox 2283 480 2442 535; x_wconf 90' lang='lat' dir='ltr'><strong>quam</strong></span> <span class='ocrx_word' id='word_1_145' title='bbox 2475 463 2669 531; x_wconf 85' lang='lat' dir='ltr'><strong>aliquis</strong></span> <span class='ocrx_word' id='word_1_146' title='bbox 2700 463 2764 516; x_wconf 89' lang='lat' dir='ltr'><strong>de</strong></span> <span class='ocrx_word' id='word_1_147' title='bbox 2800 463 3090 534; x_wconf 69' lang='lat' dir='ltr'><strong>pra-dictis.</strong></span> <span class='ocrx_word' id='word_1_148' title='bbox 3125 464 3191 518; x_wconf 84' lang='lat' dir='ltr'><strong>Et</strong></span> <span class='ocrx_word' id='word_1_149' title='bbox 3220 472 3512 533; x_wconf 72' lang='lat' dir='ltr'><strong>praeterea.</strong></span> 
     </span>
    </p>
   </div>
   <div class='ocr_carea' id='block_1_20' title="bbox 1931 555 3513 628">
    <p class='ocr_par' dir='ltr' id='par_1_20' title="bbox 1931 555 3513 628">
     <span class='ocr_line' id='line_1_20' title="bbox 1931 555 3513 628; baseline -0.001 -16"><span class='ocrx_word' id='word_1_150' title='bbox 1931 559 2178 623; x_wconf 87' lang='lat' dir='ltr'><strong>domine,</strong></span> <span class='ocrx_word' id='word_1_151' title='bbox 2212 559 2328 613; x_wconf 91' lang='lat' dir='ltr'><strong>sine</strong></span> <span class='ocrx_word' id='word_1_152' title='bbox 2355 556 2584 625; x_wconf 70' lang='lat' dir='ltr'><strong>exempli</strong></span> <span class='ocrx_word' id='word_1_153' title='bbox 2623 557 2890 625; x_wconf 86' lang='lat' dir='ltr'><strong>positione</strong></span> <span class='ocrx_word' id='word_1_154' title='bbox 2922 557 3027 611; x_wconf 91' lang='lat' dir='ltr'><strong>seis</strong></span> <span class='ocrx_word' id='word_1_155' title='bbox 3063 558 3206 628; x_wconf 90' lang='lat' dir='ltr'><strong>quod</strong></span> <span class='ocrx_word' id='word_1_156' title='bbox 3240 555 3513 611; x_wconf 63' lang='lat' dir='ltr'><strong>Mathusa-o</strong></span> 
     </span>
    </p>
   </div>
   <div class='ocr_carea' id='block_1_21' title="bbox 1931 645 3516 718">
    <p class='ocr_par' dir='ltr' id='par_1_21' title="bbox 1931 645 3516 718">
     <span class='ocr_line' id='line_1_21' title="bbox 1931 645 3516 718; baseline -0.001 -14"><span class='ocrx_word' id='word_1_157' title='bbox 1931 650 2033 704; x_wconf 91' lang='lat' dir='ltr'><strong>lem</strong></span> <span class='ocrx_word' id='word_1_158' title='bbox 2070 659 2124 703; x_wconf 90' lang='lat' dir='ltr'><strong>et</strong></span> <span class='ocrx_word' id='word_1_159' title='bbox 2161 649 2376 704; x_wconf 90' lang='lat' dir='ltr'><strong>llenoch</strong></span> <span class='ocrx_word' id='word_1_160' title='bbox 2408 647 2539 716; x_wconf 89' lang='lat' dir='ltr'><strong>justi</strong></span> <span class='ocrx_word' id='word_1_161' title='bbox 2579 646 2688 718; x_wconf 83' lang='lat'><strong>(5).</strong></span> <span class='ocrx_word' id='word_1_162' title='bbox 2725 656 2779 702; x_wconf 92' lang='lat' dir='ltr'><strong>et</strong></span> <span class='ocrx_word' id='word_1_163' title='bbox 2818 645 2963 702; x_wconf 87' lang='lat' dir='ltr'><strong>Elias</strong></span> <span class='ocrx_word' id='word_1_164' title='bbox 2999 647 3260 718; x_wconf 90' lang='lat' dir='ltr'><strong>propheta</strong></span> <span class='ocrx_word' id='word_1_165' title='bbox 3298 646 3516 702; x_wconf 81' lang='lat' dir='ltr'><strong>fuerunt</strong></span> 
     </span>
    </p>
   </div>
   <div class='ocr_carea' id='block_1_22' title="bbox 1932 740 3509 812">
    <p class='ocr_par' dir='ltr' id='par_1_22' title="bbox 1932 740 3509 812">
     <span class='ocr_line' id='line_1_22' title="bbox 1932 740 3509 812; baseline -0.001 -17"><span class='ocrx_word' id='word_1_166' title='bbox 1932 743 2192 812; x_wconf 86' lang='lat' dir='ltr'><strong>assumpti</strong></span> <span class='ocrx_word' id='word_1_167' title='bbox 2239 757 2268 795; x_wconf 89' lang='lat' dir='ltr'><strong>a</strong></span> <span class='ocrx_word' id='word_1_168' title='bbox 2310 741 2418 796; x_wconf 90' lang='lat' dir='ltr'><strong>Deo</strong></span> <span class='ocrx_word' id='word_1_169' title='bbox 2453 741 2519 794; x_wconf 89' lang='lat' dir='ltr'><strong>de</strong></span> <span class='ocrx_word' id='word_1_170' title='bbox 2552 740 2751 794; x_wconf 92' lang='lat' dir='ltr'><strong>mundo</strong></span> <span class='ocrx_word' id='word_1_171' title='bbox 2791 740 2895 793; x_wconf 92' lang='lat' dir='ltr'><strong>isto</strong></span> <span class='ocrx_word' id='word_1_172' title='bbox 2934 740 2986 794; x_wconf 92' lang='lat' dir='ltr'><strong>in</strong></span> <span class='ocrx_word' id='word_1_173' title='bbox 3028 741 3346 808; x_wconf 87' lang='lat' dir='ltr'><strong>corporibus</strong></span> <span class='ocrx_word' id='word_1_174' title='bbox 3379 742 3509 794; x_wconf 77' lang='lat' dir='ltr'><strong>suis.</strong></span> 
     </span>
    </p>
   </div>
   <div class='ocr_carea' id='block_1_23' title="bbox 1932 829 3513 900">
    <p class='ocr_par' dir='ltr' id='par_1_23' title="bbox 1932 829 3513 900">
     <span class='ocr_line' id='line_1_23' title="bbox 1932 829 3513 900; baseline -0.001 -15"><span class='ocrx_word' id='word_1_175' title='bbox 1932 831 2008 886; x_wconf 87' lang='lat' dir='ltr'><strong>De</strong></span> <span class='ocrx_word' id='word_1_176' title='bbox 2055 831 2200 886; x_wconf 74' lang='lat' dir='ltr'><strong>Mose</strong></span> <span class='ocrx_word' id='word_1_177' title='bbox 2245 832 2406 886; x_wconf 91' lang='lat' dir='ltr'><strong>etiam</strong></span> <span class='ocrx_word' id='word_1_178' title='bbox 2453 847 2560 886; x_wconf 86' lang='lat' dir='ltr'><strong>non</strong></span> <span class='ocrx_word' id='word_1_179' title='bbox 2606 839 2689 886; x_wconf 90' lang='lat' dir='ltr'><strong>est</strong></span> <span class='ocrx_word' id='word_1_180' title='bbox 2731 830 3122 891; x_wconf 89' lang='lat' dir='ltr'><strong>dubitandum,</strong></span> <span class='ocrx_word' id='word_1_181' title='bbox 3161 830 3290 900; x_wconf 90' lang='lat' dir='ltr'><strong>quin</strong></span> <span class='ocrx_word' id='word_1_182' title='bbox 3340 829 3411 884; x_wconf 92' lang='lat' dir='ltr'><strong>sit</strong></span> <span class='ocrx_word' id='word_1_183' title='bbox 3460 831 3513 884; x_wconf 90' lang='lat' dir='ltr'><strong>in</strong></span> 
     </span>
    </p>
   </div>
   <div class='ocr_carea' id='block_1_24' title="bbox 1931 923 3512 995">
    <p class='ocr_par' dir='ltr' id='par_1_24' title="bbox 1931 923 3512 995">
     <span class='ocr_line' id='line_1_24' title="bbox 1931 923 3512 995; baseline -0.003 -15"><span class='ocrx_word' id='word_1_184' title='bbox 1931 925 2068 980; x_wconf 73' lang='lat' dir='ltr'><strong>cado</strong></span> <span class='ocrx_word' id='word_1_185' title='bbox 2101 926 2152 978; x_wconf 90' lang='lat' dir='ltr'><strong>in</strong></span> <span class='ocrx_word' id='word_1_186' title='bbox 2184 940 2410 995; x_wconf 90' lang='lat' dir='ltr'><strong>corpore</strong></span> <span class='ocrx_word' id='word_1_187' title='bbox 2443 933 2493 979; x_wconf 93' lang='lat' dir='ltr'><strong>et</strong></span> <span class='ocrx_word' id='word_1_188' title='bbox 2524 925 2704 979; x_wconf 89' lang='lat' dir='ltr'><strong>anima</strong></span> <span class='ocrx_word' id='word_1_189' title='bbox 2728 965 2742 988; x_wconf 96' lang='lat'><strong>,</strong></span> <span class='ocrx_word' id='word_1_190' title='bbox 2779 932 2838 977; x_wconf 91' lang='lat' dir='ltr'><strong>ut</strong></span> <span class='ocrx_word' id='word_1_191' title='bbox 2883 923 3082 978; x_wconf 91' lang='lat' dir='ltr'><strong>dicitur</strong></span> <span class='ocrx_word' id='word_1_192' title='bbox 3127 923 3278 977; x_wconf 87' lang='lat' dir='ltr'><strong>Deut.</strong></span> <span class='ocrx_word' id='word_1_193' title='bbox 3325 937 3512 976; x_wconf 74' lang='lat' dir='ltr'><strong>xxxxv.</strong></span> 
     </span>
    </p>
   </div>
   <div class='ocr_carea' id='block_1_25' title="bbox 1932 1013 3513 1079">
    <p class='ocr_par' dir='ltr' id='par_1_25' title="bbox 1932 1013 3513 1079">
     <span class='ocr_line' id='line_1_25' title="bbox 1932 1013 3513 1079; baseline -0.004 -7"><span class='ocrx_word' id='word_1_194' title='bbox 1932 1017 2076 1072; x_wconf 77' lang='lat' dir='ltr'><strong>Dixi:</strong></span> <span class='ocrx_word' id='word_1_195' title='bbox 2113 1015 2254 1070; x_wconf 82' lang='lat' dir='ltr'><strong>Deus</strong></span> <span class='ocrx_word' id='word_1_196' title='bbox 2283 1017 2348 1069; x_wconf 90' lang='lat' dir='ltr'><strong>ad</strong></span> <span class='ocrx_word' id='word_1_197' title='bbox 2379 1015 2558 1069; x_wconf 84' lang='lat' dir='ltr'><strong>Mosen</strong></span> <span class='ocrx_word' id='word_1_198' title='bbox 2588 1034 2601 1069; x_wconf 90' lang='lat'><strong>:</strong></span> <span class='ocrx_word' id='word_1_199' title='bbox 2636 1033 2654 1065; x_wconf 71' lang='grc' dir='ltr'><strong>ι</strong></span> <span class='ocrx_word' id='word_1_200' title='bbox 2685 1014 2933 1070; x_wconf 82' lang='lat' dir='ltr'><strong>Aseende</strong></span> <span class='ocrx_word' id='word_1_201' title='bbox 2968 1013 3022 1069; x_wconf 91' lang='lat' dir='ltr'><strong>in</strong></span> <span class='ocrx_word' id='word_1_202' title='bbox 3054 1023 3292 1068; x_wconf 86' lang='lat' dir='ltr'><strong>montem</strong></span> <span class='ocrx_word' id='word_1_203' title='bbox 3327 1021 3513 1079; x_wconf 88' lang='lat' dir='ltr'><strong>nocte,</strong></span> 
     </span>
    </p>
   </div>
   <div class='ocr_carea' id='block_1_26' title="bbox 1931 1107 3514 1171">
    <p class='ocr_par' dir='ltr' id='par_1_26' title="bbox 1931 1107 3514 1171">
     <span class='ocr_line' id='line_1_26' title="bbox 1931 1107 3514 1171; baseline -0.002 -8"><span class='ocrx_word' id='word_1_204' title='bbox 1931 1117 1984 1163; x_wconf 90' lang='lat' dir='ltr'><strong>et</strong></span> <span class='ocrx_word' id='word_1_205' title='bbox 2022 1123 2234 1162; x_wconf 86' lang='lat' dir='ltr'><strong>morere</strong></span> <span class='ocrx_word' id='word_1_206' title='bbox 2266 1107 2374 1171; x_wconf 85' lang='lat' dir='ltr'><strong>ibi,</strong></span> <span class='ocrx_word' id='word_1_207' title='bbox 2419 1117 2472 1160; x_wconf 93' lang='lat' dir='ltr'><strong>et</strong></span> <span class='ocrx_word' id='word_1_208' title='bbox 2515 1107 2758 1162; x_wconf 86' lang='lat' dir='ltr'><strong>ascendit</strong></span> <span class='ocrx_word' id='word_1_209' title='bbox 2797 1107 2850 1160; x_wconf 93' lang='lat' dir='ltr'><strong>in</strong></span> <span class='ocrx_word' id='word_1_210' title='bbox 2891 1116 3127 1161; x_wconf 86' lang='lat' dir='ltr'><strong>montem</strong></span> <span class='ocrx_word' id='word_1_211' title='bbox 3174 1113 3228 1160; x_wconf 88' lang='lat' dir='ltr'><strong>et</strong></span> <span class='ocrx_word' id='word_1_212' title='bbox 3269 1115 3514 1160; x_wconf 87' lang='lat' dir='ltr'><strong>mortuus</strong></span> 
     </span>
    </p>
   </div>
   <div class='ocr_carea' id='block_1_27' title="bbox 1930 1197 3512 1267">
    <p class='ocr_par' dir='ltr' id='par_1_27' title="bbox 1930 1197 3512 1267">
     <span class='ocr_line' id='line_1_27' title="bbox 1930 1197 3512 1267; baseline -0.003 -14"><span class='ocrx_word' id='word_1_213' title='bbox 1930 1209 2035 1254; x_wconf 90' lang='lat' dir='ltr'><strong>est.</strong></span> <span class='ocrx_word' id='word_1_214' title='bbox 2089 1199 2154 1252; x_wconf 82' lang='lat' dir='ltr'><strong>Et</strong></span> <span class='ocrx_word' id='word_1_215' title='bbox 2207 1197 2435 1252; x_wconf 69' lang='lat' dir='ltr'><strong>nescivit</strong></span> <span class='ocrx_word' id='word_1_216' title='bbox 2497 1197 2657 1251; x_wconf 86' lang='lat' dir='ltr'><strong>homo</strong></span> <span class='ocrx_word' id='word_1_217' title='bbox 2703 1197 3011 1267; x_wconf 82' lang='lat' dir='ltr'><strong>sepulcrum</strong></span> <span class='ocrx_word' id='word_1_218' title='bbox 3068 1197 3185 1267; x_wconf 88' lang='lat' dir='ltr'><strong>ejus</strong></span> <span class='ocrx_word' id='word_1_219' title='bbox 3237 1211 3408 1265; x_wconf 89' lang='lat' dir='ltr'><strong>usque</strong></span> <span class='ocrx_word' id='word_1_220' title='bbox 3458 1197 3512 1249; x_wconf 88' lang='lat' dir='ltr'><strong>in</strong></span> 
     </span>
    </p>
   </div>
   <div class='ocr_carea' id='block_1_28' title="bbox 1931 1288 3511 1360">
    <p class='ocr_par' dir='ltr' id='par_1_28' title="bbox 1931 1288 3511 1360">
     <span class='ocr_line' id='line_1_28' title="bbox 1931 1288 3511 1360; baseline -0.002 -15"><span class='ocrx_word' id='word_1_221' title='bbox 1931 1291 2250 1345; x_wconf 89' lang='lat' dir='ltr'><strong>hodiernum</strong></span> <span class='ocrx_word' id='word_1_222' title='bbox 2279 1289 2420 1344; x_wconf 90' lang='lat' dir='ltr'><strong>diem</strong></span> <span class='ocrx_word' id='word_1_223' title='bbox 2454 1288 2636 1358; x_wconf 79' lang='lat' dir='ltr'><strong>(Deut.</strong></span> <span class='ocrx_word' id='word_1_224' title='bbox 2665 1289 2871 1360; x_wconf 76' lang='lat' dir='ltr'><strong>xxxn&#39;).</strong></span> <span class='ocrx_word' id='word_1_225' title='bbox 2905 1309 2924 1342; x_wconf 71' lang='grc' dir='ltr'><strong>ι</strong></span> <span class='ocrx_word' id='word_1_226' title='bbox 2955 1289 3021 1344; x_wconf 81' lang='lat' dir='ltr'><strong>Et</strong></span> <span class='ocrx_word' id='word_1_227' title='bbox 3051 1290 3180 1359; x_wconf 89' lang='lat' dir='ltr'><strong>quid</strong></span> <span class='ocrx_word' id='word_1_228' title='bbox 3210 1290 3511 1360; x_wconf 75' lang='lat' dir='ltr'><strong>signiﬁcat,</strong></span> 
     </span>
    </p>
   </div>
   <div class='ocr_carea' id='block_1_29' title="bbox 1929 1382 3512 1453">
    <p class='ocr_par' dir='ltr' id='par_1_29' title="bbox 1929 1382 3512 1453">
     <span class='ocr_line' id='line_1_29' title="bbox 1929 1382 3512 1453; baseline 0 -17"><span class='ocrx_word' id='word_1_229' title='bbox 1929 1385 2071 1453; x_wconf 84' lang='lat' dir='ltr'><strong>quod</strong></span> <span class='ocrx_word' id='word_1_230' title='bbox 2117 1382 2421 1453; x_wconf 86' lang='lat' dir='ltr'><strong>sepulcrum</strong></span> <span class='ocrx_word' id='word_1_231' title='bbox 2468 1383 2585 1452; x_wconf 91' lang='lat' dir='ltr'><strong>ejus</strong></span> <span class='ocrx_word' id='word_1_232' title='bbox 2637 1393 2720 1437; x_wconf 92' lang='lat' dir='ltr'><strong>est</strong></span> <span class='ocrx_word' id='word_1_233' title='bbox 2764 1383 3003 1452; x_wconf 81' lang='lat' dir='ltr'><strong>ignotum</strong></span> <span class='ocrx_word' id='word_1_234' title='bbox 3051 1383 3103 1436; x_wconf 93' lang='lat' dir='ltr'><strong>in</strong></span> <span class='ocrx_word' id='word_1_235' title='bbox 3154 1391 3338 1449; x_wconf 90' lang='lat' dir='ltr'><strong>terra,</strong></span> <span class='ocrx_word' id='word_1_236' title='bbox 3389 1397 3512 1436; x_wconf 81' lang='lat' dir='ltr'><strong>cum</strong></span> 
     </span>
    </p>
   </div>
   <div class='ocr_carea' id='block_1_30' title="bbox 1931 1473 3513 1546">
    <p class='ocr_par' dir='ltr' id='par_1_30' title="bbox 1931 1473 3513 1546">
     <span class='ocr_line' id='line_1_30' title="bbox 1931 1473 3513 1546; baseline -0.003 -16"><span class='ocrx_word' id='word_1_237' title='bbox 1931 1476 2044 1546; x_wconf 90' lang='lat' dir='ltr'><strong>ipse</strong></span> <span class='ocrx_word' id='word_1_238' title='bbox 2099 1475 2197 1530; x_wconf 80' lang='lat' dir='ltr'><strong>fuit</strong></span> <span class='ocrx_word' id='word_1_239' title='bbox 2250 1475 2507 1546; x_wconf 85' lang='lat' dir='ltr'><strong>propheta</strong></span> <span class='ocrx_word' id='word_1_240' title='bbox 2561 1475 2734 1546; x_wconf 85' lang='lat' dir='ltr'><strong>major</strong></span> <span class='ocrx_word' id='word_1_241' title='bbox 2782 1484 2838 1530; x_wconf 90' lang='lat' dir='ltr'><strong>et</strong></span> <span class='ocrx_word' id='word_1_242' title='bbox 2892 1474 3133 1530; x_wconf 88' lang='lat' dir='ltr'><strong>sanctior</strong></span> <span class='ocrx_word' id='word_1_243' title='bbox 3187 1475 3304 1529; x_wconf 84' lang='lat' dir='ltr'><strong>aliis</strong></span> <span class='ocrx_word' id='word_1_244' title='bbox 3337 1517 3352 1540; x_wconf 89' lang='lat'><strong>,</strong></span> <span class='ocrx_word' id='word_1_245' title='bbox 3407 1473 3513 1528; x_wconf 88' lang='lat' dir='ltr'><strong>nisi</strong></span> 
     </span>
    </p>
   </div>
   <div class='ocr_carea' id='block_1_31' title="bbox 1929 1563 3512 1634">
    <p class='ocr_par' dir='ltr' id='par_1_31' title="bbox 1929 1563 3512 1634">
     <span class='ocr_line' id='line_1_31' title="bbox 1929 1563 3512 1634; baseline -0.001 -16"><span class='ocrx_word' id='word_1_246' title='bbox 1929 1565 2072 1634; x_wconf 85' lang='lat' dir='ltr'><strong>quod</strong></span> <span class='ocrx_word' id='word_1_247' title='bbox 2103 1563 2243 1618; x_wconf 90' lang='lat' dir='ltr'><strong>Deus</strong></span> <span class='ocrx_word' id='word_1_248' title='bbox 2274 1564 2618 1618; x_wconf 77' lang='lat' dir='ltr'><strong>resuscitavit</strong></span> <span class='ocrx_word' id='word_1_249' title='bbox 2667 1577 2811 1628; x_wconf 90' lang='lat' dir='ltr'><strong>eum,</strong></span> <span class='ocrx_word' id='word_1_250' title='bbox 2863 1573 2919 1619; x_wconf 89' lang='lat' dir='ltr'><strong>et</strong></span> <span class='ocrx_word' id='word_1_251' title='bbox 2951 1564 3243 1633; x_wconf 88' lang='lat' dir='ltr'><strong>assumpsit</strong></span> <span class='ocrx_word' id='word_1_252' title='bbox 3287 1579 3408 1618; x_wconf 89' lang='lat' dir='ltr'><strong>eum</strong></span> <span class='ocrx_word' id='word_1_253' title='bbox 3458 1563 3512 1617; x_wconf 78' lang='lat' dir='ltr'><strong>in</strong></span> 
     </span>
    </p>
   </div>
   <div class='ocr_carea' id='block_1_32' title="bbox 1929 1652 3516 1724">
    <p class='ocr_par' dir='ltr' id='par_1_32' title="bbox 1929 1652 3516 1724">
     <span class='ocr_line' id='line_1_32' title="bbox 1929 1652 3516 1724; baseline -0.003 -13"><span class='ocrx_word' id='word_1_254' title='bbox 1929 1669 2159 1724; x_wconf 89' lang='lat' dir='ltr'><strong>corpore</strong></span> <span class='ocrx_word' id='word_1_255' title='bbox 2205 1663 2259 1709; x_wconf 91' lang='lat' dir='ltr'><strong>et</strong></span> <span class='ocrx_word' id='word_1_256' title='bbox 2308 1654 2487 1707; x_wconf 90' lang='lat' dir='ltr'><strong>anima</strong></span> <span class='ocrx_word' id='word_1_257' title='bbox 2528 1654 2668 1708; x_wconf 90' lang='lat' dir='ltr'><strong>sicut</strong></span> <span class='ocrx_word' id='word_1_258' title='bbox 2721 1653 2855 1707; x_wconf 91' lang='lat' dir='ltr'><strong>alios</strong></span> <span class='ocrx_word' id='word_1_259' title='bbox 2879 1655 3058 1720; x_wconf 88' lang='lat' dir='ltr'><strong>justos</strong></span> <span class='ocrx_word' id='word_1_260' title='bbox 3101 1652 3420 1723; x_wconf 85' lang='lat' dir='ltr'><strong>assumpsit,</strong></span> <span class='ocrx_word' id='word_1_261' title='bbox 3460 1662 3516 1707; x_wconf 91' lang='lat' dir='ltr'><strong>et</strong></span> 
     </span>
    </p>
   </div>
   <div class='ocr_carea' id='block_1_33' title="bbox 232 1737 3517 1815">
    <p class='ocr_par' dir='ltr' id='par_1_33' title="bbox 232 1737 3517 1815">
     <span class='ocr_line' id='line_1_33' title="bbox 232 1737 3517 1815; baseline -0 -17"><span class='ocrx_word' id='word_1_262' title='bbox 232 1743 313 1798; x_wconf 85' lang='lat' dir='ltr'><strong>bit</strong></span> <span class='ocrx_word' id='word_1_263' title='bbox 366 1743 786 1814; x_wconf 72' lang='lat' dir='ltr'><strong>captivitatem,</strong></span> <span class='ocrx_word' id='word_1_264' title='bbox 849 1743 997 1797; x_wconf 87' lang='lat' dir='ltr'><strong>dedit</strong></span> <span class='ocrx_word' id='word_1_265' title='bbox 1049 1744 1188 1798; x_wconf 91' lang='lat' dir='ltr'><strong>dona</strong></span> <span class='ocrx_word' id='word_1_266' title='bbox 1247 1744 1577 1799; x_wconf 84' lang='lat' dir='ltr'><strong>hominibus.</strong></span> <span class='ocrx_word' id='word_1_267' title='bbox 1612 1764 1629 1795; x_wconf 72' lang='grc' dir='ltr'><strong>ι</strong></span> <span class='ocrx_word' id='word_1_268' title='bbox 1687 1744 1826 1801; x_wconf 88' lang='lat' dir='ltr'><strong>Dicit</strong></span> <span class='ocrx_word' id='word_1_269' title='bbox 1860 1737 1901 1796; x_wconf 84' lang='grc' dir='ltr'><strong>Β</strong></span> <span class='ocrx_word' id='word_1_270' title='bbox 1930 1747 2162 1802; x_wconf 88' lang='lat' dir='ltr'><strong>elevavit</strong></span> <span class='ocrx_word' id='word_1_271' title='bbox 2191 1746 2258 1800; x_wconf 91' lang='lat' dir='ltr'><strong>ad</strong></span> <span class='ocrx_word' id='word_1_272' title='bbox 2308 1745 2486 1800; x_wconf 90' lang='lat' dir='ltr'><strong>locum</strong></span> <span class='ocrx_word' id='word_1_273' title='bbox 2533 1745 2623 1800; x_wconf 92' lang='lat' dir='ltr'><strong>ubi</strong></span> <span class='ocrx_word' id='word_1_274' title='bbox 2655 1753 2783 1800; x_wconf 85' lang='lat' dir='ltr'><strong>sunt</strong></span> <span class='ocrx_word' id='word_1_275' title='bbox 2816 1745 2930 1815; x_wconf 87' lang='lat'><strong>(6)?</strong></span> <span class='ocrx_word' id='word_1_276' title='bbox 2973 1745 3082 1799; x_wconf 87' lang='lat' dir='ltr'><strong>Nec</strong></span> <span class='ocrx_word' id='word_1_277' title='bbox 3131 1760 3229 1799; x_wconf 90' lang='lat' dir='ltr'><strong>nos</strong></span> <span class='ocrx_word' id='word_1_278' title='bbox 3257 1743 3517 1798; x_wconf 86' lang='lat' dir='ltr'><strong>debemus</strong></span> 
     </span>
    </p>
   </div>
   <div class='ocr_carea' id='block_1_34' title="bbox 233 1833 1828 1905">
    <p class='ocr_par' dir='ltr' id='par_1_34' title="bbox 233 1833 1828 1905">
     <span class='ocr_line' id='line_1_34' title="bbox 233 1833 1828 1905; baseline 0.003 -16"><span class='ocrx_word' id='word_1_279' title='bbox 233 1836 398 1890; x_wconf 81' lang='lat' dir='ltr'><strong>etiam</strong></span> <span class='ocrx_word' id='word_1_280' title='bbox 434 1835 484 1888; x_wconf 93' lang='lat' dir='ltr'><strong>in</strong></span> <span class='ocrx_word' id='word_1_281' title='bbox 514 1835 725 1905; x_wconf 78' lang='lat' dir='ltr'><strong>psalmo</strong></span> <span class='ocrx_word' id='word_1_282' title='bbox 753 1851 896 1890; x_wconf 77' lang='lat' dir='ltr'><strong>vau</strong></span> <span class='ocrx_word' id='word_1_283' title='bbox 925 1836 992 1890; x_wconf 89' lang='lat' dir='ltr'><strong>de</strong></span> <span class='ocrx_word' id='word_1_284' title='bbox 1018 1835 1334 1891; x_wconf 82' lang='lat' dir='ltr'><strong>ascensione</strong></span> <span class='ocrx_word' id='word_1_285' title='bbox 1359 1833 1475 1904; x_wconf 87' lang='lat' dir='ltr'><strong>ejus</strong></span> <span class='ocrx_word' id='word_1_286' title='bbox 1501 1853 1512 1889; x_wconf 92' lang='lat'><strong>:</strong></span> <span class='ocrx_word' id='word_1_287' title='bbox 1546 1855 1565 1888; x_wconf 85' lang='grc'><em>‹</em></span> <span class='ocrx_word' id='word_1_288' title='bbox 1594 1835 1828 1894; x_wconf 77' lang='lat' dir='ltr'><strong>.lubilate</strong></span> 
     </span>
    </p>
   </div>
   <div class='ocr_carea' id='block_1_35' title="bbox 232 1929 1826 2007">
    <p class='ocr_par' dir='ltr' id='par_1_35' title="bbox 232 1929 1826 2007">
     <span class='ocr_line' id='line_1_35' title="bbox 232 1929 1826 2007; baseline 0.003 -25"><span class='ocrx_word' id='word_1_289' title='bbox 232 1929 345 1983; x_wconf 88' lang='lat' dir='ltr'><strong>Deo</strong></span> <span class='ocrx_word' id='word_1_290' title='bbox 374 1938 428 1982; x_wconf 89' lang='lat' dir='ltr'><strong>et</strong></span> <span class='ocrx_word' id='word_1_291' title='bbox 453 1929 759 2007; x_wconf 79' lang='lat' dir='ltr'><strong>glorilicate</strong></span> <span class='ocrx_word' id='word_1_292' title='bbox 786 1944 980 1983; x_wconf 85' lang='lat' dir='ltr'><strong>nomen</strong></span> <span class='ocrx_word' id='word_1_293' title='bbox 1013 1929 1150 1998; x_wconf 89' lang='lat' dir='ltr'><strong>ejus,</strong></span> <span class='ocrx_word' id='word_1_294' title='bbox 1185 1930 1289 1984; x_wconf 90' lang='lat' dir='ltr'><strong>iter</strong></span> <span class='ocrx_word' id='word_1_295' title='bbox 1312 1930 1490 1996; x_wconf 82' lang='lat' dir='ltr'><strong>facite,</strong></span> <span class='ocrx_word' id='word_1_296' title='bbox 1518 1931 1608 2001; x_wconf 88' lang='lat' dir='ltr'><strong>qui</strong></span> <span class='ocrx_word' id='word_1_297' title='bbox 1638 1947 1826 1987; x_wconf 87' lang='lat' dir='ltr'><strong>ascen-</strong></span> 
     </span>
    </p>
   </div>
   <div class='ocr_carea' id='block_1_36' title="bbox 232 2019 1820 2091">
    <p class='ocr_par' dir='ltr' id='par_1_36' title="bbox 232 2019 1820 2091">
     <span class='ocr_line' id='line_1_36' title="bbox 232 2019 1820 2091; baseline 0.002 -17"><span class='ocrx_word' id='word_1_298' title='bbox 232 2022 314 2085; x_wconf 82' lang='lat' dir='ltr'><strong>dit</strong></span> <span class='ocrx_word' id='word_1_299' title='bbox 359 2021 427 2075; x_wconf 88' lang='lat' dir='ltr'><strong>de</strong></span> <span class='ocrx_word' id='word_1_300' title='bbox 467 2023 715 2091; x_wconf 89' lang='lat' dir='ltr'><strong>partibus</strong></span> <span class='ocrx_word' id='word_1_301' title='bbox 755 2023 1090 2086; x_wconf 73' lang='lat' dir='ltr'><strong>occidentis,</strong></span> <span class='ocrx_word' id='word_1_302' title='bbox 1130 2019 1390 2078; x_wconf 84' lang='lat' dir='ltr'><strong>Dominus</strong></span> <span class='ocrx_word' id='word_1_303' title='bbox 1434 2041 1626 2080; x_wconf 90' lang='lat' dir='ltr'><strong>nomen</strong></span> <span class='ocrx_word' id='word_1_304' title='bbox 1676 2025 1768 2079; x_wconf 92' lang='lat' dir='ltr'><strong>illi.</strong></span> <span class='ocrx_word' id='word_1_305' title='bbox 1803 2043 1820 2077; x_wconf 76' lang='grc' dir='ltr'><strong>ι</strong></span> 
     </span>
    </p>
   </div>
   <div class='ocr_carea' id='block_1_37' title="bbox 231 2113 1826 2185">
    <p class='ocr_par' dir='ltr' id='par_1_37' title="bbox 231 2113 1826 2185">
     <span class='ocr_line' id='line_1_37' title="bbox 231 2113 1826 2185; baseline 0.002 -17"><span class='ocrx_word' id='word_1_306' title='bbox 231 2113 455 2178; x_wconf 72' lang='lat' dir='ltr'><strong>Adhuc,</strong></span> <span class='ocrx_word' id='word_1_307' title='bbox 501 2113 722 2168; x_wconf 88' lang='lat' dir='ltr'><strong>domine</strong></span> <span class='ocrx_word' id='word_1_308' title='bbox 761 2114 864 2177; x_wconf 92' lang='lat' dir='ltr'><strong>mi,</strong></span> <span class='ocrx_word' id='word_1_309' title='bbox 903 2114 1042 2168; x_wconf 76' lang='lat' dir='ltr'><strong>dixit</strong></span> <span class='ocrx_word' id='word_1_310' title='bbox 1084 2115 1250 2170; x_wconf 89' lang='lat' dir='ltr'><strong>David</strong></span> <span class='ocrx_word' id='word_1_311' title='bbox 1289 2117 1355 2170; x_wconf 89' lang='lat' dir='ltr'><strong>de</strong></span> <span class='ocrx_word' id='word_1_312' title='bbox 1391 2115 1480 2171; x_wconf 93' lang='lat' dir='ltr'><strong>illo</strong></span> <span class='ocrx_word' id='word_1_313' title='bbox 1524 2116 1577 2170; x_wconf 88' lang='lat' dir='ltr'><strong>in</strong></span> <span class='ocrx_word' id='word_1_314' title='bbox 1619 2116 1826 2185; x_wconf 87' lang='lat' dir='ltr'><strong>psalmo</strong></span> 
     </span>
    </p>
   </div>
   <div class='ocr_carea' id='block_1_38' title="bbox 239 2204 1828 2276">
    <p class='ocr_par' dir='ltr' id='par_1_38' title="bbox 239 2204 1828 2276">
     <span class='ocr_line' id='line_1_38' title="bbox 239 2204 1828 2276; baseline 0.003 -20"><span class='ocrx_word' id='word_1_315' title='bbox 239 2221 274 2274; x_wconf 76' lang='lat' dir='ltr'><strong>q</strong></span> <span class='ocrx_word' id='word_1_316' title='bbox 295 2221 396 2259; x_wconf 74' lang='lat' dir='ltr'><strong>tem</strong></span> <span class='ocrx_word' id='word_1_317' title='bbox 435 2214 489 2258; x_wconf 92' lang='lat' dir='ltr'><strong>tu</strong></span> <span class='ocrx_word' id='word_1_318' title='bbox 522 2204 688 2266; x_wconf 82' lang='lat' dir='ltr'><strong>habes</strong></span> <span class='ocrx_word' id='word_1_319' title='bbox 730 2205 781 2259; x_wconf 92' lang='lat' dir='ltr'><strong>in</strong></span> <span class='ocrx_word' id='word_1_320' title='bbox 813 2206 974 2260; x_wconf 89' lang='lat' dir='ltr'><strong>corde</strong></span> <span class='ocrx_word' id='word_1_321' title='bbox 1006 2224 1018 2259; x_wconf 94' lang='lat'><strong>:</strong></span> <span class='ocrx_word' id='word_1_322' title='bbox 1054 2225 1072 2258; x_wconf 73' lang='grc' dir='ltr'><strong>ι</strong></span> <span class='ocrx_word' id='word_1_323' title='bbox 1105 2205 1340 2262; x_wconf 90' lang='lat' dir='ltr'><strong>.lubilate</strong></span> <span class='ocrx_word' id='word_1_324' title='bbox 1371 2208 1479 2262; x_wconf 90' lang='lat' dir='ltr'><strong>Deo</strong></span> <span class='ocrx_word' id='word_1_325' title='bbox 1513 2207 1602 2276; x_wconf 93' lang='lat' dir='ltr'><strong>qui</strong></span> <span class='ocrx_word' id='word_1_326' title='bbox 1639 2222 1828 2261; x_wconf 80' lang='lat' dir='ltr'><strong>ascen-</strong></span> 
     </span>
    </p>
   </div>
   <div class='ocr_carea' id='block_1_39' title="bbox 237 2296 1826 2366">
    <p class='ocr_par' dir='ltr' id='par_1_39' title="bbox 237 2296 1826 2366">
     <span class='ocr_line' id='line_1_39' title="bbox 237 2296 1826 2366; baseline 0.002 -17"><span class='ocrx_word' id='word_1_327' title='bbox 237 2296 310 2349; x_wconf 82' lang='lat' dir='ltr'><strong>dit</strong></span> <span class='ocrx_word' id='word_1_328' title='bbox 339 2312 504 2366; x_wconf 88' lang='lat' dir='ltr'><strong>super</strong></span> <span class='ocrx_word' id='word_1_329' title='bbox 532 2297 730 2352; x_wconf 72' lang='lat' dir='ltr'><strong>cadum</strong></span> <span class='ocrx_word' id='word_1_330' title='bbox 760 2296 882 2352; x_wconf 78' lang='lat' dir='ltr'><strong>cceli</strong></span> <span class='ocrx_word' id='word_1_331' title='bbox 919 2297 986 2352; x_wconf 90' lang='lat' dir='ltr'><strong>ad</strong></span> <span class='ocrx_word' id='word_1_332' title='bbox 1010 2298 1296 2353; x_wconf 86' lang='lat' dir='ltr'><strong>orientem.</strong></span> <span class='ocrx_word' id='word_1_333' title='bbox 1333 2318 1350 2351; x_wconf 77' lang='grc' dir='ltr'><strong>ι</strong></span> <span class='ocrx_word' id='word_1_334' title='bbox 1384 2298 1451 2352; x_wconf 86' lang='grc' dir='ltr'>Ει</span> <span class='ocrx_word' id='word_1_335' title='bbox 1474 2299 1538 2352; x_wconf 89' lang='lat' dir='ltr'><strong>de</strong></span> <span class='ocrx_word' id='word_1_336' title='bbox 1563 2299 1665 2352; x_wconf 93' lang='lat' dir='ltr'><strong>isto</strong></span> <span class='ocrx_word' id='word_1_337' title='bbox 1693 2297 1826 2352; x_wconf 78' lang='lat' dir='ltr'><strong>dixit</strong></span> 
     </span>
    </p>
   </div>
   <div class='ocr_carea' id='block_1_40' title="bbox 239 2386 1826 2457">
    <p class='ocr_par' dir='ltr' id='par_1_40' title="bbox 239 2386 1826 2457">
     <span class='ocr_line' id='line_1_40' title="bbox 239 2386 1826 2457; baseline 0.003 -19"><span class='ocrx_word' id='word_1_338' title='bbox 239 2387 440 2452; x_wconf 79' lang='lat' dir='ltr'><strong>Amos:</strong></span> <span class='ocrx_word' id='word_1_339' title='bbox 477 2404 495 2436; x_wconf 77' lang='grc' dir='ltr'><strong>ι</strong></span> <span class='ocrx_word' id='word_1_340' title='bbox 531 2386 794 2441; x_wconf 82' lang='lat' dir='ltr'><strong>Dominus</strong></span> <span class='ocrx_word' id='word_1_341' title='bbox 835 2396 917 2441; x_wconf 93' lang='lat' dir='ltr'><strong>est</strong></span> <span class='ocrx_word' id='word_1_342' title='bbox 955 2387 1044 2457; x_wconf 84' lang='lat' dir='ltr'><strong>qui</strong></span> <span class='ocrx_word' id='word_1_343' title='bbox 1076 2388 1363 2442; x_wconf 60' lang='lat' dir='ltr'><strong>aedificavit</strong></span> <span class='ocrx_word' id='word_1_344' title='bbox 1399 2388 1450 2442; x_wconf 92' lang='lat' dir='ltr'><strong>in</strong></span> <span class='ocrx_word' id='word_1_345' title='bbox 1491 2389 1707 2444; x_wconf 77' lang='lat' dir='ltr'><strong>excelso</strong></span> <span class='ocrx_word' id='word_1_346' title='bbox 1742 2405 1826 2443; x_wconf 91' lang='lat' dir='ltr'><strong>se-</strong></span> 
     </span>
    </p>
   </div>
   <div class='ocr_carea' id='block_1_41' title="bbox 238 2477 1820 2552">
    <p class='ocr_par' dir='ltr' id='par_1_41' title="bbox 238 2477 1820 2552">
     <span class='ocr_line' id='line_1_41' title="bbox 238 2477 1820 2552; baseline 0.005 -22"><span class='ocrx_word' id='word_1_347' title='bbox 238 2477 352 2532; x_wconf 81' lang='lat' dir='ltr'><strong>dezu</strong></span> <span class='ocrx_word' id='word_1_348' title='bbox 381 2493 560 2532; x_wconf 68' lang='lat' dir='ltr'><strong>suam.</strong></span> <span class='ocrx_word' id='word_1_349' title='bbox 595 2496 612 2526; x_wconf 74' lang='grc' dir='ltr'><strong>ι</strong></span> <span class='ocrx_word' id='word_1_350' title='bbox 643 2478 709 2531; x_wconf 83' lang='lat' dir='ltr'><strong>Et</strong></span> <span class='ocrx_word' id='word_1_351' title='bbox 733 2478 799 2532; x_wconf 85' lang='lat' dir='ltr'><strong>de</strong></span> <span class='ocrx_word' id='word_1_352' title='bbox 829 2479 944 2548; x_wconf 90' lang='lat' dir='ltr'><strong>ipso</strong></span> <span class='ocrx_word' id='word_1_353' title='bbox 968 2480 1097 2535; x_wconf 92' lang='lat' dir='ltr'><strong>dicit</strong></span> <span class='ocrx_word' id='word_1_354' title='bbox 1119 2481 1280 2536; x_wconf 90' lang='lat' dir='ltr'><strong>etiam</strong></span> <span class='ocrx_word' id='word_1_355' title='bbox 1313 2481 1477 2536; x_wconf 88' lang='lat' dir='ltr'><strong>David</strong></span> <span class='ocrx_word' id='word_1_356' title='bbox 1502 2482 1554 2536; x_wconf 90' lang='lat' dir='ltr'><strong>in</strong></span> <span class='ocrx_word' id='word_1_357' title='bbox 1586 2483 1820 2552; x_wconf 88' lang='lat' dir='ltr'><strong>psalmo:</strong></span> 
     </span>
    </p>
   </div>
   <div class='ocr_carea' id='block_1_42' title="bbox 242 2569 1818 2639">
    <p class='ocr_par' dir='ltr' id='par_1_42' title="bbox 242 2569 1818 2639">
     <span class='ocr_line' id='line_1_42' title="bbox 242 2569 1818 2639; baseline 0.004 -18"><span class='ocrx_word' id='word_1_358' title='bbox 242 2591 258 2621; x_wconf 78' lang='grc' dir='ltr'><strong>ι</strong></span> <span class='ocrx_word' id='word_1_359' title='bbox 290 2572 548 2626; x_wconf 72' lang='grc' dir='ltr'><strong>Αειθιιάἰι</strong></span> <span class='ocrx_word' id='word_1_360' title='bbox 578 2572 719 2626; x_wconf 83' lang='lat' dir='ltr'><strong>Deus</strong></span> <span class='ocrx_word' id='word_1_361' title='bbox 749 2571 803 2625; x_wconf 87' lang='lat' dir='ltr'><strong>in</strong></span> <span class='ocrx_word' id='word_1_362' title='bbox 823 2569 994 2639; x_wconf 80' lang='lat' dir='ltr'><strong>jubilo</strong></span> <span class='ocrx_word' id='word_1_363' title='bbox 1029 2581 1083 2626; x_wconf 92' lang='lat' dir='ltr'><strong>et</strong></span> <span class='ocrx_word' id='word_1_364' title='bbox 1107 2572 1365 2630; x_wconf 87' lang='lat' dir='ltr'><strong>Dominus</strong></span> <span class='ocrx_word' id='word_1_365' title='bbox 1389 2573 1441 2628; x_wconf 94' lang='lat' dir='ltr'><strong>in</strong></span> <span class='ocrx_word' id='word_1_366' title='bbox 1466 2588 1597 2628; x_wconf 90' lang='lat' dir='ltr'><strong>voce</strong></span> <span class='ocrx_word' id='word_1_367' title='bbox 1627 2573 1818 2629; x_wconf 63' lang='lat' dir='ltr'><strong>tubm.»</strong></span> 
     </span>
    </p>
   </div>
   <div class='ocr_carea' id='block_1_43' title="bbox 237 2660 1823 2734">
    <p class='ocr_par' dir='ltr' id='par_1_43' title="bbox 237 2660 1823 2734">
     <span class='ocr_line' id='line_1_43' title="bbox 237 2660 1823 2734; baseline 0.006 -24"><span class='ocrx_word' id='word_1_368' title='bbox 237 2661 308 2732; x_wconf 75' lang='lat' dir='ltr'><strong>De</strong></span> <span class='ocrx_word' id='word_1_369' title='bbox 343 2661 458 2731; x_wconf 86' lang='lat' dir='ltr'><strong>ipso</strong></span> <span class='ocrx_word' id='word_1_370' title='bbox 503 2662 669 2716; x_wconf 85' lang='lat' dir='ltr'><strong>etiam</strong></span> <span class='ocrx_word' id='word_1_371' title='bbox 702 2660 842 2716; x_wconf 81' lang='lat' dir='ltr'><strong>dixit</strong></span> <span class='ocrx_word' id='word_1_372' title='bbox 876 2661 1014 2717; x_wconf 82' lang='lat' dir='ltr'><strong>Aser</strong></span> <span class='ocrx_word' id='word_1_373' title='bbox 1046 2663 1316 2733; x_wconf 88' lang='lat' dir='ltr'><strong>propheta</strong></span> <span class='ocrx_word' id='word_1_374' title='bbox 1355 2679 1472 2734; x_wconf 81' lang='lat' dir='ltr'><strong>cap.</strong></span> <span class='ocrx_word' id='word_1_375' title='bbox 1511 2664 1546 2718; x_wconf 74' lang='grc'>2</span> <span class='ocrx_word' id='word_1_376' title='bbox 1588 2683 1600 2717; x_wconf 89' lang='lat'><strong>:</strong></span> <span class='ocrx_word' id='word_1_377' title='bbox 1645 2683 1663 2715; x_wconf 74' lang='grc' dir='ltr'><strong>ι</strong></span> <span class='ocrx_word' id='word_1_378' title='bbox 1706 2663 1823 2720; x_wconf 72' lang='lat' dir='ltr'><strong>\‘idi</strong></span> 
     </span>
    </p>
   </div>
   <div class='ocr_carea' id='block_1_44' title="bbox 236 2751 1825 2826">
    <p class='ocr_par' dir='ltr' id='par_1_44' title="bbox 236 2751 1825 2826">
     <span class='ocr_line' id='line_1_44' title="bbox 236 2751 1825 2826; baseline 0.004 -22"><span class='ocrx_word' id='word_1_379' title='bbox 236 2751 506 2815; x_wconf 83' lang='lat' dir='ltr'><strong>hominem</strong></span> <span class='ocrx_word' id='word_1_380' title='bbox 539 2752 958 2807; x_wconf 84' lang='lat' dir='ltr'><strong>descendentem</strong></span> <span class='ocrx_word' id='word_1_381' title='bbox 990 2753 1056 2810; x_wconf 90' lang='lat' dir='ltr'><strong>de</strong></span> <span class='ocrx_word' id='word_1_382' title='bbox 1085 2755 1250 2808; x_wconf 88' lang='lat' dir='ltr'><strong>corde</strong></span> <span class='ocrx_word' id='word_1_383' title='bbox 1291 2756 1457 2809; x_wconf 90' lang='lat' dir='ltr'><strong>maris</strong></span> <span class='ocrx_word' id='word_1_384' title='bbox 1487 2766 1541 2810; x_wconf 85' lang='lat' dir='ltr'><strong>et</strong></span> <span class='ocrx_word' id='word_1_385' title='bbox 1578 2757 1825 2826; x_wconf 88' lang='lat' dir='ltr'><strong>pervenit</strong></span> 
     </span>
    </p>
   </div>
   <div class='ocr_carea' id='block_1_45' title="bbox 237 2843 1826 2918">
    <p class='ocr_par' dir='ltr' id='par_1_45' title="bbox 237 2843 1826 2918">
     <span class='ocr_line' id='line_1_45' title="bbox 237 2843 1826 2918; baseline 0.006 -26"><span class='ocrx_word' id='word_1_386' title='bbox 237 2858 402 2912; x_wconf 82' lang='lat' dir='ltr'><strong>usque</strong></span> <span class='ocrx_word' id='word_1_387' title='bbox 422 2843 492 2896; x_wconf 89' lang='lat' dir='ltr'><strong>ad</strong></span> <span class='ocrx_word' id='word_1_388' title='bbox 509 2844 709 2898; x_wconf 74' lang='lat' dir='ltr'><strong>cmlum</strong></span> <span class='ocrx_word' id='word_1_389' title='bbox 729 2843 827 2914; x_wconf 62' lang='grc' dir='ltr'><strong>(οἱ).</strong></span> <span class='ocrx_word' id='word_1_390' title='bbox 852 2864 869 2895; x_wconf 74' lang='grc' dir='ltr'><strong>ι</strong></span> <span class='ocrx_word' id='word_1_391' title='bbox 891 2845 953 2898; x_wconf 86' lang='lat' dir='ltr'><strong>Et</strong></span> <span class='ocrx_word' id='word_1_392' title='bbox 975 2846 1100 2914; x_wconf 87' lang='lat' dir='ltr'><strong>quia</strong></span> <span class='ocrx_word' id='word_1_393' title='bbox 1125 2862 1230 2900; x_wconf 91' lang='lat' dir='ltr'><strong>non</strong></span> <span class='ocrx_word' id='word_1_394' title='bbox 1247 2846 1508 2911; x_wconf 83' lang='lat' dir='ltr'><strong>habemus</strong></span> <span class='ocrx_word' id='word_1_395' title='bbox 1530 2847 1686 2902; x_wconf 91' lang='lat' dir='ltr'><strong>istam</strong></span> <span class='ocrx_word' id='word_1_396' title='bbox 1703 2863 1826 2918; x_wconf 86' lang='lat' dir='ltr'><strong>pro-</strong></span> 
     </span>
    </p>
   </div>
   <div class='ocr_carea' id='block_1_46' title="bbox 233 2935 1825 3011">
    <p class='ocr_par' dir='ltr' id='par_1_46' title="bbox 233 2935 1825 3011">
     <span class='ocr_line' id='line_1_46' title="bbox 233 2935 1825 3011; baseline 0.006 -25"><span class='ocrx_word' id='word_1_397' title='bbox 233 2935 469 3002; x_wconf 86' lang='lat' dir='ltr'><strong>phetiam</strong></span> <span class='ocrx_word' id='word_1_398' title='bbox 494 2935 830 3006; x_wconf 65' lang='lat' dir='ltr'><strong>(4‘),obmisi</strong></span> <span class='ocrx_word' id='word_1_399' title='bbox 857 2937 1022 2991; x_wconf 90' lang='lat' dir='ltr'><strong>multa</strong></span> <span class='ocrx_word' id='word_1_400' title='bbox 1047 2939 1286 2998; x_wconf 86' lang='lat' dir='ltr'><strong>scribere</strong></span> <span class='ocrx_word' id='word_1_401' title='bbox 1300 2955 1419 3010; x_wconf 69' lang='lat' dir='ltr'><strong>qua:</strong></span> <span class='ocrx_word' id='word_1_402' title='bbox 1441 2937 1636 3010; x_wconf 71' lang='lat' dir='ltr'><strong>allegat</strong></span> <span class='ocrx_word' id='word_1_403' title='bbox 1663 2957 1825 3011; x_wconf 84' lang='lat' dir='ltr'><strong>super</strong></span> 
     </span>
    </p>
   </div>
   <div class='ocr_carea' id='block_1_47' title="bbox 234 3021 1820 3086">
    <p class='ocr_par' dir='ltr' id='par_1_47' title="bbox 234 3021 1820 3086">
     <span class='ocr_line' id='line_1_47' title="bbox 234 3021 1820 3086; baseline 0.006 -9"><span class='ocrx_word' id='word_1_404' title='bbox 234 3021 354 3079; x_wconf 84' lang='lat' dir='ltr'><strong>hoc.</strong></span> <span class='ocrx_word' id='word_1_405' title='bbox 388 3025 532 3079; x_wconf 81' lang='lat' dir='ltr'><strong>Dicit</strong></span> <span class='ocrx_word' id='word_1_406' title='bbox 560 3026 724 3079; x_wconf 84' lang='lat' dir='ltr'><strong>etiam</strong></span> <span class='ocrx_word' id='word_1_407' title='bbox 751 3025 926 3082; x_wconf 81' lang='lat' dir='ltr'><strong>Moses</strong></span> <span class='ocrx_word' id='word_1_408' title='bbox 954 3027 1006 3081; x_wconf 91' lang='lat' dir='ltr'><strong>in</strong></span> <span class='ocrx_word' id='word_1_409' title='bbox 1033 3029 1244 3084; x_wconf 88' lang='lat' dir='ltr'><strong>cantico</strong></span> <span class='ocrx_word' id='word_1_410' title='bbox 1275 3047 1288 3083; x_wconf 90' lang='lat'><strong>:</strong></span> <span class='ocrx_word' id='word_1_411' title='bbox 1321 3048 1338 3081; x_wconf 78' lang='grc' dir='ltr'><strong>ι</strong></span> <span class='ocrx_word' id='word_1_412' title='bbox 1369 3028 1582 3086; x_wconf 82' lang='lat' dir='ltr'><strong>Levabo</strong></span> <span class='ocrx_word' id='word_1_413' title='bbox 1613 3034 1679 3086; x_wconf 92' lang='lat' dir='ltr'><strong>ad</strong></span> <span class='ocrx_word' id='word_1_414' title='bbox 1709 3048 1820 3086; x_wconf 71' lang='lat' dir='ltr'><strong>caa-</strong></span> 
     </span>
    </p>
   </div>
   <div class='ocr_carea' id='block_1_48' title="bbox 233 3114 1816 3195">
    <p class='ocr_par' dir='ltr' id='par_1_48' title="bbox 233 3114 1816 3195">
     <span class='ocr_line' id='line_1_48' title="bbox 233 3114 1816 3195; baseline 0.006 -26"><span class='ocrx_word' id='word_1_415' title='bbox 233 3114 342 3169; x_wconf 91' lang='lat' dir='ltr'><strong>lum</strong></span> <span class='ocrx_word' id='word_1_416' title='bbox 370 3133 595 3171; x_wconf 89' lang='lat' dir='ltr'><strong>manum</strong></span> <span class='ocrx_word' id='word_1_417' title='bbox 620 3133 820 3172; x_wconf 86' lang='lat' dir='ltr'><strong>meam.</strong></span> <span class='ocrx_word' id='word_1_418' title='bbox 845 3138 865 3171; x_wconf 74' lang='grc' dir='ltr'><strong>ι</strong></span> <span class='ocrx_word' id='word_1_419' title='bbox 894 3118 1029 3174; x_wconf 83' lang='lat' dir='ltr'><strong>Dicit</strong></span> <span class='ocrx_word' id='word_1_420' title='bbox 1053 3121 1216 3175; x_wconf 89' lang='lat' dir='ltr'><strong>etiam</strong></span> <span class='ocrx_word' id='word_1_421' title='bbox 1239 3120 1400 3176; x_wconf 86' lang='lat' dir='ltr'><strong>Isaias</strong></span> <span class='ocrx_word' id='word_1_422' title='bbox 1428 3141 1441 3176; x_wconf 88' lang='lat'><strong>:</strong></span> <span class='ocrx_word' id='word_1_423' title='bbox 1473 3142 1490 3174; x_wconf 77' lang='grc' dir='ltr'><strong>ι</strong></span> <span class='ocrx_word' id='word_1_424' title='bbox 1520 3123 1816 3195; x_wconf 73' lang='lat' dir='ltr'><strong>Consurge,</strong></span> 
     </span>
    </p>
   </div>
   <div class='ocr_carea' id='block_1_49' title="bbox 233 3209 1822 3280">
    <p class='ocr_par' dir='ltr' id='par_1_49' title="bbox 233 3209 1822 3280">
     <span class='ocr_line' id='line_1_49' title="bbox 233 3209 1822 3280; baseline 0.006 -19"><span class='ocrx_word' id='word_1_425' title='bbox 233 3224 498 3280; x_wconf 81' lang='lat' dir='ltr'><strong>consurge</strong></span> <span class='ocrx_word' id='word_1_426' title='bbox 519 3251 534 3274; x_wconf 92' lang='lat'><strong>,</strong></span> <span class='ocrx_word' id='word_1_427' title='bbox 572 3209 855 3265; x_wconf 81' lang='lat' dir='ltr'><strong>brachium</strong></span> <span class='ocrx_word' id='word_1_428' title='bbox 886 3213 1121 3267; x_wconf 89' lang='lat' dir='ltr'><strong>Domini.</strong></span> <span class='ocrx_word' id='word_1_429' title='bbox 1153 3233 1174 3266; x_wconf 73' lang='grc' dir='ltr'><strong>ι</strong></span> <span class='ocrx_word' id='word_1_430' title='bbox 1210 3215 1277 3268; x_wconf 84' lang='grc' dir='ltr'><strong>Ει.</strong></span> <span class='ocrx_word' id='word_1_431' title='bbox 1309 3215 1376 3270; x_wconf 89' lang='lat' dir='ltr'><strong>de</strong></span> <span class='ocrx_word' id='word_1_432' title='bbox 1419 3216 1519 3270; x_wconf 91' lang='lat' dir='ltr'><strong>isto</strong></span> <span class='ocrx_word' id='word_1_433' title='bbox 1549 3217 1710 3270; x_wconf 87' lang='lat' dir='ltr'><strong>etiam</strong></span> <span class='ocrx_word' id='word_1_434' title='bbox 1747 3219 1822 3272; x_wconf 89' lang='lat' dir='ltr'><strong>ait</strong></span> 
     </span>
    </p>
   </div>
   <div class='ocr_carea' id='block_1_50' title="bbox 230 3298 1820 3376">
    <p class='ocr_par' dir='ltr' id='par_1_50' title="bbox 230 3298 1820 3376">
     <span class='ocr_line' id='line_1_50' title="bbox 230 3298 1820 3376; baseline 0.008 -25"><span class='ocrx_word' id='word_1_435' title='bbox 230 3299 381 3352; x_wconf 83' lang='lat' dir='ltr'><strong>Anna</strong></span> <span class='ocrx_word' id='word_1_436' title='bbox 419 3308 593 3356; x_wconf 85' lang='lat' dir='ltr'><strong>mater</strong></span> <span class='ocrx_word' id='word_1_437' title='bbox 630 3298 900 3356; x_wconf 86' lang='lat' dir='ltr'><strong>Samuelis</strong></span> <span class='ocrx_word' id='word_1_438' title='bbox 934 3319 946 3355; x_wconf 91' lang='lat'><strong>:</strong></span> <span class='ocrx_word' id='word_1_439' title='bbox 990 3322 1008 3354; x_wconf 73' lang='grc' dir='ltr'><strong>ι</strong></span> <span class='ocrx_word' id='word_1_440' title='bbox 1040 3304 1197 3358; x_wconf 85' lang='lat' dir='ltr'><strong>Dabit</strong></span> <span class='ocrx_word' id='word_1_441' title='bbox 1235 3305 1495 3361; x_wconf 90' lang='lat' dir='ltr'><strong>Dominus</strong></span> <span class='ocrx_word' id='word_1_442' title='bbox 1536 3308 1820 3376; x_wconf 85' lang='lat' dir='ltr'><strong>imperium</strong></span> 
     </span>
    </p>
   </div>
   <div class='ocr_carea' id='block_1_51' title="bbox 234 3389 1815 3468">
    <p class='ocr_par' dir='ltr' id='par_1_51' title="bbox 234 3389 1815 3468">
     <span class='ocr_line' id='line_1_51' title="bbox 234 3389 1815 3468; baseline 0.006 -27"><span class='ocrx_word' id='word_1_443' title='bbox 234 3389 341 3460; x_wconf 55' lang='lat' dir='ltr'><strong>regi</strong></span> <span class='ocrx_word' id='word_1_444' title='bbox 380 3404 482 3444; x_wconf 90' lang='lat' dir='ltr'><strong>suo</strong></span> <span class='ocrx_word' id='word_1_445' title='bbox 509 3399 566 3444; x_wconf 89' lang='lat' dir='ltr'><strong>et</strong></span> <span class='ocrx_word' id='word_1_446' title='bbox 601 3391 914 3447; x_wconf 89' lang='lat' dir='ltr'><strong>sublimabit</strong></span> <span class='ocrx_word' id='word_1_447' title='bbox 947 3393 1210 3448; x_wconf 86' lang='lat' dir='ltr'><strong>christum</strong></span> <span class='ocrx_word' id='word_1_448' title='bbox 1242 3412 1397 3450; x_wconf 84' lang='lat' dir='ltr'><strong>suum</strong></span> <span class='ocrx_word' id='word_1_449' title='bbox 1431 3396 1482 3468; x_wconf 89' lang='lat' dir='ltr'><strong>(I</strong></span> <span class='ocrx_word' id='word_1_450' title='bbox 1518 3395 1648 3467; x_wconf 81' lang='lat' dir='ltr'><strong>Reg.</strong></span> <span class='ocrx_word' id='word_1_451' title='bbox 1683 3398 1765 3462; x_wconf 84' lang='lat' dir='ltr'><strong>tt).</strong></span> <span class='ocrx_word' id='word_1_452' title='bbox 1797 3417 1815 3450; x_wconf 76' lang='grc' dir='ltr'><strong>ι</strong></span> 
     </span>
    </p>
   </div>
   <div class='ocr_carea' id='block_1_52' title="bbox 232 3478 1821 3559">
    <p class='ocr_par' dir='ltr' id='par_1_52' title="bbox 232 3478 1821 3559">
     <span class='ocr_line' id='line_1_52' title="bbox 232 3478 1821 3559; baseline 0.008 -28"><span class='ocrx_word' id='word_1_453' title='bbox 232 3478 398 3534; x_wconf 90' lang='lat' dir='ltr'><strong>David</strong></span> <span class='ocrx_word' id='word_1_454' title='bbox 419 3480 585 3536; x_wconf 85' lang='lat' dir='ltr'><strong>etiam</strong></span> <span class='ocrx_word' id='word_1_455' title='bbox 611 3481 745 3536; x_wconf 80' lang='lat' dir='ltr'><strong>dixit</strong></span> <span class='ocrx_word' id='word_1_456' title='bbox 774 3501 786 3536; x_wconf 94' lang='lat'><strong>:</strong></span> <span class='ocrx_word' id='word_1_457' title='bbox 819 3502 838 3534; x_wconf 73' lang='grc' dir='ltr'><strong>ι</strong></span> <span class='ocrx_word' id='word_1_458' title='bbox 869 3484 1127 3540; x_wconf 76' lang='lat' dir='ltr'><strong>Ascendit</strong></span> <span class='ocrx_word' id='word_1_459' title='bbox 1154 3486 1409 3542; x_wconf 83' lang='lat' dir='ltr'><strong>Dominus</strong></span> <span class='ocrx_word' id='word_1_460' title='bbox 1435 3503 1593 3559; x_wconf 90' lang='lat' dir='ltr'><strong>super</strong></span> <span class='ocrx_word' id='word_1_461' title='bbox 1615 3502 1821 3559; x_wconf 68' lang='lat' dir='ltr'><strong>pennas</strong></span> 
     </span>
    </p>
   </div>
   <div class='ocr_carea' id='block_1_53' title="bbox 233 3574 1822 3646">
    <p class='ocr_par' dir='ltr' id='par_1_53' title="bbox 233 3574 1822 3646">
     <span class='ocr_line' id='line_1_53' title="bbox 233 3574 1822 3646; baseline 0.008 -22"><span class='ocrx_word' id='word_1_462' title='bbox 233 3582 516 3628; x_wconf 84' lang='lat' dir='ltr'><strong>ventorum</strong></span> <span class='ocrx_word' id='word_1_463' title='bbox 541 3574 715 3645; x_wconf 78' lang='lat' dir='ltr'><strong>(Psal.</strong></span> <span class='ocrx_word' id='word_1_464' title='bbox 745 3576 897 3646; x_wconf 83' lang='lat' dir='ltr'><strong>xvn).</strong></span> <span class='ocrx_word' id='word_1_465' title='bbox 914 3597 932 3629; x_wconf 76' lang='grc' dir='ltr'><strong>ι</strong></span> <span class='ocrx_word' id='word_1_466' title='bbox 956 3577 1018 3630; x_wconf 88' lang='lat' dir='ltr'><strong>Et</strong></span> <span class='ocrx_word' id='word_1_467' title='bbox 1046 3579 1128 3633; x_wconf 67' lang='lat' dir='ltr'><strong>ba:</strong></span> <span class='ocrx_word' id='word_1_468' title='bbox 1154 3580 1507 3636; x_wconf 89' lang='lat' dir='ltr'><strong>auctoritates</strong></span> <span class='ocrx_word' id='word_1_469' title='bbox 1527 3590 1822 3636; x_wconf 88' lang='lat' dir='ltr'><strong>occurrunt</strong></span> 
     </span>
    </p>
   </div>
   <div class='ocr_carea' id='block_1_54' title="bbox 235 3664 1818 3743">
    <p class='ocr_par' dir='ltr' id='par_1_54' title="bbox 235 3664 1818 3743">
     <span class='ocr_line' id='line_1_54' title="bbox 235 3664 1818 3743; baseline 0.008 -26"><span class='ocrx_word' id='word_1_470' title='bbox 235 3664 360 3718; x_wconf 89' lang='lat' dir='ltr'><strong>mihi</strong></span> <span class='ocrx_word' id='word_1_471' title='bbox 383 3666 452 3719; x_wconf 90' lang='lat' dir='ltr'><strong>ad</strong></span> <span class='ocrx_word' id='word_1_472' title='bbox 479 3665 818 3736; x_wconf 86' lang='lat' dir='ltr'><strong>probandum</strong></span> <span class='ocrx_word' id='word_1_473' title='bbox 841 3669 1228 3725; x_wconf 79' lang='lat' dir='ltr'><strong>cxaltationem</strong></span> <span class='ocrx_word' id='word_1_474' title='bbox 1255 3670 1454 3726; x_wconf 90' lang='lat' dir='ltr'><strong>Christi</strong></span> <span class='ocrx_word' id='word_1_475' title='bbox 1479 3673 1818 3743; x_wconf 87' lang='lat' dir='ltr'><strong>corporalem</strong></span> 
     </span>
    </p>
   </div>
   <div class='ocr_carea' id='block_1_55' title="bbox 236 3756 1816 3832">
    <p class='ocr_par' dir='ltr' id='par_1_55' title="bbox 236 3756 1816 3832">
     <span class='ocr_line' id='line_1_55' title="bbox 236 3756 1816 3832; baseline 0.007 -25"><span class='ocrx_word' id='word_1_476' title='bbox 236 3769 399 3824; x_wconf 78' lang='lat' dir='ltr'><strong>usque</strong></span> <span class='ocrx_word' id='word_1_477' title='bbox 423 3757 490 3808; x_wconf 90' lang='lat' dir='ltr'><strong>ad</strong></span> <span class='ocrx_word' id='word_1_478' title='bbox 512 3756 732 3811; x_wconf 75' lang='lat' dir='ltr'><strong>cadum.</strong></span> <span class='ocrx_word' id='word_1_479' title='bbox 763 3756 830 3812; x_wconf 82' lang='lat' dir='ltr'><strong>Et</strong></span> <span class='ocrx_word' id='word_1_480' title='bbox 853 3767 975 3812; x_wconf 88' lang='lat' dir='ltr'><strong>sunt</strong></span> <span class='ocrx_word' id='word_1_481' title='bbox 999 3757 1178 3829; x_wconf 89' lang='lat' dir='ltr'><strong>plures</strong></span> <span class='ocrx_word' id='word_1_482' title='bbox 1202 3761 1319 3815; x_wconf 64' lang='lat' dir='ltr'><strong>alia:</strong></span> <span class='ocrx_word' id='word_1_483' title='bbox 1339 3777 1457 3832; x_wconf 75' lang='lat' dir='ltr'><strong>qua:</strong></span> <span class='ocrx_word' id='word_1_484' title='bbox 1482 3773 1556 3828; x_wconf 91' lang='lat' dir='ltr'><strong>tu,</strong></span> <span class='ocrx_word' id='word_1_485' title='bbox 1580 3765 1816 3830; x_wconf 85' lang='lat' dir='ltr'><strong>domine,</strong></span> 
     </span>
    </p>
   </div>
   <div class='ocr_carea' id='block_1_56' title="bbox 234 3845 1819 3922">
    <p class='ocr_par' dir='ltr' id='par_1_56' title="bbox 234 3845 1819 3922">
     <span class='ocr_line' id='line_1_56' title="bbox 234 3845 1819 3922; baseline 0.008 -22"><span class='ocrx_word' id='word_1_486' title='bbox 234 3845 364 3900; x_wconf 87' lang='lat' dir='ltr'><strong>bene</strong></span> <span class='ocrx_word' id='word_1_487' title='bbox 399 3846 529 3900; x_wconf 88' lang='lat' dir='ltr'><strong>scis.</strong></span> <span class='ocrx_word' id='word_1_488' title='bbox 567 3846 719 3902; x_wconf 74' lang='lat' dir='ltr'><strong>Nunc</strong></span> <span class='ocrx_word' id='word_1_489' title='bbox 753 3849 917 3903; x_wconf 87' lang='lat' dir='ltr'><strong>etiam</strong></span> <span class='ocrx_word' id='word_1_490' title='bbox 953 3851 1200 3921; x_wconf 75' lang='lat' dir='ltr'><strong>exempla</strong></span> <span class='ocrx_word' id='word_1_491' title='bbox 1237 3852 1417 3922; x_wconf 88' lang='lat' dir='ltr'><strong>aliqua</strong></span> <span class='ocrx_word' id='word_1_492' title='bbox 1457 3855 1718 3910; x_wconf 79' lang='lat' dir='ltr'><strong>adducam</strong></span> <span class='ocrx_word' id='word_1_493' title='bbox 1753 3858 1819 3913; x_wconf 88' lang='lat' dir='ltr'><strong>de</strong></span> 
     </span>
    </p>
   </div>
   <div class='ocr_carea' id='block_1_57' title="bbox 233 3933 1817 4008">
    <p class='ocr_par' dir='ltr' id='par_1_57' title="bbox 233 3933 1817 4008">
     <span class='ocr_line' id='line_1_57' title="bbox 233 3933 1817 4008; baseline 0.01 -21"><span class='ocrx_word' id='word_1_494' title='bbox 233 3933 343 4004; x_wconf 73' lang='lat' dir='ltr'><strong>lege</strong></span> <span class='ocrx_word' id='word_1_495' title='bbox 374 3947 595 4001; x_wconf 66' lang='lat' dir='ltr'><strong>nostra,</strong></span> <span class='ocrx_word' id='word_1_496' title='bbox 629 3938 756 4008; x_wconf 87' lang='lat' dir='ltr'><strong>quia</strong></span> <span class='ocrx_word' id='word_1_497' title='bbox 789 3940 1002 3994; x_wconf 89' lang='lat' dir='ltr'><strong>videtur</strong></span> <span class='ocrx_word' id='word_1_498' title='bbox 1032 3943 1194 3997; x_wconf 90' lang='lat' dir='ltr'><strong>etiam</strong></span> <span class='ocrx_word' id='word_1_499' title='bbox 1232 3943 1387 4000; x_wconf 90' lang='lat' dir='ltr'><strong>nobis</strong></span> <span class='ocrx_word' id='word_1_500' title='bbox 1427 3945 1654 4002; x_wconf 91' lang='lat' dir='ltr'><strong>multum</strong></span> <span class='ocrx_word' id='word_1_501' title='bbox 1691 3965 1817 4002; x_wconf 87' lang='lat' dir='ltr'><strong>con-</strong></span> 
     </span>
    </p>
   </div>
   <div class='ocr_carea' id='block_1_58' title="bbox 231 4027 1813 4107">
    <p class='ocr_par' dir='ltr' id='par_1_58' title="bbox 231 4027 1813 4107">
     <span class='ocr_line' id='line_1_58' title="bbox 231 4027 1813 4107; baseline 0.012 -30"><span class='ocrx_word' id='word_1_502' title='bbox 231 4027 452 4082; x_wconf 61' lang='lat' dir='ltr'><strong>vcuiens</strong></span> <span class='ocrx_word' id='word_1_503' title='bbox 482 4029 708 4083; x_wconf 82' lang='lat' dir='ltr'><strong>credere</strong></span> <span class='ocrx_word' id='word_1_504' title='bbox 741 4030 883 4099; x_wconf 87' lang='lat' dir='ltr'><strong>quod</strong></span> <span class='ocrx_word' id='word_1_505' title='bbox 912 4032 962 4084; x_wconf 94' lang='lat' dir='ltr'><strong>in</strong></span> <span class='ocrx_word' id='word_1_506' title='bbox 986 4047 1211 4103; x_wconf 88' lang='lat' dir='ltr'><strong>corpore</strong></span> <span class='ocrx_word' id='word_1_507' title='bbox 1233 4037 1482 4092; x_wconf 75' lang='lat' dir='ltr'><strong>ascendit</strong></span> <span class='ocrx_word' id='word_1_508' title='bbox 1512 4037 1564 4093; x_wconf 91' lang='lat' dir='ltr'><strong>iu</strong></span> <span class='ocrx_word' id='word_1_509' title='bbox 1592 4039 1813 4107; x_wconf 65' lang='lat' dir='ltr'><strong>ctelum,</strong></span> 
     </span>
    </p>
   </div>
   <div class='ocr_carea' id='block_1_59' title="bbox 231 4115 1817 4202">
    <p class='ocr_par' dir='ltr' id='par_1_59' title="bbox 231 4115 1817 4202">
     <span class='ocr_line' id='line_1_59' title="bbox 231 4115 1817 4202; baseline 0.012 -34"><span class='ocrx_word' id='word_1_510' title='bbox 231 4115 326 4184; x_wconf 72' lang='lat' dir='ltr'><strong>lue</strong></span> <span class='ocrx_word' id='word_1_511' title='bbox 375 4127 460 4172; x_wconf 87' lang='lat' dir='ltr'><strong>est</strong></span> <span class='ocrx_word' id='word_1_512' title='bbox 500 4131 724 4191; x_wconf 89' lang='lat' dir='ltr'><strong>propter</strong></span> <span class='ocrx_word' id='word_1_513' title='bbox 765 4123 1294 4191; x_wconf 86' lang='lat' dir='ltr'><strong>considerationem;</strong></span> <span class='ocrx_word' id='word_1_514' title='bbox 1343 4144 1466 4183; x_wconf 91' lang='lat' dir='ltr'><strong>nam</strong></span> <span class='ocrx_word' id='word_1_515' title='bbox 1513 4130 1565 4184; x_wconf 90' lang='lat' dir='ltr'><strong>in</strong></span> <span class='ocrx_word' id='word_1_516' title='bbox 1602 4130 1719 4202; x_wconf 83' lang='lat' dir='ltr'><strong>lege</strong></span> <span class='ocrx_word' id='word_1_517' title='bbox 1761 4140 1817 4186; x_wconf 89' lang='lat' dir='ltr'><strong>et</strong></span> 
     </span>
    </p>
   </div>
   <div class='ocr_carea' id='block_1_60' title="bbox 234 4207 1815 4291">
    <p class='ocr_par' dir='ltr' id='par_1_60' title="bbox 234 4207 1815 4291">
     <span class='ocr_line' id='line_1_60' title="bbox 234 4207 1815 4291; baseline 0.011 -29"><span class='ocrx_word' id='word_1_518' title='bbox 234 4207 281 4262; x_wconf 88' lang='lat' dir='ltr'><strong>in</strong></span> <span class='ocrx_word' id='word_1_519' title='bbox 308 4207 594 4282; x_wconf 82' lang='lat' dir='ltr'><strong>PrOphetis</strong></span> <span class='ocrx_word' id='word_1_520' title='bbox 619 4213 922 4266; x_wconf 89' lang='lat' dir='ltr'><strong>invenimus</strong></span> <span class='ocrx_word' id='word_1_521' title='bbox 947 4216 1088 4288; x_wconf 87' lang='lat' dir='ltr'><strong>quod</strong></span> <span class='ocrx_word' id='word_1_522' title='bbox 1121 4217 1259 4271; x_wconf 92' lang='lat' dir='ltr'><strong>Deus</strong></span> <span class='ocrx_word' id='word_1_523' title='bbox 1286 4233 1446 4274; x_wconf 89' lang='lat' dir='ltr'><strong>verus</strong></span> <span class='ocrx_word' id='word_1_524' title='bbox 1474 4229 1527 4275; x_wconf 85' lang='lat' dir='ltr'><strong>et</strong></span> <span class='ocrx_word' id='word_1_525' title='bbox 1551 4222 1815 4291; x_wconf 80' lang='lat' dir='ltr'><strong>gloriosus</strong></span> 
     </span>
    </p>
   </div>
   <div class='ocr_carea' id='block_1_61' title="bbox 232 4302 1814 4379">
    <p class='ocr_par' dir='ltr' id='par_1_61' title="bbox 232 4302 1814 4379">
     <span class='ocr_line' id='line_1_61' title="bbox 232 4302 1814 4379; baseline 0.01 -25"><span class='ocrx_word' id='word_1_526' title='bbox 232 4302 515 4374; x_wconf 71' lang='lat' dir='ltr'><strong>a-,.sumpsit</strong></span> <span class='ocrx_word' id='word_1_527' title='bbox 555 4304 620 4358; x_wconf 93' lang='lat' dir='ltr'><strong>de</strong></span> <span class='ocrx_word' id='word_1_528' title='bbox 659 4313 800 4359; x_wconf 91' lang='lat' dir='ltr'><strong>terra</strong></span> <span class='ocrx_word' id='word_1_529' title='bbox 821 4344 838 4372; x_wconf 85' lang='lat'><strong>,</strong></span> <span class='ocrx_word' id='word_1_530' title='bbox 868 4316 922 4361; x_wconf 86' lang='lat' dir='ltr'><strong>et</strong></span> <span class='ocrx_word' id='word_1_531' title='bbox 949 4307 1179 4363; x_wconf 82' lang='lat' dir='ltr'><strong>elevavit</strong></span> <span class='ocrx_word' id='word_1_532' title='bbox 1209 4309 1388 4379; x_wconf 70' lang='lat' dir='ltr'><strong>plures</strong></span> <span class='ocrx_word' id='word_1_533' title='bbox 1430 4321 1644 4369; x_wconf 87' lang='lat' dir='ltr'><strong>sanctos</strong></span> <span class='ocrx_word' id='word_1_534' title='bbox 1675 4315 1814 4370; x_wconf 87' lang='lat' dir='ltr'><strong>viros</strong></span> 
     </span>
    </p>
   </div>
   <div class='ocr_carea' id='block_1_62' title="bbox 1931 1833 3517 1907">
    <p class='ocr_par' dir='ltr' id='par_1_62' title="bbox 1931 1833 3517 1907">
     <span class='ocr_line' id='line_1_62' title="bbox 1931 1833 3517 1907; baseline -0.002 -16"><span class='ocrx_word' id='word_1_535' title='bbox 1931 1837 2117 1891; x_wconf 90' lang='lat' dir='ltr'><strong>mirari</strong></span> <span class='ocrx_word' id='word_1_536' title='bbox 2149 1853 2312 1907; x_wconf 89' lang='lat' dir='ltr'><strong>supra</strong></span> <span class='ocrx_word' id='word_1_537' title='bbox 2338 1836 2624 1906; x_wconf 86' lang='lat' dir='ltr'><strong>hoc,quod</strong></span> <span class='ocrx_word' id='word_1_538' title='bbox 2651 1851 2745 1890; x_wconf 90' lang='lat' dir='ltr'><strong>aer</strong></span> <span class='ocrx_word' id='word_1_539' title='bbox 2777 1835 2880 1890; x_wconf 89' lang='lat' dir='ltr'><strong>istc</strong></span> <span class='ocrx_word' id='word_1_540' title='bbox 2910 1835 3044 1890; x_wconf 84' lang='lat' dir='ltr'><strong>levis</strong></span> <span class='ocrx_word' id='word_1_541' title='bbox 3066 1843 3118 1890; x_wconf 92' lang='lat' dir='ltr'><strong>et</strong></span> <span class='ocrx_word' id='word_1_542' title='bbox 3153 1833 3369 1889; x_wconf 85' lang='lat' dir='ltr'><strong>subtilis</strong></span> <span class='ocrx_word' id='word_1_543' title='bbox 3397 1850 3517 1904; x_wconf 88' lang='lat' dir='ltr'><strong>pos-</strong></span> 
     </span>
    </p>
   </div>
   <div class='ocr_carea' id='block_1_63' title="bbox 1931 1926 3515 1998">
    <p class='ocr_par' dir='ltr' id='par_1_63' title="bbox 1931 1926 3515 1998">
     <span class='ocr_line' id='line_1_63' title="bbox 1931 1926 3515 1998; baseline -0.003 -14"><span class='ocrx_word' id='word_1_544' title='bbox 1931 1939 2012 1984; x_wconf 87' lang='lat' dir='ltr'><strong>set</strong></span> <span class='ocrx_word' id='word_1_545' title='bbox 2044 1939 2263 1998; x_wconf 80' lang='lat' dir='ltr'><strong>portare</strong></span> <span class='ocrx_word' id='word_1_546' title='bbox 2294 1944 2522 1998; x_wconf 91' lang='lat' dir='ltr'><strong>corpora</strong></span> <span class='ocrx_word' id='word_1_547' title='bbox 2558 1935 2663 1981; x_wconf 93' lang='lat' dir='ltr'><strong>tam</strong></span> <span class='ocrx_word' id='word_1_548' title='bbox 2697 1942 2880 1997; x_wconf 80' lang='lat' dir='ltr'><strong>gressa</strong></span> <span class='ocrx_word' id='word_1_549' title='bbox 2929 1937 2979 1982; x_wconf 90' lang='lat' dir='ltr'><strong>et</strong></span> <span class='ocrx_word' id='word_1_550' title='bbox 3034 1927 3355 1997; x_wconf 90' lang='lat' dir='ltr'><strong>ponderosa,</strong></span> <span class='ocrx_word' id='word_1_551' title='bbox 3387 1926 3515 1995; x_wconf 82' lang='lat' dir='ltr'><strong>quia</strong></span> 
     </span>
    </p>
   </div>
   <div class='ocr_carea' id='block_1_64' title="bbox 1929 2017 3517 2089">
    <p class='ocr_par' dir='ltr' id='par_1_64' title="bbox 1929 2017 3517 2089">
     <span class='ocr_line' id='line_1_64' title="bbox 1929 2017 3517 2089; baseline -0.001 -15"><span class='ocrx_word' id='word_1_552' title='bbox 1929 2035 2027 2074; x_wconf 85' lang='lat' dir='ltr'><strong>nos</strong></span> <span class='ocrx_word' id='word_1_553' title='bbox 2055 2021 2259 2074; x_wconf 89' lang='lat' dir='ltr'><strong>scimus</strong></span> <span class='ocrx_word' id='word_1_554' title='bbox 2281 2021 2424 2089; x_wconf 86' lang='lat' dir='ltr'><strong>quod</strong></span> <span class='ocrx_word' id='word_1_555' title='bbox 2459 2035 2616 2088; x_wconf 89' lang='lat' dir='ltr'><strong>aqua,</strong></span> <span class='ocrx_word' id='word_1_556' title='bbox 2665 2035 2785 2089; x_wconf 71' lang='lat' dir='ltr'><strong>qua:</strong></span> <span class='ocrx_word' id='word_1_557' title='bbox 2815 2028 2897 2074; x_wconf 90' lang='lat' dir='ltr'><strong>est</strong></span> <span class='ocrx_word' id='word_1_558' title='bbox 2949 2019 3000 2073; x_wconf 90' lang='lat' dir='ltr'><strong>in</strong></span> <span class='ocrx_word' id='word_1_559' title='bbox 3049 2018 3274 2073; x_wconf 87' lang='lat' dir='ltr'><strong>raritate</strong></span> <span class='ocrx_word' id='word_1_560' title='bbox 3326 2017 3517 2072; x_wconf 84' lang='lat' dir='ltr'><strong>similis</strong></span> 
     </span>
    </p>
   </div>
   <div class='ocr_carea' id='block_1_65' title="bbox 1928 2109 3518 2180">
    <p class='ocr_par' dir='ltr' id='par_1_65' title="bbox 1928 2109 3518 2180">
     <span class='ocr_line' id='line_1_65' title="bbox 1928 2109 3518 2180; baseline -0.001 -15"><span class='ocrx_word' id='word_1_561' title='bbox 1928 2111 2063 2175; x_wconf 89' lang='lat' dir='ltr'><strong>aeri,</strong></span> <span class='ocrx_word' id='word_1_562' title='bbox 2087 2109 2303 2180; x_wconf 87' lang='lat' dir='ltr'><strong>quando</strong></span> <span class='ocrx_word' id='word_1_563' title='bbox 2329 2110 2534 2180; x_wconf 86' lang='lat' dir='ltr'><strong>placuit</strong></span> <span class='ocrx_word' id='word_1_564' title='bbox 2569 2110 2824 2180; x_wconf 64' lang='lat' dir='ltr'><strong>potentia:</strong></span> <span class='ocrx_word' id='word_1_565' title='bbox 2866 2109 3246 2179; x_wconf 88' lang='lat' dir='ltr'><strong>omnipotenti,</strong></span> <span class='ocrx_word' id='word_1_566' title='bbox 3279 2109 3518 2178; x_wconf 71' lang='lat' dir='ltr'><strong>portavit</strong></span> 
     </span>
    </p>
   </div>
   <div class='ocr_carea' id='block_1_66' title="bbox 1929 2197 3514 2270">
    <p class='ocr_par' dir='ltr' id='par_1_66' title="bbox 1929 2197 3514 2270">
     <span class='ocr_line' id='line_1_66' title="bbox 1929 2197 3514 2270; baseline -0.003 -15"><span class='ocrx_word' id='word_1_567' title='bbox 1929 2215 2157 2270; x_wconf 82' lang='lat' dir='ltr'><strong>corpora</strong></span> <span class='ocrx_word' id='word_1_568' title='bbox 2212 2198 2446 2252; x_wconf 76' lang='lat' dir='ltr'><strong>ﬁliorum</strong></span> <span class='ocrx_word' id='word_1_569' title='bbox 2481 2199 2643 2253; x_wconf 88' lang='lat' dir='ltr'><strong>Israel</strong></span> <span class='ocrx_word' id='word_1_570' title='bbox 2676 2200 2726 2253; x_wconf 92' lang='lat' dir='ltr'><strong>in</strong></span> <span class='ocrx_word' id='word_1_571' title='bbox 2755 2214 2943 2253; x_wconf 90' lang='lat' dir='ltr'><strong>eorum</strong></span> <span class='ocrx_word' id='word_1_572' title='bbox 2987 2199 3137 2253; x_wconf 78' lang='lat' dir='ltr'><strong>exitu</strong></span> <span class='ocrx_word' id='word_1_573' title='bbox 3178 2198 3246 2252; x_wconf 91' lang='lat' dir='ltr'><strong>de</strong></span> <span class='ocrx_word' id='word_1_574' title='bbox 3279 2197 3514 2269; x_wconf 66' lang='lat' dir='ltr'><strong>Egypto</strong></span> 
     </span>
    </p>
   </div>
   <div class='ocr_carea' id='block_1_67' title="bbox 1929 2285 3508 2359">
    <p class='ocr_par' dir='ltr' id='par_1_67' title="bbox 1929 2285 3508 2359">
     <span class='ocr_line' id='line_1_67' title="bbox 1929 2285 3508 2359; baseline -0.001 -20"><span class='ocrx_word' id='word_1_575' title='bbox 1929 2285 2127 2359; x_wconf 71' lang='lat' dir='ltr'><strong>(Exod.</strong></span> <span class='ocrx_word' id='word_1_576' title='bbox 2170 2287 2305 2355; x_wconf 78' lang='lat' dir='ltr'><strong>xlv),</strong></span> <span class='ocrx_word' id='word_1_577' title='bbox 2366 2295 2420 2344; x_wconf 89' lang='lat' dir='ltr'><strong>et</strong></span> <span class='ocrx_word' id='word_1_578' title='bbox 2461 2287 2681 2356; x_wconf 89' lang='lat' dir='ltr'><strong>quando</strong></span> <span class='ocrx_word' id='word_1_579' title='bbox 2714 2287 2813 2341; x_wconf 81' lang='lat' dir='ltr'><strong>fuit</strong></span> <span class='ocrx_word' id='word_1_580' title='bbox 2843 2295 3123 2357; x_wconf 90' lang='lat' dir='ltr'><strong>acceptum</strong></span> <span class='ocrx_word' id='word_1_581' title='bbox 3157 2286 3508 2353; x_wconf 82' lang='lat' dir='ltr'><strong>sacriﬁcium,</strong></span> 
     </span>
    </p>
   </div>
   <div class='ocr_carea' id='block_1_68' title="bbox 1929 2377 3512 2452">
    <p class='ocr_par' dir='ltr' id='par_1_68' title="bbox 1929 2377 3512 2452">
     <span class='ocr_line' id='line_1_68' title="bbox 1929 2377 3512 2452; baseline -0.003 -18"><span class='ocrx_word' id='word_1_582' title='bbox 1929 2381 2068 2452; x_wconf 77' lang='lat' dir='ltr'><strong>ignis</strong></span> <span class='ocrx_word' id='word_1_583' title='bbox 2095 2379 2374 2435; x_wconf 89' lang='lat' dir='ltr'><strong>descendit</strong></span> <span class='ocrx_word' id='word_1_584' title='bbox 2407 2379 2473 2433; x_wconf 88' lang='lat' dir='ltr'><strong>de</strong></span> <span class='ocrx_word' id='word_1_585' title='bbox 2498 2377 2660 2443; x_wconf 74' lang='lat' dir='ltr'><strong>cmlo,</strong></span> <span class='ocrx_word' id='word_1_586' title='bbox 2689 2387 2742 2433; x_wconf 90' lang='lat' dir='ltr'><strong>et</strong></span> <span class='ocrx_word' id='word_1_587' title='bbox 2767 2377 3018 2442; x_wconf 73' lang='lat' dir='ltr'><strong>elevavnt,</strong></span> <span class='ocrx_word' id='word_1_588' title='bbox 3045 2387 3099 2432; x_wconf 90' lang='lat' dir='ltr'><strong>ct</strong></span> <span class='ocrx_word' id='word_1_589' title='bbox 3123 2377 3357 2446; x_wconf 87' lang='lat' dir='ltr'><strong>portavit</strong></span> <span class='ocrx_word' id='word_1_590' title='bbox 3388 2391 3512 2430; x_wconf 61' lang='lat' dir='ltr'><strong>eor-</strong></span> 
     </span>
    </p>
   </div>
   <div class='ocr_carea' id='block_1_69' title="bbox 1925 2466 3512 2542">
    <p class='ocr_par' dir='ltr' id='par_1_69' title="bbox 1925 2466 3512 2542">
     <span class='ocr_line' id='line_1_69' title="bbox 1925 2466 3512 2542; baseline -0.004 -16"><span class='ocrx_word' id='word_1_591' title='bbox 1925 2487 2055 2542; x_wconf 86' lang='lat' dir='ltr'><strong>pora</strong></span> <span class='ocrx_word' id='word_1_592' title='bbox 2080 2485 2340 2542; x_wconf 91' lang='lat' dir='ltr'><strong>pecorum</strong></span> <span class='ocrx_word' id='word_1_593' title='bbox 2367 2478 2419 2524; x_wconf 91' lang='lat' dir='ltr'><strong>et</strong></span> <span class='ocrx_word' id='word_1_594' title='bbox 2449 2468 2611 2523; x_wconf 89' lang='lat' dir='ltr'><strong>boum</strong></span> <span class='ocrx_word' id='word_1_595' title='bbox 2640 2485 2759 2539; x_wconf 74' lang='lat' dir='ltr'><strong>qua:</strong></span> <span class='ocrx_word' id='word_1_596' title='bbox 2779 2466 3147 2523; x_wconf 80' lang='lat' dir='ltr'><strong>offerebantur</strong></span> <span class='ocrx_word' id='word_1_597' title='bbox 3176 2468 3305 2522; x_wconf 91' lang='lat' dir='ltr'><strong>Deo.</strong></span> <span class='ocrx_word' id='word_1_598' title='bbox 3333 2467 3512 2521; x_wconf 82' lang='lat' dir='ltr'><strong>Moses</strong></span> 
     </span>
    </p>
   </div>
   <div class='ocr_carea' id='block_1_70' title="bbox 1926 2557 3511 2632">
    <p class='ocr_par' dir='ltr' id='par_1_70' title="bbox 1926 2557 3511 2632">
     <span class='ocr_line' id='line_1_70' title="bbox 1926 2557 3511 2632; baseline -0.003 -18"><span class='ocrx_word' id='word_1_599' title='bbox 1926 2578 2058 2618; x_wconf 87' lang='lat' dir='ltr'><strong>vero</strong></span> <span class='ocrx_word' id='word_1_600' title='bbox 2087 2571 2142 2616; x_wconf 93' lang='lat' dir='ltr'><strong>et</strong></span> <span class='ocrx_word' id='word_1_601' title='bbox 2171 2562 2315 2616; x_wconf 86' lang='lat' dir='ltr'><strong>Elias</strong></span> <span class='ocrx_word' id='word_1_602' title='bbox 2349 2561 2812 2632; x_wconf 84' lang='lat' dir='ltr'><strong>pmphetavernnt</strong></span> <span class='ocrx_word' id='word_1_603' title='bbox 2851 2560 2916 2614; x_wconf 91' lang='lat' dir='ltr'><strong>de</strong></span> <span class='ocrx_word' id='word_1_604' title='bbox 2961 2559 3103 2614; x_wconf 91' lang='lat' dir='ltr'><strong>illius</strong></span> <span class='ocrx_word' id='word_1_605' title='bbox 3146 2557 3276 2626; x_wconf 90' lang='lat' dir='ltr'><strong>justi</strong></span> <span class='ocrx_word' id='word_1_606' title='bbox 3328 2557 3511 2611; x_wconf 87' lang='lat' dir='ltr'><strong>elcva-</strong></span> 
     </span>
    </p>
   </div>
   <div class='ocr_carea' id='block_1_71' title="bbox 1928 2649 3512 2725">
    <p class='ocr_par' dir='ltr' id='par_1_71' title="bbox 1928 2649 3512 2725">
     <span class='ocr_line' id='line_1_71' title="bbox 1928 2649 3512 2725; baseline -0.004 -16"><span class='ocrx_word' id='word_1_607' title='bbox 1928 2656 2073 2709; x_wconf 88' lang='lat' dir='ltr'><strong>tioue</strong></span> <span class='ocrx_word' id='word_1_608' title='bbox 2098 2653 2251 2725; x_wconf 80' lang='lat' dir='ltr'><strong>(Gen.</strong></span> <span class='ocrx_word' id='word_1_609' title='bbox 2285 2654 2366 2723; x_wconf 89' lang='lat' dir='ltr'><strong>v),</strong></span> <span class='ocrx_word' id='word_1_610' title='bbox 2388 2669 2452 2708; x_wconf 91' lang='lat' dir='ltr'><strong>ac</strong></span> <span class='ocrx_word' id='word_1_611' title='bbox 2505 2652 2594 2706; x_wconf 90' lang='lat' dir='ltr'><strong>alii</strong></span> <span class='ocrx_word' id='word_1_612' title='bbox 2635 2652 2934 2722; x_wconf 68' lang='lat' dir='ltr'><strong>prepliette.</strong></span> <span class='ocrx_word' id='word_1_613' title='bbox 2962 2649 3118 2706; x_wconf 90' lang='lat' dir='ltr'><strong>Unde</strong></span> <span class='ocrx_word' id='word_1_614' title='bbox 3144 2665 3268 2705; x_wconf 84' lang='lat' dir='ltr'><strong>cum</strong></span> <span class='ocrx_word' id='word_1_615' title='bbox 3300 2656 3512 2718; x_wconf 90' lang='lat' dir='ltr'><strong>oportet</strong></span> 
     </span>
    </p>
   </div>
   <div class='ocr_carea' id='block_1_72' title="bbox 1928 2742 3509 2813">
    <p class='ocr_par' dir='ltr' id='par_1_72' title="bbox 1928 2742 3509 2813">
     <span class='ocr_line' id='line_1_72' title="bbox 1928 2742 3509 2813; baseline -0.006 -11"><span class='ocrx_word' id='word_1_616' title='bbox 1928 2763 2025 2802; x_wconf 87' lang='lat' dir='ltr'><strong>nos</strong></span> <span class='ocrx_word' id='word_1_617' title='bbox 2056 2763 2176 2802; x_wconf 89' lang='lat' dir='ltr'><strong>esse</strong></span> <span class='ocrx_word' id='word_1_618' title='bbox 2199 2747 2486 2802; x_wconf 87' lang='lat' dir='ltr'><strong>credentes</strong></span> <span class='ocrx_word' id='word_1_619' title='bbox 2515 2746 2582 2800; x_wconf 90' lang='lat' dir='ltr'><strong>de</strong></span> <span class='ocrx_word' id='word_1_620' title='bbox 2611 2744 2914 2799; x_wconf 84' lang='lat' dir='ltr'><strong>elcvatioue</strong></span> <span class='ocrx_word' id='word_1_621' title='bbox 2948 2754 3208 2813; x_wconf 90' lang='lat' dir='ltr'><strong>corporea</strong></span> <span class='ocrx_word' id='word_1_622' title='bbox 3239 2742 3509 2797; x_wconf 85' lang='lat' dir='ltr'><strong>dictorum</strong></span> 
     </span>
    </p>
   </div>
   <div class='ocr_carea' id='block_1_73' title="bbox 1926 2832 3512 2898">
    <p class='ocr_par' dir='ltr' id='par_1_73' title="bbox 1926 2832 3512 2898">
     <span class='ocr_line' id='line_1_73' title="bbox 1926 2832 3512 2898; baseline -0.006 -5"><span class='ocrx_word' id='word_1_623' title='bbox 1926 2849 2264 2898; x_wconf 86' lang='lat' dir='ltr'><strong>sanctorum.</strong></span> <span class='ocrx_word' id='word_1_624' title='bbox 2287 2853 2387 2890; x_wconf 87' lang='lat' dir='ltr'><strong>cur</strong></span> <span class='ocrx_word' id='word_1_625' title='bbox 2416 2852 2603 2892; x_wconf 86' lang='lat' dir='ltr'><strong>sumus</strong></span> <span class='ocrx_word' id='word_1_626' title='bbox 2646 2834 2906 2890; x_wconf 86' lang='lat' dir='ltr'><strong>increduli</strong></span> <span class='ocrx_word' id='word_1_627' title='bbox 2935 2835 3001 2890; x_wconf 88' lang='lat' dir='ltr'><strong>de</strong></span> <span class='ocrx_word' id='word_1_628' title='bbox 3026 2833 3327 2888; x_wconf 90' lang='lat' dir='ltr'><strong>elcvatioue</strong></span> <span class='ocrx_word' id='word_1_629' title='bbox 3355 2832 3512 2886; x_wconf 88' lang='lat' dir='ltr'><strong>istius</strong></span> 
     </span>
    </p>
   </div>
   <div class='ocr_carea' id='block_1_74' title="bbox 1921 2927 3513 3000">
    <p class='ocr_par' dir='ltr' id='par_1_74' title="bbox 1921 2927 3513 3000">
     <span class='ocr_line' id='line_1_74' title="bbox 1921 2927 3513 3000; baseline -0.004 -16"><span class='ocrx_word' id='word_1_630' title='bbox 1921 2930 2076 3000; x_wconf 84' lang='lat' dir='ltr'><strong>justi,</strong></span> <span class='ocrx_word' id='word_1_631' title='bbox 2109 2939 2161 2984; x_wconf 92' lang='lat' dir='ltr'><strong>ct</strong></span> <span class='ocrx_word' id='word_1_632' title='bbox 2188 2945 2310 2984; x_wconf 91' lang='lat' dir='ltr'><strong>eum</strong></span> <span class='ocrx_word' id='word_1_633' title='bbox 2343 2929 2612 2984; x_wconf 88' lang='lat' dir='ltr'><strong>elevatum</strong></span> <span class='ocrx_word' id='word_1_634' title='bbox 2644 2943 2767 2983; x_wconf 89' lang='lat' dir='ltr'><strong>esse</strong></span> <span class='ocrx_word' id='word_1_635' title='bbox 2817 2927 2872 2982; x_wconf 87' lang='lat' dir='ltr'><strong>in</strong></span> <span class='ocrx_word' id='word_1_636' title='bbox 2924 2927 3142 2993; x_wconf 75' lang='lat' dir='ltr'><strong>cmlum,</strong></span> <span class='ocrx_word' id='word_1_637' title='bbox 3199 2929 3266 2981; x_wconf 89' lang='lat' dir='ltr'><strong>de</strong></span> <span class='ocrx_word' id='word_1_638' title='bbox 3294 2940 3402 2995; x_wconf 88' lang='lat' dir='ltr'><strong>quo</strong></span> <span class='ocrx_word' id='word_1_639' title='bbox 3431 2932 3513 2978; x_wconf 94' lang='lat' dir='ltr'><strong>tot</strong></span> 
     </span>
    </p>
   </div>
   <div class='ocr_carea' id='block_1_75' title="bbox 1925 3017 3512 3090">
    <p class='ocr_par' dir='ltr' id='par_1_75' title="bbox 1925 3017 3512 3090">
     <span class='ocr_line' id='line_1_75' title="bbox 1925 3017 3512 3090; baseline -0.004 -14"><span class='ocrx_word' id='word_1_640' title='bbox 1925 3031 2054 3078; x_wconf 90' lang='lat' dir='ltr'><strong>sunt</strong></span> <span class='ocrx_word' id='word_1_641' title='bbox 2106 3020 2415 3076; x_wconf 88' lang='lat' dir='ltr'><strong>testimonia</strong></span> <span class='ocrx_word' id='word_1_642' title='bbox 2473 3019 2861 3090; x_wconf 89' lang='lat' dir='ltr'><strong>prophetarum</strong></span> <span class='ocrx_word' id='word_1_643' title='bbox 2914 3019 2966 3072; x_wconf 93' lang='lat' dir='ltr'><strong>in</strong></span> <span class='ocrx_word' id='word_1_644' title='bbox 3011 3017 3329 3089; x_wconf 84' lang='lat' dir='ltr'><strong>Scripturis,</strong></span> <span class='ocrx_word' id='word_1_645' title='bbox 3369 3017 3512 3071; x_wconf 87' lang='lat' dir='ltr'><strong>sicut</strong></span> 
     </span>
    </p>
   </div>
   <div class='ocr_carea' id='block_1_76' title="bbox 1924 3112 3512 3183">
    <p class='ocr_par' dir='ltr' id='par_1_76' title="bbox 1924 3112 3512 3183">
     <span class='ocr_line' id='line_1_76' title="bbox 1924 3112 3512 3183; baseline -0.006 -12"><span class='ocrx_word' id='word_1_646' title='bbox 1924 3117 2125 3174; x_wconf 85' lang='lat' dir='ltr'><strong>dictum</strong></span> <span class='ocrx_word' id='word_1_647' title='bbox 2151 3122 2257 3179; x_wconf 90' lang='lat' dir='ltr'><strong>est,</strong></span> <span class='ocrx_word' id='word_1_648' title='bbox 2286 3122 2340 3168; x_wconf 90' lang='lat' dir='ltr'><strong>et</strong></span> <span class='ocrx_word' id='word_1_649' title='bbox 2371 3123 2555 3183; x_wconf 88' lang='lat' dir='ltr'><strong>posset</strong></span> <span class='ocrx_word' id='word_1_650' title='bbox 2597 3113 2798 3176; x_wconf 88' lang='lat' dir='ltr'><strong>induci,</strong></span> <span class='ocrx_word' id='word_1_651' title='bbox 2835 3122 2893 3166; x_wconf 93' lang='lat' dir='ltr'><strong>ut</strong></span> <span class='ocrx_word' id='word_1_652' title='bbox 2929 3112 3052 3182; x_wconf 85' lang='lat' dir='ltr'><strong>quia</strong></span> <span class='ocrx_word' id='word_1_653' title='bbox 3109 3112 3242 3166; x_wconf 85' lang='lat' dir='ltr'><strong>satis</strong></span> <span class='ocrx_word' id='word_1_654' title='bbox 3284 3118 3512 3180; x_wconf 87' lang='lat' dir='ltr'><strong>apparet</strong></span> 
     </span>
    </p>
   </div>
   <div class='ocr_carea' id='block_1_77' title="bbox 1922 3199 3510 3276">
    <p class='ocr_par' dir='ltr' id='par_1_77' title="bbox 1922 3199 3510 3276">
     <span class='ocr_line' id='line_1_77' title="bbox 1922 3199 3510 3276; baseline -0.005 -14"><span class='ocrx_word' id='word_1_655' title='bbox 1922 3205 2064 3276; x_wconf 87' lang='lat' dir='ltr'><strong>quod</strong></span> <span class='ocrx_word' id='word_1_656' title='bbox 2102 3204 2244 3260; x_wconf 90' lang='lat' dir='ltr'><strong>Deus</strong></span> <span class='ocrx_word' id='word_1_657' title='bbox 2270 3203 2565 3272; x_wconf 87' lang='lat' dir='ltr'><strong>assumpsit</strong></span> <span class='ocrx_word' id='word_1_658' title='bbox 2607 3204 2896 3261; x_wconf 63' lang='lat' dir='ltr'><strong>praedictos</strong></span> <span class='ocrx_word' id='word_1_659' title='bbox 2946 3216 3184 3268; x_wconf 90' lang='lat' dir='ltr'><strong>sanctos,</strong></span> <span class='ocrx_word' id='word_1_660' title='bbox 3217 3203 3282 3256; x_wconf 91' lang='lat' dir='ltr'><strong>de</strong></span> <span class='ocrx_word' id='word_1_661' title='bbox 3312 3199 3510 3272; x_wconf 81' lang='lat' dir='ltr'><strong>quibus</strong></span> 
     </span>
    </p>
   </div>
   <div class='ocr_carea' id='block_1_78' title="bbox 1924 3291 3506 3362">
    <p class='ocr_par' dir='ltr' id='par_1_78' title="bbox 1924 3291 3506 3362">
     <span class='ocr_line' id='line_1_78' title="bbox 1924 3291 3506 3362; baseline -0.005 -10"><span class='ocrx_word' id='word_1_662' title='bbox 1924 3297 2103 3352; x_wconf 89' lang='lat' dir='ltr'><strong>nullus</strong></span> <span class='ocrx_word' id='word_1_663' title='bbox 2157 3295 2390 3359; x_wconf 88' lang='lat' dir='ltr'><strong>dubitet,</strong></span> <span class='ocrx_word' id='word_1_664' title='bbox 2443 3302 2504 3346; x_wconf 90' lang='lat' dir='ltr'><strong>ut</strong></span> <span class='ocrx_word' id='word_1_665' title='bbox 2551 3293 2617 3346; x_wconf 90' lang='lat' dir='ltr'><strong>ad</strong></span> <span class='ocrx_word' id='word_1_666' title='bbox 2669 3294 2832 3347; x_wconf 87' lang='lat' dir='ltr'><strong>linem</strong></span> <span class='ocrx_word' id='word_1_667' title='bbox 2875 3294 3292 3362; x_wconf 88' lang='lat' dir='ltr'><strong>disponerentur</strong></span> <span class='ocrx_word' id='word_1_668' title='bbox 3340 3291 3506 3345; x_wconf 85' lang='lat' dir='ltr'><strong>corda</strong></span> 
     </span>
    </p>
   </div>
   <div class='ocr_carea' id='block_1_79' title="bbox 1922 3383 3500 3452">
    <p class='ocr_par' dir='ltr' id='par_1_79' title="bbox 1922 3383 3500 3452">
     <span class='ocr_line' id='line_1_79' title="bbox 1922 3383 3500 3452; baseline -0.003 -9"><span class='ocrx_word' id='word_1_669' title='bbox 1922 3388 2226 3452; x_wconf 84' lang='lat' dir='ltr'><strong>hominum,</strong></span> <span class='ocrx_word' id='word_1_670' title='bbox 2259 3395 2313 3442; x_wconf 90' lang='lat' dir='ltr'><strong>et</strong></span> <span class='ocrx_word' id='word_1_671' title='bbox 2342 3396 2401 3441; x_wconf 92' lang='lat' dir='ltr'><strong>ut</strong></span> <span class='ocrx_word' id='word_1_672' title='bbox 2431 3390 2498 3442; x_wconf 90' lang='lat' dir='ltr'><strong>de</strong></span> <span class='ocrx_word' id='word_1_673' title='bbox 2547 3385 2866 3440; x_wconf 83' lang='lat' dir='ltr'><strong>ascensione</strong></span> <span class='ocrx_word' id='word_1_674' title='bbox 2903 3386 2984 3439; x_wconf 83' lang='lat' dir='ltr'><strong>sui</strong></span> <span class='ocrx_word' id='word_1_675' title='bbox 3013 3383 3150 3440; x_wconf 82' lang='lat' dir='ltr'><strong>Justi</strong></span> <span class='ocrx_word' id='word_1_676' title='bbox 3177 3384 3341 3438; x_wconf 87' lang='lat' dir='ltr'><strong>etiam</strong></span> <span class='ocrx_word' id='word_1_677' title='bbox 3391 3399 3500 3438; x_wconf 88' lang='lat' dir='ltr'><strong>non</strong></span> 
     </span>
    </p>
   </div>
   <div class='ocr_carea' id='block_1_80' title="bbox 1923 3475 3506 3546">
    <p class='ocr_par' dir='ltr' id='par_1_80' title="bbox 1923 3475 3506 3546">
     <span class='ocr_line' id='line_1_80' title="bbox 1923 3475 3506 3546; baseline -0.005 -9"><span class='ocrx_word' id='word_1_678' title='bbox 1923 3482 2257 3537; x_wconf 83' lang='lat' dir='ltr'><strong>dubitarent.</strong></span> <span class='ocrx_word' id='word_1_679' title='bbox 2302 3480 2395 3536; x_wconf 86' lang='lat' dir='ltr'><strong>Est</strong></span> <span class='ocrx_word' id='word_1_680' title='bbox 2447 3487 2628 3534; x_wconf 88' lang='lat' dir='ltr'><strong>autem</strong></span> <span class='ocrx_word' id='word_1_681' title='bbox 2654 3487 2709 3532; x_wconf 91' lang='lat' dir='ltr'><strong>et</strong></span> <span class='ocrx_word' id='word_1_682' title='bbox 2746 3477 2852 3532; x_wconf 92' lang='lat' dir='ltr'><strong>alia</strong></span> <span class='ocrx_word' id='word_1_683' title='bbox 2906 3492 3069 3532; x_wconf 90' lang='lat' dir='ltr'><strong>causa</strong></span> <span class='ocrx_word' id='word_1_684' title='bbox 3121 3491 3291 3546; x_wconf 90' lang='lat' dir='ltr'><strong>quare</strong></span> <span class='ocrx_word' id='word_1_685' title='bbox 3318 3484 3371 3530; x_wconf 93' lang='lat' dir='ltr'><strong>et</strong></span> <span class='ocrx_word' id='word_1_686' title='bbox 3404 3475 3506 3545; x_wconf 76' lang='lat' dir='ltr'><strong>ipsi</strong></span> 
     </span>
    </p>
   </div>
   <div class='ocr_carea' id='block_1_81' title="bbox 1922 3566 3510 3640">
    <p class='ocr_par' dir='ltr' id='par_1_81' title="bbox 1922 3566 3510 3640">
     <span class='ocr_line' id='line_1_81' title="bbox 1922 3566 3510 3640; baseline -0.005 -12"><span class='ocrx_word' id='word_1_687' title='bbox 1922 3572 2094 3628; x_wconf 87' lang='lat' dir='ltr'><strong>nostri</strong></span> <span class='ocrx_word' id='word_1_688' title='bbox 2127 3571 2401 3634; x_wconf 87' lang='lat' dir='ltr'><strong>dubitant,</strong></span> <span class='ocrx_word' id='word_1_689' title='bbox 2435 3570 2560 3640; x_wconf 88' lang='lat' dir='ltr'><strong>quia</strong></span> <span class='ocrx_word' id='word_1_690' title='bbox 2593 3569 2857 3624; x_wconf 87' lang='lat' dir='ltr'><strong>adventus</strong></span> <span class='ocrx_word' id='word_1_691' title='bbox 2882 3566 3001 3636; x_wconf 87' lang='lat' dir='ltr'><strong>ejus</strong></span> <span class='ocrx_word' id='word_1_692' title='bbox 3029 3567 3238 3638; x_wconf 90' lang='lat' dir='ltr'><strong>primus</strong></span> <span class='ocrx_word' id='word_1_693' title='bbox 3267 3566 3363 3621; x_wconf 78' lang='lat' dir='ltr'><strong>fuit</strong></span> <span class='ocrx_word' id='word_1_694' title='bbox 3415 3581 3510 3620; x_wconf 80' lang='lat' dir='ltr'><strong>oc-</strong></span> 
     </span>
    </p>
   </div>
   <div class='ocr_carea' id='block_1_82' title="bbox 1921 3655 3507 3727">
    <p class='ocr_par' dir='ltr' id='par_1_82' title="bbox 1921 3655 3507 3727">
     <span class='ocr_line' id='line_1_82' title="bbox 1921 3655 3507 3727; baseline -0.004 -7"><span class='ocrx_word' id='word_1_695' title='bbox 1921 3663 2118 3727; x_wconf 89' lang='lat' dir='ltr'><strong>cultus,</strong></span> <span class='ocrx_word' id='word_1_696' title='bbox 2145 3670 2198 3716; x_wconf 90' lang='lat' dir='ltr'><strong>et</strong></span> <span class='ocrx_word' id='word_1_697' title='bbox 2221 3662 2410 3716; x_wconf 89' lang='lat' dir='ltr'><strong>modus</strong></span> <span class='ocrx_word' id='word_1_698' title='bbox 2433 3661 2703 3724; x_wconf 85' lang='lat' dir='ltr'><strong>insolitus,</strong></span> <span class='ocrx_word' id='word_1_699' title='bbox 2735 3661 2874 3715; x_wconf 89' lang='lat' dir='ltr'><strong>sicut</strong></span> <span class='ocrx_word' id='word_1_700' title='bbox 2907 3659 3040 3714; x_wconf 94' lang='lat' dir='ltr'><strong>dicit</strong></span> <span class='ocrx_word' id='word_1_701' title='bbox 3063 3657 3262 3713; x_wconf 88' lang='lat' dir='ltr'><strong>Isaias:</strong></span> <span class='ocrx_word' id='word_1_702' title='bbox 3295 3675 3312 3708; x_wconf 77' lang='grc' dir='ltr'><strong>ι</strong></span> <span class='ocrx_word' id='word_1_703' title='bbox 3333 3655 3507 3714; x_wconf 81' lang='lat' dir='ltr'><strong>Homo</strong></span> 
     </span>
    </p>
   </div>
   <div class='ocr_carea' id='block_1_83' title="bbox 1920 3748 3505 3824">
    <p class='ocr_par' dir='ltr' id='par_1_83' title="bbox 1920 3748 3505 3824">
     <span class='ocr_line' id='line_1_83' title="bbox 1920 3748 3505 3824; baseline -0.008 -14"><span class='ocrx_word' id='word_1_704' title='bbox 1920 3765 2001 3810; x_wconf 91' lang='lat' dir='ltr'><strong>est</strong></span> <span class='ocrx_word' id='word_1_705' title='bbox 2021 3752 2684 3824; x_wconf 78' lang='lat' dir='ltr'><strong>etquiscognoscetcum?</strong></span> <span class='ocrx_word' id='word_1_706' title='bbox 2705 3771 2724 3804; x_wconf 76' lang='grc' dir='ltr'><strong>ι</strong></span> <span class='ocrx_word' id='word_1_707' title='bbox 2746 3750 2798 3821; x_wconf 83' lang='grc'><strong>(1</strong></span> <span class='ocrx_word' id='word_1_708' title='bbox 2815 3749 2852 3803; x_wconf 76' lang='grc' dir='ltr'><strong><em>γ</em></strong></span> <span class='ocrx_word' id='word_1_709' title='bbox 2872 3749 3001 3820; x_wconf 84' lang='lat' dir='ltr'><strong>Reg.</strong></span> <span class='ocrx_word' id='word_1_710' title='bbox 3024 3765 3086 3815; x_wconf 86' lang='lat' dir='ltr'><strong>u;</strong></span> <span class='ocrx_word' id='word_1_711' title='bbox 3108 3749 3260 3803; x_wconf 81' lang='lat' dir='ltr'><strong>Deut.</strong></span> <span class='ocrx_word' id='word_1_712' title='bbox 3290 3748 3505 3819; x_wconf 73' lang='lat' dir='ltr'><strong>xxxrx.)</strong></span> 
     </span>
    </p>
   </div>
   <div class='ocr_carea' id='block_1_84' title="bbox 1919 3839 3509 3914">
    <p class='ocr_par' dir='ltr' id='par_1_84' title="bbox 1919 3839 3509 3914">
     <span class='ocr_line' id='line_1_84' title="bbox 1919 3839 3509 3914; baseline -0.006 -14"><span class='ocrx_word' id='word_1_713' title='bbox 1919 3844 2064 3900; x_wconf 88' lang='lat' dir='ltr'><strong>Idem</strong></span> <span class='ocrx_word' id='word_1_714' title='bbox 2114 3844 2375 3914; x_wconf 90' lang='lat' dir='ltr'><strong>propheta</strong></span> <span class='ocrx_word' id='word_1_715' title='bbox 2431 3843 2595 3897; x_wconf 89' lang='lat' dir='ltr'><strong>etiam</strong></span> <span class='ocrx_word' id='word_1_716' title='bbox 2649 3841 2830 3896; x_wconf 86' lang='lat' dir='ltr'><strong>dicit:</strong></span> <span class='ocrx_word' id='word_1_717' title='bbox 2872 3859 2891 3892; x_wconf 71' lang='grc' dir='ltr'><strong>ι</strong></span> <span class='ocrx_word' id='word_1_718' title='bbox 2928 3841 3092 3911; x_wconf 78' lang='lat' dir='ltr'><strong>Virgo</strong></span> <span class='ocrx_word' id='word_1_719' title='bbox 3141 3839 3412 3908; x_wconf 79' lang='lat' dir='ltr'><strong>concipiet</strong></span> <span class='ocrx_word' id='word_1_720' title='bbox 3454 3848 3509 3892; x_wconf 90' lang='lat' dir='ltr'><strong>et</strong></span> 
     </span>
    </p>
   </div>
   <div class='ocr_carea' id='block_1_85' title="bbox 1917 3929 3506 4008">
    <p class='ocr_par' dir='ltr' id='par_1_85' title="bbox 1917 3929 3506 4008">
     <span class='ocr_line' id='line_1_85' title="bbox 1917 3929 3506 4008; baseline -0.004 -18"><span class='ocrx_word' id='word_1_721' title='bbox 1917 3937 2093 4008; x_wconf 88' lang='lat' dir='ltr'><strong>pariet</strong></span> <span class='ocrx_word' id='word_1_722' title='bbox 2115 3935 2280 3988; x_wconf 89' lang='lat' dir='ltr'><strong>lilium</strong></span> <span class='ocrx_word' id='word_1_723' title='bbox 2305 3933 2462 4005; x_wconf 79' lang='lat' dir='ltr'><strong>(lsai.</strong></span> <span class='ocrx_word' id='word_1_724' title='bbox 2492 3933 2629 4001; x_wconf 82' lang='lat' dir='ltr'><strong>LIII).</strong></span> <span class='ocrx_word' id='word_1_725' title='bbox 2663 3952 2680 3984; x_wconf 79' lang='grc' dir='ltr'><strong>ι</strong></span> <span class='ocrx_word' id='word_1_726' title='bbox 2712 3933 2814 3988; x_wconf 86' lang='lat' dir='ltr'><strong>Ubi</strong></span> <span class='ocrx_word' id='word_1_727' title='bbox 2842 3932 3232 3987; x_wconf 90' lang='lat' dir='ltr'><strong>advertendum</strong></span> <span class='ocrx_word' id='word_1_728' title='bbox 3257 3941 3340 3986; x_wconf 88' lang='lat' dir='ltr'><strong>est</strong></span> <span class='ocrx_word' id='word_1_729' title='bbox 3363 3929 3506 4000; x_wconf 85' lang='lat' dir='ltr'><strong>quod</strong></span> 
     </span>
    </p>
   </div>
   <div class='ocr_carea' id='block_1_86' title="bbox 1919 4022 3506 4096">
    <p class='ocr_par' dir='ltr' id='par_1_86' title="bbox 1919 4022 3506 4096">
     <span class='ocr_line' id='line_1_86' title="bbox 1919 4022 3506 4096; baseline -0.008 -10"><span class='ocrx_word' id='word_1_730' title='bbox 1919 4040 2063 4086; x_wconf 83' lang='lat' dir='ltr'><strong>tacet</strong></span> <span class='ocrx_word' id='word_1_731' title='bbox 2109 4030 2173 4083; x_wconf 89' lang='lat' dir='ltr'><strong>de</strong></span> <span class='ocrx_word' id='word_1_732' title='bbox 2213 4037 2367 4096; x_wconf 89' lang='lat' dir='ltr'><strong>patre</strong></span> <span class='ocrx_word' id='word_1_733' title='bbox 2420 4027 2714 4080; x_wconf 52' lang='lat' dir='ltr'><strong>secundum</strong></span> <span class='ocrx_word' id='word_1_734' title='bbox 2747 4039 2995 4090; x_wconf 88' lang='lat' dir='ltr'><strong>carnem,</strong></span> <span class='ocrx_word' id='word_1_735' title='bbox 3027 4033 3081 4077; x_wconf 90' lang='lat' dir='ltr'><strong>et</strong></span> <span class='ocrx_word' id='word_1_736' title='bbox 3129 4031 3349 4093; x_wconf 90' lang='lat' dir='ltr'><strong>propter</strong></span> <span class='ocrx_word' id='word_1_737' title='bbox 3403 4022 3506 4075; x_wconf 89' lang='lat' dir='ltr'><strong>hoc</strong></span> 
     </span>
    </p>
   </div>
   <div class='ocr_carea' id='block_1_87' title="bbox 1917 4115 3499 4192">
    <p class='ocr_par' dir='ltr' id='par_1_87' title="bbox 1917 4115 3499 4192">
     <span class='ocr_line' id='line_1_87' title="bbox 1917 4115 3499 4192; baseline -0.007 -17"><span class='ocrx_word' id='word_1_738' title='bbox 1917 4123 2060 4192; x_wconf 90' lang='lat' dir='ltr'><strong>quod</strong></span> <span class='ocrx_word' id='word_1_739' title='bbox 2089 4119 2220 4175; x_wconf 90' lang='lat' dir='ltr'><strong>alibi</strong></span> <span class='ocrx_word' id='word_1_740' title='bbox 2245 4119 2409 4174; x_wconf 90' lang='lat' dir='ltr'><strong>dicit:</strong></span> <span class='ocrx_word' id='word_1_741' title='bbox 2441 4137 2459 4170; x_wconf 73' lang='grc' dir='ltr'><strong>ι</strong></span> <span class='ocrx_word' id='word_1_742' title='bbox 2483 4118 2596 4174; x_wconf 82' lang='lat' dir='ltr'><strong>Non</strong></span> <span class='ocrx_word' id='word_1_743' title='bbox 2619 4119 2991 4188; x_wconf 87' lang='lat' dir='ltr'><strong>reputavimus</strong></span> <span class='ocrx_word' id='word_1_744' title='bbox 3015 4132 3137 4171; x_wconf 92' lang='lat' dir='ltr'><strong>eum</strong></span> <span class='ocrx_word' id='word_1_745' title='bbox 3165 4115 3452 4184; x_wconf 78' lang='lat' dir='ltr'><strong>(Isai.vn).</strong></span> <span class='ocrx_word' id='word_1_746' title='bbox 3479 4133 3499 4164; x_wconf 73' lang='grc' dir='ltr'><strong>ι</strong></span> 
     </span>
    </p>
   </div>
   <div class='ocr_carea' id='block_1_88' title="bbox 1920 4204 3504 4281">
    <p class='ocr_par' dir='ltr' id='par_1_88' title="bbox 1920 4204 3504 4281">
     <span class='ocr_line' id='line_1_88' title="bbox 1920 4204 3504 4281; baseline -0.006 -13"><span class='ocrx_word' id='word_1_747' title='bbox 1920 4215 1984 4268; x_wconf 85' lang='lat' dir='ltr'><strong>Et</strong></span> <span class='ocrx_word' id='word_1_748' title='bbox 2040 4211 2307 4266; x_wconf 85' lang='lat' dir='ltr'><strong>Jeremias</strong></span> <span class='ocrx_word' id='word_1_749' title='bbox 2356 4211 2488 4265; x_wconf 90' lang='lat' dir='ltr'><strong>dicit</strong></span> <span class='ocrx_word' id='word_1_750' title='bbox 2523 4231 2534 4264; x_wconf 90' lang='lat'><strong>:</strong></span> <span class='ocrx_word' id='word_1_751' title='bbox 2574 4229 2592 4261; x_wconf 73' lang='grc' dir='ltr'><strong>ι</strong></span> <span class='ocrx_word' id='word_1_752' title='bbox 2633 4210 2855 4281; x_wconf 76' lang='lat' dir='ltr'><strong>Signum</strong></span> <span class='ocrx_word' id='word_1_753' title='bbox 2888 4224 3084 4264; x_wconf 90' lang='lat' dir='ltr'><strong>novum</strong></span> <span class='ocrx_word' id='word_1_754' title='bbox 3129 4207 3333 4263; x_wconf 85' lang='lat' dir='ltr'><strong>ereavit</strong></span> <span class='ocrx_word' id='word_1_755' title='bbox 3358 4204 3504 4259; x_wconf 86' lang='lat' dir='ltr'><strong>Deus</strong></span> 
     </span>
    </p>
   </div>
   <div class='ocr_carea' id='block_1_89' title="bbox 1917 4299 3498 4374">
    <p class='ocr_par' dir='ltr' id='par_1_89' title="bbox 1917 4299 3498 4374">
     <span class='ocr_line' id='line_1_89' title="bbox 1917 4299 3498 4374; baseline -0.007 -15"><span class='ocrx_word' id='word_1_756' title='bbox 1917 4319 2080 4374; x_wconf 88' lang='lat' dir='ltr'><strong>super</strong></span> <span class='ocrx_word' id='word_1_757' title='bbox 2139 4313 2363 4357; x_wconf 86' lang='lat' dir='ltr'><strong>terram.</strong></span> <span class='ocrx_word' id='word_1_758' title='bbox 2432 4301 2623 4355; x_wconf 87' lang='lat' dir='ltr'><strong>Mulier</strong></span> <span class='ocrx_word' id='word_1_759' title='bbox 2687 4300 3044 4355; x_wconf 87' lang='lat' dir='ltr'><strong>circumdabit</strong></span> <span class='ocrx_word' id='word_1_760' title='bbox 3108 4299 3325 4360; x_wconf 86' lang='lat' dir='ltr'><strong>virum,</strong></span> <span class='ocrx_word' id='word_1_761' title='bbox 3389 4305 3498 4350; x_wconf 90' lang='lat' dir='ltr'><strong>etc.</strong></span> 
     </span>
    </p>
   </div>
   <div class='ocr_carea' id='block_1_90' title="bbox 234 4387 1820 4490">
    <p class='ocr_par' dir='ltr' id='par_1_90' title="bbox 234 4395 1816 4476">
     <span class='ocr_line' id='line_1_90' title="bbox 234 4395 1816 4476; baseline 0.011 -31"><span class='ocrx_word' id='word_1_762' title='bbox 234 4400 404 4476; x_wconf 82' lang='lat' dir='ltr'><strong>patres</strong></span> <span class='ocrx_word' id='word_1_763' title='bbox 441 4403 678 4449; x_wconf 85' lang='lat' dir='ltr'><strong>nostros.</strong></span> <span class='ocrx_word' id='word_1_764' title='bbox 711 4395 824 4451; x_wconf 88' lang='lat' dir='ltr'><strong>Etsi</strong></span> <span class='ocrx_word' id='word_1_765' title='bbox 860 4398 925 4452; x_wconf 90' lang='lat' dir='ltr'><strong>de</strong></span> <span class='ocrx_word' id='word_1_766' title='bbox 956 4397 1072 4454; x_wconf 89' lang='lat' dir='ltr'><strong>istis</strong></span> <span class='ocrx_word' id='word_1_767' title='bbox 1103 4417 1208 4454; x_wconf 88' lang='lat' dir='ltr'><strong>non</strong></span> <span class='ocrx_word' id='word_1_768' title='bbox 1249 4401 1558 4458; x_wconf 78' lang='lat' dir='ltr'><strong>dubitamus</strong></span> <span class='ocrx_word' id='word_1_769' title='bbox 1598 4415 1816 4475; x_wconf 89' lang='lat' dir='ltr'><strong>propter</strong></span> 
     </span>
    </p>
   </div>
   <div class='ocr_carea' id='block_1_91' title="bbox 1924 4387 3500 4490">
    <p class='ocr_par' dir='ltr' id='par_1_91' title="bbox 1924 4387 3500 4467">
     <span class='ocr_line' id='line_1_91' title="bbox 1924 4387 3500 4467; baseline -0.005 -17"><span class='ocrx_word' id='word_1_770' title='bbox 1924 4396 2076 4466; x_wconf 82' lang='lat' dir='ltr'><strong>(Isai.</strong></span> <span class='ocrx_word' id='word_1_771' title='bbox 2126 4396 2268 4467; x_wconf 76' lang='lat' dir='ltr'><strong>LIII.)</strong></span> <span class='ocrx_word' id='word_1_772' title='bbox 2306 4414 2324 4446; x_wconf 74' lang='grc' dir='ltr'><strong>ι</strong></span> <span class='ocrx_word' id='word_1_773' title='bbox 2367 4395 2509 4449; x_wconf 90' lang='lat' dir='ltr'><strong>Dicit</strong></span> <span class='ocrx_word' id='word_1_774' title='bbox 2561 4394 2724 4448; x_wconf 90' lang='lat' dir='ltr'><strong>etiam</strong></span> <span class='ocrx_word' id='word_1_775' title='bbox 2759 4392 2996 4446; x_wconf 82' lang='lat' dir='ltr'><strong>Miclieas</strong></span> <span class='ocrx_word' id='word_1_776' title='bbox 3028 4409 3040 4444; x_wconf 92' lang='lat'><strong>:</strong></span> <span class='ocrx_word' id='word_1_777' title='bbox 3079 4407 3097 4440; x_wconf 76' lang='grc' dir='ltr'><strong>ι</strong></span> <span class='ocrx_word' id='word_1_778' title='bbox 3136 4389 3363 4458; x_wconf 85' lang='lat' dir='ltr'><strong>Propter</strong></span> <span class='ocrx_word' id='word_1_779' title='bbox 3397 4387 3500 4442; x_wconf 86' lang='lat' dir='ltr'><strong>hoc</strong></span> 
     </span>
    </p>
   </div>
   <div class='ocr_carea' id='block_1_92' title="bbox 231 4486 1813 4560">
    <p class='ocr_par' dir='ltr' id='par_1_92' title="bbox 231 4486 1813 4560">
     <span class='ocr_line' id='line_1_92' title="bbox 231 4486 1813 4560; baseline 0.009 -25"><span class='ocrx_word' id='word_1_780' title='bbox 231 4498 409 4537; x_wconf 82' lang='lat' dir='ltr'><strong>eorum</strong></span> <span class='ocrx_word' id='word_1_781' title='bbox 463 4486 816 4541; x_wconf 88' lang='lat' dir='ltr'><strong>sanctitatem</strong></span> <span class='ocrx_word' id='word_1_782' title='bbox 875 4497 930 4543; x_wconf 93' lang='lat' dir='ltr'><strong>et</strong></span> <span class='ocrx_word' id='word_1_783' title='bbox 981 4500 1200 4560; x_wconf 90' lang='lat' dir='ltr'><strong>propter</strong></span> <span class='ocrx_word' id='word_1_784' title='bbox 1249 4492 1613 4546; x_wconf 85' lang='lat' dir='ltr'><strong>testimonium</strong></span> <span class='ocrx_word' id='word_1_785' title='bbox 1665 4495 1813 4551; x_wconf 88' lang='lat' dir='ltr'><strong>Scri-</strong></span> 
     </span>
    </p>
   </div>
   <div class='ocr_carea' id='block_1_93' title="bbox 229 4577 1810 4658">
    <p class='ocr_par' dir='ltr' id='par_1_93' title="bbox 229 4577 1810 4658">
     <span class='ocr_line' id='line_1_93' title="bbox 229 4577 1810 4658; baseline 0.009 -32"><span class='ocrx_word' id='word_1_786' title='bbox 229 4581 390 4658; x_wconf 44' lang='lat' dir='ltr'><strong>pt.;r.e</strong></span> <span class='ocrx_word' id='word_1_787' title='bbox 413 4617 428 4641; x_wconf 94' lang='lat'><strong>,</strong></span> <span class='ocrx_word' id='word_1_788' title='bbox 462 4592 631 4647; x_wconf 85' lang='lat' dir='ltr'><strong>quare</strong></span> <span class='ocrx_word' id='word_1_789' title='bbox 659 4577 974 4633; x_wconf 91' lang='lat' dir='ltr'><strong>dubitamus</strong></span> <span class='ocrx_word' id='word_1_790' title='bbox 1003 4582 1068 4636; x_wconf 91' lang='lat' dir='ltr'><strong>de</strong></span> <span class='ocrx_word' id='word_1_791' title='bbox 1094 4582 1410 4638; x_wconf 88' lang='lat' dir='ltr'><strong>ascensione</strong></span> <span class='ocrx_word' id='word_1_792' title='bbox 1435 4583 1570 4638; x_wconf 82' lang='lat' dir='ltr'><strong>Justi</strong></span> <span class='ocrx_word' id='word_1_793' title='bbox 1604 4585 1656 4640; x_wconf 92' lang='lat' dir='ltr'><strong>in</strong></span> <span class='ocrx_word' id='word_1_794' title='bbox 1686 4602 1810 4641; x_wconf 78' lang='lat' dir='ltr'><strong>cor-</strong></span> 
     </span>
    </p>
   </div>
   <div class='ocr_carea' id='block_1_94' title="bbox 227 4667 1810 4746">
    <p class='ocr_par' dir='ltr' id='par_1_94' title="bbox 227 4667 1810 4746">
     <span class='ocr_line' id='line_1_94' title="bbox 227 4667 1810 4746; baseline 0.009 -31"><span class='ocrx_word' id='word_1_795' title='bbox 227 4679 349 4733; x_wconf 79' lang='lat' dir='ltr'><strong>pore</strong></span> <span class='ocrx_word' id='word_1_796' title='bbox 383 4677 439 4719; x_wconf 89' lang='lat' dir='ltr'><strong>et</strong></span> <span class='ocrx_word' id='word_1_797' title='bbox 465 4667 640 4721; x_wconf 87' lang='lat' dir='ltr'><strong>anima</strong></span> <span class='ocrx_word' id='word_1_798' title='bbox 665 4709 680 4732; x_wconf 93' lang='lat'><strong>,</strong></span> <span class='ocrx_word' id='word_1_799' title='bbox 719 4669 808 4723; x_wconf 86' lang='lat' dir='ltr'><strong>cui</strong></span> <span class='ocrx_word' id='word_1_800' title='bbox 844 4670 1012 4741; x_wconf 79' lang='lat' dir='ltr'><strong>magis</strong></span> <span class='ocrx_word' id='word_1_801' title='bbox 1054 4671 1331 4742; x_wconf 90' lang='lat' dir='ltr'><strong>Scriptura</strong></span> <span class='ocrx_word' id='word_1_802' title='bbox 1363 4673 1612 4743; x_wconf 85' lang='lat' dir='ltr'><strong>perhibet</strong></span> <span class='ocrx_word' id='word_1_803' title='bbox 1649 4692 1810 4746; x_wconf 89' lang='lat' dir='ltr'><strong>quam</strong></span> 
     </span>
    </p>
   </div>
   <div class='ocr_carea' id='block_1_95' title="bbox 228 4757 1810 4834">
    <p class='ocr_par' dir='ltr' id='par_1_95' title="bbox 228 4757 1810 4834">
     <span class='ocr_line' id='line_1_95' title="bbox 228 4757 1810 4834; baseline 0.006 -22"><span class='ocrx_word' id='word_1_804' title='bbox 228 4757 322 4812; x_wconf 74' lang='lat' dir='ltr'><strong>illis</strong></span> <span class='ocrx_word' id='word_1_805' title='bbox 357 4760 724 4817; x_wconf 82' lang='lat' dir='ltr'><strong>testimonium</strong></span> <span class='ocrx_word' id='word_1_806' title='bbox 760 4761 1106 4818; x_wconf 87' lang='lat' dir='ltr'><strong>sanctitatis?</strong></span> <span class='ocrx_word' id='word_1_807' title='bbox 1138 4764 1202 4818; x_wconf 88' lang='lat' dir='ltr'><strong>Et</strong></span> <span class='ocrx_word' id='word_1_808' title='bbox 1237 4765 1360 4834; x_wconf 89' lang='lat' dir='ltr'><strong>quia</strong></span> <span class='ocrx_word' id='word_1_809' title='bbox 1393 4765 1582 4822; x_wconf 86' lang='lat' dir='ltr'><strong>durius</strong></span> <span class='ocrx_word' id='word_1_810' title='bbox 1613 4767 1810 4823; x_wconf 84' lang='lat' dir='ltr'><strong>bellum</strong></span> 
     </span>
    </p>
   </div>
   <div class='ocr_carea' id='block_1_96' title="bbox 284 4980 1810 5065">
    <p class='ocr_par' dir='ltr' id='par_1_96' title="bbox 284 4980 1810 5065">
     <span class='ocr_line' id='line_1_96' title="bbox 284 4980 1810 5065; baseline 0.009 -28"><span class='ocrx_word' id='word_1_811' title='bbox 284 4980 363 5048; x_wconf 70' lang='grc'><strong>(4)</strong></span> <span class='ocrx_word' id='word_1_812' title='bbox 393 4981 594 5065; x_wconf 42' lang='lat' dir='ltr'><strong>Haec-in</strong></span> <span class='ocrx_word' id='word_1_813' title='bbox 621 4982 1019 5065; x_wconf 47' lang='lat' dir='ltr'><strong>netttro‘Aggmi</strong></span> <span class='ocrx_word' id='word_1_814' title='bbox 1034 4986 1207 5065; x_wconf 83' lang='lat' dir='ltr'><strong>capite</strong></span> <span class='ocrx_word' id='word_1_815' title='bbox 1233 4988 1524 5065; x_wconf 53' lang='lat' dir='ltr'><strong>habentur,</strong></span> <span class='ocrx_word' id='word_1_816' title='bbox 1539 5009 1634 5050; x_wconf 92' lang='lat' dir='ltr'><strong>nec</strong></span> <span class='ocrx_word' id='word_1_817' title='bbox 1655 4994 1810 5065; x_wconf 84' lang='lat' dir='ltr'><strong>quid-</strong></span> 
     </span>
    </p>
   </div>
   <div class='ocr_carea' id='block_1_97' title="bbox 218 5054 1811 5135">
    <p class='ocr_par' dir='ltr' id='par_1_97' title="bbox 218 5054 1811 5135">
     <span class='ocr_line' id='line_1_97' title="bbox 218 5054 1811 5135; baseline 0.012 -34"><span class='ocrx_word' id='word_1_818' title='bbox 218 5065 373 5131; x_wconf 81' lang='lat' dir='ltr'><strong>quam</strong></span> <span class='ocrx_word' id='word_1_819' title='bbox 401 5055 635 5135; x_wconf 65' lang='lat' dir='ltr'><strong>quodad</strong></span> <span class='ocrx_word' id='word_1_820' title='bbox 662 5054 754 5109; x_wconf 87' lang='lat' dir='ltr'><strong>illa</strong></span> <span class='ocrx_word' id='word_1_821' title='bbox 783 5054 1029 5135; x_wconf 39' lang='lat' dir='ltr'><strong>acc-citat,</strong></span> <span class='ocrx_word' id='word_1_822' title='bbox 1063 5054 1361 5135; x_wconf 61' lang='lat' dir='ltr'><strong>attingatve</strong></span> <span class='ocrx_word' id='word_1_823' title='bbox 1387 5054 1588 5135; x_wconf 82' lang='lat' dir='ltr'><strong>Christi</strong></span> <span class='ocrx_word' id='word_1_824' title='bbox 1621 5054 1811 5122; x_wconf 76' lang='lat' dir='ltr'><strong>ascen-</strong></span> 
     </span>
    </p>
   </div>
   <div class='ocr_carea' id='block_1_98' title="bbox 217 5125 1807 5261">
    <p class='ocr_par' dir='ltr' id='par_1_98' title="bbox 217 5125 1807 5261">
     <span class='ocr_line' id='line_1_98' title="bbox 219 5125 1807 5207; baseline 0.013 -33"><span class='ocrx_word' id='word_1_825' title='bbox 219 5125 442 5201; x_wconf 78' lang='lat' dir='ltr'><strong>sionem,</strong></span> <span class='ocrx_word' id='word_1_826' title='bbox 469 5126 556 5207; x_wconf 61' lang='lat' dir='ltr'><strong>seil</strong></span> <span class='ocrx_word' id='word_1_827' title='bbox 584 5127 727 5181; x_wconf 90' lang='lat' dir='ltr'><strong>bene</strong></span> <span class='ocrx_word' id='word_1_828' title='bbox 757 5125 980 5196; x_wconf 87' lang='lat' dir='ltr'><strong>quidem</strong></span> <span class='ocrx_word' id='word_1_829' title='bbox 1007 5142 1056 5181; x_wconf 91' lang='lat' dir='ltr'><strong>c.</strong></span> <span class='ocrx_word' id='word_1_830' title='bbox 1085 5129 1120 5182; x_wconf 75' lang='lat'><strong>2</strong></span> <span class='ocrx_word' id='word_1_831' title='bbox 1150 5125 1229 5185; x_wconf 59' lang='lat' dir='ltr'><strong>de&#39;</strong></span> <span class='ocrx_word' id='word_1_832' title='bbox 1242 5131 1362 5202; x_wconf 87' lang='lat' dir='ltr'><strong>ejus</strong></span> <span class='ocrx_word' id='word_1_833' title='bbox 1391 5134 1625 5192; x_wconf 74' lang='lat' dir='ltr'><strong>adventu</strong></span> <span class='ocrx_word' id='word_1_834' title='bbox 1655 5157 1668 5193; x_wconf 86' lang='lat'><strong>:</strong></span> <span class='ocrx_word' id='word_1_835' title='bbox 1707 5137 1807 5192; x_wconf 80' lang='lat' dir='ltr'><strong>Ve-</strong></span> 
     </span>
     <span class='ocr_line' id='line_1_99' title="bbox 217 5206 581 5261; baseline 0.011 -17"><span class='ocrx_word' id='word_1_836' title='bbox 217 5206 344 5257; x_wconf 83' lang='lat' dir='ltr'><strong>met,</strong></span> <span class='ocrx_word' id='word_1_837' title='bbox 396 5207 581 5261; x_wconf 75' lang='lat' dir='ltr'><strong>inquit.</strong></span> 
     </span>
    </p>
   </div>
   <div class='ocr_carea' id='block_1_99' title="bbox 281 5233 1810 5370">
    <p class='ocr_par' dir='ltr' id='par_1_99' title="bbox 281 5233 1810 5370">
     <span class='ocr_line' id='line_1_100' title="bbox 281 5233 581 5257; baseline 0.017 -13"><span class='ocrx_word' id='word_1_838' title='bbox 281 5233 344 5257; x_wconf 77' lang='lat'><strong>-.,</strong></span> <span class='ocrx_word' id='word_1_839' title='bbox 396 5233 581 5250; x_wconf 91' lang='lat'><strong>.....</strong></span> 
     </span>
     <span class='ocr_line' id='line_1_101' title="bbox 281 5233 1810 5370; baseline 0.033 -92"><span class='ocrx_word' id='word_1_840' title='bbox 281 5265 379 5370; x_wconf 35' lang='lat' dir='ltr'><strong>Et.)</strong></span> <span class='ocrx_word' id='word_1_841' title='bbox 572 5268 1058 5370; x_wconf 48' lang='lat' dir='ltr'><strong>habemush‘eam,</strong></span> <span class='ocrx_word' id='word_1_842' title='bbox 1097 5272 1190 5328; x_wconf 88' lang='lat' dir='ltr'><strong>sed</strong></span> <span class='ocrx_word' id='word_1_843' title='bbox 1245 5275 1362 5370; x_wconf 46' lang='lat' dir='ltr'><strong>ips‘e</strong></span> <span class='ocrx_word' id='word_1_844' title='bbox 1411 5283 1538 5356; x_wconf 79' lang='lat' dir='ltr'><strong>tunc</strong></span> <span class='ocrx_word' id='word_1_845' title='bbox 1560 5277 1810 5370; x_wconf 50' lang='lat' dir='ltr'><strong>‘nescivit</strong></span> 
     </span>
    </p>
   </div>
   <div class='ocr_carea' id='block_1_100' title="bbox 217 5335 1521 5370">
    <p class='ocr_par' dir='ltr' id='par_1_100' title="bbox 217 5335 1521 5370">
     <span class='ocr_line' id='line_1_102' title="bbox 217 5335 1521 5370; baseline 0 0"><span class='ocrx_word' id='word_1_846' title='bbox 217 5337 350 5370; x_wconf 74' lang='grc' dir='ltr'>η’·ιὶιΙ</span> <span class='ocrx_word' id='word_1_847' title='bbox 404 5335 616 5370; x_wconf 62' lang='lat' dir='ltr'><strong>Annon-no</strong></span> <span class='ocrx_word' id='word_1_848' title='bbox 646 5341 704 5370; x_wconf 62' lang='lat' dir='ltr'><strong>in</strong></span> <span class='ocrx_word' id='word_1_849' title='bbox 743 5337 761 5370; x_wconf 75' lang='grc' dir='ltr'><strong>Ι</strong></span> <span class='ocrx_word' id='word_1_850' title='bbox 791 5337 942 5370; x_wconf 75' lang='grc' dir='ltr'>σιιῖιιη</span> <span class='ocrx_word' id='word_1_851' title='bbox 989 5335 1278 5370; x_wconf 68' lang='grc' dir='ltr'>ιιιιιι....ηι....’</span> <span class='ocrx_word' id='word_1_852' title='bbox 1316 5345 1443 5370; x_wconf 60' lang='grc' dir='ltr'><strong>ΔΑ...-</strong></span> <span class='ocrx_word' id='word_1_853' title='bbox 1475 5348 1521 5370; x_wconf 77' lang='lat'><strong>2...</strong></span> 
     </span>
    </p>
   </div>
   <div class='ocr_carea' id='block_1_101' title="bbox 1921 4477 3504 4564">
    <p class='ocr_par' dir='ltr' id='par_1_101' title="bbox 1921 4477 3504 4564">
     <span class='ocr_line' id='line_1_103' title="bbox 1921 4477 3504 4564; baseline -0.008 -21"><span class='ocrx_word' id='word_1_854' title='bbox 1921 4487 2068 4543; x_wconf 90' lang='lat' dir='ltr'><strong>dabit</strong></span> <span class='ocrx_word' id='word_1_855' title='bbox 2094 4487 2174 4542; x_wconf 85' lang='lat' dir='ltr'><strong>eis</strong></span> <span class='ocrx_word' id='word_1_856' title='bbox 2230 4486 2374 4540; x_wconf 91' lang='lat' dir='ltr'><strong>Deus</strong></span> <span class='ocrx_word' id='word_1_857' title='bbox 2418 4498 2592 4554; x_wconf 92' lang='lat' dir='ltr'><strong>usque</strong></span> <span class='ocrx_word' id='word_1_858' title='bbox 2624 4483 2687 4538; x_wconf 90' lang='lat' dir='ltr'><strong>ad</strong></span> <span class='ocrx_word' id='word_1_859' title='bbox 2718 4493 2929 4550; x_wconf 88' lang='lat' dir='ltr'><strong>tempus</strong></span> <span class='ocrx_word' id='word_1_860' title='bbox 2970 4482 3021 4534; x_wconf 91' lang='lat' dir='ltr'><strong>in</strong></span> <span class='ocrx_word' id='word_1_861' title='bbox 3039 4495 3166 4564; x_wconf 49' lang='lat' dir='ltr'><strong>.quo</strong></span> <span class='ocrx_word' id='word_1_862' title='bbox 3193 4477 3504 4550; x_wconf 88' lang='lat' dir='ltr'><strong>parturiens</strong></span> 
     </span>
    </p>
   </div>
   <div class='ocr_carea' id='block_1_102' title="bbox 1915 4571 3503 4652">
    <p class='ocr_par' dir='ltr' id='par_1_102' title="bbox 1915 4571 3503 4652">
     <span class='ocr_line' id='line_1_104' title="bbox 1915 4571 3503 4652; baseline -0.004 -20"><span class='ocrx_word' id='word_1_863' title='bbox 1915 4581 2094 4652; x_wconf 89' lang='lat' dir='ltr'><strong>pariet</strong></span> <span class='ocrx_word' id='word_1_864' title='bbox 2151 4579 2340 4650; x_wconf 79' lang='lat' dir='ltr'><strong>(Mich.</strong></span> <span class='ocrx_word' id='word_1_865' title='bbox 2391 4580 2466 4650; x_wconf 89' lang='lat' dir='ltr'><strong>v).</strong></span> <span class='ocrx_word' id='word_1_866' title='bbox 2523 4597 2541 4628; x_wconf 84' lang='grc'>›</span> <span class='ocrx_word' id='word_1_867' title='bbox 2575 4577 2640 4631; x_wconf 84' lang='grc' dir='ltr'><strong>Ει.</strong></span> <span class='ocrx_word' id='word_1_868' title='bbox 2683 4575 2981 4630; x_wconf 89' lang='lat' dir='ltr'><strong>notandum</strong></span> <span class='ocrx_word' id='word_1_869' title='bbox 3029 4574 3174 4644; x_wconf 82' lang='lat' dir='ltr'><strong>quod</strong></span> <span class='ocrx_word' id='word_1_870' title='bbox 3223 4587 3331 4627; x_wconf 88' lang='lat' dir='ltr'><strong>non</strong></span> <span class='ocrx_word' id='word_1_871' title='bbox 3370 4571 3503 4625; x_wconf 80' lang='lat' dir='ltr'><strong>facit</strong></span> 
     </span>
    </p>
   </div>
   <div class='ocr_carea' id='block_1_103' title="bbox 1913 4663 3499 4746">
    <p class='ocr_par' dir='ltr' id='par_1_103' title="bbox 1913 4663 3499 4746">
     <span class='ocr_line' id='line_1_105' title="bbox 1913 4663 3499 4746; baseline -0.008 -18"><span class='ocrx_word' id='word_1_872' title='bbox 1913 4674 2174 4746; x_wconf 83' lang='lat' dir='ltr'><strong>pmpbeta</strong></span> <span class='ocrx_word' id='word_1_873' title='bbox 2208 4672 2536 4726; x_wconf 87' lang='lat' dir='ltr'><strong>mentionem</strong></span> <span class='ocrx_word' id='word_1_874' title='bbox 2569 4671 2635 4724; x_wconf 91' lang='lat' dir='ltr'><strong>de</strong></span> <span class='ocrx_word' id='word_1_875' title='bbox 2667 4669 2864 4724; x_wconf 85' lang='lat' dir='ltr'><strong>marito</strong></span> <span class='ocrx_word' id='word_1_876' title='bbox 2919 4668 3074 4722; x_wconf 89' lang='lat' dir='ltr'><strong>istius</strong></span> <span class='ocrx_word' id='word_1_877' title='bbox 3119 4663 3499 4736; x_wconf 88' lang='lat' dir='ltr'><strong>parturientis,</strong></span> 
     </span>
    </p>
   </div>
   <div class='ocr_carea' id='block_1_104' title="bbox 1914 4761 3500 4839">
    <p class='ocr_par' dir='ltr' id='par_1_104' title="bbox 1914 4761 3500 4839">
     <span class='ocr_line' id='line_1_106' title="bbox 1914 4761 3500 4839; baseline -0.008 -13"><span class='ocrx_word' id='word_1_878' title='bbox 1914 4785 2060 4836; x_wconf 88' lang='lat' dir='ltr'><strong>cum,</strong></span> <span class='ocrx_word' id='word_1_879' title='bbox 2096 4767 2288 4839; x_wconf 92' lang='lat' dir='ltr'><strong>inquit,</strong></span> <span class='ocrx_word' id='word_1_880' title='bbox 2319 4767 2657 4822; x_wconf 84' lang='lat' dir='ltr'><strong>nativitatem</strong></span> <span class='ocrx_word' id='word_1_881' title='bbox 2689 4762 2989 4833; x_wconf 87' lang='lat' dir='ltr'><strong>istiusjusti</strong></span> <span class='ocrx_word' id='word_1_882' title='bbox 3016 4763 3106 4833; x_wconf 91' lang='lat' dir='ltr'><strong>qui</strong></span> <span class='ocrx_word' id='word_1_883' title='bbox 3130 4761 3305 4818; x_wconf 91' lang='lat' dir='ltr'><strong>solum</strong></span> <span class='ocrx_word' id='word_1_884' title='bbox 3335 4766 3500 4814; x_wconf 86' lang='lat' dir='ltr'><strong>natus</strong></span> 
     </span>
    </p>
   </div>
   <div class='ocr_carea' id='block_1_105' title="bbox 1914 4983 3506 5061">
    <p class='ocr_par' dir='ltr' id='par_1_105' title="bbox 1914 4983 3506 5061">
     <span class='ocr_line' id='line_1_107' title="bbox 1914 4983 3506 5061; baseline -0.008 -18"><span class='ocrx_word' id='word_1_885' title='bbox 1914 4989 2038 5044; x_wconf 73' lang='lat' dir='ltr'><strong>Vita</strong></span> <span class='ocrx_word' id='word_1_886' title='bbox 2073 4989 2276 5061; x_wconf 87' lang='lat' dir='ltr'><strong>Mosis,_</strong></span> <span class='ocrx_word' id='word_1_887' title='bbox 2291 4987 2383 5044; x_wconf 89' lang='lat' dir='ltr'><strong>sed</strong></span> <span class='ocrx_word' id='word_1_888' title='bbox 2429 4993 2512 5041; x_wconf 91' lang='lat' dir='ltr'><strong>est</strong></span> <span class='ocrx_word' id='word_1_889' title='bbox 2538 4985 2724 5056; x_wconf 86' lang='lat' dir='ltr'><strong>opinio</strong></span> <span class='ocrx_word' id='word_1_890' title='bbox 2753 4983 2931 5061; x_wconf 83' lang='lat' dir='ltr'><strong>aliena</strong></span> <span class='ocrx_word' id='word_1_891' title='bbox 2960 4998 3187 5053; x_wconf 90' lang='lat' dir='ltr'><strong>prorsus</strong></span> <span class='ocrx_word' id='word_1_892' title='bbox 3206 4997 3259 5061; x_wconf 48' lang='lat' dir='ltr'><strong>ua</strong></span> <span class='ocrx_word' id='word_1_893' title='bbox 3314 4985 3506 5061; x_wconf 67' lang='lat' dir='ltr'><strong>mente</strong></span> 
     </span>
    </p>
   </div>
   <div class='ocr_carea' id='block_1_106' title="bbox 1913 5049 3504 5121">
    <p class='ocr_par' dir='ltr' id='par_1_106' title="bbox 1913 5049 3504 5121">
     <span class='ocr_line' id='line_1_108' title="bbox 1913 5049 3504 5121; baseline -0.009 -5"><span class='ocrx_word' id='word_1_894' title='bbox 1913 5070 2223 5116; x_wconf 88' lang='lat' dir='ltr'><strong>sanctorum</strong></span> <span class='ocrx_word' id='word_1_895' title='bbox 2247 5049 2495 5121; x_wconf 76' lang='lat' dir='ltr'><strong>Patrum,</strong></span> <span class='ocrx_word' id='word_1_896' title='bbox 2529 5049 2658 5112; x_wconf 81' lang='lat' dir='ltr'><strong>cum</strong></span> <span class='ocrx_word' id='word_1_897' title='bbox 2695 5067 2820 5111; x_wconf 89' lang='lat' dir='ltr'><strong>ante</strong></span> <span class='ocrx_word' id='word_1_898' title='bbox 2854 5049 3178 5112; x_wconf 79' lang='lat' dir='ltr'><strong>descensum</strong></span> <span class='ocrx_word' id='word_1_899' title='bbox 3200 5049 3401 5121; x_wconf 80' lang='lat' dir='ltr'><strong>Christi</strong></span> <span class='ocrx_word' id='word_1_900' title='bbox 3433 5049 3504 5102; x_wconf 88' lang='lat' dir='ltr'><strong>ad</strong></span> 
     </span>
    </p>
   </div>
   <div class='ocr_carea' id='block_1_107' title="bbox 1913 5119 3503 5200">
    <p class='ocr_par' dir='ltr' id='par_1_107' title="bbox 1913 5119 3503 5200">
     <span class='ocr_line' id='line_1_109' title="bbox 1913 5119 3503 5200; baseline -0.008 -14"><span class='ocrx_word' id='word_1_901' title='bbox 1913 5132 2121 5186; x_wconf 80' lang='lat' dir='ltr'><strong>inferos</strong></span> <span class='ocrx_word' id='word_1_902' title='bbox 2169 5119 2519 5200; x_wconf 83' lang='lat' dir='ltr'><strong>ejusdemque</strong></span> <span class='ocrx_word' id='word_1_903' title='bbox 2576 5131 2642 5184; x_wconf 88' lang='lat' dir='ltr'><strong>ad</strong></span> <span class='ocrx_word' id='word_1_904' title='bbox 2696 5129 2893 5183; x_wconf 69' lang='lat' dir='ltr'><strong>coelum</strong></span> <span class='ocrx_word' id='word_1_905' title='bbox 2940 5138 3254 5200; x_wconf 79' lang='lat' dir='ltr'><strong>ascensum,</strong></span> <span class='ocrx_word' id='word_1_906' title='bbox 3293 5119 3503 5200; x_wconf 66' lang='lat' dir='ltr'><strong>nullum</strong></span> 
     </span>
    </p>
   </div>
   <div class='ocr_carea' id='block_1_108' title="bbox 1912 5189 3504 5268">
    <p class='ocr_par' dir='ltr' id='par_1_108' title="bbox 1912 5189 3504 5268">
     <span class='ocr_line' id='line_1_110' title="bbox 1912 5189 3504 5268; baseline -0.009 -10"><span class='ocrx_word' id='word_1_907' title='bbox 1912 5204 2078 5258; x_wconf 77' lang='lat' dir='ltr'><strong>fuisse</strong></span> <span class='ocrx_word' id='word_1_908' title='bbox 2099 5189 2339 5260; x_wconf 67' lang='lat' dir='ltr'><strong>beatum,</strong></span> <span class='ocrx_word' id='word_1_909' title='bbox 2360 5189 2450 5250; x_wconf 76' lang='lat' dir='ltr'><strong>aut</strong></span> <span class='ocrx_word' id='word_1_910' title='bbox 2473 5199 2524 5251; x_wconf 92' lang='lat' dir='ltr'><strong>in</strong></span> <span class='ocrx_word' id='word_1_911' title='bbox 2543 5201 2742 5255; x_wconf 72' lang='lat' dir='ltr'><strong>cmlum</strong></span> <span class='ocrx_word' id='word_1_912' title='bbox 2767 5209 3064 5268; x_wconf 85' lang='lat' dir='ltr'><strong>receptum,</strong></span> <span class='ocrx_word' id='word_1_913' title='bbox 3087 5197 3221 5252; x_wconf 76' lang='lat' dir='ltr'><strong>fides</strong></span> <span class='ocrx_word' id='word_1_914' title='bbox 3234 5189 3504 5246; x_wconf 83' lang='lat' dir='ltr'><strong>catholica</strong></span> 
     </span>
    </p>
   </div>
   <div class='ocr_carea' id='block_1_109' title="bbox 1914 5268 3503 5338">
    <p class='ocr_par' dir='ltr' id='par_1_109' title="bbox 1914 5268 3503 5338">
     <span class='ocr_line' id='line_1_111' title="bbox 1914 5268 3503 5338; baseline -0.007 -12"><span class='ocrx_word' id='word_1_915' title='bbox 1914 5274 2128 5326; x_wconf 91' lang='lat' dir='ltr'><strong>doceat.</strong></span> <span class='ocrx_word' id='word_1_916' title='bbox 2163 5271 2342 5324; x_wconf 85' lang='lat' dir='ltr'><strong>Potuit</strong></span> <span class='ocrx_word' id='word_1_917' title='bbox 2362 5268 2582 5338; x_wconf 88' lang='lat' dir='ltr'><strong>quidem</strong></span> <span class='ocrx_word' id='word_1_918' title='bbox 2616 5273 2792 5326; x_wconf 88' lang='lat' dir='ltr'><strong>Moses</strong></span> <span class='ocrx_word' id='word_1_919' title='bbox 2819 5269 3176 5324; x_wconf 82' lang='lat' dir='ltr'><strong>cumCliristo</strong></span> <span class='ocrx_word' id='word_1_920' title='bbox 3190 5274 3503 5338; x_wconf 76' lang='lat' dir='ltr'><strong>resurgere.</strong></span> 
     </span>
    </p>
   </div>
   <div class='ocr_carea' id='block_1_110' title="bbox 1915 5330 3500 5370">
    <p class='ocr_par' dir='ltr' id='par_1_110' title="bbox 1915 5330 3500 5370">
     <span class='ocr_line' id='line_1_112' title="bbox 2379 5330 2394 5338; baseline 0 0"><span class='ocrx_word' id='word_1_921' title='bbox 2379 5330 2394 5338; x_wconf 71' lang='grc' dir='ltr'><em>υ</em></span> 
     </span>
     <span class='ocr_line' id='line_1_113' title="bbox 1915 5330 3500 5370; baseline 0 0"><span class='ocrx_word' id='word_1_922' title='bbox 1915 5357 2035 5370; x_wconf 72' lang='lat' dir='ltr'><strong>Illum</strong></span> <span class='ocrx_word' id='word_1_923' title='bbox 2063 5342 2359 5370; x_wconf 64' lang='lat' dir='ltr'><strong>AA.&#39;nm1I||(a</strong></span> <span class='ocrx_word' id='word_1_924' title='bbox 2392 5340 2442 5370; x_wconf 55' lang='lat' dir='ltr'><strong>dn</strong></span> <span class='ocrx_word' id='word_1_925' title='bbox 2475 5341 2674 5370; x_wconf 62' lang='lat' dir='ltr'><strong>nlr|&#39;--...</strong></span> <span class='ocrx_word' id='word_1_926' title='bbox 2709 5339 3076 5370; x_wconf 64' lang='grc' dir='ltr'><strong>ΛΛηοΛΛΙΙΑΙΑἏΙιΛ</strong></span> <span class='ocrx_word' id='word_1_927' title='bbox 3125 5345 3175 5370; x_wconf 78' lang='grc' dir='ltr'><strong>ΙΙΙ</strong></span> <span class='ocrx_word' id='word_1_928' title='bbox 3207 5330 3500 5370; x_wconf 68' lang='grc' dir='ltr'><strong>ΜΙΙΙΙίΙΓΙΙΙΙΙ</strong></span> 
     </span>
    </p>
   </div>
  </div>
