4018 5330
497 315 596 370 551

499 534 584 580 est
628 539 696 578 ex
727 523 844 576 viro
884 530 939 574 et
979 519 1206 584 femina,
1239 518 1381 574 sicut
1407 516 1475 571 de
1523 515 1613 570 illo
1636 515 1954 585 prtedictmn
1995 519 2080 566 est

500 632 595 686 per
620 631 682 669 os
726 613 900 678 Isaiae,
951 626 1074 665 cum
1105 608 1277 665 dicit:
1316 627 1334 660 ι
1367 607 1591 672 Audite,
1623 607 1814 662 domus
1859 603 2026 659 Jacob
2061 621 2074 656 :

500 709 641 763 Deus
669 706 818 763 dabit
847 704 1002 760 vobis
1031 704 1245 774 signum
1279 719 1295 755 :
1321 703 1486 771 Virgo
1525 698 1793 769 concipiet
1820 705 1876 754 et
1906 695 2109 776 pariet‘

500 799 690 862 lilium,
723 806 830 852 etc.
856 796 1014 869 (Isai.
1039 796 1160 862 vu.)
1195 814 1213 847 ι
1242 795 1443 850 Omnes
1466 801 1647 846 autem
1671 790 1764 845 alii
1792 790 1964 846 sancti
1987 787 2080 859 qui

500 890 632 945 dicti
681 901 826 954 sunt,
857 888 966 942 nati
1013 895 1140 942 sunt
1173 888 1239 941 de
1285 885 1488 941 femina
1513 892 1569 940 et
1601 883 1743 948 viro,
1787 880 2082 936 carnaliter

502 980 748 1048 concepti
773 980 825 1032 in
852 985 1098 1048 peccato,
1126 985 1391 1032 etomnes
1417 975 1638 1030 fuerunt
1670 981 2006 1043 peccatores,
2025 979 2080 1025 et

502 1071 618 1142 ipse
649 1071 821 1124 Moses
864 1069 1103 1124 sanctior
1148 1067 1464 1140 parentibus
1507 1063 1784 1136 prOphctis
1814 1063 2079 1134 peccavit,

501 1175 558 1220 et
611 1165 900 1219 conlitetur
956 1179 1052 1234 per
1097 1179 1163 1218 os
1211 1178 1368 1217 suum
1415 1178 1474 1217 se
1503 1174 1762 1231 peccasse
1793 1176 1807 1213 :
1837 1159 1902 1214 de
1928 1156 2082 1212 Justo

503 1271 683 1316 autem
714 1262 818 1316 isto
844 1260 1044 1315 dicitur
1073 1276 1169 1330 per
1194 1259 1387 1313 Isaiam
1426 1276 1440 1312 :
1476 1276 1493 1309 ι
1526 1257 1630 1324 Qui
1660 1270 1928 1324 nunquam
1959 1267 2085 1323 pec—

503 1355 668 1420 cavit,
719 1370 817 1408 nec
865 1354 1141 1408 inventum
1191 1361 1276 1406 est
1325 1350 1664 1406 mendacium
1721 1349 1775 1402 in
1824 1363 1920 1402 ore
1967 1345 2082 1413 ejus

503 1444 659 1517 (Isai.
685 1445 827 1515 un).
862 1463 880 1495 ι
912 1444 984 1497 Dc
1018 1443 1138 1497 aliis
1155 1441 1405 1496 omnibus
1428 1439 1630 1495 sanctis
1659 1437 1790 1493 dicit
1820 1437 1966 1493 Deus
1987 1450 2083 1506 per

501 1556 564 1595 os
588 1538 688 1594 Job
721 1554 736 1592 :
776 1560 791 1590 ι
824 1538 879 1592 lu
901 1535 1154 1591 omnibus
1180 1534 1388 1590 sanctis
1431 1532 1545 1588 suis
1584 1546 1693 1585 non
1723 1541 1808 1584 est
1836 1529 2083 1584 inventus

500 1633 619 1688 sine
669 1631 935 1701 pravitate
985 1628 1125 1696 (Job.
1180 1627 1280 1698 tv).
1323 1645 1340 1679 ι
1389 1625 1455 1680 Ει
1507 1623 1770 1678 Jareinias
1821 1621 2083 1691 propheta

502 1722 636 1777 dicit
670 1739 683 1775 :
713 1739 732 1772 ι
770 1720 944 1776 Corda
977 1719 1254 1775 hominum
1289 1733 1454 1789 prava
1485 1715 1619 1788 (Jc‘r.
1655 1714 1812 1784 xvu).
1851 1731 1869 1765 ι

1087 1873 1313 1929 CAPUT
1359 1873 1498 1959 xlv.

501 1987 582 2044 De
611 1988 842 2044 ca’citate
865 1987 1179 2042 Indicorum
1209 1987 1347 2058 quod
1400 2003 1503 2058 non
1548 1986 1762 2042 credant
1806 1984 2078 2041 Christum

912 2059 1199 2125 advenisse,
1229 2074 1320 2112 nec
1356 2057 1673 2128 intelligant.

578 2167 793 2233 Timeo,
823 2166 1040 2222 domine
1070 2165 1166 2230 mi,
1207 2165 1350 2236 quod
1380 2165 1454 2220 sit
1487 2163 1814 2234 completum
1846 2163 1900 2219 in
1932 2163 2088 2220 nobis

503 2257 649 2328 quod
678 2257 817 2313 dixit
847 2255 1109 2311 Dominus
1162 2270 1261 2325 per
1308 2254 1502 2310 Isaiam
1529 2255 1847 2325 prophetam
1881 2271 1897 2309 :
1933 2271 1950 2305 ι
1987 2254 2089 2310 Ce—

503 2349 636 2405 cidit
665 2348 883 2402 crecitas
913 2361 1077 2416 super
1100 2344 1266 2401 Israel
1317 2361 1602 2417 quousque
1658 2345 1881 2400 intravit
1911 2345 2086 2415 pleni-

505 2441 635 2497 tudo
661 2441 899 2513 gentium
932 2438 1090 2512 (Isai.
1133 2439 1245 2510 ιιι)
1286 2457 1300 2493 :
1336 2457 1356 2492 ι
1383 2449 1438 2494 et
1465 2438 1658 2494 iterum
1686 2438 1818 2494 dicit
1851 2455 1866 2492 :
1904 2456 1923 2489 ι
1973 2437 2086 2492 Au-

504 2531 722 2588 dientes
752 2532 972 2588 audient
999 2541 1054 2586 et
1083 2546 1189 2586 non
1222 2530 1546 2597 intelligent,
1568 2541 1625 2586 et
1664 2530 1907 2586 videntes
1937 2529 2086 2586 vide-

503 2623 639 2680 bunt
667 2632 724 2678 et
771 2638 876 2678 non
927 2630 1274 2692 cognoscent,
1319 2621 1447 2690 quia
1487 2620 1651 2675 corda
1708 2620 1868 2676 istius
1912 2619 2089 2690 gentis

505 2723 632 2768 sunt
653 2713 959 2785 ingrossata
985 2712 1141 2784 (lsai.
1169 2715 1268 2783 vi).
1303 2732 1321 2766 ι
1355 2712 1421 2766 Ει
1450 2712 1628 2766 adhuc
1653 2712 1840 2766 eodem
1869 2711 2084 2779 capite:

510 2826 534 2859 ς
569 2807 794 2862 Excmca
817 2822 913 2860 cor
942 2804 1125 2876 populi
1157 2804 1336 2874 hujus,
1365 2815 1419 2859 ct
1445 2805 1640 2859 obtura
1670 2819 1830 2859 aures
1860 2803 1998 2872 ejus,
2020 2819 2088 2860 ne

505 2896 654 2952 forte
700 2896 1008 2961 addiscant,
1062 2904 1114 2950 et
1165 2904 1556 2951 convertantur
1582 2897 1649 2950 ad
1695 2909 1780 2949 me
1819 2903 1874 2950 et
1902 2909 2086 2950 sauem

505 3005 622 3046 eos.
649 3009 669 3043 ›
689 2988 756 3044 Ει
778 2988 913 3044 dixit
932 2987 1101 3043 Isaias
1129 3007 1143 3042 :
1175 3006 1193 3040 ι
1219 2986 1534 3059 Usquequo,
1561 2987 1894 3043 Domine?et
1916 2987 2084 3043 dixit:

507 3082 802 3153 Quousque
829 3082 938 3138 sint
966 3081 1219 3138 civitates
1260 3082 1512 3145 deserta,
1563 3089 1616 3155 et
1649 3089 1866 3135 maneat
1896 3081 2088 3136 domus

505 3175 628 3233 sine
682 3176 989 3232 habitatore
1036 3173 1227 3246 (Ibid.)
1283 3193 1298 3230 :
1357 3193 1376 3226 ι
1430 3173 1578 3228 Dixit
1623 3173 1788 3228 etiam
1845 3173 2085 3229 Daniel:

509 3290 532 3324 ‹
556 3269 760 3327 Claude
777 3282 1062 3323 sermones
1083 3276 1139 3322 et
1159 3265 1376 3323 involve
1389 3265 1725 3337 prophetiam
1742 3265 1901 3336 (Dan.
1921 3265 2041 3336 xu).
2064 3286 2082 3320 ο

505 3364 574 3420 Et
593 3362 862 3419 Jeremias
891 3377 907 3418 :
935 3381 953 3414 ι
994 3361 1290 3417 Peccatum
1335 3357 1488 3415 Juda:
1536 3361 1796 3430 scriptum
1825 3370 1910 3416 est
1953 3360 2091 3432 stylo

505 3455 688 3512 ferreo
737 3456 789 3510 in
847 3454 1028 3524 lapide
1069 3453 1446 3518 adamantino,
1495 3461 1550 3507 et
1599 3461 1888 3508 extensum
1931 3467 2093 3522 super

505 3547 849 3602 latitudinem
871 3545 1057 3600 cordis
1087 3559 1278 3600 eorum
1313 3542 1451 3612 (Jer.
1485 3545 1643 3614 xvu).
1686 3563 1704 3596 ι
1731 3542 1898 3598 Isaias
1919 3545 2093 3612 capite

505 3638 686 3708 primo
714 3653 730 3694 ζ
764 3657 779 3687 ι
810 3637 1074 3708 Cognovit
1096 3637 1194 3692 bos
1214 3650 1590 3706 possessorem
1617 3651 1800 3701 suum,
1827 3646 1882 3690 et
1908 3636 2092 3691 asinus

507 3739 751 3797 praesepe
777 3726 980 3780 domini
1014 3727 1127 3792 sui;
1168 3725 1404 3796 populus
1451 3736 1634 3780 autem
1681 3740 1834 3781 meus
1871 3741 1979 3779 non
2013 3725 2094 3779 in-

511 3816 898 3887 tellexit(lsai.
931 3817 1049 3883 xu).
1089 3836 1108 3869 ι
1143 3819 1208 3872 Et
1258 3819 1456 3873 iterum
1483 3815 1749 3873 Jeremias
1778 3835 1792 3871 :
1828 3835 1847 3868 ι
1879 3817 2093 3883 Milvus,

510 3917 568 3965 et
596 3909 852 3975 hirundo,
883 3918 939 3964 et
963 3909 1171 3964 ciconia
1215 3909 1394 3964 sciunt
1425 3918 1640 3980 tempus
1689 3908 1957 3964 adventus
1986 3909 2092 3976 sui,

510 4001 742 4073 populus
775 4010 955 4056 autem
987 4015 1140 4056 meus
1169 4017 1277 4057 non
1305 4001 1562 4073 cognovit
1590 4015 1676 4056 me
1727 4001 1861 4071 (Jer.
1893 4004 2032 4074 vui).
2070 4021 2089 4054 ι

511 4094 582 4150 Et
609 4095 725 4150 hrec
750 4095 956 4160 omnia,
985 4094 1328 4159 dominemi,
1360 4095 1501 4150 dicta
1548 4102 1675 4148 sunt
1723 4102 1946 4164 propter
1973 4108 2092 4160 nos,

512 4187 644 4258 quia
675 4203 784 4243 non
808 4188 1165 4256 cognovimus
1198 4187 1494 4243 adventum
1536 4184 1679 4240 illius
1697 4182 1830 4253 justi
1857 4183 2093 4239 Domini.

511 4281 580 4335 Et
608 4281 675 4336 de
705 4281 859 4337 nobis
887 4280 1028 4335 dixit
1056 4279 1317 4336 Dominus
1363 4293 1462 4350 per
1503 4278 1743 4333 Isaiam:
1779 4295 1798 4330 ι
1835 4276 2097 4348 Elongate

513 4372 661 4429 foras
688 4383 901 4445 gentem
934 4389 1158 4439 caecam,
1211 4380 1268 4427 et
1323 4387 1430 4428 non
1484 4370 1771 4427 habentem
1797 4368 2003 4436 oculos,
2043 4375 2099 4424 et

515 4467 766 4530 surdam,
799 4475 854 4522 et
895 4481 1000 4520 non
1038 4465 1332 4520 habentem
1364 4478 1548 4528 aures,
1593 4476 1722 4518 ecce
1751 4476 1940 4517 omnes
1965 4475 2096 4516 con-

511 4555 720 4624 gregati
759 4567 885 4610 sunt
915 4556 1072 4627 (Iani.
1122 4556 1306 4627 mu).
1345 4574 1365 4608 ι
1407 4555 1477 4625 Et
1525 4554 1654 4624 quid
1695 4553 1866 4609 voluit
1915 4554 2097 4609 dicere

512 4648 789 4718 I‘ropheta
813 4666 909 4718 per
944 4652 1060 4707 haec
1109 4653 1296 4717 verba,
1326 4652 1429 4706 nisi
1465 4649 1608 4720 quod
1642 4649 1782 4704 Dens
1807 4664 1905 4702 nos
1932 4664 2096 4718 repu-

514 4737 596 4805 lit,
622 4739 749 4808 quia
777 4755 884 4795 non
913 4743 1265 4810 cognovimus
1294 4751 1506 4812 tempus
1534 4741 1692 4797 istius
1731 4739 1871 4794 Justi
1904 4738 2098 4794 citius?

517 4827 586 4884 Et
613 4830 966 4900 congregavit
989 4832 1057 4885 ad
1085 4847 1144 4887 se
1175 4833 1226 4886 in
1279 4832 1380 4888 lide
1407 4840 1597 4902 gentes
1619 4831 1740 4886 loco
1771 4831 1959 4885 nostri.
1995 4829 2101 4885 Su-

515 4931 616 4992 per
664 4921 810 4988 quod
844 4919 1146 4976 admiratus
1190 4921 1358 4977 David
1387 4923 1523 4977 dixit
1559 4922 1611 4976 in
1640 4920 1849 4991 psalmo
1881 4939 1894 4974 :
1922 4939 1940 4972 ι
1972 4919 2100 4975 Ilaec

512 5017 600 5063 cst
629 5009 859 5065 mutatio
909 5011 1144 5066 dexterae
1191 5011 1400 5068 Excelsi
1434 5013 1608 5084 (Prol.
1659 5010 1868 5082 Lxxw).
1922 5031 1940 5062 ι
1991 5010 2100 5066 Nos

518 5109 698 5156 tamen
730 5100 828 5156 Dei
863 5117 1051 5156 sumus
1079 5102 1130 5157 in
1163 5119 1291 5158 casn
1326 5107 1427 5160 isto
1459 5113 1663 5169 nostri),
1701 5115 1757 5160 et
1786 5103 2099 5174 captivitate

1731 306 2074 364 SAMUELIS
2109 304 2202 362 MA
2211 304 2460 362 ROClllA
2469 303 2536 358 NI

499 443 584 488 est
606 440 802 502 praeter
825 430 1048 486 solitum
1073 427 1292 482 modum
1317 438 1643 494 cursumque
1663 423 1964 486 carnalem,
1989 421 2078 489 qui
2111 425 2159 483 Α

3667 289 3781 347 55?.

2783 431 3010 489 CAPUT
3045 428 3166 486 XV.

2183 509 2424 564 Ostendit
2482 503 2897 576 reprobationem
2947 501 3258 576 Judwornm
3320 505 3531 567 proer
3592 511 3779 549 eorum

2249 571 2550 718 garﬁdiam,
2607 586 2653 632 ct
2686 575 2987 630 electionem
3045 571 3273 642 gentium
3323 579 3535 640 propter
3589 582 3780 620 eorum

2327 665 2430 704 em.

2254 784 2473 849 Timeo,
2509 781 2726 838 domine
2765 779 2868 847 mi,
2909 785 3131 852 pr0pter
3166 776 3272 833 hoc
3315 774 3458 846 quod
3493 773 3622 844 quia
3664 787 3779 829 non

2182 876 2454 932 credimus
2484 875 2537 929 in
2569 874 2671 928 islo
2691 873 2859 944 justo,
2890 871 3092 926 idcirco
3128 868 3326 924 accidit
3352 867 3508 924 nobis
3544 877 3596 922 et
3623 881 3777 921 com-

2181 965 2386 1036 pletum
2411 975 2494 1019 est
2517 962 2646 1017 illud
2668 960 2813 1033 quod
2835 959 2971 1016 dixit
2995 960 3134 1013 Deus
3159 973 3255 1027 per
3279 973 3341 1012 os
3367 956 3519 1011 Isaiae
3544 973 3557 1009 :
3591 973 3612 1006 ι
3647 954 3774 1009 Erit

2182 1056 2462 1128 prophetia
2491 1063 2746 1124 tanquam
2774 1051 2937 1106 verba
2963 1049 3086 1104 libri
3116 1047 3286 1104 clausi
3325 1047 3416 1117 qui
3448 1046 3666 1101 dabitur
3689 1043 3780 1098 Ie-

2183 1146 2340 1212 ctori,
2363 1154 2417 1200 et
2453 1144 2662 1199 dicetur
2703 1159 2717 1198 :
2746 1142 2850 1196 Iste
2880 1139 3019 1194 liber
3043 1139 3262 1193 clausus
3293 1145 3394 1199 est,
3428 1135 3612 1190 nescio
3643 1132 3782 1202 quid

2183 1246 2268 1294 est
2295 1237 2348 1291 in
2379 1252 2464 1301 eo,
2497 1246 2554 1291 et
2584 1244 2709 1289 tunc
2732 1231 2880 1287 dabit
2906 1229 3168 1286 nescienti
3211 1228 3440 1288 litteras,
3495 1239 3601 1296 non
3651 1237 3781 1278 sum

2184 1325 2356 1382 lector
2381 1341 2480 1396 ego
2502 1323 2636 1396 (isa.
2668 1336 2842 1393 xxix).
2878 1340 2894 1373 ι
2930 1320 2992 1374 Et
3018 1335 3136 1389 qum
3166 1317 3418 1374 clausura
3450 1315 3570 1370 libri
3597 1314 3781 1384 major

2184 1427 2289 1484 est,
2325 1417 2562 1483 domine,
2600 1430 2760 1486 quam
2793 1412 3042 1468 clausura
3070 1428 3172 1480 qua
3210 1408 3401 1464 clausit
3436 1410 3577 1462 Deus
3603 1407 3781 1461 corda

2185 1516 2397 1572 nostra;
2419 1507 2532 1578 jam
2563 1513 2691 1562 sunt
2719 1503 2864 1558 mille
2895 1502 3047 1568 anui,
3076 1511 3130 1556 et
3156 1500 3320 1564 ultra,
3352 1514 3449 1553 nec
3484 1513 3782 1568 possumus

2186 1611 2517 1665 cognoscere
2555 1611 2650 1666 per
2688 1591 3025 1664 prophetiam
3071 1591 3226 1646 nobis
3267 1589 3521 1643 traditam
3575 1602 3602 1639 a
3649 1600 3784 1655 pro-

2185 1687 2365 1758 phetis
2392 1702 2555 1757 super
2606 1686 2899 1741 adventum
2946 1683 3104 1737 istius
3144 1680 3297 1748 justi,
3353 1687 3575 1750 propter
3625 1674 3781 1745 quo)

2117 1767 2320 1838 Balibi
2374 1782 2511 1837 dixit
2583 1783 2726 1837 Deus
2788 1795 2884 1850 per
2955 1776 3312 1848 prophetam:
3350 1795 3368 1826 ι
3433 1772 3784 1829 Desolabitur

2188 1874 2548 1942 llirrusalem,
2594 1881 2648 1929 et
2688 1880 2905 1927 corruet
2951 1871 3141 1924 domus
3189 1876 3373 1922 sancta
3419 1861 3713 1935 (Isa.ut).
3754 1881 3776 1914 ι

2189 1968 2335 2022 Dixit
2363 1968 2528 2021 etiam
2564 1985 2578 2020 :
2617 1984 2635 2017 ι
2671 1963 2842 2020 Terra
2877 1971 3059 2017 nostra
3099 1959 3335 2023 deserta,
3375 1957 3624 2012 civitates
3673 1970 3783 2012 no-

2188 2066 2316 2112 stra:
2342 2071 2616 2112 succensae
2656 2055 2802 2124 igne,
2837 2062 2892 2108 et
2924 2051 3226 2107 remanebit
3273 2049 3403 2104 Sion
3433 2048 3575 2102 sicut
3619 2057 3784 2116 tugu-

2188 2147 2327 2201 rium
2367 2147 2420 2200 in
2451 2146 2604 2200 vinea
2641 2144 2902 2214 dissipata
2942 2140 3076 2213 (Isai
3106 2142 3164 2208 ι).
3197 2158 3215 2190 ι
3265 2139 3374 2193 lloc
3404 2145 3508 2200 est,
3558 2136 3786 2191 domine

2189 2237 2286 2301 mi,
2329 2245 2382 2290 ct
2417 2235 2528 2306 jazn
2577 2242 2702 2288 sunt
2747 2231 2892 2287 mille
2941 2228 3087 2296 anni,
3119 2237 3174 2282 ct
3209 2226 3366 2282 ultra.
3412 2225 3558 2278 Dixit
3606 2223 3781 2278 etiam

2188 2327 2379 2383 Esaias
2407 2343 2422 2380 :
2463 2343 2481 2376 ι
2517 2323 2741 2378 Domine
2769 2323 2932 2388 Deus,
2958 2318 3209 2373 exaltabo
3232 2332 3423 2372 nomen
3453 2324 3623 2375 tuum,
3653 2313 3784 2383 quia

2190 2422 2417 2494 p-isuisti
2449 2419 2722 2476 civitatem
2756 2416 2808 2470 in
2839 2411 3130 2476 tumulum,
3171 2419 3227 2465 et
3257 2410 3473 2464 domum
3505 2408 3558 2461 iu
3584 2405 3784 2460 conl‘u-

2191 2515 2419 2577 sionem,
2455 2521 2514 2566 ut
2551 2525 2657 2564 non
2687 2508 2757 2563 sit
2787 2519 2958 2575 usque
2987 2499 3040 2557 in
3063 2509 3325 2557 aeternum
3366 2496 3531 2570 (lsai.
3556 2495 3715 2568 xxv).
3756 2514 3778 2548 ι

2191 2602 2260 2657 Ει
2291 2602 2461 2660 dixit:
2501 2619 2520 2652 ι
2557 2601 2816 2655 Contercl
2838 2591 3063 2666 populos
3084 2589 3411 2648 eontritione
3436 2587 3582 2642 vasis
3608 2585 3784 2659 ﬁguli.

2191 2695 2248 2750 in
2280 2710 2387 2766 quo
2427 2709 2533 2748 non
2563 2699 2841 2747 remaneat
2867 2705 2992 2760 pars
3018 2687 3086 2742 ad
3115 2685 3442 2757 portandum
3483 2683 3785 2738 carbonem

2191 2787 2351 2858 ignis,
2392 2801 2492 2841 nec
2527 2783 2881 2840 hauriendam
2927 2788 3133 2852 guttam
3183 2792 3336 2848 aqua:
3383 2775 3538 2846 (Isai.
3571 2773 3726 2841 xxx).
3758 2793 3778 2827 ι

2191 2881 2530 2952 Completum
2554 2890 2638 2934 est
2657 2880 2842 2942 etiam,
2867 2877 3084 2933 domine
3104 2875 3198 2939 mi,
3226 2873 3369 2944 quod
3391 2872 3527 2926 dixit
3551 2870 3738 2925 Daniel
3761 2887 3776 2923 :

2197 2993 2217 3028 ι
2251 2974 2538 3044 Postquam
2579 2971 2680 3026 fuit
2709 2970 2921 3026 occisus
2955 2967 3224 3032 Christus,
3269 2965 3570 3020 remanebit
3612 2964 3782 3018 deso-

2195 3063 2321 3121 latio
2349 3072 2605 3136 perpetua
2632 3061 2792 3130 (Dan.
2821 3059 2918 3131 ix).
2954 3078 2971 3110 ι
2999 3057 3054 3112 In
3078 3073 3182 3128 qua
3207 3055 3542 3110 desolatione
3568 3068 3786 3118 sumus,

2185 3154 2297 3224 jam
2331 3163 2455 3209 sunt
2495 3152 2638 3207 mille
2678 3152 2804 3206 anni
2844 3159 2898 3205 et
2935 3149 3094 3204 ultra.
3153 3147 3298 3202 Dixit
3343 3147 3506 3200 etiam
3567 3143 3783 3198 Isaias:

2198 3267 2217 3298 ι
2255 3245 2461 3300 Relicta
2511 3251 2596 3298 est
2635 3243 2688 3297 in
2749 3241 2885 3297 urbe
2933 3237 3197 3303 solitudo,
3237 3244 3290 3292 et
3342 3233 3582 3291 sibilabit
3637 3243 3786 3287 terra

2192 3355 2379 3396 eorum
2422 3335 2577 3392 sibilo
2615 3350 2787 3404 usque
2826 3333 2882 3388 in
2923 3332 3307 3402 sempiternum
3357 3327 3511 3401 (Isai.
3548 3326 3728 3396 xxiv).
3761 3346 3782 3379 ι

2194 3431 2338 3486 Dixit
2367 3429 2526 3484 etiam
2551 3425 2853 3482 Jcremias:
2893 3444 2911 3476 ι
2941 3425 3235 3494 Argentum
3268 3420 3557 3490 reprobum
3590 3429 3787 3473 vocate

2195 3521 2335 3586 illos,
2377 3519 2502 3588 quia
2550 3517 2810 3573 Dominus
2850 3513 3078 3586 projerit
3124 3529 3218 3569 eos
3257 3513 3390 3582 (Jer.
3423 3509 3522 3581 Ix).
3560 3530 3580 3562 ι
3641 3512 3788 3566 Dixit

2193 3615 2360 3670 etiam
2390 3612 2556 3666 Isaias
2583 3629 2596 3664 :
2627 3628 2645 3662 ι
2680 3609 2966 3664 Ambulate
2991 3607 3044 3662 in
3073 3605 3275 3660 lumine
3312 3604 3448 3676 ignis
3493 3603 3689 3668 vestri,
3733 3610 3790 3657 ct

2195 3705 2426 3759 ﬂammis
2455 3718 2589 3774 quas
2626 3698 2980 3756 succendistis
3008 3697 3160 3750 vobis
3203 3695 3358 3765 (lsai.
3384 3701 3459 3765 ι).
3502 3712 3521 3745 ›
3556 3691 3616 3746 In
3667 3694 3790 3762 qui-

2195 3794 2296 3849 bus
2346 3791 2579 3845 ﬂammis
2628 3805 2724 3844 nos
2768 3803 2973 3854 smnus,
3009 3789 3121 3858 jam
3157 3783 3305 3838 mille
3346 3782 3471 3837 anui
3517 3791 3663 3836 sunt.
3720 3780 3789 3834 Et

2196 3885 2332 3940 dixit
2361 3884 2524 3939 etiam
2557 3882 2724 3936 Amos
2757 3899 2770 3935 :
2811 3898 2830 3932 ι
2868 3880 3070 3934 Domus
3098 3877 3257 3932 Israel
3281 3877 3434 3931 cadet
3471 3884 3525 3929 et
3562 3890 3669 3928 non
3702 3883 3790 3929 est

2195 3979 2286 4049 qui
2313 3977 2487 4048 erigat
2518 3993 2637 4031 eam
2672 3974 2874 4046 (Amos.
2897 3976 2974 4044 v).
3007 3993 3026 4024 ι
3057 3972 3123 4027 Et
3149 3971 3361 4026 videtur
3393 3967 3544 4033 mihi,
3567 3967 3788 4021 domine

2197 4069 2292 4135 mi,
2324 4067 2466 4138 quod
2489 4067 2630 4121 Deus
2659 4064 2869 4120 induxit
2898 4080 3060 4136 super
3087 4079 3184 4118 nos
3211 4062 3423 4116 ruinam
3447 4060 3631 4122 istam,
3663 4065 3788 4128 post

2198 4161 2492 4215 adventum
2533 4157 2672 4213 Justi
2712 4158 2887 4228 hujus,
2938 4170 3225 4228 postquam
3280 4153 3545 4224 propheta
3605 4149 3786 4204 nullus

2198 4248 2433 4306 surrexit
2466 4248 2519 4302 in
2548 4247 2724 4312 nobis,
2759 4263 2859 4302 nec
2883 4255 3086 4316 surget,
3116 4245 3256 4300 sicut
3296 4242 3678 4313 prophetatum
3701 4250 3788 4294 est

2199 4340 2378 4405 nobis,
2405 4340 2529 4410 quia
2561 4353 2660 4393 nos
2687 4354 2968 4392 manemus
2991 4337 3044 4392 in
3074 4333 3472 4398 incredulitate,
3507 4348 3614 4386 non
3645 4331 3788 4386 reci-

2126 4460 2169 4520 υ
2199 4434 2408 4504 pientes
2429 4433 2590 4489 [idem
2620 4432 2780 4495 illius,
2803 4433 2899 4487 sed
2924 4441 3204 4503 negantes.
3228 4429 3374 4483 Dixit
3393 4430 3558 4484 etiam
3581 4426 3784 4483 Oseas:

2205 4542 2224 4576 ι
2254 4523 2387 4579 Cum
2421 4524 2674 4580 accubuit
2697 4523 2890 4578 mulier
2911 4538 3072 4592 super
3101 4532 3303 4576 terram
3338 4533 3393 4575 et
3433 4519 3671 4590 peperit,
3701 4520 3788 4573 di-

2200 4619 2280 4673 xit
2308 4618 2482 4672 Deus:
2518 4618 2660 4673 Voca
2687 4631 2882 4671 nomen
2915 4615 3032 4686 ejus
3067 4612 3191 4668 Sine
3223 4611 3611 4676 misericordia,
3661 4611 3788 4681 quia

2198 4727 2309 4767 non
2340 4710 2638 4766 miserebor
2691 4707 2889 4779 populo
2927 4706 3054 4761 huic
3104 4702 3252 4773 (Ose.
3289 4703 3346 4774 l).
3385 4722 3403 4754 ι
3448 4702 3514 4756 Ει
3556 4701 3602 4756 si
3648 4701 3792 4756 Deus

2197 4799 2447 4870 projecit-
2476 4813 2594 4863 uos,
2627 4807 2681 4853 ct
2731 4812 2838 4851 non
2892 4796 3186 4850 miseretur
3229 4792 3425 4858 nostri,
3471 4801 3532 4846 ut
3574 4789 3791 4860 experti

2199 4909 2403 4957 sumus,
2428 4891 2540 4960 jam
2570 4899 2698 4946 sunt
2731 4890 2876 4945 mille
2928 4889 3136 4943 anniet
3188 4887 3360 4953 ultra,
3410 4904 3532 4957 quae
3581 4888 3790 4942 utilitas

2203 4992 2288 5039 est
2318 4997 2415 5036 nos
2443 4981 2642 5036 habere
2662 4980 2856 5051 legem,
2887 4977 3425 5034 circumcisionemct
3451 4975 3792 5031 Sabbatum?

2201 5073 2350 5129 Dixit
2395 5071 2605 5126 Isaias:
2644 5090 2662 5122 ι
2711 5070 2857 5124 Educ
2897 5069 3045 5124 foras
3080 5067 3335 5138 populum
3373 5081 3598 5130 caseum,
3645 5066 3792 5120 sicut

2348 5167 2384 5192 ξι
2417 5180 2512 5192 ..λη
2548 5166 2612 5192 Αι-
2639 5175 2779 5192 αλιι..-
2811 5173 2993 5192 ιὶΑΩΙ-ιὶ
3027 5163 3163 5192 nnc-3
3205 5175 3365 5192 ivno-no
3432 5168 3480 5192 aI
3522 5158 3790 5192 alnrincuﬂ
