4018 5330
200 517 262 557 ne
286 496 524 554 videmus
557 494 698 564 quod
737 488 987 561 dispersit
1034 502 1132 541 nos
1162 501 1259 555 per
1310 489 1539 552 quatuor
1588 484 1769 547 partes
1800 482 1841 535 Α

202 594 370 651 mundi
402 593 454 646 in
506 587 920 659 dispersiouem,
969 583 1111 637 sicut
1149 578 1402 633 dixerunt
1445 571 1602 629 nobis
1653 568 1766 623 Mo-

202 702 299 751 ses,
338 680 620 746 Jeremias,
662 688 716 733 et
763 676 955 737 Isaias,
986 681 1041 728 et
1090 671 1180 726 alii
1230 667 1523 739 prophetae.
1572 660 1640 715 Et
1689 670 1766 713 ta-

202 797 309 838 men
338 794 432 834 nos
454 776 549 832 Dei
578 787 785 839 sumus,
811 779 866 827 et
895 770 960 825 ad
986 769 1162 840 ipsum
1184 762 1513 819 recurrimus
1544 758 1597 813 in
1616 754 1763 811 omni

201 880 403 930 CVCDIII.

773 948 998 1010 CAPUT
1037 948 1179 1004 XV'I.

210 1073 427 1128 Ostendit
475 1068 895 1139 reprobationem
956 1062 1269 1139 Judwornm
1327 1065 1537 1139 propter
1590 1066 1770 1107 eorum

258 1131 551 1212 perﬁdiam,
594 1149 642 1193 et
701 1137 1003 1192 electionem
1060 1131 1289 1202 gentium
1326 1136 1541 1197 propter
1590 1136 1769 1176 eorum

263 1215 407 1281 ﬁdem
416 1251 432 1267 .

263 1322 463 1387 Timeo,
510 1320 730 1376 domine
770 1318 863 1381 mi,
904 1329 1025 1370 cum
1061 1328 1163 1368 nos
1201 1309 1431 1367 dicimus
1459 1306 1603 1361 inter
1650 1318 1774 1369 nos,

204 1415 263 1470 Et
284 1429 377 1484 ego
408 1424 462 1469 et
494 1422 553 1466 tu
585 1411 749 1467 etiam
778 1423 964 1465 sumus
994 1405 1089 1459 ﬁlii
1118 1402 1285 1459 Iacob
1317 1410 1372 1456 et
1420 1396 1606 1461 Israel,
1649 1396 1775 1466 quia

204 1505 298 1575 iam
333 1504 662 1576 completum
700 1510 782 1557 est
834 1499 961 1554 illud
1009 1496 1150 1567 quod
1208 1492 1341 1549 dicit
1390 1490 1532 1545 Deus
1576 1502 1673 1558 per
1715 1501 1778 1541 os

205 1596 335 1651 Isaia:
365 1614 381 1651 :
411 1615 429 1648 ι
465 1593 761 1650 Interﬁcict
784 1600 834 1644 te
863 1589 1029 1653 Deus,
1058 1601 1090 1641 o
1121 1583 1306 1651 Israel,
1337 1589 1391 1637 et
1417 1578 1631 1634 vocabit
1660 1593 1778 1633 ser-

205 1704 288 1744 vos
308 1688 528 1744 nomine
561 1685 736 1740 alieno
768 1682 907 1753 (lsa.
937 1678 1083 1749 va).
1116 1697 1135 1729 ι
1166 1676 1343 1730 Paveo
1370 1673 1512 1744 quod
1555 1671 1622 1725 de
1674 1666 1781 1723 iilis

208 1780 364 1835 servis
392 1778 583 1842 simus,
616 1774 812 1845 quibus
842 1772 1002 1826 debet
1038 1766 1241 1839 imponi
1273 1764 1401 1818 illud
1429 1772 1621 1817 nomen
1642 1801 1657 1827 ,
1688 1770 1779 1815 se-

206 1871 429 1928 cundum
472 1843 837 1939 quod—Moses
871 1862 1007 1917 dixit
1047 1854 1451 1913 Deuteronomii
1522 1852 1781 1907 vicesimo
1814 1843 1856 1902 Il

206 1975 382 2019 octavo
412 1978 428 2014 :
469 1978 489 2011 ι
512 1959 684 2015 Erunt
715 1962 903 2027 gentes
933 1953 985 2007 in
1016 1952 1217 2020 capite,
1244 1957 1298 2004 et
1335 1944 1565 2017 populus
1602 1944 1781 1997 increv-

206 2056 350 2110 dulus
384 2053 440 2109 in
465 2051 660 2116 cauda,
697 2068 717 2101 ι
750 2048 891 2102 sicut
929 2060 1029 2099 nos
1058 2056 1261 2104 sumus,
1300 2038 1415 2109 jam
1465 2044 1592 2092 sunt
1638 2033 1784 2089 mille

209 2146 323 2200 anni
350 2154 409 2199 et
437 2142 605 2197 ultra.
628 2140 707 2196 De
746 2137 850 2193 illis
882 2136 1047 2190 etiam
1095 2133 1229 2188 dixit
1277 2128 1539 2185 Jeremias
1571 2145 1584 2182 :
1625 2142 1643 2177 ι
1676 2124 1784 2179 Re-

207 2236 432 2307 plebitur
467 2242 616 2289 terra
657 2226 930 2292 IideDei,
982 2233 1038 2281 et
1096 2220 1419 2278 redundabit
1465 2218 1607 2273 sicut
1646 2230 1787 2285 aqua

211 2328 404 2395 maris;
433 2345 454 2380 ι
481 2334 536 2381 et
566 2324 631 2379 de
679 2323 785 2377 illis
830 2319 965 2375 dixit
1001 2315 1294 2372 Salomon:
1328 2332 1347 2364 ι
1378 2309 1602 2366 Domine
1649 2308 1790 2362 Deus

214 2434 384 2487 meus,
416 2432 540 2473 cum
565 2413 777 2471 venerit
823 2409 1128 2481 alienigena
1176 2406 1242 2460 ad
1278 2404 1495 2459 domum
1544 2408 1789 2455 sanctam

210 2522 375 2578 tuam,
410 2519 467 2567 et
504 2506 839 2564 invocaverit
869 2518 1067 2558 nomen
1103 2508 1254 2554 tuum
1289 2494 1655 2557 benedictum,
1693 2505 1792 2545 ex-

213 2601 329 2657 audi
362 2615 510 2665 eum,
540 2596 767 2652 Domine
810 2595 955 2650 Deus
1002 2605 1175 2654 meus,
1206 2596 1267 2642 ut
1314 2584 1489 2640 discat
1537 2582 1791 2635 universa

216 2702 350 2750 terra
370 2705 564 2747 nomen
582 2700 732 2743 tuum
750 2688 960 2751 timere,
978 2684 1115 2739 sicut
1138 2675 1539 2752 populnslsracl
1565 2676 1645 2748 (ιιι
1666 2673 1791 2744 Reg.

215 2786 351 2857 mi).
374 2804 394 2839 ι
419 2784 475 2838 In
505 2798 612 2854 quo
638 2796 769 2853 ergo
790 2776 1166 2850 gloriabimur,
1193 2772 1409 2828 domine
1437 2771 1529 2835 mi,
1553 2778 1607 2825 et
1627 2781 1796 2838 quare

218 2874 613 2932 contemnimus
665 2872 892 2942 gentes!
941 2884 1007 2924 ex
1060 2880 1169 2937 quo
1227 2864 1485 2919 Salomon
1535 2860 1794 2930 propheta

218 2967 342 3024 fecit
363 2982 455 3022 eas
484 2964 780 3036 participes
812 2962 866 3016 in
895 2960 1090 3016 timore
1121 2958 1238 3023 Dei,
1262 2964 1316 3011 et
1346 2955 1397 3009 in
1421 2954 1579 3008 domo
1611 2960 1798 3007 sancta

220 3059 516 3121 nobiscum,
548 3064 603 3110 et
630 3056 770 3109 forte
808 3052 1176 3120 nosindiguos
1209 3048 1369 3120 ejccit
1406 3045 1546 3101 Deus
1588 3046 1653 3099 de
1696 3044 1796 3098 ista

222 3152 396 3214 domo,
422 3160 478 3204 et
503 3147 647 3203 dedit
669 3161 791 3201 eam
813 3144 953 3209 istis,
974 3152 1028 3198 et
1049 3142 1114 3198 de
1136 3141 1240 3196 illis
1263 3140 1425 3193 etiam
1441 3138 1573 3191 dixit
1595 3135 1795 3192 Moses:

228 3263 248 3297 ι
280 3244 401 3299 ﬂmc
442 3242 576 3298 dicit
614 3240 876 3295 Dominus
921 3238 1063 3292 Deus
1098 3249 1288 3291 meus:
1330 3232 1647 3303 Replebitur
1690 3238 1799 3285 tota

225 3347 365 3393 terra
394 3335 563 3407 gloria
603 3331 813 3388 Domini
843 3330 1032 3402 (Num.
1072 3329 1205 3397 xiv).
1243 3347 1259 3379 ι
1297 3325 1364 3379 Et
1411 3325 1476 3378 de
1508 3322 1637 3392 ipsis
1667 3321 1805 3376 dixit

227 3432 386 3486 David
415 3449 431 3487 :
462 3449 481 3482 ι
528 3428 866 3484 Prteveuient
908 3435 961 3481 et
991 3430 1373 3478 convertentur
1411 3419 1476 3473 ad
1519 3420 1804 3473 Dominum

228 3528 452 3583 universi
505 3525 640 3579 lines
692 3533 874 3588 terra),
934 3529 987 3577 et
1030 3520 1173 3575 mille
1229 3513 1803 3588 generationesU’saI.

234 3619 357 3690 xxi).
390 3638 408 3669 ι
447 3617 524 3672 De
565 3615 696 3687 ipsis
719 3614 856 3670 dixit
884 3613 1047 3668 etiam
1085 3612 1292 3665 Isaias:
1333 3626 1349 3659 ι
1380 3606 1422 3664 Ο
1468 3607 1659 3662 domus
1708 3605 1811 3659 Da-

237 3710 311 3764 vid
346 3716 553 3772 sancta,
588 3708 732 3762 venit
755 3707 935 3761 lumen
968 3715 1138 3768 tuum,
1170 3711 1225 3757 et
1249 3699 1421 3770 gloria
1464 3697 1679 3752 Domini
1711 3713 1808 3751 suo

236 3814 319 3870 per
360 3810 410 3854 te
462 3808 585 3854 orta
634 3807 754 3864 est,
818 3807 921 3851 etc.
975 3795 1039 3850 Et
1091 3792 1445 3847 ambulabunt
1492 3798 1681 3858 gentes
1756 3789 1810 3843 in

239 3890 429 3945 lumine
464 3898 581 3954 tuo,
613 3898 667 3944 et
699 3903 854 3959 reges
887 3888 937 3941 in
970 3886 1253 3955 splendore
1278 3893 1430 3938 ortus
1454 3882 1549 3936 tui.
1582 3880 1725 3936 Leva
1758 3880 1813 3934 in

236 3983 455 4039 circuitu
505 3981 694 4037 oculos
723 3990 843 4035 tuos
879 3988 933 4036 et
959 3979 1103 4043 vide,
1140 3990 1327 4033 omnes
1364 3976 1449 4030 isti
1504 3973 1812 4045 congregati

238 4081 370 4135 sunt,
404 4081 673 4125 venerunt
702 4068 817 4132 tibi,
848 4076 903 4122 et
930 4067 1025 4121 ﬁlii
1050 4062 1293 4121 extranei
1325 4062 1664 4119 :cdilicabunt
1694 4078 1813 4115 mu-

238 4170 415 4225 ros,et
442 4159 721 4230 principes
751 4171 937 4211 eorum
975 4156 1214 4211 servient
1260 4154 1353 4208 tibi
1381 4151 1515 4224 (lsa.
1541 4152 1653 4223 ιι).
1705 4171 1722 4203 ›
1753 4151 1819 4205 Et

241 4256 321 4324 qui
352 4262 485 4307 sunt
508 4252 595 4305 isti
629 4250 721 4302 lilii
747 4248 1013 4315 extranei,
1040 4247 1257 4302 domine
1281 4245 1374 4309 uti,
1422 4244 1513 4314 qui
1551 4251 1818 4298 venerunt

239 4347 297 4399 ad
323 4348 543 4400 domum
582 4344 703 4409 Dei,
739 4344 844 4398 nisi
884 4350 1073 4411 gentes
1115 4353 1234 4411 qua:
1281 4337 1586 4393 serviebant
1640 4336 1814 4402 idolis,

238 4456 345 4509 qua:
372 4447 534 4494 erant
564 4447 839 4493 extraneae
876 4451 905 4490 a
933 4437 1063 4501 Deo,
1092 4442 1146 4489 et
1171 4434 1269 4505 ipsi
1301 4432 1570 4503 principes
1592 4438 1646 4485 et
1668 4446 1819 4501 reges

1139 368 1339 425 LIBER
1381 366 1468 421 DE
1491 357 1765 417 MESSIE
1790 352 2118 411 ADVENTU
2156 348 2599 407 ΡΒᾸΞΤΕΠΙΤΟ.

3347 342 3452 397 554

1875 469 2083 541 (Ibitl.).
2118 487 2136 519 ι
2181 474 2237 520 et
2262 466 2327 519 de
2382 472 2576 533 populo
2622 458 2754 514 dixit
2802 456 3010 511 Isaias:
3047 473 3064 506 ι
3114 452 3458 520 Qnmsicrunt

1870 573 1956 615 me
1981 568 2035 613 et
2062 572 2167 611 non
2197 554 2627 623 interrogabant,
2652 558 2705 604 et
2730 548 3056 602 invenerunt
3100 560 3186 599 me
3216 544 3308 613 qui
3344 559 3451 596 non

1870 650 2187 720 quaerebant
2224 661 2308 699 me
2343 642 2480 712 (lsai
2509 642 2658 709 va).
2697 659 2713 691 ι
2763 638 2829 693 Ει
2875 637 2941 691 de
2974 635 3103 704 ipsis
3140 634 3267 689 dicit
3304 631 3457 687 Iere-

1870 743 2045 796 mias:
2085 759 2103 791 ι
2132 735 2616 807 Congrcgabuntur
2639 746 2829 787 omnes
2870 730 2923 783 in
2965 728 3185 782 nomine
3226 726 3458 787 Domini.

1870 834 1925 889 in
1957 834 2116 888 domo
2146 838 2353 892 saneta,
2385 834 2439 882 et
2470 841 2575 881 non
2598 822 2946 877 ambulabunt
2974 819 3027 873 in
3055 818 3322 887 pravitate
3349 829 3462 870 eor-

1871 923 2019 978 dinm
2069 920 2203 992 (ler.
2244 917 2350 988 ιιι).
2404 934 2423 967 »
2468 914 2544 969 De
2594 913 2726 983 ipsis
2774 911 2913 966 idem
2966 909 3228 979 propheta
3279 906 3456 961 dixit:

1878 1034 1896 1067 ι
1930 1013 2011 1070 Ad
2056 1022 2108 1067 te
2141 1011 2362 1065 venient
2391 1021 2579 1063 omnes
2620 1012 2808 1075 gentes
2853 1003 2921 1057 ab
2958 999 3217 1056 extremis
3269 998 3465 1052 ﬁnibus

1876 1114 2056 1169 terrm,
2086 1112 2142 1158 et
2168 1103 2391 1158 dicent:
2435 1098 2550 1153 Non
2592 1096 3041 1151 barreditaveruut
3082 1097 3267 1161 patres
3292 1089 3464 1143 nostri

1874 1198 1978 1253 nisi
2007 1194 2345 1251 mendacium
2399 1198 2453 1246 et
2502 1188 2846 1259 iniquitatem
2905 1184 3039 1257 (Jer.
3063 1184 3200 1254 xu).
3233 1202 3251 1234 ι
3282 1182 3350 1235 Et
3397 1181 3464 1235 de

1878 1290 2012 1360 ipsis
2044 1289 2183 1342 dixit
2204 1284 2513 1356 Sophouias
2545 1297 2559 1335 :
2595 1299 2616 1333 ε
2652 1272 2845 1334 Daium
2876 1288 2957 1333 est
2989 1276 3239 1349 gentibus
3274 1284 3334 1329 ut
3382 1274 3465 1329 lo-

1878 1386 2176 1448 querentur
2212 1372 2371 1429 simul
2396 1372 2451 1426 in
2498 1369 2717 1425 nomine
2764 1366 2999 1429 Domini,
3028 1375 3083 1419 et
3133 1365 3372 1421 servient
3416 1363 3467 1417 ei

1880 1469 2109 1521 humero
2149 1478 2280 1529 uno,
2311 1462 2489 1517 omnis
2514 1461 2674 1514 homo
2710 1459 2775 1512 de
2801 1458 2920 1510 loco
2950 1472 3070 1521 suo,
3095 1464 3151 1510 ct
3173 1469 3361 1509 omnes
3384 1454 3467 1507 in-

1881 1558 2011 1615 sula:
2040 1557 2277 1629 gentium
2308 1552 2493 1625 (Sapit.
2528 1552 2633 1619 ιιι).
2662 1569 2680 1601 ι
2723 1549 2791 1603 Ει
2825 1549 2892 1604 de
2930 1548 3033 1602 illis
3082 1548 3218 1601 dixit
3264 1546 3468 1601 Zacha-

1882 1651 1993 1706 rias
2032 1668 2045 1703 :
2095 1667 2112 1700 ι
2158 1648 2393 1714 Laetare,
2421 1646 2616 1700 domus
2646 1641 2779 1697 Sion
2812 1659 2826 1695 :
2869 1641 2994 1710 quia
3027 1654 3123 1709 ego
3148 1638 3359 1692 veniam
3402 1636 3470 1691 ad

1884 1750 1958 1808 te,
1987 1750 2043 1797 et
2068 1740 2326 1794 habitabo
2372 1738 2425 1791 in
2456 1736 2633 1790 medio
2664 1735 2739 1787 tui
2776 1734 2829 1787 in
2858 1732 2947 1787 illa
2969 1732 3078 1795 die,
3107 1740 3161 1784 et
3184 1730 3473 1798 appropin-
3528 1762 3533 1765 ς

1888 1833 2130 1904 quabuut
2157 1830 2267 1885 Deo
2292 1834 2477 1896 gentes
2505 1827 2557 1881 in
2597 1824 2942 1880 multitudine
2981 1836 3076 1877 sua
3123 1819 3309 1890 (Za.li.
3336 1819 3418 1888 ιι).
3447 1836 3467 1869 ι

1887 1925 2025 1981 Dicit
2052 1924 2191 1978 idem
2225 1921 2484 1992 propheta
2518 1920 2692 1989 capite
2723 1926 2916 1972 octavo
2948 1934 2959 1968 :
2990 1934 3011 1967 ι
3052 1915 3178 1969 Ilzec
3214 1914 3340 1967 dicit
3372 1912 3477 1966 Do-

1886 2015 2067 2070 minus
2121 2011 2263 2066 Deus
2312 2009 2635 2074 exercitum,
2688 2007 2908 2063 venient
2954 2016 3144 2077 gentes
3191 2001 3371 2057 multae
3410 2002 3479 2055 de

1888 2107 2021 2162 locis
2052 2104 2266 2171 multis,
2306 2113 2359 2158 ct
2393 2104 2538 2158 dicet
2567 2101 2650 2155 vir
2682 2101 2749 2155 ad
2787 2101 3021 2155 vicinum
3061 2112 3216 2153 stutm
3248 2113 3259 2149 :
3304 2095 3379 2151 Va
3403 2095 3479 2146 'a-

1888 2213 2011 2253 mus
2034 2205 2088 2251 et
2135 2208 2442 2264 quaeramus
2484 2190 2770 2247 Dominum
2814 2189 2983 2243 Deum
3016 2188 3067 2241 in
3114 2188 3253 2240 Iouo
3290 2183 3477 2255 (chit.

1890 2290 1975 2361 ιι).
2010 2308 2026 2341 ι
2054 2298 2108 2342 et
2139 2288 2273 2350 ista,
2314 2286 2540 2340 Domine
2594 2285 2687 2351 mi,
2739 2282 3006 2351 completa
3061 2289 3185 2335 sunt
3226 2292 3387 2335 nunc.
3423 2285 3483 2331 et

1891 2377 2231 2447 complentur
2258 2376 2311 2430 in
2336 2366 2511 2429 oculis
2546 2373 2748 2427 nostris
2776 2373 2842 2426 de
2865 2372 3043 2442 plano,
3077 2369 3225 2424 vides
3256 2366 3485 2438 potiulos

1893 2478 1948 2524 et
1991 2469 2199 2539 linguas
2229 2467 2409 2537 legere
2446 2465 2615 2520 libros
2651 2464 2816 2535 Legis
2864 2473 2916 2518 et
2945 2462 3341 2531 Prophetarum
3368 2474 3486 2513 om-

1894 2560 2042 2615 nium
2066 2569 2118 2613 et
2140 2558 2494 2624 Psalterium;
2520 2558 2759 2611 dimissis
2783 2555 2938 2611 idolis
2963 2555 3096 2619 suis,
3126 2554 3304 2608 nullus
3317 2568 3380 2605 ex
3406 2550 3487 2606 eis

1897 2651 2070 2707 credit
2096 2666 2192 2721 per
2223 2664 2441 2704 manum
2489 2648 2677 2711 Musis.
2709 2665 2810 2704 nec
2851 2648 3054 2713 Aaron,
3106 2659 3209 2701 nee
3258 2643 3489 2713 alicujus

1897 2740 2282 2811 prophetarum
2312 2745 2645 2803 nostrorum,
2669 2751 2767 2792 nec
2796 2736 2996 2807 aliquid
3026 2744 3268 2791 remanet
3294 2735 3361 2788 de
3382 2734 3488 2787 ﬁde

1898 2837 1967 2891 ab
1995 2835 2153 2918 idolis
2184 2835 2251 2889 ab
2283 2834 2372 2888 illo
2404 2842 2661 2903 tempore,
2695 2848 2802 2902 quo
2828 2832 3168 2886 crediderunt
3194 2827 3349 2883 Iusto
3375 2826 3445 2879 illi
3471 2865 3487 2889 ,

1900 2928 1964 2984 de
1988 2945 2097 3000 quo
2129 2928 2258 2984 dicit
2292 2927 2544 2983 llabacue
2576 2944 2589 2981 :
2628 2946 2645 2978 ι
2694 2926 2957 2996 Egressus
2993 2940 3085 2991 es,
3127 2922 3385 2987 Domine,
3422 2919 3491 2973 ad

1899 3019 2132 3073 salutem
2182 3018 2368 3089 populi
2410 3018 2522 3084 tui,
2571 3016 2639 3071 ad
2692 3016 2923 3072 salutem
2969 3031 3092 3071 eum
3134 3012 3349 3068 Christo
3400 3018 3496 3065 tuo

1903 3108 2132 3179 (llabac.
2172 3110 2277 3177 ιιι).
2311 3126 2332 3159 ι

2485 3238 2714 3295 CAPUT
2752 3237 2914 3294 XVII.

1905 3335 1984 3390 De
2014 3334 2362 3403 viviﬁcatione
2388 3334 2617 3402 gentium
2646 3342 2691 3384 et
2736 3329 3096 3399 interiectione
3142 3327 3481 3403 Iudicat-um,

1950 3412 1963 3419 '
2116 3401 2268 3473 prout
2298 3401 2455 3457 etiam
2479 3404 2733 3455 videbitur
2758 3404 2812 3453 in
2844 3402 3012 3470 capite
3033 3401 3285 3470 sequenti.

1980 3518 2192 3580 Timeo,
2224 3516 2442 3571 domine
2474 3514 2563 3578 mi,
2595 3516 2739 3584 quod
2763 3515 2906 3567 Deus
2952 3513 3124 3568 victor
3143 3520 3197 3567 et
3224 3511 3507 3584 gloriosus

1911 3614 2148 3669 viviﬁcat
2177 3614 2297 3668 illas
2333 3622 2521 3684 gentes
2553 3627 2648 3681 per
2686 3612 2845 3665 Iidem
2890 3620 2945 3666 et
2979 3611 3238 3668 interﬁcit
3270 3626 3368 3667 nos
3419 3611 3503 3665 iu-

1912 3704 2233 3760 credulitate
2260 3714 2477 3768 nostra,
2507 3703 2651 3758 sicut
2685 3703 2798 3774 ipse
2847 3704 2977 3757 dicit
3004 3719 3099 3772 per
3121 3718 3182 3758 os
3209 3703 3357 3760 Isaia
3377 3717 3503 3773 pro-

1914 3799 2090 3869 pheta:
2127 3815 2138 3850 :
2172 3814 2191 3847 ε
2228 3795 2336 3851 Pro
2364 3813 2429 3852 eo
2475 3798 2618 3865 quod
2666 3798 2851 3851 vocavi
2877 3806 2934 3852 et
2977 3812 3082 3852 non
3127 3797 3500 3867 respondistis.

1918 3890 2036 3943 lucc
2059 3888 2193 3943 dicit
2218 3888 2480 3942 Dominus
2504 3887 2650 3943 Deus
2676 3905 2689 3941 :
2726 3888 2862 3943 Ecce
2894 3889 3037 3943 servi
3068 3889 3172 3944 mei
3195 3889 3503 3955 comedent,

1918 3992 1972 4037 et
2010 3996 2103 4035 vos
2131 3981 2405 4036 esurietis.
2438 3981 2578 4036 Ecce
2609 3982 2753 4036 servi
2803 3983 2907 4036 mei
2938 3982 3131 4037 bibent
3152 3990 3206 4037 et
3228 3997 3323 4037 vos
3351 3982 3507 4036 sitie-

1921 4077 2008 4157 tis.
2034 4075 2174 4130 Ecce
2206 4075 2351 4130 servi
2384 4075 2487 4129 mei
2520 4076 2761 4145 gaudent
2808 4076 2862 4129 in
2902 4076 3267 4129 exsultatione
3300 4076 3509 4140 cordis,

1918 4178 1973 4222 et
1990 4183 2082 4223 vos
2104 4169 2494 4224 coneutiemini
2521 4184 2630 4239 pra:
2654 4169 3020 4222 amaritudine
3038 4168 3240 4232 cordis,
3256 4177 3313 4221 et
3340 4166 3509 4221 inter-

1920 4260 2067 4317 ﬁeiet
2111 4270 2162 4316 te
2214 4261 2379 4324 Deus,
2431 4275 2464 4314 o
2516 4261 2699 4323 Israel,
2730 4270 2785 4314 et
2832 4260 3050 4313 vocabit
3078 4273 3262 4313 servos
3290 4257 3511 4312 nomine

1921 4354 2051 4416 alio,
2084 4354 2272 4425 inquo
2318 4353 2601 4407 benedixit
2628 4353 2735 4407 illis
2780 4352 2870 4422 qui
2897 4360 2980 4405 est
3002 4340 3315 4406 benedictus
3344 4364 3511 4418 super

1924 4452 2148 4500 terram.
2176 4445 2346 4499 Amen
2376 4443 2531 4515 (Isai.
2565 4444 2713 4515 va).
2754 4464 2771 4496 ι
2801 4444 2864 4497 Et
2889 4458 2985 4496 nos
3013 4441 3314 4497 videbimus
3360 4453 3512 4495 rece-

241 4548 443 4599 eorum,
475 4533 764 4602 dequibus
793 4530 931 4586 dixit
973 4529 1135 4593 Deus,
1180 4526 1323 4595 quod
1371 4523 1719 4578 ambulabunt
1764 4522 1799 4576 it

1924 4547 2108 4608 ptores
2134 4537 2291 4591 istius
2319 4536 2557 4592 nominis
2584 4535 2897 4590 benedictos
2920 4550 2947 4587 a
2986 4534 3096 4588 Deo
3122 4548 3285 4603 super
3310 4531 3513 4587 faciem

244 4624 434 4679 lumine
478 4626 676 4679 domus
718 4629 943 4688 sanctaa,
984 4630 1040 4675 et
1082 4634 1181 4673 nos
1225 4617 1429 4672 erimus
1476 4614 1529 4668 in
1585 4614 1821 4669 tenebris

242 4724 385 4770 extra
412 4716 585 4782 illam,
633 4723 686 4769 et
735 4728 923 4768 sumus
965 4711 1076 4780 jam
1112 4717 1238 4766 sunt
1288 4707 1433 4762 inille
1482 4706 1629 4761 anni.
1684 4706 1826 4760 Dixit

247 4809 413 4862 adhuc
440 4808 582 4863 idem
613 4806 877 4877 propheta
913 4806 979 4858 de
1009 4803 1112 4858 illis
1140 4817 1155 4856 :
1194 4820 1212 4853 ι
1253 4800 1395 4855 Ecce
1420 4808 1632 4869 gentem
1664 4811 1823 4868 quam

245 4899 515 4955 nesciebas
549 4900 802 4963 vocabis,
827 4907 883 4953 et
909 4896 1151 4951 nationes
1187 4910 1307 4965 qua:
1340 4902 1393 4947 te
1426 4907 1532 4946 non
1563 4904 1829 4962 mgnovc-

248 5000 365 5045 runt
388 4992 455 5046 ad
488 4999 540 5046 te
590 4992 811 5046 venient
844 4988 1005 5062 (lsni.
1034 4989 1169 5058 LIII).
1211 5007 1229 5040 ι
1280 4986 1348 5041 Et
1401 4986 1543 5040 sicut
1583 4986 1649 5040 dc
1686 4985 1827 5039 laeto

247 5086 505 5147 videmus,
533 5085 692 5140 hodie
730 5094 860 5140 sunt
891 5081 1037 5136 mille
1062 5081 1185 5135 anni
1225 5092 1281 5135 et
1318 5081 1453 5135 ultra
1473 5119 1486 5140 ,
1520 5078 1646 5150 quia
1672 5076 1830 5134 Chri-

249 5187 361 5210 ειηα
382 5182 576 5210 Inice-oc

603 5176 900 5210 can-Indum
932 5172 1102 5210 Innnm
1132 5173 1285 5210 nnhia
1336 5174 1514 5210 elatam
1564 5171 1710 5210 vnnil
1776 5176 1831 5210 ρι

1930 4636 2112 4692 teme,
2143 4635 2199 4682 et
2227 4641 2324 4682 nos
2370 4626 2650 4696 dispersit,
2689 4626 2899 4679 scilicet
2944 4624 2998 4679 in
3048 4624 3363 4694 captivitate
3415 4637 3513 4693 per

1927 4730 2160 4793 quatuor
2205 4728 2389 4791 partes
2434 4721 2641 4781 tuundi,
2688 4720 2848 4775 hodie
2892 4728 3018 4772 sunt
3068 4720 3214 4775 mille
3259 4719 3406 4787 anni.
3447 4696 3518 4773 Et

1927 4824 2192 4885 apparent
2219 4826 2476 4882 expresse
2506 4812 2556 4865 in
2589 4813 2748 4867 nobis
2789 4810 3019 4879 vestigia
3055 4810 3149 4865 irae
3174 4810 3288 4873 Dei,
3316 4824 3422 4863 non
3448 4811 3519 4863 ad

1928 4905 2364 4974 castigationem,
2398 4903 2491 4959 sed
2521 4903 2587 4955 ad
2632 4901 3082 4965 destructionem,
3117 4910 3173 4958 et
3202 4900 3290 4955 illa
3322 4907 3407 4953 est
3437 4899 3524 4952 in-

1934 4997 2185 5054 terfectio
2212 5012 2375 5067 quam
2403 4995 2544 5049 Dens
2574 4996 2943 5051 comminatus
2987 5004 3092 5059 est,
3122 4993 3268 5067 quod
3311 4992 3524 5046 interli-

1931 5091 2042 5146 eiet
2089 5088 2277 5154 Israel,
2322 5097 2380 5141 et
2407 5086 2510 5141 illa:
2541 5098 2736 5153 gentes
2777 5088 2937 5153 vivat,
2957 5102 3094 5156 quas
3122 5095 3281 5143 vocat
3310 5099 3525 5145 servos,

1934 5180 2194 5210 -ηηῖηἶηνιί
2229 5192 2424 5210 nan-nn
2470 5179 2616 5210 ηιιΛιΙ
2672 5181 2815 5210 ἢκ...
2847 5178 3093 5210 ηνΔητῖοἶΙ
3145 5179 3237 5210 alia.
3267 5189 3370 5210 nnn
3399 5183 3530 5210 ιιιιειι
