4018 5330
508 275 615 332 555

1078 392 1307 450 CAPUT
1349 390 1530 446 XVIII.

509 478 785 546 Quomodo
815 492 989 555 gentes
1013 501 1102 553 per
1129 484 1288 553 ﬁdem
1335 483 1617 555 vlui/ialer
1655 481 1844 535 habent
1867 481 2092 535 munda:

623 586 626 598 ;
818 552 831 555 ⁷
937 552 1292 609 observantius
1340 569 1487 606 novre
1520 552 1666 622 legis.

581 667 790 732 Timeo,
820 667 1040 724 domine
1090 667 1184 732 mi,
1217 667 1362 736 quod
1405 675 1598 737 gentes
1643 665 1760 721 istae
1808 665 2096 721 viviﬁcante

509 767 671 823 sunt,
697 758 813 830 jam
867 766 996 814 sunt
1048 758 1195 814 mille
1220 759 1350 814 anni
1395 768 1680 829 postquam
1728 757 2098 822 fuitmortuns

512 846 674 902 .Iesus
699 849 751 902 in
785 846 1113 914 Jerusalem,
1143 849 1272 918 quia
1297 847 1431 902 nihil
1457 847 1585 926 boni
1611 847 1920 905 habuerunt
1944 859 2096 902 ante-

511 953 677 1006 quam
703 939 1056 995 crediderunt
1088 939 1141 993 in
1165 941 1356 1005 Deum,
1389 949 1444 994 et
1470 939 1523 994 in
1568 937 1844 995 Christum
1878 949 1931 995 et
1969 955 2097 1010 apo-

512 1031 689 1096 stolis,
741 1031 1000 1100 quoniam
1050 1032 1156 1102 ipsi
1205 1031 1348 1087 forte
1390 1040 1547 1090 erant
1592 1032 1669 1086 illi
1705 1031 1885 1102 pisces
1913 1041 1966 1088 et
1997 1032 2097 1087 illac

510 1121 723 1186 bestize,
752 1123 817 1176 de
845 1123 1042 1192 quibus
1087 1122 1328 1194 loquitur
1381 1123 1637 1178 llabacuc
1665 1124 1950 1194 propheta,
1976 1137 2097 1194 quae

511 1230 620 1270 non
652 1215 1098 1278 hahentdueem.
1145 1224 1201 1270 et
1250 1215 1377 1286 ipsa:
1411 1225 1602 1285 gentes
1654 1215 1952 1286 puriﬁcata:
2000 1230 2098 1285 per

512 1308 671 1362 ﬁdem
713 1307 916 1363 habent
939 1309 1147 1380 jejunia
1192 1323 1291 1364 sua
1321 1316 1378 1363 et
1409 1308 1786 1364 observantias
1810 1323 1936 1364 suas
1966 1307 2096 1379 legis

511 1415 685 1466 novaa,
717 1410 772 1455 et
799 1401 1002 1456 habent
1027 1409 1224 1456 cuncta
1255 1399 1344 1454 illa
1375 1415 1496 1470 qua:
1530 1400 1601 1456 ad
1621 1400 1944 1455 munditiam
1973 1414 2096 1470 pcr—

512 1493 686 1548 tineut
735 1493 790 1548 in
842 1494 959 1566 lege
1005 1495 1236 1565 antiqua
1267 1503 1524 1550 contenta
1555 1493 1888 1549 Judreorum.
1935 1493 2097 1548 Vides

508 1587 653 1656 quod
679 1587 732 1640 in
757 1573 906 1641 omni
953 1587 1154 1656 lingua,
1178 1597 1232 1642 et
1263 1588 1318 1641 in
1360 1587 1508 1642 omni
1562 1586 1680 1644 loco
1711 1586 1765 1640 in
1798 1584 2018 1641 Oriente
2043 1595 2098 1638 et

509 1676 828 1744 Occidente,
857 1678 1059 1736 Gentes
1091 1689 1218 1734 sunt
1255 1679 1578 1734 conﬁtentes
1626 1679 1680 1732 in
1727 1678 1944 1734 nomine
1991 1676 2095 1732 Do-

1651 275 1999 334 SAMUELIS
2036 274 2466 336 MAROCHIANI

3680 286 3778 341 556

2123 401 2174 456 Α
2202 391 2342 446 sicut
2369 389 2568 460 plantae
2589 399 2816 446 novellae
2838 390 3013 463 (Psal.
3042 393 3268 463 cxxvn).
3303 413 3322 446 ι
3357 393 3433 450 De
3464 395 3661 459 Israel.
3689 399 3778 452 do-

2197 479 2344 534 mine
2373 480 2470 546 mi,
2501 475 2637 557 dixit
2662 479 2803 536 Deus
2828 497 2926 552 per
2952 497 3014 538 os
3035 481 3191 538 Isaia:
3216 501 3230 537 :
3262 503 3280 536 ι
3322 485 3485 540 Vinea
3510 486 3606 540 Dei
3633 502 3779 542 exer-

2197 569 2400 624 cituum
2442 570 2545 626 fuit
2591 568 2784 626 domus
2809 571 3003 640 Israel,
3042 575 3349 644 exspectavi
3388 577 3534 646 quod
3576 577 3782 634 veniret

2195 675 2320 716 cum
2351 676 2453 715 uva
2473 702 2488 728 ,
2520 661 2748 717 etvenit
2784 678 2906 716 eum
2939 663 3132 734 spinis,
3168 664 3388 737 prapter
3417 669 3524 724 hoc
3550 684 3650 738 ego
3692 670 3782 723 ad-

2197 751 2390 806 ducam
2412 753 2502 821 qui
2518 753 2761 807 destruet
2782 752 2999 808 illam‘in
3015 756 3474 812 conculcationem
3496 759 3654 829 tlsni.
3673 759 3776 829 v).i

2198 843 2264 898 Et
2295 845 2360 899 de
2390 843 2495 898 illis
2515 843 2786 914 pra-dictis
2815 843 2939 900 ﬁliis
2965 845 3061 901 Dei
3100 847 3192 916 qui
3224 857 3488 903 vocantur
3520 849 3782 920 apostoli,

2202 931 2340 988 dixit
2388 933 2532 988 Deus
2572 949 2668 1005 per
2703 949 2767 989 os
2813 922 3002 989 lsaim:
3059 955 3076 987 ι
3124 934 3242 992 Non
3288 939 3450 994 modo
3499 942 3784 996 erubescet

2197 1019 2394 1088 Jacoh,
2425 1040 2492 1078 tte
2534 1022 2772 1093 liqueﬁat
2803 1024 2973 1080 facies
3001 1024 3141 1092 ejus,
3171 1027 3266 1084 sed
3305 1038 3432 1084 tunc
3460 1031 3679 1101 quando
3713 1028 3786 1084 vi-

2199 1115 2344 1170 debit
2375 1118 2441 1172 de
2469 1116 2594 1172 ﬁliis
2623 1117 2736 1174 suis
2762 1117 2887 1174 illos’
2910 1134 3045 1189 quos
3072 1131 3394 1176 creaverunt
3428 1137 3624 1177 manus
3648 1137 3783 1176 me:e

2199 1209 2567 1265 sanetiﬁcatos
2597 1219 2724 1266 ante
2748 1211 2932 1266 oculos
2968 1228 3093 1267 suos
3123 1211 3281 1284 (1ιαὶ.
3311 1224 3454 1283 cxv).
3489 1233 3506 1266 ι
3534 1215 3600 1268 Et
3628 1214 3674 1269 si
3704 1229 3788 1270 es-

2197 1311 2340 1369 sent,
2370 1303 2587 1358 domine
2628 1303 2700 1357 mi
2725 1343 2741 1371 ,
2777 1304 2868 1358 ﬁlii
2905 1305 2995 1360 isti
3031 1306 3353 1361 sattctilicati
3396 1322 3578 1361 coram
3630 1307 3790 1362 nobis

2197 1395 2492 1450 secundum
2517 1395 2657 1450 viam
2687 1395 2820 1466 legis
2845 1405 3067 1462 nostrae,
3096 1413 3202 1452 non
3227 1398 3497 1453 diceretur
3519 1397 3584 1452 de
3607 1397 3787 1464 nobis,

2199 1486 2342 1555 quod
2371 1500 2617 1542 essemus
2650 1487 2704 1542 in
2742 1487 3150 1554 erubescenda;
3175 1499 3460 1559 propterea
3498 1497 3552 1543 et
3586 1488 3788 1543 dissol-

2202 1587 2454 1630 verentur
2482 1576 2650 1632 facies
2679 1587 2907 1644 nostrm,
2948 1579 3056 1634 into
3090 1580 3416 1635 haberemus
3455 1579 3687 1649 gloriam
3736 1588 3790 1633 et

2199 1669 2608 1738 resplenderent
2640 1669 2809 1726 facies
2846 1681 3081 1738 nostrae,
3109 1673 3203 1728 sed
3241 1672 3491 1729 conlusio
3525 1673 3792 1727 lacicrum

510 1767 693 1832 tnini,‘
727 1777 783 1822 et
829 1784 935 1824 non
992 1769 1224 1825 credunt
1268 1769 1321 1824 in
1351 1785 1476 1824 eum
1517 1785 1613 1837 per
1637 1769 1844 1833 Mosen,
1876 1783 1974 1823 nec
1996 1784 2092 1838 per
2124 1768 2166 1824 Β
2195 1761 2363 1818 Jacob
2385 1771 2441 1816 et
2463 1762 2727 1819 desolalio
2754 1775 2838 1820 εει
2864 1766 2968 1820 ista
2993 1807 3008 1833 ,
3043 1767 3188 1838 quod
3223 1767 3309 1823 isti
3342 1766 3438 1822 ﬁlii
3475 1783 3612 1836 quos
3643 1766 3792 1821 Deus

509 1857 748 1928 aliquem
774 1861 1193 1930 prophetarum,
1215 1861 1466 1930 quamvis
1491 1870 1618 1916 sunt
1644 1860 1872 1916 studiosi
1898 1859 1949 1914 in
1976 1859 2092 1930 lege

509 1958 565 2004 et
597 1949 651 2003 in
681 1947 835 2004 libris
862 1950 1108 2004 omnium
1133 1939 1546 2020 prephetaruin,
1571 1951 1667 2006 sed
1705 1951 1847 2005 Deus
1882 1949 2092 2005 vocavit

509 2055 605 2096 eos
632 2055 729 2111 per
775 2041 1070 2112 discipulos
1097 2041 1251 2111 justi,
1298 2043 1388 2112 qui
1436 2058 1703 2114 egressus
1721 2052 1806 2098 est
1829 2058 1950 2097 cum
1984 2042 2092 2097 Deo

509 2133 576 2188 ad
608 2133 834 2188 salutem
859 2147 1071 2198 eorum,
1099 2135 1239 2190 sicut
1259 2135 1376 2204 ipse
1401 2135 1542 2190 Deus
1561 2134 1881 2191 benedictus
1903 2144 1958 2189 et
1979 2134 2094 2205 gloo

511 2224 691 2280 riosus
721 2225 970 2294 prtedixit
1006 2241 1104 2295 per
1139 2242 1203 2282 os
1252 2226 1507 2282 llabaeuc
1541 2227 1838 2297 pr0pheta:.
1890 2225 1958 2279 Et
2003 2224 2091 2280 isti

507 2319 755 2390 discipuli
783 2319 902 2390 ejus
930 2321 1149 2376 luerunt
1205 2321 1299 2375 lilii
1350 2321 1550 2387 nostri,
1607 2319 1675 2375 de
1723 2319 1851 2374 ﬁliis
1900 2317 2089 2384 Israel,

508 2414 760 2485 qni.alio
814 2417 1035 2470 nomine
1090 2423 1356 2471 vocantur
1410 2414 1664 2486 apostoli.
1739 2414 1906 2471 Valde
1947 2415 2091 2469 enim

510 2511 697 2576 timeo,
722 2511 942 2566 domine
973 2510 1066 2576 mi,
1091 2510 1236 2580 quod
1268 2511 1356 2566 isti
1387 2509 1610 2565 suntilli
1638 2511 1706 2565 de
1734 2509 1933 2580 quibus
1957 2510 2093 2564 dixit

509 2609 654 2664 Deus
681 2623 777 2678 per
803 2623 863 2662 os
893 2609 1062 2664 David
1111 2609 1167 2664 in
1216 2608 1424 2678 psalmo
1457 2626 1469 2661 :
1501 2627 1519 2658 ι
1551 2607 1607 2662 1η
1640 2622 1856 2662 omnem
1889 2617 2090 2662 terram

507 2703 678 2758 exivit
711 2717 879 2759 sonus
907 2719 1119 2768 eorum,
1146 2713 1201 2759 et
1247 2704 1299 2758 in
1331 2705 1594 2758 extremis
1626 2703 1822 2757 ﬁnibus
1871 2712 2092 2758 extensa

432 2770 449 2783 ’
488 2795 673 2848 -verba
722 2808 906 2848 eorum
967 2793 1140 2864 (Psal.
1191 2796 1372 2864 xvtn).
1413 2813 1431 2844 ›
1479 2793 1544 2848 Et
1590 2793 1755 2848 verba
1808 2793 2093 2863 Propheta:

512 2902 772 2958 expresse
803 2887 1184 2943 demonstrant
1233 2889 1390 2944 nobis
1417 2889 1561 2959 quod
1594 2889 1660 2942 de
1701 2889 1819 2944 istis
1858 2889 2094 2959 loquitur

484 2987 569 3033 'et
610 2993 716 3033 non
746 2979 812 3034 de
859 2979 1035 3046 nobis,
1061 2994 1183 3034 cum
1214 2978 1348 3034 dicit
1375 2997 1388 3032 :
1413 2978 1528 3034 Non
1561 2980 1664 3034 erit
1697 2979 1897 3050 lingua,
1923 2997 2094 3048 neque

511 3085 713 3136 sermo,
745 3071 836 3140 qui
881 3087 988 3125 non
1033 3071 1258 3125 audiant
1287 3086 1450 3126 voces
1499 3087 1688 3125 eorum
1725 3089 1736 3125 :
1771 3082 1826 3126 et
1855 3073 1954 3127 hoc
1987 3087 2091 3127 non

511 3171 689 3231 potest
737 3177 858 3218 esse
912 3163 980 3218 de
1031 3162 1214 3234 lingua
1265 3174 1452 3218 nostra
1497 3163 1723 3219 I‘lebrzca
1753 3183 1764 3219 :
1796 3181 1915 3236 qurc
1946 3167 2090 3220 enim

514 3264 704 3325 gentes
738 3255 999 3311 obcdiunt
1023 3255 1309 3326 prteceptis
1341 3255 1472 3311 Mosi
1504 3266 1557 3312 ct
1588 3257 1811 3312 Aaron?
1838 3258 2092 3326 Quinimo

501 3337 612 3416 ipsi
639 3348 1031 3404 interfecerunt
1052 3356 1241 3417 gentes
1282 3356 1338 3403 et
1381 3348 1703 3420 fugaverunt
1724 3365 1817 3406 eas
1843 3368 1872 3404 a
1896 3366 1970 3406 se.
2001 3349 2092 3405 liae

509 3453 691 3499 autem
724 3455 916 3517 gentes
967 3443 1149 3498 sciunt
1175 3445 1334 3501 hodie
1377 3444 1560 3502 Mosen
1590 3454 1644 3502 et.
1687 3447 2000 3518 prophetas,
2039 3459 2093 3502 et
2178 3493 2187 3501 .

481 3547 812 3608 agnoscunt
863 3536 1033 3590 Deum
1089 3546 1143 3591 et
1189 3547 1412 3592 servant
1461 3538 1633 3608 legem
1685 3556 1903 3606 novam,
1952 3541 2094 3596 sicut
2172 3572 2176 3576 -

512 3629 743 3698 apostoli
766 3628 1070 3684 docuerunt
1096 3643 1208 3684 eos.
1236 3628 1488 3684 Attamen
1521 3630 1616 3684 Dei
1648 3644 1855 3685 sumus.

1094 3739 1322 3795 CAPUT
1357 3740 1498 3796 XIX.

655 3827 730 3881 De
763 3829 1008 3882 electione
1033 3831 1386 3899 apostolorum
1416 3832 1528 3886 loco
1559 3835 1945 3904 prop/telarum.

583 3917 800 3984 Timeo,
843 3919 1062 3975 domine
1108 3920 1212 3986 tni,
1253 3924 1394 3992 quod
1440 3923 1571 3980 illud
1617 3928 1759 3996 quod
1801 3926 2094 3984 Zacharias

485 4074 490 4085 ἶ
509 4011 770 4080 propheta
793 4010 965 4065 dixit:
1001 4031 1020 4063 ι
1061 4010 1365 4070 Percutiam
1393 4026 1664 4085 pastorem
1696 4028 1751 4074 et
1785 4020 2096 4092 dispergen-

511 4109 598 4154 tttr
619 4116 748 4156 oves
767 4104 944 4173 gregis
967 4101 1150 4174 (Zaclt.
1178 4108 1316 4178 xm),
1340 4127 1359 4159 ι
1383 4108 1486 4164 l'uit
1507 4111 1858 4180 completum,
1880 4115 2095 4183 quando

482 4257 484 4260 ν
507 4208 610 4249 nos
633 4197 1001 4266 percussimus
1024 4207 1296 4267 pastorem
1329 4203 1551 4258 istorum
1583 4220 1877 4274 puerorum
1902 4217 1956 4263 et
1977 4225 2096 4264 sau-

508 4295 719 4342 ctorum
767 4290 1152 4359 apostolorum.
1207 4293 1288 4347 Ex
1348 4305 1472 4351 tunc
1533 4314 1634 4354 nos
1685 4315 1816 4355 oves
1865 4301 2095 4372 dispersi

507 4392 697 4433 smnus
725 4395 820 4449 per
847 4380 1160 4439 universum
1190 4384 1377 4439 orbem
1395 4427 1410 4450 ,
1437 4395 1492 4441 et
1525 4387 1614 4446 isti
1642 4388 1738 4444 ﬁlii
1773 4392 1962 4458 nostri,
1991 4393 2096 4448 sci-

509 4469 636 4524 licet
664 4472 920 4540 apostoli,
953 4485 1308 4530 surrexerunt
1348 4477 1462 4534 loco
1502 4481 1918 4550 pmphetarum;
1951 4485 2094 4555 quod

2202 4504 2423 4576 intelligi
2451 4508 2642 4562 debeat
2670 4509 2844 4565 honor
2870 4512 2957 4567 ille

509 4573 736 4632 apparet
753 4581 820 4619 ex
845 4567 946 4628 hoc
971 4570 1113 4638 quod
1147 4571 1290 4626 Deus
1317 4584 1440 4642 post
1471 4573 1591 4628 illos
1625 4591 1730 4630 non
1765 4579 1912 4633 misit
1941 4579 2094 4634 nobis

510 4657 862 4737 prophetam,
911 4674 1011 4715 nec
1063 4663 1362 4718 notilieavit
1413 4665 1614 4736 aliquid
1667 4683 1764 4737 per
1807 4671 2093 4727 visionem.

513 4733 722 4812 Timeo,
749 4749 967 4806 domine
1011 4753 1106 4818 mi,
1137 4756 1280 4824 qttod
1309 4756 1397 4811 isti
1422 4733 1572 4828 pueri
1601 4733 1710 4816 sint
1734 4763 1995 4831 apostoli,
2030 4765 2096 4820 de

509 4838 707 4906 quibus
741 4839 876 4893 dixit
909 4841 1048 4899 Deus
1087 4861 1182 4914 per
1227 4863 1290 4902 os
1321 4848 1485 4905 Joelis
1523 4852 1835 4921 prophetae:
1867 4875 1886 4907 ι
1927 4856 2097 4913 Senes

513 4931 680 4984 vestri
720 4945 929 4986 somnta
965 4937 1352 5006 somniabunt,
1384 4950 1438 4994 et
1476 4943 1629 5012 pueri
1657 4945 1818 4999 vestri
1865 4947 2098 5002 visiones

513 5025 766 5062 νῖιΙΛΙιηηΙ
813 5029 830 5062 ι’
849 5027 952 5062 ,ΛΔΙ

1013 5030 1076 5062 II‘
1152 5032 1464 5062 "A-ol:n~:mn
1540 5037 1749 5062 ιιΑυιςξ..-
1799 5042 1867 5062 ..-ε

2195 1854 2402 1909 creavit
2430 1871 2590 1910 manu
2614 1871 2734 1921 sua,
2770 1857 2980 1912 scilicet
3015 1857 3243 1929 apostoli
3266 1900 3280 1922 ,
3313 1869 3436 1916 sunt
3462 1857 3793 1914 sanctiﬁcati

2193 1959 2376 2000 coram
2408 1946 2585 2012 nobis,
2613 1955 2668 2000 et
2697 1963 2802 2002 non
2829 1949 3123 2004 secundum
3154 1950 3172 2004 l
3206 1965 3328 2020 gem
3359 1961 3624 2005 nostram.
3657 1949 3792 2006 Pro-

2194 2048 2379 2107 pterea
2412 2038 2555 2094 Deus
2577 2039 2670 2093 dat
2702 2039 3004 2112 intelligere
3041 2043 3187 2111 quod
3219 2045 3307 2098 lex
3337 2054 3524 2099 nostra
3560 2058 3671 2098 non
3703 2051 3792 2100 est

2194 2126 2277 2182 lex
2301 2128 2563 2198 ipsorum.
2597 2130 2920 2186 Dixitetiam
2950 2133 3092 2188 Deus
3113 2149 3211 2204 per
3234 2149 3295 2189 os
3324 2132 3660 2190 Ezechielis:
3683 2154 3701 2184 ι
3732 2134 3791 2188 In

2195 2217 2284 2272 illa
2315 2219 2402 2274 die
2431 2235 2537 2274 non
2561 2219 2744 2275 dicent
2772 2238 2785 2274 :
2824 2221 3012 2278 Patres
3046 2225 3215 2279 nostri
3247 2224 3601 2280 comederunt
3628 2241 3792 2278 uvam

2194 2311 2480 2378 acerbam,
2526 2321 2583 2368 et
2625 2312 2813 2370 dentes
2861 2314 3093 2371 ﬁliorum
3133 2315 3522 2388 obstupescunt
3567 2315 3790 2390 (Ezech.

2177 2401 2378 2471 ,xvm),
2410 2420 2428 2455 ι
2461 2402 2601 2457 sicut
2627 2403 2918 2460 inlidelitas
2949 2403 3261 2461 .ludzeorum
3303 2422 3408 2461 non
3439 2407 3595 2461 navit
3628 2406 3790 2460 ﬁdem

2193 2493 2584 2563 apostolorum,
2612 2511 2717 2550 non
2756 2497 2992 2562 nocebit,
3035 2507 3090 2553 et
3120 2513 3342 2569 propter
3363 2499 3467 2569 hoc
3495 2497 3788 2571 subditur:

2180 2601 2219 2653 ἰ
2256 2583 2387 2638 Vivo
2411 2600 2532 2656 ego,
2558 2585 2688 2640 dicit
2724 2587 3016 2655 Dominus,
3044 2589 3091 2644 si
3117 2591 3223 2644 erit
3253 2589 3394 2644 ultra
3436 2590 3792 2660 proverbium

2197 2675 2340 2730 istud
2363 2677 2416 2730 in
2439 2676 2604 2732 Israel
2625 2678 2826 2750 (ibid.),
2854 2702 2872 2732 ι
2899 2682 3025 2751 quia
3045 2697 3322 2752 uunqnam
3348 2683 3544 2754 aliquis
3568 2684 3638 2740 de
3658 2699 3792 2754 apo-

2201 2767 2353 2824 stolis
2391 2778 2676 2839 postquam
2726 2783 3047 2844 receperunt
3091 2774 3252 2828 ﬁdem
3302 2775 3462 2829 rediit
3509 2775 3577 2829 ad
3630 2777 3791 2828 ﬁdem

2196 2867 2462 2924 nostram,
2498 2875 2666 2930 quare
2713 2877 2819 2916 non
2869 2865 3110 2918 sentiunt
3153 2865 3508 2919 acet'hititem
3555 2863 3793 2918 inﬁdeli-

2198 2948 2326 3002 tatis
2372 2958 2591 3016 nostrae,
2637 2949 2781 3004 sicut
2818 2950 3008 3008 dentes
3053 2953 3226 3008 nostri
3270 2954 3671 3025 obstupescunt.
3725 2958 3791 3009 de

2198 3048 2420 3108 peccato
2446 3050 2658 3111 patrum
2694 3050 3022 3099 nostrorum.

2120 3120 2165 3182 C
2266 3129 2457 3185 Adhuc
2485 3130 2552 3186 de
2580 3132 2698 3187 iStis
2723 3134 2867 3201 liliis,
2895 3135 3111 3192 domine
3138 3139 3231 3204 mi,
3263 3138 3353 3210 qui
3381 3146 3509 3193 sunt
3533 3137 3790 3210 apostoli,

2197 3220 2332 3276 dixit
2349 3221 2488 3276 Deus
2503 3237 2596 3291 per
2608 3239 2670 3278 os
2683 3223 2832 3280 Isaiae
2848 3228 3143 3296 prophetse:
3157 3230 3228 3282 «Α
3245 3245 3349 3299 quo
3364 3229 3788 3297 transmigrabo,

2196 3313 2302 3368 nisi
2337 3329 2365 3366 a
2395 3314 2591 3383 populo
2623 3317 2779 3371 meo?
2807 3316 2929 3372 Filii
2969 3330 3151 3376 autem
3179 3322 3272 3392 qui
3309 3331 3466 3376 erunt
3507 3305 3789 3386 inﬁdeles,

2197 3405 2339 3460 Deus
2381 3408 2488 3461 erit
2546 3409 2786 3464 salvator
2844 3426 3032 3469 eorum
3109 3415 3163 3469 in
3217 3417 3468 3472 omnibus
3519 3416 3792 3485 angustiis

2197 3512 2407 3564 eorum,
2455 3508 2509 3554 et
2557 3499 2736 3556 vultus
2781 3501 2898 3571 ejus
2953 3507 3224 3562 custodiet
3274 3523 3368 3564 eos
3417 3508 3469 3561 in
3519 3507 3791 3562 charitate

2196 3586 2334 3656 ejus,
2361 3602 2413 3644 et
2447 3591 2497 3645 in
2540 3592 2825 3648 clementia
2876 3597 3106 3654 redemit
3146 3615 3266 3664 eos,
3301 3610 3355 3656 et
3390 3602 3660 3670 propitius
3683 3603 3791 3657 erit

2196 3682 2276 3736 eis
2317 3683 2369 3737 in
2415 3683 2747 3756 longitudine
2800 3690 3031 3746 dierum.
3071 3711 3091 3744 ι
3139 3695 3494 3750 Verissimutn
3534 3707 3651 3760 est,
3697 3701 3793 3752 Co-

2196 3772 2340 3828 mine
2368 3774 2464 3841 mi,
2494 3776 2637 3846 quod
2673 3777 2758 3832 isti
2794 3780 2891 3834 lllii
2920 3781 2987 3837 de
3011 3784 3206 3852 quibus
3233 3784 3537 3855 loquimur,
3568 3782 3792 3859 semper

2198 3873 2515 3918 manserunt
2542 3867 2680 3920 lirtni
2709 3907 2724 3932 ,
2759 3884 2858 3924 nec
2889 3869 3030 3926 Deus
3063 3875 3468 3944 transmigravit
3501 3877 3571 3931 ab
3599 3877 3682 3932 eis
3721 3876 3792 3934 ab

2177 3955 2289 4034 illo
2322 3965 2560 4026 tempore
2600 3973 2708 4028 quo
2739 3961 2969 4017 redemit
3008 3964 3120 4020 Rex
3167 3965 3253 4020 ille
3276 3965 3458 4035 justus
3479 4011 3492 4031 ,
3525 3971 3793 4040 magister

2197 4061 2408 4113 eorum,
2456 4049 2548 4103 sed
2599 4053 3005 4124 transmigravit
3052 4072 3082 4110 a
3135 4058 3290 4114 nobis
3331 4071 3386 4116 et
3428 4059 3529 4115 fuit
3574 4080 3794 4133 semper

2199 4152 2321 4192 eum
2367 4139 2465 4205 eis,
2514 4149 2566 4195 et
2609 4141 2674 4198 de
2718 4144 2822 4200 illis
2857 4147 3020 4202 etiam
3063 4150 3188 4206 liliis
3229 4152 3320 4221 qui
3366 4163 3494 4210 sunt
3534 4157 3788 4226 apOStoli,

2199 4229 2333 4284 dixit
2362 4230 2576 4301 sapiens
2604 4231 2761 4290 Jcsus
2797 4237 2936 4293 ﬁlius
2975 4238 3166 4296 Sirach
3203 4243 3256 4296 in
3294 4243 3429 4299 libro
3459 4261 3598 4300 suo:
3631 4266 3650 4298 ι
3679 4251 3793 4302 Au-

2198 4321 2331 4388 dite,
2361 4322 2454 4376 lilii
2487 4324 2817 4394 chariSsinti,
2851 4340 2906 4384 et
2942 4334 3240 4400 Operamini
3280 4335 3331 4389 in
3363 4335 3624 4406 salutem,
3665 4342 3793 4408 quia

2201 4412 2429 4468 honorat
2453 4414 2593 4470 Deus
2617 4427 2827 4485 patrem
2852 4421 2905 4474 in
2929 4422 3053 4479 ﬁliis
3081 4423 3249 4494 (Eccl.
3283 4426 3386 4491 ιιι).
3417 4447 3436 4478 ι
3468 4427 3533 4482 Et
3555 4432 3792 4499 qualiter

2962 4555 2977 4579 ,
3007 4516 3245 4572 declarat
3281 4519 3424 4574 Deus
3453 4534 3552 4590 per
3580 4537 3644 4577 os
3678 4522 3786 4577 Ma-

2200 4597 2390 4654 laehiae
2425 4618 2438 4653 :
2473 4621 2490 4651 ι
2537 4601 2711 4656 Mittet
2752 4603 2893 4660 Deus
2934 4607 3104 4664 Eliam
3153 4611 3244 4680 qui
3301 4624 3582 4670 convertat
3624 4617 3794 4674 corda

2197 4699 2410 4762 patrum
2445 4703 2754 4748 nostrorum
2784 4695 2852 4750 ad
2897 4697 3036 4754 ﬁlios
3063 4699 3223 4770 (Mal.
3250 4703 3346 4771 tv).
3386 4722 3404 4754 ι
3450 4704 3496 4759 Ο
3533 4707 3794 4774 domine,

2198 4781 2243 4836 si
2271 4782 2409 4835 Deus
2439 4781 2712 4839 debuisset
2739 4798 3057 4845 convertere
3103 4793 3266 4848 corda
3300 4793 3536 4850 ﬁliorum
3577 4797 3796 4853 scilicet

2200 4874 2561 4944 apostolorum
2594 4877 2660 4931 ad
2688 4888 2892 4947 patres,
2921 4897 3044 4936 cum
3075 4883 3270 4940 debeat
3299 4885 3521 4957 intelligi
3551 4889 3620 4943 de
3654 4889 3794 4968 ﬁde.

2201 4971 2328 5019 tunc
2354 4964 2444 5020 isti
2473 4966 2568 5022 lilii
2613 4967 2820 5024 scilicet
2862 4972 3091 5042 apostoli
3141 4974 3371 5030 fuissent
3405 4977 3693 5034 nobiscum
3738 4964 3796 5036 in
