4018 5330
251 377 342 435 557
1062 372 1258 428 LIBER
1297 373 1381 426 ea
1411 371 1680 428 nessm:
1713 371 2037 429 ADVENTU
2071 367 2509 432 Ριυιῖτιειιιτο.
3357 373 3464 440 358

251 507 356 564 pter
381 493 476 548 hoc
502 491 694 545 habeat
719 489 976 544 hzmorem
1005 496 1216 558 patrum
1239 489 1292 542 in
1319 487 1422 542 hoc
1443 487 1584 556 quod
1609 495 1792 556 patres
1820 491 1870 549 Α
1901 487 2115 541 tualem.
2151 483 2216 542 Et
2245 489 2288 543 si
2321 489 2462 544 Deus
2491 489 2717 548 dixisset
2745 501 2931 552 nostro
2960 496 3122 562 Mosi,
3157 499 3298 555 sicut
3329 501 3466 559 dixit

249 585 482 640 dicuntur
508 580 574 634 ad
609 575 728 634 illos
756 577 1020 634 converti.
1056 577 1190 632 Cum
1224 592 1386 646 ergo,
1440 575 1657 630 domine
1685 574 1756 628 tui
1775 615 1790 640 ,
1897 593 1990 645 per
2017 589 2078 632 os
2103 573 2268 633 David
2293 573 2501 635 Messite
2531 582 2644 637 sive
2663 565 2883 642 Christo
2913 606 2926 641 :
2959 587 3038 642 Tu
3065 581 3250 646 venies
3281 609 3464 650 saccr-

251 673 332 728 ﬁlii
347 671 516 726 nostri
549 677 808 724 venerunt
841 679 1128 738 antequam
1158 684 1256 722 nos
1285 667 1350 720 ad
1393 665 1550 720 ﬁdem
1593 665 1717 732 Dei,
1747 667 1793 720 si
1896 667 1994 720 dos
2039 665 2094 720 in
2138 675 2403 722 artcrnum
2449 669 2743 725 secundum
2786 671 2957 744 legem
2991 675 3153 733 Musis
3178 689 3230 734 et
3261 682 3463 748 Aaron,

247 762 392 818 corda
441 769 622 814 nostra
667 766 1052 812 convertantur
1097 757 1162 811 ad
1200 757 1339 812 ﬁlios
1361 797 1376 820 ,
1415 755 1575 810 corda
1605 770 1792 810 eorum
1895 763 2066 810 staret
2093 753 2182 810 illa
2215 757 2331 822 lex;
2367 759 2460 813 scd
2493 759 2671 814 dixit:
2707 779 2726 812 ι
2764 763 2842 817 Tu
2873 781 2929 819 es
2951 769 3208 824 sacerdos
3235 771 3286 824 in
3311 781 3467 828 atter-

247 861 611 910 couvertentur
632 851 696 904 ad
721 865 836 906 nos.
867 849 936 904 Et
960 851 1101 904 sicut
1131 849 1263 905 dicit
1299 851 1438 904 Deus
1468 847 1790 902 altissimus:
1897 862 2024 902 num
2050 848 2346 903 secundum
2369 851 2612 906 ordinem
2641 852 3032 912 Melchisedech
3067 857 3238 930 (Pi-al.
3270 863 3402 934 CIX).
3439 885 3459 917 ι

253 963 268 996 ι
295 944 452 1022 [grant
483 941 708 1011 populus
738 957 901 1004 unus,
927 942 1140 996 animus
1171 957 1310 996 unus
1341 939 1392 994 in
1421 939 1532 994 Deo
1559 939 1794 1009 glorioso
1897 934 1961 988 Et
1987 937 2194 992 amicus
2230 934 2326 992 Dei
2374 942 2791 999 communicavit
2825 945 2891 1000 de
2925 949 3194 1004 sacriﬁcio
3234 953 3389 1022 panis
3411 967 3464 1008 et

245 1043 290 1088 et
309 1013 588 1087 iictorioso
612 1028 793 1100 (Soph.
829 1029 943 1098 ιιι),
973 1048 992 1080 i
1029 1031 1154 1099 quia
1189 1044 1292 1082 non
1316 1029 1572 1083 debemus
1600 1029 1795 1084 intclli-
1895 1027 2028 1094 vini,
2073 1036 2128 1082 et
2175 1045 2280 1084 non
2329 1032 2394 1085 de
2440 1033 2710 1088 sacriﬁcio
2754 1037 3020 1092 carnium.
3066 1041 3150 1095 Ad
3189 1013 3292 1096 hoc
3331 1045 3465 1099 bene

245 1139 356 1196 gere
393 1121 536 1176 illam
573 1122 1012 1184 conversionem,
1045 1121 1149 1174 nisi
1187 1119 1254 1174 de
1283 1119 1598 1174 inﬁdelitate
1625 1121 1688 1174 ad
1727 1117 1794 1174 ﬁ-
1895 1129 2050 1176 sonat
2079 1123 2301 1177 verbum
2335 1125 2520 1190 Mosis,
2555 1143 2676 1181 cttm
2707 1127 2878 1184 dicit:
2914 1151 2930 1182 ι
2964 1133 3272 1190 Comedctis
3313 1145 3466 1191 vetu-

247 1217 352 1268 dem
375 1223 426 1268 et
454 1213 756 1296 doctrinam
791 1212 932 1268 illius
973 1209 1130 1276 Justi,
1162 1211 1253 1280 qui
1297 1219 1378 1265 est
1412 1207 1666 1282 Magister
1703 1227 1786 1266 sa-
1895 1213 2132 1268 stissima
2176 1225 2418 1270 veterum
2451 1217 2595 1288 (Leu.
2627 1221 2800 1292 xxvi),
2837 1241 2856 1276 ι
2904 1239 3000 1294 per
3033 1227 3174 1295 quod
3215 1227 3466 1300 intelligit

247 1303 356 1356 lutis
377 1317 560 1354 eorum
593 1301 688 1371 qui
725 1301 956 1356 credunt
993 1301 1044 1354 in
1089 1315 1184 1364 eo,
1226 1309 1282 1354 et
1317 1299 1610 1354 secundum
1651 1301 1794 1380 quod
1895 1305 2222 1360 sacrilicium
2259 1305 2672 1364 Melchisedech.
2709 1307 2773 1366 Et
2801 1313 3034 1368 iterum:
3075 1316 3142 1370 Et
3184 1319 3336 1372 novis
3370 1299 3464 1373 su-

247 1393 362 1448 dixit
391 1391 554 1446 David
592 1393 658 1445 de
695 1407 776 1445 eo.
815 1391 932 1459 Ipse
975 1401 1058 1444 est
1100 1389 1252 1458 cujus
1292 1391 1654 1444 sacerdoﬁum
1690 1391 1795 1446 crit
1893 1395 2350 1466 pervenientibus,
2393 1399 2445 1453 id
2487 1409 2591 1466 est,
2633 1407 2783 1458 nava:
2819 1402 2954 1476 legis
2991 1407 3256 1464 sacriﬁcio
3292 1411 3465 1479 publi-
3497 1437 3499 1439 ι

245 1483 513 1540 secundum
545 1483 788 1537 ordinem
819 1477 1209 1538 Melchisedech
1239 1481 1290 1534 in
1321 1490 1584 1536 internum
1617 1481 1789 1554 (Psal.
1895 1494 2034 1551 cato,
2062 1495 2265 1554 vetera,
2296 1489 2502 1545 scilicet
2525 1493 2700 1548 vestra
2729 1493 2992 1550 sacriﬁcia
3017 1477 3331 1568 projicietis.
3359 1500 3467 1558 Nos

243 1571 357 1642 cu),
382 1571 468 1642 qui
493 1563 688 1624 obtulit
708 1569 1034 1625 sacriﬁcium
1065 1569 1219 1639 panis
1246 1579 1300 1626 et
1327 1571 1436 1626 vini
1471 1567 1621 1642 (Cen.
1659 1573 1790 1642 xiv),
1898 1585 2074 1632 tatnen
2103 1577 2199 1634 Dei
2229 1595 2414 1636 sumus
2446 1583 2499 1636 in
2520 1584 2664 1636 omni
2693 1585 2948 1640 adventu.
3017 1563 3035 1567 —
3113 1563 3127 1568 ⁷
3429 1589 3436 1602 “

241 1671 288 1717 et
311 1655 696 1716 Melchisedech
739 1661 992 1716 sacerdos
1024 1659 1117 1716 Dei
1150 1657 1398 1715 altissimi
1435 1671 1558 1716 ante
1587 1661 1790 1718 Aaron.
2491 1671 2569 1726 CA
2583 1671 2716 1726 PUT
2753 1673 2872 1728 xx.

241 1753 547 1818 Etattende,
579 1741 926 1814 domine'mi,
965 1760 1166 1821 quanta
1205 1751 1278 1804 sit
1313 1749 1617 1805 dillerentia
1653 1751 1794 1806 inter
1823 1825 1864 1831 _
1895 1755 1972 1812 De
2003 1759 2362 1828 reprobatione
2395 1759 2644 1830 sacriﬁcii
2685 1763 3012 1831 Judteorum,
3052 1777 3099 1822 et
3133 1769 3196 1822 de
3221 1768 3467 1825 electione

241 1843 546 1898 sacriﬁcium
594 1841 774 1897 Aaron
817 1849 872 1896 et
912 1834 1048 1896 Justi
1099 1843 1252 1896 istius
1293 1840 1526 1896 Domini.
1585 1859 1604 1891 ‹
1653 1825 1828 1894 ῡίιὶιῘ

1491 1840 1526 1893 ί,
1585 1859 1604 1891 (
1653 1840 1796 1894 Dixi;
1823 1825 1872 1884 Β
2057 1825 2065 1828 ’
2283 1825 2596 1885 «(ammenti
2639 1825 3076 1891 Christianorum.

243 1938 477 1992 Dominus
512 1935 742 1990 Domino
775 1949 894 1990 meo
921 1953 933 1988 :
963 1933 1042 1988 Tu
1069 1949 1128 1988 es
1160 1935 1414 1988 sacerdos
1447 1933 1500 1986 in
1531 1939 1794 1987 aeternum

1967 1915 2176 1984 Timeo,
2201 1921 2416 1975 domine
2445 1921 2554 1987 mi,
2585 1924 2730 1992 quod
2771 1924 2910 1980 Deus
2943 1927 3101 1996 eiecit
3136 1945 3234 1984 nos
3266 1945 3296 1984 a
3323 1945 3384 1986 se
3413 1941 3468 1987 et
3519 1913 3529 1928 ’

240 2027 388 2096 (Paul.
413 2027 553 2096 cu),
593 2046 612 2077 ι
649 2041 752 2081 non
787 2026 852 2079 ad
883 2035 1093 2096 tempus
1120 2024 1260 2079 sicut
1283 2025 1497 2088 Aaron,
1523 2024 1613 2093 q'ui
1651 2035 1796 2077 mor-

1895 2009 2220 2063 sacriﬁcinm
2253 2019 2521 2076 nostrum,
2551 2021 2606 2068 et
2639 2016 2941 2084 acceptavit
2983 2019 3306 2075 sacriﬁcium
3333 2037 3467 2090 gen-

241 2129 344 2173 tuus
373 2119 470 2174 l'uit
499 2119 688 2188 viginti
716 2127 931 2173 centum
960 2133 1244 2172 annorum.
1278 2117 1431 2181 Item,
1468 2115 1794 2170 sacriﬁcium

1899 2099 2054 2162 tium,
2078 2101 2218 2154 sicut
2243 2103 2374 2156 dixit
2415 2118 2510 2171 per
2535 2119 2596 2160 os
2621 2104 2894 2161 Malachia:
2935 2125 2951 2162 ε
2999 2127 3018 2160 ι
3057 2108 3173 2166 Non
3211 2120 3294 2166 est
3337 2113 3467 2168 mihi

237 2214 394 2267 Aaron
419 2212 640 2266 fuerunt
668 2226 880 2276 carnes,
903 2219 958 2265 et
983 2209 1306 2266 sacriﬁcium
1341 2207 1482 2262 illius
1515 2205 1652 2260 Justi
1693 2207 1796 2262 Do-

1895 2189 2142 2246 voluntas
2181 2192 2238 2245 in
2281 2193 2454 2260 vobis,
2483 2193 2620 2250 dixit
2659 2195 2948 2264 Dominus,
2992 2213 3167 2270 neque
3203 2203 3467 2273 accipiam

239 2303 352 2356 mini
383 2303 474 2357 fuit
501 2304 663 2373 panis
691 2311 746 2358 et
775 2285 965 2357 viuum
995 2299 1290 2357 secundum
1314 2299 1557 2356 ordinem
1580 2297 1796 2354 Melchi-
1893 2282 2220 2336 εθονηίοῖυηι
2245 2293 2506 2351 “suum.
2532 2289 2786 2356 quoniam
2808 2289 2876 2344 ab
2901 2299 3022 2345 ονιιι
3049 2291 3180 2347 θοίίε
3205 2308 3378 2364 usque
3399 2296 3468 2349 ad

237 2393 432 2448 πάρει..
1895 2386 2146 2428 occasum
2197 2374 2314 2442 ejus
2353 2391 2608 2446 magnum
2649 2387 2734 2432 est
2759 2393 2956 2434 nomen
2985 2395 3165 2436 meum
3197 2382 3252 2435 in
3296 2383 3468 2452 genti-

293 2483 342 2536 ln
367 2483 566 2552 quibus
591 2483 774 2539 verbis
797 2481 1053 2539 Dominus
1083 2497 1181 2552 per
1205 2481 1530 2553 Prophetam
1559 2477 1798 2536 ostendit

1893 2463 2030 2530 bus;
2065 2479 2186 2534 qua:
2207 2465 2438 2521 oll‘erunt
2469 2469 2520 2522 in
2563 2471 2780 2524 nomine
2809 2486 2930 2526 meo
2960 2473 3284 2528 sacriﬁciqu
3315 2491 3469 2528 mun-

237 2572 498 2630 manifeste
567 2575 822 2645 quoniam
877 2571 1206 2630 saeriﬁcium
1271 2574 1453 2628 Aaron
1511 2572 1790 2636 ﬁniretur,

1895 2553 2019 2607 dum
2045 2553 2198 2626 (Mal.
2224 2555 2317 2626 1).»
2349 2557 2490 2627 Ergo
2511 2559 2650 2628 apud
2675 2560 2840 2616 Deum
2873 2564 3196 2650 sacriﬁcium
3225 2566 3463 2636 gentium

237 2665 427 2735 quando
486 2665 762 2733 inciperet
809 2664 940 2719 illud
993 2663 1320 2718 sacriﬁcium
1384 2665 1436 2718 in
1498 2673 1789 2730 :eternutn;

1893 2655 1976 2700 est
2013 2647 2268 2703 mundius
2297 2663 2458 2718 quam
2497 2652 2822 2708 sacriﬁcium
2851 2647 3112 2710 nostrum.
3145 2657 3212 2711 Et
3249 2658 3464 2728 insuper

235 2757 356 2825 quod
385 2753 636 2810 ﬁniretur
661 2753 881 2824 quando
913 2753 1174 2824 inciperet
1206 2753 1532 2808 sacriﬁcium
1563 2753 1614 2807 in
1657 2739 1794 2823 pane

1893 2736 2018 2805 quia
2065 2737 2206 2793 Deus
2244 2741 2475 2809 privavit
2517 2757 2614 2797 nos
2654 2745 2798 2798 omni
2850 2747 3379 2812 sacriﬁciomundo,
3409 2759 3465 2804 et

237 2846 414 2900 etvino
439 2845 782 2900 :etcrnaliter
823 2845 1162 2908 duraturum,
1196 2859 1319 2900 cum
1366 2845 1550 2898 Aaron
1582 2859 1686 2898 non
1723 2844 1794 2898 sit
1893 2825 2026 2882 alias
2073 2827 2276 2883 docens
2319 2828 2679 2897 ChriStianos’
2725 2842 2784 2887 ιιι
2813 2834 2912 2903 ἱρεί
2956 2835 3184 2890 "il-3700‘
3233 2853 3354 2902 "05,
3398 2853 3464 2891 ne

235 2937 338 2990 data
353 2935 632 2990 aeternitas
655 2935 709 2988 in
729 2934 1054 2998 sacerdotio,
1080 2933 1238 2988 sicuti
1261 2933 1528 2988 sacerdoti
1549 2931 1789 2988 Christo.

1891 2917 2396 2972 contaminarentur
2419 2959 2434 2982 ,
2466 2919 2606 2975 sicut
2636 2937 2736 2976 nos
2771 2923 3060 2980 vitavimus
3101 2935 3288 2996 gentes
3317 2928 3463 2981 omni

235 3023 296 3078 De
315 3025 413 3079 illis
446 3025 575 3079 ﬁliis
593 3025 726 3080 dicit
747 3025 910 3078 etiam
935 3023 1076 3079 Deus
1099 3038 1193 3092 per
1219 3039 1278 3078 os
1305 3010 1790 3094 prophetarMosis,

1895 3015 2132 3078 tempore
2154 3025 2262 3079 quo
2291 3011 2618 3066 sacriﬁcium
2645 3023 2888 3068 nostrum
2916 3011 3019 3070 fuit
3043 3015 3298 3072 mundum
3323 3020 3463 3088 apud

233 3117 386 3186 (Deut.
415 3119 574 3189 uxr)
603 3137 616 3170 :
657 3138 673 3168 ι
702 3115 1026 3186 Sanguinem
1059 3117 1288 3170 ﬁliorum
1317 3116 1612 3172 ulciscctur
1639 3125 1692 3172 et
1715 3117 1792 3172 la-
1817 3182 1820 3189 Α

890 3117 1026 3171 inem
1059 3117 1288 3170 ﬁliorum
1317 3116 1612 3172 ulciscctur
1639 3125 1692 3172 et
1715 3117 1792 3172 la-
1817 3165 1860 3189 η
1897 3099 2058 3153 Deum
2091 3110 2146 3155 (τι
2175 3112 2477 3172 θεοθριιιηι-

237 3165 386 3186 ι-κ--η
415 3165 572 3189 —-----,
603 3165 615 3170 -
661 3165 673 3168 -
703 3165 1026 3186 “‘"U“"""'
1321 3165 1598 3172 --ν--π--η
1642 3165 1691 3172 --
1715 3165 1762 3172 -—

233 3211 356 3264 vabit
385 3219 586 3264 terram
614 3209 795 3278 populi
828 3209 931 3262 sui.
959 3227 976 3258 ›
1005 3209 1068 3262 Ει
1093 3223 1208 3274 nos,
1235 3208 1471 3274 domine,
1495 3182 1820 3274 occidimus}

1962 3190 2138 3244 Etiam
2175 3200 2262 3257 tu,
2295 3165 2508 3248 domine
2543 3195 2644 3260 mi,
2693 3198 2834 3252 nosti
2867 3198 2998 3268 quid
3039 3199 3184 3255 dicat
3222 3201 3362 3256 Deus
3399 3203 3463 3256 de

233 3303 521 3370 prophetas,
561 3313 619 3358 et
651 3317 756 3356 non
789 3301 916 3356 fecit
955 3303 1244 3356 vindictam
1292 3303 1356 3357 de
1402 3303 1503 3369 eis,
1549 3305 1648 3358 nisi
1696 3313 1791 3374 p'cr
1891 3287 2076 3384 nam")
2411 3297 2532 3336 cum
2585 3285 2662 3338 an
2700 3300 2796 3384 PF"
2833 3301 2898 3341 0³
2935 3287 3102 3384 Βθνίξξ
3139 3291 3458 3359 prophcm"

234 3367 546 3463 septuaginta
581 3408 788 3458 annos;
825 3393 920 3446 sed
950 3394 1250 3448 occidimus
1279 3367 1562 3463 Apostolus
1599 3403 1654 3448 et
1693 3367 1821 3448 .lu-5

1897 3367 2174 3438 «Nunquid
2199 3371 2430 3436 vidistis,
2453 3387 2568 3440 vos,
2601 3378 2740 3443 quod
2771 3391 2870 3446 ego
2895 3379 3102 3432 comedi
3127 3395 3320 3434 carnes
3347 3390 3461 3434 tau-

233 3491 355 3534 SlUlll
390 3462 708 3554 hlagistrum
741 3497 964 3549 eorum,
989 3493 1044 3538 et
1073 3483 1198 3537 fecit
1234 3462 1376 3537 Dens
1403 3485 1695 3538 vindictam
1724 3486 1789 3540 de

1891 3473 2092 3526 rerum,
2121 3471 2177 3515 et
2205 3462 2476 3516 hircorum
2498 3465 2815 3532 sanguinem
2839 3468 3074 3522 biberem
3101 3467 3274 3539 (Psal.
3305 3471 3416 3540 ix)?
3435 3491 3454 3523 ι

233 3575 354 3630 ‘iliis.
378 3548 501 3632 Jan;
519 3585 656 3632 sunt
685 3575 834 3629 mille
867 3548 1024 3640 anni,
1053 3583 1108 3630 et
1137 3575 1298 3629 ultra.
1337 3575 1400 3629 Et
1433 3592 1528 3645 per
1557 3586 1786 3631 mortem
1833 3551 1838 3562 ’
1888 3548 1992 3651 ΡΫΓ
2026 3551 2168 3619 quod
2191 3552 2500 3651 91“!"“5”?!
2519 3553 2658 3651 De“?
2687 3557 2828 3626 quoa
2861 3557 2976 3651 ipse,
2996 3561 3316 3614 condemnat
3341 3577 3460 3616 car"

249 3665 608 3730 psorutflavit
644 3664 788 3719 Deus
822 3673 1020 3720 terram
1051 3666 1232 3736 populi
1265 3666 1380 3734 sui,
1422 3640 1484 3721 et-
1507 3683 1610 3722 non
1651 3669 1821 3736 dixit;

1887 3641 2033 3694 nium
2067 3640 2410 3698 sacriﬁcium.
2455 3644 2523 3699 Et
2553 3647 2692 3702 unde
2729 3657 2812 3702 est
2856 3649 3041 3714 nobis,
3089 3651 3304 3706 domine
3349 3655 3455 3718 mi,

233 3761 404 3805 terram
445 3753 692 3808 ﬁliorum
745 3754 927 3808 Israel.
977 3731 1068 3810 De-
1093 3731 1224 3826 ipsis
1268 3731 1431 3811 etiam
1483 3758 1608 3814 ﬁliis
1652 3734 1824 3814 dixit.
1885 3731 2028 3826 Ψ¹⁰ῗ¹
2057 3747 2156 3788 nos
2186 3732 2516 3826 delesmmur
2556 3737 2610 3791 in
2649 3739 2902 3808 gentibus
2935 3741 3260 3797 summam“
3307 3745 3460 3814 panis

231 3841 372 3899 David
402 3845 452 3900 in
497 3845 716 3915 psalmo
748 3848 1044 3902 centesimo
1078 3824 1288 3902 decimo
1335 3859 1508 3904 sexto.
1563 3869 1582 3902 ι
1633 3851 1788 3907 Sicut

1885 3833 1940 3879 et
1967 3824 2099 3891 vini,
2129 3825 2270 3896 quod
2293 3827 2482 3882 statuit
2499 3827 2660 3896 Deus,
2687 3839 2742 3884 et
2763 3831 2820 3886 in
2847 3833 2992 3888 nullo
3017 3837 3292 3903 reprobat,
3321 3837 3460 3892 sicut

189 3953 194 3960 τ
228 3933 408 4002 sagittae
431 3935 482 3988 in
505 3950 676 3988 manu
703 3936 957 4003 potentis,
983 3936 1055 3990 ita
1079 3937 1173 3990 lilii
1209 3935 1411 3992 ﬁdeles.
1445 3958 1466 3991 ι
1496 3941 1786 4011 Comparat
1885 3915 2508 4011 ΓθΡΪθδθίηξπτίίίθίυω
2571 3923 2816 3978 carnium
2839 3964 2854 3991 ’
2895 3941 3016 3980 cum
3074 3927 3330 3984 Salomon
3373 3931 3459 3985 dc'

227 4026 348 4080 enim
375 4027 650 4098 Propheta
680 4029 806 4082 illos
837 4027 973 4083 ﬁlios
1009 4029 1194 4084 ﬁdeles
1223 4033 1436 4102 sagittis
1477 4008 1691 4089 emissis
1719 4037 1784 4090 de

1883 4008 2088 4064 scribat
2137 4009 2270 4065 illud
2311 4010 2510 4078 Aaron,
2553 4011 2739 4070 dicens
2776 4031 2791 4070 :
2825 4016 2950 4083 Iste,
2999 4020 3204 4076 scilicet
3255 4023 3453 4089 Aaron,

227 4131 367 4172 manu
415 4121 684 4188 potentis,
718 4120 844 4190 quia
877 4120 1017 4176 Deus
1046 4099 1386 4192 omnipotens
1420 4126 1568 4181 misit
1601 4143 1693 4182 eos
1715 4129 1782 4182 ad
1882 4099 2130 4156 emend“
2157 4117 2350 4158 manus
2373 4118 2498 4160 ⁸³³³⁵
2527 4121 2688 4176 super
2711 4108 2902 4178 “nam:
2929 4119 2984 4166 θι
3013 4113 3208 4168 omum
3237 4115 3454 4185 saingui'

225 4208 480 4266 duodecim
511 4223 704 4283 partes
731 4213 913 4268 mundi
953 4229 1051 4283 per
1075 4226 1306 4284 quatuor
1327 4219 1510 4274 mundi
1540 4219 1780 4284 climata,

1881 4207 2004 4248 nem
2041 4209 2186 4260 uvae,
2214 4204 2270 4252 et
2307 4197 2588 4253 incensum
2621 4200 2732 4256 Deo
2767 4202 2918 4268 vivo,
2951 4215 3004 4258 et
3032 4206 3221 4260 obtulit
3249 4209 3455 4262 sacriﬁ-

227 4297 381 4358 tideles
419 4305 521 4360 hos
571 4305 716 4359 ﬁlios
761 4321 882 4359 cum
929 4307 1173 4362 doctrina
1215 4307 1402 4380 Legis,
1439 4309 1684 4366 Psalterii
1729 4321 1783 4368 et
1882 4286 2298 4380 θξυηῖηοδίτυω
2329 4289 2398 4344 de
2431 4291 2614 4360 granis
2665 4303 2852 4360 ωηεν
2891 4297 3028 4352 δίθυι
3061 4297 3449 4356 Με¹⁰Ῑ¹Ῐ⁸υάθ⁰¹¹

223 4385 614 4459 prophetarum.
671 4393 856 4449 Mosen
905 4407 1082 4450 autem
1131 4406 1186 4451 et
1241 4378 1420 4452 Αάτοη
1473 4415 1578 4455 non
1633 4403 1780 4458 misi,
1879 4378 2074 4434 obtulit
2103 4394 2198 4449 pro
2221 4381 2492 4438 Abraham
2511 4382 2702 4453 (Eccli.
2729 4385 2802 4454 ι).
2836 4386 3082 4443 Declarat
3115 4390 3254 4445 Deus
3283 4393 3450 4448 sacri-

223 4489 350 4535 ωιτη
385 4485 606 4541 domum
651 4495 898 4540 sanctam
942 4486 1008 4540 ad
1039 4489 1372 4555 docendum,
1413 4491 1540 4560 quia
1569 4507 1674 4546 non
1711 4495 1777 4548 ad
1813 4524 1858 4560 ἢ
1885 4469 2062 4524 ﬁcium
2083 4480 2296 4540 gentem
2316 4488 2416 4542 per
2439 4474 2653 4530 Mosen:
2681 4497 2699 4530 ι
2726 4475 2972 4534 Oﬁ'eretis
2993 4481 3100 4536 Deo
3125 4485 3450 4542 sacriﬁcium

222 4565 415 4637 Indiam,
451 4573 712 4639 Romam,
738 4590 840 4629 nec
867 4576 932 4628 ad
959 4576 1062 4630 alia
1100 4577 1214 4632 loca
1237 4590 1392 4633 extra
1419 4589 1618 4635 terram
1649 4597 1776 4637 san-

1881 4561 1948 4616 de
1977 4562 2185 4630 levatis,
2219 4564 2286 4618 de
2313 4579 2463 4632 area,
2493 4576 2548 4621 et
2575 4567 2643 4622 de
2666 4571 3012 4638 expressioue
3044 4587 3182 4638 avre,
3214 4585 3268 4629 et
3289 4576 3450 4632 bene-

221 4669 360 4729 ctam,
388 4666 534 4720 misit
565 4683 662 4722 eos
689 4669 1016 4723 annuntiare
1043 4670 1346 4726 doctrinam
1377 4669 1535 4743 Legis
1563 4685 1614 4729 et
1649 4675 1780 4731 Pro-
1881 4653 2024 4708 diem
2043 4656 2193 4711 vobis
2215 4655 2356 4712 Deus
2385 4667 2438 4712 οι
2459 4661 2672 4715 “unc-"5
2697 4662 2952 4730 operibus
2971 4679 3226 4720 "mnuum
3251 4679 3452 4725 νεείνει·

221 4750 499 4820 ριιειπυω,
533 4757 628 4811 sed
663 4757 755 4812 is“
791 4758 978 4813 ﬁdeles
1009 4759 1102 4814 ιίιίί
1133 4762 1211 4816 sic
1249 4762 1473 4832 pmice“
1505 4765 1586 4818 νει
1625 4765 1776 4821 missi
1883 4760 2000 4800 rum
2026 4744 2168 4817 (Leo.
2201 4757 2381 4817 χχιιι).
2417 4770 2437 4804 ι
2467 4751 2680 4808 Scimus
2723 4752 2884 4808 etiam
2931 4769 3050 4822 uos,
3090 4757 3307 4814 domine
3351 4765 3446 4828 Ini,

221 4855 302 4908 ρει.
329 4848 636 4904 universum
681 4851 941 4904 mundum
970 4890 984 4915 ν
1031 4863 1386 4908 surrexerunt
1433 4871 1616 4911 comm
1666 4857 1776 4914 Deo
1879 4836 2020 4906 quod
2057 4836 2196 4892 Deus
2235 4840 2507 4894 mandavit
2542 4841 2596 4895 in
2643 4842 2908 4913 principio
2939 4845 3063 4912 poni
3089 4859 3236 4903 .ante
3265 4865 3448 4906 arcani

221 4931 318 4990 loco
343 4941 536 5006 nostri,
559 4951 847 5013 postquam
891 4943 1032 4999 Deus
1057 4947 1256 5002 occidit
1287 4945 1446 5001 Israel
1483 4957 1538 5001 et
1580 4964 1775 5004 nomen
1880 4926 2100 4982 “Neris
2140 4929 2370 4992 Domini'
2396 4943 2560 5012 Penes
2591 4941 2646 4987 θι
2679 4946 2784 4986 ¹¹⁰¹¹
2825 4947 3016 4987 carnes
3061 4933 3258 5006 (δίεπ’
3297 4945 3448 5012 xx")-

221 5035 460 5094 nostrum,
489 5032 634 5099 quod
681 5034 822 5088 bene
865 5033 1042 5086 innuit
1093 5035 1260 5090 David
1301 5035 1354 5088 in
1403 5036 1610 5104 psalmo
1649 5054 1772 5094 cum

1875 5017 2052 5074 Etiam
2079 5019 2296 5074 domine
2318 5019 2412 5084 mi,
2439 5033 2562 5074 cum
2589 5021 2732 5078 Deus
2753 5022 2820 5078 de
2841 5023 2942 5079 hoc
2970 5024 3023 5078 in
3051 5024 3290 5082 Levitico
3315 5043 3452 5097 pran-

222 5114 767 5191 dicitthropatribus
795 5124 904 5178 tuis
930 5124 1040 5178 nati
1063 5137 1188 5181 sunt
1219 5127 1310 5181 tibi
1335 5127 1448 5188 um,
1475 5128 1773 5183 constitues
1875 5112 2016 5181 cepit
2056 5110 2238 5168 Aaron
2291 5125 2388 5181 Per
2438 5109 2660 5183 Μοεθην
2719 5115 2937 5173 dicen“
2973 5136 2992 5168 ί
3029 5117 3208 5176 "om
3255 5119 3320 5176 de
3351 5129 3452 5179 ’δέ’

220 5219 296 5246 ΜΕ
314 5209 442 5246 “uno
465 5228 616 5246 run-no
639 5224 690 5246 ne
715 5216 795 5246 ηιιῖ
807 5214 990 5246 caninae
1017 5212 1169 5246 Ιυ-ιηΙ
1215 5233 1264 5246 ν.
1285 5215 1358 5246 ..Α
1407 5235 1422 5246 ι
1446 5227 1496 5246 Α.
1524 5235 1620 5246 nn..-
1642 5219 1771 5246 ἔρισιν-

1876 5204 2020 5246 mino.
2059 5201 2238 5246 Ani-nn
2285 5203 2584 5246 sacerdotio
2633 5206 2722 5246 nni
2777 5205 2934 5246 Imlml
2995 5210 3260 5246 ηισιριιιιηη
3343 5227 3449 5246 nnn
