4018 5330
540 216 653 288 559

1734 220 2075 283 SAMUELIS
2110 220 2537 278 MAROCilIANl

3717 222 3823 277 ξ’)ὓο

542 347 749 416 Regum
776 356 913 413 (cap.
944 342 1080 413 XXI).
1113 361 1129 394 ‹
1158 340 1292 397 Cum
1320 340 1487 395 David
1518 339 1664 395 venit
1691 339 1756 393 ad
1788 337 2122 403 Abimelcch,
2156 357 2202 408 Α
2230 334 2389 389 domo
2422 340 2608 388 sancta
2650 346 2896 403 praecise.
2930 330 3009 387 Ex
3046 346 3155 403 quo
3191 340 3370 387 autem
3411 346 3531 388 toco
3563 334 3821 390 sacriﬁcii

542 438 839 510 principem
870 436 1210 490 sacerdotum
1251 433 1384 500 Silo,
1426 442 1479 487 et
1507 433 1699 503 petivit
1726 431 1793 485 ab
1833 446 1898 487 eo
1935 445 2124 500 panes,

541 530 632 601 qui
669 528 985 600 respondit:
1017 527 1133 581 Non
1168 535 1294 581 sunt
1319 526 1407 580 hic
1433 540 1619 595 panes,
1656 524 1758 579 nisi
1790 523 1948 594 panis
1977 521 2126 603 obla-

542 632 648 687 tus,
678 636 838 691 quem
873 634 980 673 non
1011 618 1263 673 convenit
1289 617 1578 672 comedere
1610 614 1792 685 pueris
1821 614 1957 680 tuis,
2001 613 2124 682 quia

540 722 762 766 sanctus
799 719 903 766 est.
936 729 954 761 ι
989 709 1057 763 Et
1099 706 1239 778 quod
1280 714 1470 778 gentes
1520 713 1724 776 ponunt
1760 704 1812 758 in
1856 702 2127 758 sacriﬁcio

540 820 640 860 suo
674 819 869 874 aquam
894 844 909 868 ,
952 818 1057 857 non
1106 801 1265 856 debet
1298 800 1455 855 nobis
1496 797 1879 854 inconveniens
1921 796 2121 861 videri,

540 895 665 965 quia
699 895 864 949 etiam
914 892 968 947 in
1010 890 1305 961 Scripturis
1336 890 1539 945 sanctis
1578 888 1883 942 invenimus
1925 886 1990 940 de
2022 886 2125 941 hoc

538 986 866 1056 exemplum,
900 982 1108 1039 scilicet
1140 980 1282 1052 quod
1330 981 1442 1035 Deo
1482 980 1646 1034 ﬁebat
1695 977 2020 1033 sacriﬁcium
2059 978 2125 1030 de

538 1092 716 1147 aqua,
780 1085 836 1131 et
892 1074 995 1130 fuit
1047 1074 1157 1128 Deo
1212 1081 1515 1142 acceptum.
1584 1068 1893 1122 Invenimus
1959 1068 2123 1121 etiam

538 1164 957 1238 ("Regnum
987 1164 1130 1235 quod
1170 1162 1277 1218 duo
1318 1160 1543 1232 juvenes
1587 1168 1887 1215 hauserunt
1927 1173 2121 1228 aquam

534 1258 603 1313 de
647 1258 881 1312 cisterna
932 1272 1053 1326 quae
1110 1264 1231 1310 erat
1275 1263 1401 1308 ante
1445 1262 1659 1324 portam
1707 1251 2019 1317 Bethleem,
2068 1261 2124 1305 et

532 1347 795 1419 prepheta
838 1347 1011 1401 David
1064 1345 1260 1401 obtulit
1304 1343 1454 1400 illam
1507 1343 1620 1399 Deo
1669 1344 1722 1398 iu
1768 1343 2118 1408 sacriﬁcium,

532 1438 675 1510 Ergo
704 1453 809 1492 non
838 1445 921 1492 est
951 1444 1142 1491 contra
1168 1435 1526 1506 Scripturam,
1553 1433 1597 1488 si
1626 1442 1815 1505 gentes
1845 1434 2004 1487 hodie
2026 1447 2121 1502 po-

532 1536 665 1582 nant
712 1541 907 1596 aquam
971 1526 1026 1580 in
1070 1523 1339 1580 sacriﬁcio
1384 1522 1523 1593 quod
1583 1523 1790 1579 faciunt
1834 1524 1964 1578 Deo.
2010 1522 2119 1579 Nos

531 1617 695 1673 etiam
724 1616 951 1686 legimus
977 1615 1120 1686 quod
1144 1615 1324 1669 Aaron
1369 1613 1492 1670 fecit
1541 1616 1647 1670 Deo
1690 1615 2021 1670 sacriﬁcium
2052 1617 2119 1671 de

2229 426 2464 496 privavit
2514 441 2615 481 nos
2656 426 2836 493 Deus,
2873 426 3081 482 scilicet
3121 434 3262 481 terra
3312 426 3726 495 promissionis,
3768 438 3824 482 et

2229 517 2426 587 ubique
2453 516 2707 587 dispersit
2730 532 2829 572 nos
2863 527 3133 572 terrarum
3155 558 3168 584 ,
3189 515 3301 585 jam
3329 526 3457 571 sunt
3498 517 3646 571 mille
3670 519 3819 573 anni.

2228 608 2385 663 Unde
2420 610 2566 664 venit
2594 624 2756 681 super
2784 625 2882 665 nos
2905 650 2918 675 ,
2950 617 3004 664 et
3040 608 3368 678 completum
3396 615 3482 663 est
3507 609 3653 679 quod
3681 609 3822 664 Deus

2228 700 2365 757 dixit
2411 703 2477 758 de
2528 703 2686 758 nobis
2728 719 2825 774 per
2876 702 3290 758 similitudinem
3342 702 3570 772 loquens
3610 718 3712 773 per
3760 718 3821 758 os

2226 794 2401 861 Isaiae,
2429 796 2520 850 ubi
2557 795 2633 849 ait
2670 813 2682 848 :
2722 813 2738 846 ι
2777 794 3055 866 Completa
3082 803 3167 850 est
3191 794 3461 849 vindemia
3503 804 3558 849 et
3600 810 3709 849 non
3738 804 3822 849 est

2227 884 2294 939 de
2321 893 2520 939 caztero
2556 883 2804 939 collectio
2848 884 2985 956 (lea.
3026 884 3224 955 χχιιι).
3272 903 3291 936 ι
3348 883 3415 937 Ει
3465 884 3599 938 illud
3644 883 3817 938 Mala-

2225 975 2363 1031 chia:
2396 994 2408 1029 :
2444 994 2463 1028 ‹
2502 974 2619 1030 Νοη
2660 985 2743 1030 est
2772 977 2904 1030 mihi
2932 975 3191 1030 voluntas»
3215 975 3267 1029 in
3300 975 3481 1039 vobis,
3512 984 3567 1030 et
3604 977 3821 1031 sacriﬁ-

2226 1068 2369 1123 cium
2410 1084 2516 1123 non
2556 1068 2824 1139 accipiam
2866 1084 2895 1122 a
2927 1069 3083 1125 vobis
3121 1067 3278 1137 (Mal.
3309 1067 3493 1138 eux).
3533 1087 3553 1121 ι
3591 1069 3659 1123 Ει
3688 1068 3820 1123 illud

2224 1156 2395 1223 Isaia},
2429 1173 2547 1229 cap.
2580 1158 2604 1211 1
2642 1174 2653 1210 :
2691 1176 2708 1209 ι
2754 1158 2993 1213 Sabbata
3029 1166 3238 1225 vestra,
3270 1167 3326 1212 et
3371 1156 3730 1221 festivitates.
3764 1170 3821 1214 et

2224 1247 2552 1304 sacriﬁcium
2586 1257 2826 1302 vestrum
2857 1264 2963 1303 non
3012 1248 3303 1319 reciplam,
3332 1248 3458 1319 quia
3499 1264 3692 1305 onmes
3724 1266 3821 1304 tos

2223 1339 2358 1393 estis
2384 1338 2437 1394 in
2466 1339 2544 1392 ira
2570 1354 2686 1393 mea
2717 1338 2854 1413 (Ira.
2890 1339 2952 1411 ι).
2984 1359 3002 1391 ι
3036 1339 3101 1393 Et
3139 1340 3269 1393 illud
3305 1340 3457 1395 lsnia:
3486 1341 3817 1411 completum

2221 1436 2306 1483 est
2334 1442 2497 1498 super
2537 1444 2636 1483 nos
2677 1448 2689 1482 :
2729 1447 2748 1479 r
2785 1428 2924 1495 Quid
2966 1428 3099 1482 mihi
3144 1429 3432 1483 multitudo
3463 1430 3817 1485 victimarum

2227 1526 2559 1583 vestrarum,
2607 1517 2736 1588 quid
2783 1518 3155 1588 multiplicatis
3203 1519 3333 1573 mihi
3374 1520 3709 1575 sacriﬁcium
3751 1522 3820 1576 de

2221 1608 2482 1662 arietibus
2525 1617 2579 1661 et
2628 1608 2884 1663 carnibus
2939 1608 3238 1672 hircorum.
3294 1625 3393 1677 ego
3442 1622 3623 1666 autem
3677 1628 3817 1666 con-

530 1724 669 1779 paue
715 1716 771 1761 et
818 1707 979 1771 vino,
1020 1718 1075 1760 et
1115 1705 1284 1760 David
1312 1706 1378 1761 de
1409 1722 1579 1776 aqua,
1618 1716 1671 1761 et
1717 1707 1821 1761 ista
1858 1707 1960 1760 tria
1991 1716 2117 1761 sunt
2147 1699 2189 1758 Β
2221 1701 2413 1771 tempsi
2442 1701 2758 1771 sanguinem
2796 1701 3120 1768 vitulorum,
3160 1711 3216 1757 et
3264 1704 3497 1758 arietum
3537 1720 3731 1759 carnes
3761 1712 3819 1759 et

530 1800 694 1857 simul
723 1800 774 1854 in
808 1816 917 1855 uno
962 1798 1232 1855 sacriﬁcio
1270 1801 1472 1855 mundo
1503 1801 1783 1871 (quamvis
1810 1801 2118 1856 intellectus

529 1900 717 1947 noster
764 1892 819 1946 id
866 1900 1153 1961 penetrare
1199 1891 1449 1961 nequeat)
1496 1901 1552 1946 et
1593 1908 1699 1947 non
1741 1892 1884 1947 sicut
1925 1907 2117 1948 carnes

532 1988 809 2037 taurorum
846 1980 1150 2051 pinguium.
1183 1980 1327 2035 Elias
1365 1990 1568 2044 uoster,
1612 1989 1670 2035 ut
1706 1991 1963 2035 narratur
1995 1979 2117 2053 (111

529 2070 666 2142 Reg.
691 2074 796 2143 ut),
828 2071 1026 2126 infudit
1049 2085 1245 2141 aquam
1277 2072 1330 2126 in
1354 2072 1703 2138 sacriﬁcium,
1729 2080 1783 2127 et
1804 2072 1945 2127 Deus
1972 2073 2117 2128 misit

530 2164 708 2237 ignem
736 2167 802 2221 de
830 2165 968 2221 caelo
993 2206 1008 2230 ,
1046 2174 1101 2219 et
1129 2166 1432 2235 acceptavit
1461 2166 1788 2220 sacriﬁcium
1818 2182 1941 2221 eum
1977 2180 2112 2235 aqua

527 2257 809 2328 perfusum
839 2256 956 2329 (III
994 2256 1120 2327 Reg.
1162 2257 1338 2328 xvut).
1385 2256 1623 2327 Angelus
1668 2257 1719 2311 in
1761 2256 1930 2328 ﬁgura
1969 2272 2117 2311 com-

528 2348 828 2411 municavit
853 2347 1016 2403 etiam
1051 2347 1225 2401 Ellam
1251 2347 1300 2401 in
1326 2362 1464 2417 pane
1492 2347 1855 2403 subcinericio
1880 2355 1928 2402 et
1953 2360 2113 2416 aqua,

528 2440 744 2510 quando
790 2440 938 2495 Elias
980 2439 1279 2494 ambulavit
1330 2439 1385 2494 in
1438 2437 1755 2494 fortitudine
1798 2439 1904 2494 cibi
1954 2455 2117 2510 super

527 2532 659 2590 illud
687 2533 833 2603 quod
856 2541 1050 2587 natura
1079 2548 1185 2587 non
1214 2541 1390 2601 potest
1414 2532 1731 2597 concedere,
1760 2532 2112 2603 quadraginta

528 2625 718 2681 diebus
742 2638 913 2694 usque
951 2624 1020 2678 ad
1050 2633 1289 2678 montem
1334 2624 1427 2678 Dei
1461 2624 1639 2679 lloreb
1673 2622 1793 2695 (III
1822 2623 1952 2695 Reg.
1977 2624 2113 2694 xu).

530 2714 644 2771 Iloe
678 2715 840 2770 etiam
869 2715 1197 2770 sacriﬁcium
1230 2714 1338 2769 vini
1365 2730 1486 2771 cum
1530 2731 1668 2784 aqua
1711 2716 1960 2780 mistum,
1993 2716 2113 2785 pub-

529 2807 802 2862 cherrime
849 2814 905 2861 et
956 2816 1079 2877 apte
1132 2806 1393 2862 describit
1432 2806 1689 2863 Salomon
1734 2810 1997 2879 prephcta
2060 2810 2114 2863 in

530 2898 670 2954 libro
697 2898 1137 2962 Proverbiorum,
1171 2914 1289 2969 cap.
1321 2915 1397 2963 ix,
1427 2915 1547 2954 cum
1580 2900 1711 2955 dicit
1743 2919 1755 2954 :
1785 2918 1803 2952 ι
1837 2900 2113 2971 Sapientia

530 2992 796 3047 altissima
841 2992 1266 3047 communicavit
1297 2994 1624 3049 sacriﬁcium
1672 3008 1850 3058 sumn,
1895 2994 2115 3049 miscuit

531 3083 717 3137 viuum
767 3098 923 3139 suum
963 3093 1017 3138 et
1066 3084 1274 3155 paravit
1316 3098 1586 3149 mensam,
1636 3095 1760 3139 tunc
1803 3086 1949 3140 misit
2000 3052 2187 3140 ser--C

528 3188 627 3227 vos
682 3189 838 3239 suos,
885 3174 1073 3230 dicens
1125 3193 1139 3230 :
1187 3173 1319 3240 Quis
1368 3184 1451 3230 est
1504 3176 1782 3245 parvulus,
1829 3178 2011 3233 veniat
2048 3179 2115 3233 ad

530 3280 650 3329 me,
699 3276 754 3320 ct
791 3267 1110 3337 insipientes
1148 3268 1435 3321 comedent
1464 3284 1658 3338 panem
1708 3284 1911 3336 unum,
1952 3279 2007 3323 et
2036 3270 2117 3325 bi-

530 3365 661 3419 bent
719 3364 902 3418 vinmn
974 3380 1152 3420 meum
1218 3372 1577 3434 temperatum
1645 3380 1807 3435 aqua.
1854 3386 1871 3418 ι
1932 3366 2114 3433 Quid,

532 3456 778 3520 domine,
837 3456 942 3521 mi,
1000 3470 1185 3511 mensa
1237 3465 1425 3525 parata
1482 3455 1772 3525 Sapientia:
1828 3457 2115 3522 Altissimi,

530 3545 634 3599 nisi
660 3546 875 3600 altare?
901 3547 1062 3613 Quid,
1102 3548 1347 3614 Domine,
1385 3550 1540 3620 panis
1568 3560 1623 3603 et
1651 3551 1831 3604 vinum
1867 3552 2114 3615 tuistum,

533 3636 636 3690 nisi
674 3636 1003 3691 sacriﬁcium
1050 3639 1118 3693 de
1161 3656 1299 3710 pane
1329 3650 1383 3695 et
1414 3641 1559 3706 vino,
1594 3651 1649 3695 ct
1675 3641 1742 3696 de
1786 3657 1922 3712 aqua
1972 3640 2114 3711 quod

533 3724 595 3778 ﬁt
623 3727 675 3779 in
703 3726 896 3779 altari?
931 3727 1023 3795 qui
1063 3739 1189 3782 sunt
1226 3730 1544 3800 insipientes
1585 3733 1761 3787 vocati
1793 3749 1889 3803 per
1930 3748 2117 3787 servos

535 3816 857 3886 Sapientim,
904 3818 1006 3871 nisi
1046 3828 1235 3887 gentes
1272 3836 1393 3890 qua:
1435 3821 1755 3891 ignorabant
1795 3824 1998 3889 Deum,
2024 3839 2115 3878 vo-

533 3917 671 3962 cata:
693 3923 790 3977 per
816 3909 1106 3978 apostolos.
1142 3911 1209 3965 Et
1237 3912 1547 3967 notabiliter
1574 3914 1706 3968 dicit
1735 3930 1930 3984 panem
1960 3932 2116 3971 suutn

534 4009 589 4055 et
616 4000 798 4054 vinum
829 4014 1014 4066 suum,
1058 4017 1153 4072 per
1180 4001 1234 4056 id
1263 4005 1411 4057 enim
1446 4005 1621 4059 innuit
1651 4006 1751 4060 hoc
1792 4007 2116 4062 sacriﬁcium

533 4104 747 4163 gratum
796 4110 918 4150 esse
976 4095 1117 4162 Deo,
1172 4104 1227 4151 et
1282 4097 1425 4166 quod
1475 4100 1542 4152 ad
1601 4099 1741 4153 istud
1808 4100 2117 4155 convivium

534 4198 642 4240 tam
673 4187 902 4241 sublime
926 4228 941 4252 ,
972 4196 1025 4241 et
1064 4198 1172 4242 tam
1212 4190 1493 4259 spirituale
1535 4206 1639 4245 non
1680 4193 1895 4247 vocaiit
1936 4203 2118 4264 patres

532 4292 768 4348 nostros,
798 4282 887 4351 qui
915 4292 1071 4337 erant
1102 4284 1374 4353 sapientes
1402 4285 1455 4339 in
1499 4285 1671 4356 Lege,
1702 4287 1794 4355 qui
1839 4300 1997 4341 erant
2026 4302 2118 4343 0c-

2221 1794 2539 1848 hircorum?
2581 1793 2713 1848 Cum
2761 1795 3221 1865 przesentaverilis
3258 1810 3319 1849 ea
3362 1811 3547 1851 coram
3590 1811 3707 1861 me,
3760 1805 3817 1851 et

2220 1885 2343 1957 quis
2395 1885 2619 1956 recipiet
2670 1901 2733 1939 ea
2784 1900 2814 1939 a
2864 1885 3049 1939 vobis?
3085 1901 3191 1940 non
3245 1887 3549 1942 deturbatis
3603 1887 3816 1957 lapides

2220 1994 2370 2033 meos
2392 1987 2630 2033 sanctos.
2650 1978 2873 2033 Frustra
2899 1994 3003 2032 non
3032 1978 3271 2035 oﬁ‘eretis
3293 1981 3432 2034 ultra
3452 1981 3811 2047 sacriﬁcium,

2220 2072 2473 2143 quoniam
2503 2074 2781 2128 incensum
2806 2083 3067 2140 vestrum,
3095 2086 3149 2130 et
3178 2077 3401 2131 sabbata
3423 2087 3624 2145 vestra,
3650 2087 3704 2132 et
3726 2094 3815 2133 so-

2220 2164 2508 2222 lennitates
2540 2175 2748 2222 vestras
2776 2182 2879 2222 non
2920 2169 3175 2239 recipiam
3205 2185 3235 2223 a
3265 2170 3452 2237 vobis,
3482 2172 3606 2241 quia
3637 2171 3815 2226 odivit

2218 2257 2306 2313 illa
2350 2259 2529 2312 anima
2578 2274 2717 2313 mea.
2761 2258 2817 2314 Si
2861 2259 3086 2315 elevatis
3114 2278 3307 2317 manus
3343 2272 3552 2318 vestras
3592 2264 3661 2318 ad
3691 2280 3811 2331 me,

2218 2359 2460 2405 avertam
2490 2350 2699 2406 vultum
2743 2368 2922 2407 meum
2954 2367 2985 2406 a
3017 2353 3189 2408 vobis.
3224 2354 3289 2408 Et
3330 2354 3373 2409 si
3410 2354 3811 2425 multipleave-

2219 2440 2342 2497 ritis
2368 2441 2645 2497 orationes
2664 2452 2893 2508 vestras,
2922 2458 3027 2498 non
3056 2445 3362 2510 exaudiam,
3390 2461 3582 2500 manus
3613 2456 3812 2502 vestra:

2220 2531 2393 2603 plena:
2438 2543 2566 2589 sunt
2612 2534 2873 2605 sanguine
2921 2535 3120 2608 (ibid).
3158 2535 3225 2590 Et
3266 2552 3426 2592 omne
3468 2538 3806 2592 sacriﬁcium

2216 2634 2461 2680 vestrum
2510 2624 2653 2681 sicut
2700 2626 2934 2682 cadaver
2984 2626 3231 2683 fetidum.
3271 2628 3337 2683 Et
3375 2644 3629 2700 egressus
3682 2630 3810 2685 atrii

2216 2728 2388 2788 portae
2416 2718 2725 2786 exterioris,
2753 2731 2808 2774 et
2834 2719 2922 2775 ille
2946 2721 3035 2790 qui
3075 2721 3206 2775 mihi
3231 2719 3562 2792 jugulaverit
3591 2732 3808 2776 taurum

2216 2810 2357 2864 sicut
2386 2810 2476 2879 qui
2509 2809 2859 2865 decollaverit
2890 2812 3182 2876 hominem,
3221 2821 3273 2868 et
3303 2813 3389 2867 ille
3419 2814 3510 2883 qui
3542 2814 3811 2868 obtulerit

2217 2897 2271 2953 in
2308 2899 2635 2953 sacriﬁcium
2684 2900 2894 2955 hircum
2948 2902 3089 2956 sicut
3122 2903 3211 2973 qui
3259 2903 3456 2958 obtulit
3496 2918 3722 2967 canem,
3753 2914 3811 2957 et

2218 2991 2310 3059 qui
2338 2990 2532 3045 obtulit
2576 2992 2759 3045 vinum
2796 2992 2936 3048 sicut
2969 2994 3060 3062 qui
3101 2994 3259 3050 oll'ert
3297 2996 3616 3066 sanguinem
3655 2996 3809 3066 porci

2222 3080 2353 3152 (Isa.
2376 3081 2547 3150 LXVI).
2571 3101 2588 3133 ι
2608 3081 2714 3136 Sed
2737 3082 3069 3147 abominatio
3091 3087 3157 3140 de
3170 3086 3453 3141 sacriﬁciis
3476 3085 3616 3157 apud
3636 3089 3807 3140 Deum

2219 3170 2355 3224 nihil
2391 3171 2534 3225 aliud
2563 3171 2863 3240 signiﬁcat,
2899 3174 3002 3228 nisi
3032 3177 3385 3231 mutationem
3418 3176 3672 3231 sacriﬁcii
3711 3192 3811 3229 no-

2219 3262 2318 3316 stri
2348 3263 2583 3317 carnalis
2607 3274 2662 3319 et
2689 3266 2864 3335 grossi
2895 3266 2948 3321 in
2979 3269 3309 3324 sacriﬁcium
3342 3271 3497 3325 istius
3527 3269 3667 3326 Iusti
3700 3270 3807 3325 Do-

2219 3352 2352 3406 mini
2376 3352 2656 3423 spirituale
2682 3364 2737 3408 et
2765 3356 2982 3424 subtile,
3015 3359 3106 3427 qui
3131 3358 3363 3413 instituit
3383 3359 3581 3413 oﬁ‘erre
3610 3375 3807 3430 panem

2219 3442 2336 3501 loco
2377 3446 2652 3512 carnium,
2683 3455 2737 3501 et
2764 3463 2960 3517 aquam
3010 3450 3262 3504 mundam
3303 3450 3419 3506 loco
3463 3451 3807 3520 pinguedinis

2219 3538 2485 3603 carnium,
2525 3549 2580 3593 et
2618 3539 2799 3593 vinum
2827 3555 3020 3610 purum
3057 3540 3174 3596 loco
3210 3541 3514 3612 sanguinis.
3545 3541 3611 3595 Et
3644 3543 3807 3597 homo

2218 3630 2443 3686 oliertur
2464 3622 2819 3701 spiritualiter
2844 3642 2897 3687 et
2925 3634 3332 3702 acceptabiliter
3365 3634 3495 3699 Deo,
3531 3650 3635 3688 non
3666 3635 3804 3689 sicut

2218 3724 2474 3778 animalia
2500 3722 2761 3778 decollata
2784 3738 2881 3793 per
2907 3741 3023 3792 nos,
3048 3740 3167 3795 qua:
3188 3742 3284 3797 per
3308 3728 3630 3798 prophetam
3661 3744 3810 3783 com-

2220 3828 2481 3890 parantur
2521 3820 2768 3874 eadaveri
2802 3821 3035 3890 putrida.
3067 3823 3131 3877 Et
3159 3839 3329 3894 quare
3364 3842 3466 3879 non
3498 3826 3806 3891 credimus,

2220 3910 2459 3974 domine,
2492 3910 2607 3965 haec
2644 3926 2762 3980 quae
2791 3911 3001 3969 locutus
3032 3924 3116 3969 est
3158 3917 3314 3971 nobis
3355 3917 3497 3971 Deus
3547 3933 3645 3987 per
3681 3934 3808 3989 pro-

2219 4002 2438 4071 phetam
2480 4002 2680 4056 istum?
2712 4003 2777 4057 Et
2818 4005 2946 4073 quid
2979 4006 3235 4060 describit
3278 4016 3384 4061 tam
3423 4009 3708 4064 evidenter
3743 4012 3811 4065 de

2219 4095 2503 4152 sacriliciis
2532 4096 2755 4151 nostris.
2792 4095 2939 4151 Dixit
2972 4099 3137 4152 etiam
3174 4098 3315 4154 Deus
3343 4115 3439 4169 per
3472 4099 3769 4156 Jereneiam
3794 4142 3809 4167 ,

2220 4204 2342 4259 cap.
2377 4188 2430 4240 7.
2474 4206 2492 4238 α
2532 4186 2757 4243 luvitate
2782 4190 3059 4259 proximos
3089 4198 3298 4246 vestros
3326 4192 3390 4245 ad
3433 4192 3731 4258 sacriﬁcia,
3758 4201 3813 4247 et

2219 4281 2482 4336 comedite
2504 4296 2626 4337 cum
2661 4282 2741 4337 eis
2786 4298 2980 4338 carnes
3022 4285 3413 4340 sacriﬁciorum
3475 4297 3813 4354 vestrorum.

532 4375 713 4445 cupati
737 4377 789 4430 in
820 4376 1091 4431 sacriﬁcio
1114 4376 1303 4447 Legis,
1335 4378 1477 4447 quod
1504 4379 1666 4433 etiam
1698 4378 1915 4433 carnale
1944 4380 2116 4434 sacri.
2150 4401 2195 4460 ο
2220 4374 2344 4443 quia
2389 4372 2443 4427 in
2479 4373 2564 4427 die
2592 4389 2698 4443 qua
2735 4375 2894 4429 eduxi
2947 4385 3130 4445 patres
3168 4386 3379 4432 vestros
3419 4378 3486 4431 de
3529 4375 3776 4449 Egypt!)
3796 4421 3811 4442 .

534 4468 717 4522 ﬁcium
754 4484 861 4522 non
893 4468 1099 4522 dimisit
1128 4469 1316 4534 nobis,
1341 4470 1435 4524 sed
1469 4470 1701 4540 privavit
1734 4488 1831 4525 nos
1858 4471 1968 4526 illo.
1999 4470 2118 4526 Iam

536 4569 663 4615 sunt
704 4559 849 4613 mille
891 4561 1017 4614 anni
1068 4560 1320 4632 completi
1364 4564 1505 4631 quod
1551 4564 1708 4619 nobis
1755 4565 1953 4619 accidit
1998 4580 2123 4635 pro-

536 4658 657 4718 pter
700 4648 849 4703 illum
888 4648 1102 4704 Justum
1157 4652 1210 4705 in
1259 4667 1419 4721 quem
1461 4655 1826 4723 peccavimus.
1868 4654 2120 4709 Attamen

444 4770 451 4778 -
540 4743 634 4799 Dei
662 4759 868 4799 sumus.

1126 4900 1352 4957 CAPUT
1388 4901 1529 4957 XXI.

542 5008 627 5075 Qu
647 5009 697 5062 Id
732 5007 872 5063 Deus
904 5008 1147 5077 refutauit
1172 5010 1379 5083 jejunio
1408 5013 1617 5067 sublata
1650 5024 1697 5068 et
1724 5016 1987 5083 sacriﬁcia
2026 5015 2123 5069 Ju-

811 5084 1046 5134 da’orum
1076 5093 1121 5133 et
1153 5081 1571 5137 Christianorum
1604 5086 1776 5155 elegit.

612 5191 780 5245 Valde
806 5192 993 5255 timeo,
1016 5190 1235 5245 domine
1263 5193 1356 5258 mi,
1388 5195 1456 5247 ab
1482 5194 1573 5249 illo
1600 5197 1787 5260 verbo,
1810 5200 1951 5267 quod
1981 5198 2123 5253 Deus

544 5283 700 5330 fmtis
726 5295 780 5330 at
801 5282 1071 5330 gloriosus
1102 5283 1239 5330 dixit
1262 5298 1358 5330 uer
1382 5300 1443 5330 ns
1477 5286 1751 5330 lelaohim
1779 5305 1879 5330 mm
1934 5292 1955 5330 l
2031 5291 2119 5330 ulti

2188 4606 2189 4613 η
2224 4556 2332 4611 (Πκί
2375 4570 2391 4609 :

2225 4481 2329 4519 non
2359 4466 2587 4535 praecepi
2621 4466 2722 4530 eis,
2758 4482 2857 4522 nec
2885 4468 3111 4523 verbum
3143 4468 3243 4524 feci
3278 4470 3344 4524 de
3372 4470 3682 4535 sacriﬁciis,
3716 4472 3813 4525 sed

2440 4556 2637 4611 Audite
2683 4572 2869 4612 vocem
2914 4575 3090 4615 meam
3122 4568 3178 4615 et
3221 4576 3316 4615 ero
3346 4562 3495 4616 vobis
3542 4562 3721 4630 Deus,
3760 4573 3814 4618 et

2223 4662 2320 4701 vos
2346 4648 2475 4701 mihi
2507 4647 2763 4718 populus,
2800 4649 2844 4704 si
2880 4650 3283 4707 ambulaveritis
3319 4653 3375 4708 in
3405 4655 3664 4711 omnibus
3690 4672 3813 4726 qua-

2223 4739 2479 4810 przecipio
2509 4740 2682 4805 vobis,
2714 4742 2851 4797 bene
2878 4743 2981 4796 erit
3011 4745 3182 4799 vobis.
3216 4764 3236 4799 ι
3269 4745 3335 4800 Et
3356 4763 3461 4801 non
3493 4749 3813 4815 audierunt,

2223 4846 2324 4886 nec
2351 4841 2649 4900 posuerunt
2670 4848 2857 4888 aurem
2883 4849 3039 4889 suam
3071 4836 3137 4890 ad
3160 4836 3360 4893 dictum
3394 4854 3606 4903 meum,
3638 4850 3697 4895 et
3732 4850 3815 4904 tu,

2223 4924 2439 4978 dutnine
2467 4924 2560 4988 mi,
2592 4938 2653 4979 es
2686 4924 2776 4993 qui
2806 4926 2910 4981 hoc
2938 4928 3098 4983 nosti.
3127 4928 3381 4985 Atlanteo
3413 4930 3505 4985 Dei
3538 4947 3732 4988 sumus
3762 4934 3817 4986 in

2223 5016 2473 5071 ouinibus
2501 5030 2618 5085 qua:
2645 5018 2927 5073 evenerint
2962 5021 3135 5076 nobis.

2786 5126 3013 5182 CAPUT
3064 5126 3227 5184 XXII.

2227 5212 2423 5267 Probet
2443 5214 2781 5289 abjectionem
2807 5217 3121 5289 Syaagogrr,
3152 5234 3197 5274 et
3226 5222 3523 5277 electionem
3558 5223 3817 5282 Eccfesia:

2502 5304 2591 5330 nor
2620 5286 2827 5330 amrbum
2852 5286 3065 5330 vlim}an
3103 5292 3171 5330 ut!
3217 5292 3496 5330 “alim-nn...
