4018 5330
120 249 207 305 361

1004 248 1207 304 LIBER
1252 246 1340 304 DE
1370 242 1640 300 MESSH‘Z
1668 243 1993 300 ADVE‘NTU
2028 242 2466 302 PRJETERITO.

3278 249 3381 305 369.

125 363 298 433 populi
342 361 568 415 venient
597 359 662 414 de
689 367 843 413 utero
883 368 1003 423 tuo,
1048 371 1102 413 et
1127 377 1260 429 gens
1286 370 1501 429 gentem
1548 373 1705 428 supe-
1733 357 1781 418 Α
1811 356 1995 411 ﬁcium
2041 357 2300 412 Ecclesiae
2322 358 2468 412 omni
2497 366 2737 427 tempore
2769 357 3088 414 duraturum
3133 360 3188 416 in
3225 373 3386 418 teter-

125 453 286 515 rabit,
319 460 375 504 et
405 449 583 518 major
628 451 827 504 serviet
867 450 1060 504 minori
1095 449 1244 519 (Gen.
1278 451 1457 520 xxvjn
1491 448 1714 502 Domine

127 546 218 604 nti.
244 543 355 598 sola
387 543 640 596 Rebecca
673 541 770 595 fuit
799 550 971 596 mater
996 539 1302 595 .Iudzeornm
1326 548 1377 593 et
1399 539 1704 609 gentilium.

129 633 352 701 Populus
387 633 571 701 major
598 641 650 684 et
676 631 1071 700 primogenitus
1099 630 1199 683 fuit
1229 630 1505 699 Synagoga
1527 669 1541 692 ,
1590 644 1711 696 qua:

129 735 318 790 magno
364 717 470 772 fuit
523 721 727 773 honore
753 729 805 773 et
833 720 1055 773 scientia
1103 719 1193 772 Dei
1236 719 1440 772 dotata.
1476 717 1711 786 Populus

130 809 395 865 secundus
423 811 648 878 genitus
673 820 726 864 et
749 811 924 863 minor
952 809 1090 878 apud
1121 808 1286 862 Deum
1314 809 1527 861 fuerunt
1576 821 1714 876 geu-

132 913 242 965 tes,
271 901 322 953 in
352 898 680 954 inﬁdelitate
715 912 991 953 manentes
1023 908 1077 952 et
1104 901 1155 952 in
1181 899 1482 968 ignorantia
1509 913 1626 952 sua.
1656 896 1712 951 Si

132 1003 322 1053 tamen,
354 988 584 1043 domine
609 990 700 1053 mi,
725 989 862 1043 Deus
887 989 1084 1044 occidit
1116 989 1300 1053 Israel,
1328 997 1486 1058 prout
1513 987 1714 1041 descri-

129 1080 199 1134 bit
220 1078 404 1140 Isaias,
434 1087 491 1132 et
515 1087 649 1131 tunc
671 1077 926 1132 subversa
950 1087 1034 1131 est
1062 1077 1367 1148 Synagoga,
1398 1092 1517 1145 quae
1541 1077 1716 1129 fuerat

132 1171 314 1239 major,
354 1177 410 1224 et
439 1168 670 1222 servivit
711 1168 960 1237 gentibus
1006 1184 1127 1236 qua:
1177 1168 1353 1221 fuerat
1398 1168 1604 1231 minor,
1657 1176 1715 1222 ut

138 1259 499 1328 compleretur
549 1257 774 1311 verbum
821 1257 964 1325 quod
1016 1255 1157 1309 Deus
1211 1256 1347 1309 dixit
1416 1255 1710 1310 Rebeccm:

134 1366 152 1398 ι
179 1346 320 1402 Gens
340 1356 562 1416 gentem
589 1344 866 1415 superabit
895 1343 1106 1414 (Ibid.).
1124 1363 1141 1395 ι
1176 1344 1350 1398 Etiam
1382 1345 1450 1400 de
1473 1343 1713 1398 Ecclesia

130 1441 259 1496 dixit
297 1439 440 1493 Deus
464 1453 566 1507 per
595 1451 659 1490 os
687 1436 889 1490 David:
927 1454 946 1486 ι
985 1436 1172 1490 Astitit
1215 1451 1397 1506 regina
1440 1451 1468 1489 a
1510 1436 1716 1489 dextris

132 1530 231 1583 tuis
255 1529 306 1580 in
327 1529 531 1582 vestitu
559 1527 843 1592 deaurato,
860 1526 1136 1580 distinctis
1157 1526 1428 1580 coloribus
1455 1527 1714 1578 adornata

131 1616 295 1686 (Paul.
323 1618 492 1686 κων).
522 1635 542 1669 ι
569 1616 898 1686 Exponitur,
930 1616 1148 1670 domine
1176 1616 1277 1677 nti,
1304 1616 1444 1685 quod
1471 1614 1713 1669 Ecclesia

1812 464 1966 502 num.
2026 448 2242 503 Similat
2299 457 2478 504 autem
2535 451 2675 505 Deus
2730 451 2875 504 illam
2939 453 3096 508 matri
3165 453 3389 509 laetanti

1815 537 1973 601 ﬁlios,
2000 547 2053 591 et
2078 539 2130 592 in
2163 540 2263 593 hoc
2292 539 2434 608 quod
2457 539 2626 593 dixit:
2659 561 2675 590 ι
2706 540 2990 594 Inebriabo
3014 549 3086 606 te,
3119 561 3137 594 ι
3169 543 3392 597 denotat

1814 630 2094 682 materiam
2134 630 2461 684 sacramenti
2511 630 2864 700 spiritualiter
2903 642 3164 702 quantum
3206 634 3272 686 ad
3317 634 3393 688 vi-

1816 734 1976 783 num,
2007 729 2062 773 et
2104 736 2200 788 per
2241 739 2259 771 ι
2299 721 2464 774 ubera
2494 741 2510 771 ι
2545 722 2764 776 denotat
2808 725 2858 775 iu
2896 723 3118 792 reliquis
3147 723 3393 793 partibus

1819 810 2145 863 sacramenti
2178 825 2299 864 chc
2331 810 2645 865 delectabile
2683 812 3077 864 nutrimentum
3133 822 3186 864 et
3246 811 3394 865 sum-

1817 899 1971 953 ciens
1994 908 2394 952 sacramentum
2429 916 2532 968 quo
2565 900 2834 954 sacriﬁcio
2850 899 2963 968 jam
2999 899 3196 956 fruitur
3223 913 3279 957 et
3301 904 3396 958 dc-

1817 988 2047 1042 Iectatur
2074 987 2341 1041 Ecclesia.
2366 987 2485 1042 .Iam
2510 989 2656 1044 mille
2686 990 2812 1043 anui
2843 1001 2996 1057 sunt,
3050 1006 3079 1044 a
3111 1008 3218 1061 quo
3251 1001 3392 1046 tetu-

1817 1090 1945 1146 pore
1974 1075 2205 1144 privavit
2244 1075 2580 1146 Syuagogam
2616 1079 2906 1133 sacriﬁcio.
2940 1078 3189 1134 JEmulus
3214 1089 3396 1135 autem

1819 1164 1987 1218 ill'etin
2019 1180 2126 1233 quo
2154 1164 2394 1218 Ecclesia
2421 1175 2524 1229 est,
2556 1174 2662 1219 tam
2690 1176 2839 1238 grata
2872 1167 3002 1232 Deo,
3035 1180 3118 1223 est
3144 1169 3394 1224 Christus

1817 1249 2107 1322 Dominus,
2134 1267 2186 1310 et
2215 1258 2377 1311 ubera
2413 1259 2528 1328 ejus
2573 1258 2702 1312 dant
2733 1259 2912 1313 vinmu
2957 1269 3296 1330 perpetuum,
3328 1261 3397 1315 de

1817 1363 1925 1416 quo
1955 1349 2204 1417 provenit
2245 1347 2500 1418 gaudium
2551 1349 2965 1417 sempiternum,
3013 1360 3066 1404 et
3107 1366 3210 1404 non
3263 1351 3398 1404 dicit

1824 1440 1969 1508 quod
2003 1439 2152 1493 dabit
2178 1452 2374 1493 carnes
2421 1446 2476 1491 et
2525 1440 2909 1509 pinguedinem
2955 1441 3038 1494 vel
3079 1442 3397 1512 sanguinem

1819 1543 1940 1597 quae
1998 1527 2202 1581 faciunt
2257 1526 2582 1580 sacrificium
2640 1527 2989 1581 laboriosum.
3043 1527 3168 1582 Fuit
3215 1539 3398 1584 autem

1822 1615 2108 1687 Synagoga
2167 1615 2309 1670 sicut
2359 1617 2552 1669 mulier
2597 1632 2716 1685 qua:
2771 1617 2956 1671 habuit
2998 1618 3161 1672 alium
3201 1621 3398 1684 virum,

132 1711 430 1778 gentilium,
449 1724 575 1780 qua:
602 1715 827 1762 vocatur
857 1708 1039 1776 regina
1068 1707 1378 1761 diversitate
1414 1706 1715 1774 linguarum
1754 1695 1796 1752 Β
1825 1706 2035 1776 (supple
2062 1705 2340 1767 Deum,)et
2365 1707 2596 1773 perdidit
2633 1707 2778 1760 illum
2805 1717 2857 1760 et
2881 1708 3098 1760 domum
3131 1720 3398 1763 sanctam.

133 1801 367 1854 omnium
389 1815 516 1869 qua:
536 1800 783 1854 serviunt
807 1800 884 1862 ei,
908 1809 991 1853 est
1012 1799 1272 1851 adornata
1299 1798 1450 1866 quasi
1479 1796 1571 1851 col.
1587 1812 1718 1849 :rum

133 1891 503 1945 distinctione.
538 1889 677 1943 Nam
699 1905 889 1944 omnes
917 1889 1112 1960 linguae
1145 1889 1198 1943 in
1232 1888 1470 1942 Ecclesia
1496 1902 1722 1941 concor-

137 1984 259 2038 dant
284 1985 336 2038 in
368 1999 497 2038 vera
534 1983 880 2052 expositione
910 1981 1064 2052 legis,
1092 1981 1335 2036 Psalterii
1367 1990 1421 2034 et
1457 1979 1576 2032 libri
1606 1995 1723 2032 om-

137 2075 278 2128 nium
302 2075 727 2143 prophetarum"
772 2072 1054 2143 Syuagoga
1102 2087 1229 2125 vero
1265 2086 1370 2124 non
1403 2069 1588 2124 habuit
1615 2067 1716 2121 nisi

137 2179 292 2217 unam
321 2165 589 2233 linguam,
624 2173 684 2217 et
711 2172 963 2217 ornatum
1002 2176 1158 2216 suum
1185 2159 1342 2230 quasi
1376 2173 1483 2213 uno
1511 2157 1719 2220 colore,

142 2253 342 2310 scilicet
369 2256 624 2311 Ilebraza.

701 2342 928 2398 CAPUT
967 2341 1148 2396 XXIII.

215 2441 406 2496 Probat
438 2441 537 2494 hoc
568 2441 706 2493 idem
735 2455 828 2509 per
864 2439 1016 2492 verba
1059 2436 1336 2491 Malae/tiu:
1364 2435 1644 2506 prapltelw.

210 2531 400 2586 Timeo
425 2533 618 2594 etiam,
649 2530 865 2584 domine
891 2529 986 2593 uti,
1015 2529 1080 2582 de
1105 2527 1286 2581 verbis
1308 2526 1540 2581 inductis
1563 2541 1726 2596 supe—

149 2622 256 2675 rius
307 2621 626 2692 frequenter
677 2635 776 2690 per
821 2618 1138 2672 Malachiam
1189 2618 1542 2687 prophetam;
1590 2617 1726 2671 dixit

149 2709 281 2765 Deus
311 2709 652 2781 Synagogae:
691 2728 708 2760 ι
747 2707 861 2763 Non
897 2719 978 2763 est
1011 2708 1140 2762 mihi
1173 2707 1420 2762 voluntas
1459 2707 1512 2760 in
1556 2708 1728 2762 sacri-

149 2799 278 2854 ﬁciis
306 2803 530 2863 vestris,
579 2800 708 2869 quia
738 2801 806 2854 ab
837 2808 958 2853 ortu
987 2798 1116 2852 solis
1155 2813 1324 2867 usque
1362 2797 1428 2851 ad
1470 2812 1723 2852 occasum

153 2905 396 2960 magnum
435 2899 750 2945 estnomen
782 2905 959 2944 memn
995 2889 1138 2942 inter
1178 2898 1401 2959 gentes,
1447 2904 1566 2958 quae
1595 2887 1726 2944 oﬂ'e-

155 2991 276 3034 runt
313 2981 519 3048 nomini
565 2995 690 3034 meo
735 2981 1061 3035 sacriﬁcium
1113 2978 1370 3033 mundum
1412 2978 1568 3049 (Mal.
1600 2979 1661 3042 ι).
1701 2998 1720 3032 ι

155 3074 293 3128 Sicut
325 3075 389 3128 de
417 3083 612 3128 natura
637 3089 736 3127 sua
765 3073 961 3127 munda
988 3081 1308 3141 sunt,aqua,
1335 3071 1542 3138 viuum,
1571 3079 1626 3126 et
1649 3071 1728 3126 fa-

153 3165 259 3216 rina
283 3179 442 3232 pura,
473 3163 541 3217 de
561 3165 760 3233 quibus
785 3161 986 3218 factum
1023 3173 1110 3217 est
1145 3162 1472 3217 sacriﬁcium
1492 3203 1507 3227 ,
1536 3171 1590 3218 et
1617 3179 1726 3218 non

156 3258 348 3326 indiget
373 3257 732 3311 mundatioue
752 3265 809 3310 et
837 3255 1067 3319 lotioue;
1099 3256 1196 3310 sed
1223 3253 1502 3325 Synagoga
1525 3255 1730 3325 indiget

156 3349 329 3403 lavare
357 3362 555 3402 carnes
582 3345 981 3402 sacriﬁciorum
1008 3356 1062 3400 et
1089 3359 1320 3416 purgare
1346 3355 1566 3400 ventres
1605 3345 1729 3398 ani-

160 3453 358 3490 marum
406 3437 606 3506 quaaiu
635 3435 904 3492 sacriﬁcio
929 3437 1406 3502 sacriﬁcabuntur,
1451 3444 1506 3490 et
1550 3435 1731 3492 lavare

164 3525 328 3580 locum
375 3526 445 3579 de
494 3528 761 3596 sanguine
816 3533 871 3578 et
922 3525 1248 3595 pinguedine
1288 3523 1726 3592 sacriﬁciorum,

162 3615 304 3670 aliter
324 3625 471 3670 esset
513 3615 710 3670 horror
757 3623 991 3669 tractare
1029 3622 1083 3668 et
1125 3614 1327 3668 videre.
1371 3615 1424 3668 In
1464 3614 1732 3670 sacriﬁcio

163 3717 327 3761 autem
350 3707 510 3776 panis
534 3715 591 3760 et
608 3707 719 3760 viui
748 3716 804 3761 et
829 3721 979 3775 aqua:
1020 3721 1124 3760 non
1166 3713 1390 3776 apparet
1423 3705 1624 3774 aliquid
1653 3705 1735 3759 in-

163 3797 348 3851 decens
371 3807 467 3850 aut
491 3807 670 3866 turpe.
701 3795 960 3860 Estimo,
985 3797 1201 3851 domine
1233 3797 1327 3859 mi,
1352 3797 1496 3863 quod
1527 3796 1595 3850 de
1628 3797 1733 3850 isto

165 3890 424 3943 sacriﬁcio
467 3889 607 3943 dixit
637 3890 782 3943 Deus
823 3904 919 3957 per
961 3888 1345 3942 Salomonem:
1382 3907 1399 3937 ι
1435 3887 1624 3940 Melior
1651 3896 1736 3941 est

167 3978 392 4032 buccella
423 3978 582 4046 panis
610 3992 736 4032 cum
758 3977 1024 4031 charitate
1045 3992 1207 4044 quam
1233 3976 1430 4031 vitulus
1454 3977 1736 4044 saginatus

169 4085 274 4122 cum
303 4070 589 4124 inimicitia
623 4068 812 4140 (Prov.
840 4067 995 4140 xvu).
1037 4087 1055 4120 ι
1095 4067 1340 4122 Buccella
1369 4069 1571 4122 amoris
1592 4109 1608 4132 ,
1643 4069 1737 4122 do-

172 4161 302 4214 mine
332 4163 438 4228 mi,
471 4177 606 4230 pura
633 4171 712 4216 est
761 4160 1118 4214 mansuetudo
1158 4175 1322 4229 super
1370 4161 1740 4214 mansuetudi-

174 4266 301 4315 nem,
333 4262 386 4306 et
416 4253 669 4306 remissio
697 4263 884 4305 mutua
918 4250 1278 4316 olfeusarum,
1312 4257 1366 4305 et
1408 4250 1607 4305 vitulus
1629 4251 1737 4305 odii

1824 1797 1891 1851 Et
1917 1797 2016 1849 ista
2050 1795 2288 1850 Ecclesia
2320 1795 2420 1849 Iuit
2449 1813 2609 1850 cerva
2659 1797 2711 1849 in
2756 1798 2968 1851 deserto
3010 1800 3126 1852 sine
3175 1801 3402 1866 marito,

1828 1890 1930 1943 sed
1960 1887 2102 1942 Dens
2131 1889 2301 1942 vicem
2343 1889 2484 1942 illius
2529 1890 2759 1958 supplet.
2791 1890 2942 1945 Unde
2986 1892 3098 1961 ipse
3146 1891 3304 1948 fortis
3349 1903 3407 1948 et

1825 1979 2093 2048 gloriosus
2120 1979 2252 2033 dicit
2306 1994 2400 2048 per
2434 1979 2626 2034 Isaiam
2653 1981 2966 2050 prophetam
2994 2000 3008 2036 :
3041 2000 3059 2033 ι
3099 1983 3295 2038 Puella:
3317 2000 3405 2039 se-

1825 2077 2122 2138 questrata:
2179 2068 2434 2124 meliores
2462 2079 2588 2124 sunt
2619 2087 2775 2138 quam
2807 2071 2908 2125 illa}
2939 2087 3058 2140 qua:
3087 2071 3288 2128 habent
3323 2073 3407 2126 vi-

1826 2175 1944 2213 rum
1974 2157 2112 2229 (Ira.
2145 2163 2275 2228 LIV).
2308 2178 2326 2210 ι
2362 2159 2493 2213 Item
2525 2161 2612 2212 ille
2642 2161 2899 2230 propheta
2929 2179 2943 2215 :
2982 2181 2999 2213 ι
3033 2163 3144 2231 Ego
3183 2162 3405 2226 faciant,

1825 2251 1957 2308 dicit
2004 2250 2264 2304 Dominus
2320 2250 2483 2314 Deus,
2535 2253 2694 2312 viam,
2744 2261 2799 2305 et
2843 2251 3063 2306 ﬁumina
3109 2255 3176 2307 ad
3221 2263 3405 2323 potum

1824 2342 2020 2416 populo
2045 2359 2164 2399 meo
2195 2344 2390 2408 electo,
2420 2353 2474 2396 et
2505 2354 2580 2410 tu,
2611 2341 2799 2406 Iacob,
2831 2359 2933 2396 non
2959 2344 3200 2410 obedies,
3230 2353 3284 2398 et
3326 2352 3406 2405 tu,

1826 2436 2022 2504 Israel,
2057 2451 2160 2490 non
2191 2435 2378 2490 audies
2413 2433 2567 2506 (Isai.
2601 2433 2776 2502 mu).
2815 2453 2832 2485 ι
2861 2433 3012 2488 Sicut
3039 2449 3155 2499 nos,
3185 2435 3402 2488 domino

1827 2529 1924 2594 mi,
1951 2542 2138 2583 sumus
2160 2536 2316 2582 extra
2352 2526 2756 2590 obedientiam,
2802 2539 2902 2579 uec
2937 2523 3200 2581 habemus
3246 2539 3406 2578 aures

1827 2635 1928 2676 nec
1950 2619 2161 2681 oculos,
2215 2625 2545 2687 quaprOpter
2571 2616 2854 2684 captivitas
2877 2623 3060 2668 nostra
3088 2613 3201 2683 jam
3230 2629 3403 2683 usque

1827 2709 2379 2780 ad'complemeutum
2408 2705 2554 2760 mille
2582 2721 2846 2760 annorum
2890 2707 3150 2776 pervenit.
3185 2704 3407 2769 Timeo,

1829 2804 2048 2860 domine
2070 2804 2177 2868 uti,
2215 2803 2280 2858 de
2316 2801 2433 2872 lege
2461 2810 2643 2854 nostra
2671 2815 2792 2869 qua:
2820 2799 3022 2853 feraris
3069 2799 3202 2854 iram
3246 2799 3411 2853 habet

1832 2895 1886 2950 iu
1917 2906 2190 2968 promptu,
2241 2902 2296 2949 et
2341 2893 2472 2948 dicit
2511 2910 2528 2947 :
2577 2911 2596 2943 ι
2654 2890 2879 2947 Oculum
2923 2906 3023 2960 pro
3069 2889 3256 2955 oculo,
3304 2900 3412 2944 etc.

1833 2985 1976 3058 (Leu.
2017 2987 2188 3057 xxiv).
2213 3004 2230 3037 ι
2259 2984 2366 3040 Sed
2393 2999 2550 3040 cerva
2581 2983 2695 3049 illa,
2740 2982 2994 3036 ramulum
3037 2982 3243 3036 habens
3288 2980 3414 3037 nui-

1830 3091 1977 3142 cum,
2005 3076 2142 3130 dixit
2172 3075 2224 3129 in
2255 3075 2554 3144 Evangelia
2583 3087 2682 3127 suo
2715 3071 2950 3142 glorioso
2977 3088 2990 3124 :
3021 3088 3039 3122 ι
3083 3070 3182 3136 Qui
3215 3078 3267 3124 te
3290 3084 3416 3138 per-

1831 3165 2061 3220 cusserit
2088 3165 2142 3218 in
2173 3179 2333 3217 uuam
2359 3158 3413 3228 maxillam,statueillialteram(Matth.

1831 3255 1947 3324 v).r
1994 3253 2258 3322 Loquitur
2283 3253 2448 3306 David
2473 3253 2525 3305 in
2549 3251 2739 3320 psalm.
2775 3265 2883 3303 xxx
2923 3266 2936 3301 :
2983 3267 3001 3299 ι
3027 3249 3196 3314 Quam
3220 3261 3414 3317 magna

1831 3354 1888 3398 et
1919 3358 2081 3413 quam
2105 3343 2272 3397 multa
2311 3343 2536 3398 dulcedo
2575 3350 2686 3405 tua,
2723 3340 2968 3404 Domine,
2998 3354 3161 3409 quam
3185 3339 3414 3393 abscon-

1834 3435 1961 3490 disti
2019 3435 2334 3489 timentibus
2383 3442 2466 3497 te,
2517 3440 2573 3486 et
2620 3430 2958 3500 complevisti
3007 3444 3129 3484 eam
3185 3444 3412 3500 speran-

1835 3527 1979 3581 tibus
2023 3525 2078 3580 in
2133 3535 2203 3580 te.
2236 3545 2255 3578 ι
2307 3525 2374 3578 Et
2407 3533 2492 3580 est
2541 3524 2787 3589 clarum,
2841 3523 3056 3576 domine
3102 3523 3212 3587 mi,
3270 3521 3414 3591 quod

1835 3617 2061 3690 populus
2099 3617 2398 3688 Synagoga:
2433 3617 2731 3671 timuerunt
2774 3629 2960 3683 poenas
3015 3614 3169 3685 legis,
3209 3613 3419 3667 scilicet

1835 3707 2048 3763 oculum
2073 3721 2171 3775 pro
2181 3705 2358 3772 oculo,
2375 3705 2503 3774 quia
2517 3713 2636 3758 erat
2657 3703 2712 3757 in
2737 3715 2984 3773 promptu
2997 3702 3294 3757 exsecutio.
3310 3700 3418 3756 Sed

1838 3803 2068 3870 p0putus
2099 3797 2355 3852 Ecclesiae
2385 3812 2610 3866 sperans
2648 3805 2734 3851 est
2778 3795 2831 3850 in
2873 3796 3154 3852 dulcedine
3188 3795 3301 3859 Dei,
3325 3796 3418 3864 qui

1838 3891 2078 3962 percussi
2105 3892 2156 3944 in
2172 3889 2364 3944 faciem
2382 3906 2486 3945 non
2504 3891 2894 3960 repercutiunt.
2907 3890 3248 3960 Quapropter
3262 3905 3325 3959 pa
3337 3906 3421 3943 ra-

1837 3981 1914 4034 vit
1958 3979 2127 4042 Deus,
2177 3979 2384 4034 scilicet
2425 3981 2695 4050 gentibus,
2733 3994 2980 4050 magnam
3019 3980 3420 4033 multitudinem

1838 4070 2134 4125 dulcedinis
2146 4085 2437 4139 suaequam
2454 4071 2730 4124 abscondit
2749 4085 2780 4124 a
2793 4068 3010 4123 Iudaeis.
3024 4067 3300 4134 Attamen,
3313 4076 3417 4122 etc.

2409 4170 2636 4226 CAPUT
2679 4171 2865 4226 XXIV.

1971 4249 2126 4314 Quod
2150 4260 2334 4302 cautus
2364 4247 2784 4302 Christianorum
2806 4257 2878 4302 est
2902 4247 3008 4300 Deo
3032 4259 3270 4317 acceptus

176 4343 435 4412 saginatus
461 4352 550 4398 est
577 4343 772 4398 oculus
803 4358 900 4410 pro
929 4343 1113 4406 oculo,
1161 4351 1217 4396 et
1261 4343 1473 4397 occulta
1509 4341 1734 4396 iuterfe-
1765 4355 1814 4412 υ
1912 4337 2110 4399 Paveo,
2145 4337 2366 4390 domine
2396 4337 2491 4400 mi,
2526 4337 2672 4405 quod
2717 4337 2918 4390 dictum
2945 4345 3029 4390 est
3063 4338 3128 4390 de
3159 4334 3420 4404 apostolis

179 4433 272 4486 ctio
299 4435 668 4489 inimicorum.
696 4435 859 4504 Ergo,
885 4435 1100 4488 domine
1133 4434 1227 4500 mi,
1254 4434 1579 4489 sacriﬁciqu
1600 4434 1742 4505 Syn-

181 4535 340 4592 agoga:
370 4533 455 4577 est
497 4523 700 4577 vitulus
731 4522 945 4593 pinguis
975 4538 1096 4576 cum
1143 4523 1455 4588 inimicitia,
1487 4529 1542 4576 et
1577 4521 1746 4576 sacri-

184 4614 341 4668 ﬁciuut
367 4616 628 4669 Ecclesiae
652 4614 898 4668 bnccclla
920 4623 1003 4668 est
1032 4614 1188 4682 panis
1216 4630 1340 4669 cum
1363 4614 1653 4677 charitate,
1678 4611 1747 4668 de

183 4719 270 4771 qua
295 4707 418 4759 dicit
452 4707 626 4760 Deus:
661 4723 678 4754 ι
715 4703 910 4757 Melior
947 4713 1030 4757 est
1076 4703 1312 4760 buccella
1349 4703 1534 4778 panis,
1569 4723 1587 4760 ι
1636 4716 1746 4764 etc.

187 4793 388 4849 Pulchre
414 4797 580 4849 etiam
603 4793 868 4849 describit
898 4793 1039 4850 Deus
1066 4793 1363 4852 Ecclesium
1395 4795 1748 4854 assimilando

188 4888 355 4944 cervis.
383 4905 480 4958 per
511 4904 573 4941 os
599 4886 934 4945 Salomonis.
971 4887 1059 4940 ubi
1084 4887 1191 4940 ait:
1225 4906 1242 4938 ι
1280 4889 1451 4943 Cerva
1485 4890 1592 4942 Deo
1613 4891 1747 4963 cltaf

193 4975 376 5028 rissima
409 4979 459 5030 in
491 4976 696 5030 annulo
734 4990 831 5029 suo
855 5014 871 5039 ,
926 4973 1080 5040 cujus
1125 4978 1287 5030 ubera
1321 4978 1589 5032 iuebrient
1620 4990 1672 5034 te
1696 4959 1756 5034 in.

191 5067 311 5118 omni
337 5076 614 5136 tempore,
649 5075 704 5119 et
757 5081 916 5120 amor
957 5065 1104 5119 illius
1143 5067 1370 5124 delectet
1421 5078 1470 5122 te
1510 5069 1563 5122 in
1595 5081 1752 5126 aeter-

193 5168 296 5208 num
331 5157 509 5227 (Prov.
540 5163 618 5228 v).
652 5177 671 5210 ι
705 5157 768 5211 Et
798 5157 1048 5212 Ecclesia
1089 5167 1172 5211 est
1211 5159 1319 5214 Deo
1353 5161 1552 5214 dilecta
1590 5178 1751 5217 cerva

195 5246 234 5296 in
253 5251 437 5303 amulo
467 5266 568 5304 suo
611 5261 739 5311 uno,
768 5251 834 5304 de
861 5265 972 5318 quo
999 5255 1056 5303 et
1082 5263 1184 5316 qua
1208 5253 1462 5306 scribitur
1487 5268 1500 5304 :
1531 5271 1550 5304 ι
1579 5253 1752 5310 Cerva

1846 4427 1976 4480 illud
1995 4427 2186 4480 Isaize:
2226 4445 2242 4477 ι
2283 4425 2704 4481 Manifestabunt
2733 4435 2982 4479 sanctum
3013 4424 3214 4489 Iacob,
3251 4439 3420 4479 evan-

1845 4519 2149 4590 gelizabunt
2210 4519 2376 4572 Deum
2430 4518 2632 4586 Israel,
2688 4527 2744 4574 et
2789 4517 3053 4599 accipient
3107 4518 3435 4603 ignorantes

1847 4609 2160 4681 scientiam,
2211 4617 2268 4671 et
2319 4609 2510 4674 musici
2565 4619 2742 4674 scient
2790 4621 2936 4690 leges
2984 4621 3142 4687 (Isai.
3186 4637 3362 4694 χχιχ).
3403 4645 3422 4678 ι

1849 4707 2049 4774 Aperte
2075 4707 2340 4773 videmus,
2369 4707 2587 4764 domine
2615 4711 2706 4772 mi,
2729 4711 2873 4780 quod
2897 4708 3011 4778 jam
3042 4723 3170 4768 sunt
3199 4714 3272 4768 illi
3298 4718 3425 4769 anni

1849 4797 1992 4865 quod
2017 4797 2328 4867 ignorantes
2351 4800 2565 4862 musici,
2590 4809 2647 4855 et
2667 4801 2862 4857 docent
2885 4801 3054 4870 legem
3081 4815 3344 4870 nostram,
3377 4815 3434 4859 et

1850 4889 1944 4958 qui
1970 4897 2095 4944 sunt
2126 4889 2435 4960 ignorantes
2464 4893 2568 4946 nisi
2602 4895 2854 4962 gentiles,
2895 4902 2948 4948 et
2972 4896 3062 4964 qui
3087 4905 3214 4950 sunt
3240 4898 3431 4950 musici

1851 4986 2159 5042 cantantes,
2178 4979 2498 5034 Psalterium
2530 4992 2812 5049 nostrum,
2841 4993 2894 5038 et
2918 4986 3209 5052 prophetas
3248 4985 3301 5038 in
3331 4985 3434 5039 Ec-

1851 5069 2030 5125 clesiis
2058 5069 2169 5124 suis
2207 5069 2307 5123 nisi
2334 5069 2674 5130 Christiani?
2711 5079 2788 5134 De
2811 5076 3006 5145 quibus
3037 5079 3286 5140 musicis,
3319 5079 3436 5132 sive

1853 5162 2187 5226 cantoribus,
2213 5161 2341 5215 dicit
2380 5162 2522 5218 Deus
2550 5180 2648 5234 per
2677 5188 2742 5230 os
2779 5168 2991 5230 David:
3023 5186 3041 5218 ι
3080 5170 3305 5223 Cantate
3331 5171 3424 5224 Do-

1854 5255 2002 5308 mino
2039 5252 2313 5306 canticum
2359 5268 2588 5322 novum,
2637 5267 2768 5330 quia
2806 5258 3076 5319 mirabilia
3109 5259 3235 5317 fecit
3261 5259 3438 5328 (Psal.
