4018 5330
669 335 771 390 ’5ῦῦ

1905 323 2244 382 SAMUELIS
2276 323 2700 382 MAROCIIIANI

3831 327 3926 382 36l

669 445 934 516 psalmum
969 443 1130 498 dicite
1176 439 1378 496 nomini
1427 438 1542 506 ejus
1582 435 1754 503 (Psal-
1779 439 2056 508 cxxxtv)»
2091 440 2154 492 Et
2185 440 2236 491 in
2271 447 2312 500 Λ
2342 438 2614 492 Christum
2637 435 2808 506 (Psal.
2839 436 2946 506 cc).
2979 455 2996 486 ι
3032 435 3345 506 Exemplum
3379 439 3544 492 etiam
3587 440 3642 494 iu
3687 445 3926 494 secundo

667 535 852 588 eodem
885 532 1089 602 psalmo
1121 548 1136 584 :
1167 550 1184 582 ι
1222 529 1532 586 Cantabttnt
1563 529 1653 582 tibi
1681 539 1735 582 et
1765 527 1998 596 psallent
2036 527 2246 581 nomini

663 632 764 676 tuo
791 626 1060 676 universa:
1085 617 1302 672 familize
1331 617 1590 686 gentium.
1627 636 1646 668 ι
1699 617 1765 669 Ει
1795 625 2045 670 notanter
2090 616 2244 680 dicit,

673 731 691 761 ς
731 711 992 764 universa:
1021 708 1236 761 familia:
1261 707 1523 777 gentium,
1563 723 1581 756 ι
1631 715 1686 760 et
1723 719 1827 758 non
1876 703 2038 758 Israel
2067 704 2250 774 singu-

673 803 876 855 lariter.
926 801 997 853 De
1033 799 1149 852 istis
1193 799 1356 852 etiam
1411 795 1632 850 musicis
1681 795 1812 848 dicit
1861 795 2001 848 Deus
2051 809 2148 864 per
2185 809 2248 848 os

671 892 838 948 David
867 909 878 944 :
913 909 938 960 tl
963 891 1166 944 Beatus
1189 889 1417 960 populus
1443 888 1532 957 qui
1562 887 1664 942 scil
1685 885 2048 950 cantilenam;
2085 886 2138 938 itt
2169 885 2250 938 Ino

675 983 822 1036 mine
851 982 1030 1036 vultus
1068 981 1144 1034 tui
1186 979 1540 1034 ambulabunt
1587 975 1760 1048 (Prol.
1793 977 2078 1045 Lxxxvtn).
2110 995 2128 1027 ι
2175 975 2250 1030 De

669 1073 775 1126 illis
813 1071 1010 1134 etiam,
1042 1071 1258 1124 domine
1281 1069 1379 1133 mi,
1407 1067 1706 1124 scribitur:
1741 1085 1758 1117 ι
1797 1066 2106 1120 Cantabunt
2153 1065 2246 1120 tibi

671 1174 858 1232 gentes
888 1164 939 1216 in
973 1163 1132 1216 domo
1157 1159 1248 1215 Dei
1273 1159 1376 1213 mei
1401 1160 1672 1212 canticum
1711 1155 1884 1225 (Ptol.
1915 1157 2203 1226 Lxxxvnt).
2226 1177 2242 1206 ι

665 1253 721 1304 In
756 1251 874 1306 loco
897 1252 999 1306 isto
1031 1251 1184 1320 ponit
1212 1248 1540 1304 cantilenam
1586 1248 2039 1302 antonomastice.
2073 1247 2248 1300 Etiam

667 1349 796 1394 sunt
826 1340 970 1394 mille
997 1339 1122 1393 anni
1157 1339 1298 1407 quod
1345 1351 1443 1390 nos
1482 1333 1648 1390 Judari
1691 1352 1796 1390 non
1825 1337 2166 1390 eantavimus
2195 1335 2248 1390 in

667 1434 826 1484 domo
856 1439 1062 1484 sancta.
1092 1429 1165 1482 De
1199 1429 1316 1482 istis
1340 1427 1657 1480 cantoribus
1683 1427 1816 1480 dicit
1845 1427 2008 1480 David
2037 1444 2050 1478 :
2074 1445 2091 1476 t
2118 1426 2251 1480 Catt-

675 1524 870 1574 tahttnt
898 1520 1168 1574 canticum
1199 1518 1251 1572 in
1281 1520 1442 1572 domo
1474 1517 1568 1570 Dei
1599 1516 1648 1570 in
1677 1525 1964 1570 aeternum.
2003 1535 2020 1566 ι
2061 1516 2132 1568 De
2157 1531 2250 1568 no-

663 1611 751 1663 bis
781 1609 952 1662 dicit:
1001 1625 1020 1658 t
1063 1607 1344 1673 Quomodo
1386 1606 1686 1659 cantabunt
1730 1605 2001 1658 canticum
2049 1605 2140 1658 Dei
2195 1605 2246 1658 itt

663 1710 813 1754 terra
862 1698 1074 1752 aliena?
1103 1693 1274 1768 (Paul.
1309 1695 1565 1764 cxxxw.)
1605 1715 1621 1747 ι
1674 1695 1740 1748 Et
1791 1695 2022 1764 qualiter
2071 1703 2249 1764 potest

2351 527 2490 582 libro
2525 529 2656 599 Heg.
2689 543 2738 582 c.
2765 543 2841 594 vt,
2867 527 2956 582 ubi
2987 529 3178 599 legitur
3199 530 3339 600 quod
3363 549 3380 582 ε
3401 531 3568 585 David
3591 533 3928 601 disrooperto

2350 620 2527 688 capite
2573 619 2778 674 saltans
2847 635 2969 673 cum
3029 621 3234 674 cithara
3283 633 3409 676 ante
3457 639 3644 678 arcam
3699 625 3904 677 Domini

2349 723 2509 777 quem
2560 709 2846 762 temeraria
2895 724 3032 762 uxor
3073 725 3171 764 sua
3216 710 3410 764 Michol
3451 727 3582 764 ausa
3615 723 3702 766 est
3747 715 3920 766 redar-

2350 813 2536 869 guere,
2563 797 2648 850 cui
2681 799 2794 866 ipse
2821 801 2932 852 ait:
2965 797 3009 853 Ο
3039 797 3206 863 fatua,
3235 815 3415 854 nonne
3446 801 3652 854 videbit
3697 816 3786 854 me
3829 801 3922 855 Do-

2351 889 2529 942 minus
2557 889 2868 956 despcctnm
2903 887 3256 958 psallentetn?
3305 889 3398 944 ﬁlii
3429 899 3610 944 autem
3651 891 3818 944 Israel
3849 907 3930 944 so-

2351 979 2556 1034 nabant
2579 979 2886 1044 buccinam,
2917 980 3042 1034 dum
3077 981 3497 1036 transdueebant
3521 996 3724 1034 arcam.
3761 1001 3782 1032 ι
3819 981 3922 1035 Sed

2351 1069 2479 1138 quid
2527 1083 2747 1132 sumus,
2801 1069 3020 1122 domine
3071 1069 3182 1132 mi,
3239 1070 3530 1124 irridentes
3559 1071 3930 1126 soletnnitatcs

2352 1163 2592 1232 ipsorum
2629 1162 2983 1224 musicorum.
3011 1162 3112 1216 nisi
3141 1161 3336 1216 Michol
3369 1163 3543 1229 fatua,
3577 1173 3632 1218 et
3677 1165 3773 1234 qui
3809 1176 3932 1218 sunt

2353 1252 2442 1306 isti
2471 1262 2750 1314 canentes,
2773 1253 2874 1305 nisi
2898 1252 3194 1308 Christiani
3233 1254 3494 1309 saltames
3517 1265 3571 1310 et
3595 1255 3930 1311 exsultantes

2352 1345 2464 1399 Deo
2521 1346 2572 1398 in
2633 1345 2963 1409 humilitate,
3016 1347 3156 1398 sicut
3205 1347 3408 1401 David?
3457 1349 3758 1417 praesertim
3813 1365 3929 1403 eum

2353 1435 2482 1488 dicit
2547 1437 2727 1490 Deus:
2789 1453 2808 1486 t
2868 1435 3058 1490 Omnis
3131 1437 3353 1505 spiritus
3402 1438 3585 1493 laudet
3645 1441 3930 1493 Dominum

2353 1522 2526 1592 (ἔδεαι.
2557 1523 2664 1592 ει).
2707 1543 2727 1575 ι
2786 1523 2841 1578 Si
2870 1523 3136 1578 dixisset:
3182 1523 3372 1580 Omnis
3403 1526 3642 1580 Israelita
3685 1529 3930 1596 prmcist',

2355 1621 2484 1666 tunc
2525 1627 2808 1680 possemus
2861 1613 2982 1666 aliis
3027 1613 3304 1668 insultare.
3371 1613 3484 1670 Iloc
3543 1625 3724 1670 autem
3787 1621 3930 1687 quod

2354 1701 2520 1756 Isaias
2556 1703 2694 1756 dixit
2732 1703 2876 1771 quod
2927 1721 2942 1753 ο
2981 1713 3169 1772 gentes
3205 1713 3331 1758 sunt
3373 1705 3426 1758 in
3467 1715 3761 1774 conspectu
3821 1709 3932 1776 ejus

669 1805 812 1856 esse,
841 1789 1058 1844 domine
1087 1789 1192 1856 nti,
1243 1788 1384 1858 quod
1417 1803 1702 1856 speramus
1733 1797 1932 1841 terram
1973 1788 2170 1842 habere
2197 1801 2246 1842 et
2285 1787 2324 1844 Β
2353 1795 2504 1863 quasi
2545 1795 2678 1848 nihil
2715 1795 2850 1866 (ha.
2891 1805 3032 1864 xu,»
3066 1807 3150 1851 est
3179 1797 3586 1868 intelligendum
3633 1801 3700 1852 de
3751 1803 3934 1867 gem]-

669 1895 892 1942 nomen,
919 1893 1040 1932 cum
1077 1879 1214 1932 Deus
1241 1877 1374 1929 dixit
1395 1891 1490 1946 per
1520 1879 1685 1929 Amos
1713 1877 2028 1946 prophetam
2055 1891 2068 1928 :
2103 1895 2120 1926 ι
2154 1877 2253 1930 Ce-

669 1967 1010 2032 eiditlsracl,
1043 1977 1096 2022 et
1134 1983 1236 2020 non
1269 1975 1542 2036 resurget,
1589 1969 1743 2037 virgo
1783 1967 1946 2020 Israel
1981 1975 2250 2035 prostrata

672 2069 775 2122 est,
825 2067 880 2112 et
926 2073 1032 2112 non
1081 2056 1383 2111 elevabitnr
1411 2056 1589 2125 (Amos
1618 2059 1726 2126 v).t
1777 2056 1918 2110 Idem
1949 2059 2250 2124 propheta:

667 2169 694 2199 -‹
731 2149 794 2202 ΕΙ.
823 2149 1002 2202 veniet
1032 2145 1308 2199 tribulatio
1331 2154 1386 2198 et
1421 2161 1526 2198 non
1571 2146 1866 2200 salvabitur
1886 2146 1978 2214 qui
2007 2145 2254 2214 ellugertt

670 2254 734 2292 ex
767 2238 869 2301 eis,
909 2246 961 2290 et
993 2237 1034 2289 si
1069 2236 1449 2289 absconderint
1479 2249 1536 2288 se
1561 2235 1612 2288 itt
1639 2244 1818 2288 monte
1845 2235 2103 2300 Carmeli,
2129 2235 2254 2289 inde

669 2328 1026 2400 praecipitabit
1053 2345 1146 2382 eos
1173 2343 1365 2382 manus
1397 2343 1514 2382 mea
1543 2343 1556 2390 ;
1611 2329 1822 2382 etiamsi
1872 2328 2256 2382 descenderint

667 2421 1070 2490 inproI'undum
1100 2420 1286 2482 maris,
1312 2418 1436 2473 illuc
1463 2419 1671 2472 mittam
1705 2429 2008 2488 serpentes,
2027 2428 2087 2472 et
2111 2434 2254 2472 mor-

667 2513 871 2564 debunt
901 2525 1030 2574 eos;
1059 2518 1116 2563 et
1145 2509 1187 2562 si
1217 2509 1448 2562 abierint
1475 2509 1528 2561 itt
1553 2509 1921 2579 captivitatem
1946 2525 2130 2562 coram
2153 2509 2255 2565 ini-

679 2603 833 2656 micis
861 2603 972 2656 suis
994 2642 1008 2666 ,
1055 2601 1126 2654 ibi
1155 2599 1424 2654 mandabo
1453 2599 1688 2670 gladium
1718 2615 1771 2654 et
1800 2600 2012 2655 occidet
2039 2615 2154 2660 eos.
2201 2608 2257 2654 et

670 2713 869 2764 ponam
899 2693 1113 2748 oculum
1147 2707 1307 2761 super
1337 2707 1429 2747 eos
1455 2693 1504 2744 itt
1530 2691 1727 2746 malum
1756 2703 1808 2746 et
1839 2709 1942 2746 non
1975 2693 2032 2745 itt
2055 2693 2254 2746 bonum

675 2785 858 2856 (Amos
885 2787 984 2854 ιχ).
1019 2803 1037 2834 ›
1070 2783 1222 2848 Quod
1258 2783 1388 2837 fecit
1411 2783 1566 2836 nobis
1607 2784 1767 2837 Deus.
1799 2782 1916 2836 Jam
1956 2793 2084 2836 sunt
2111 2781 2256 2836 mille

670 2876 796 2926 antti
835 2874 1112 2944 complcti,
1153 2874 1294 2942 quod
1321 2875 1593 2928 canticum
1618 2883 1672 2928 et
1701 2873 1968 2944 psalmum
2012 2873 2256 2928 cantavi-

665 2979 810 3029 .ntus,
839 2978 902 3018 ex
939 2979 1044 3034 quo
1071 2965 1150 3019 sic
1179 2971 1279 3018 est.
1311 2963 1586 3029 Attamen,
1615 2977 1721 3020 etc.

1245 3095 1474 3150 CAPUT
1515 3094 1680 3149 XXV.

803 3188 966 3255 Quod
991 3181 1186 3244 Judaei
1221 3188 1446 3241 iudebite
1477 3190 1854 3256 reprehendant
1893 3197 2106 3241 cautior

1237 3260 1684 3312 (.ltt'iatiurlot'ttttt.

739 3353 969 3406 Domine
993 3351 1086 3414 tui,
1113 3349 1244 3405 dixit
1271 3350 1412 3405 Deus
1437 3350 1502 3404 de
1531 3359 1690 3404 cantu
1710 3349 2137 3404 Christianorum
2161 3365 2256 3418 per

665 3463 732 3500 os
757 3445 926 3498 Dav-il
953 3461 964 3496 :
989 3465 1004 3494 ι
1029 3441 1230 3498 Omnes
1247 3451 1460 3512 gentes,
1487 3441 1726 3512 plaudite
1751 3441 2019 3504 manibus,
2046 3451 2099 3495 et
2126 3457 2254 3494 cat.-

667 3547 782 3590 tate
815 3539 922 3590 Deo
947 3551 1077 3589 voce
1101 3533 1276 3589 laudis
1333 3531 1506 3604 (Paul.
1553 3535 1721 3602 χιγι).
1757 3551 1774 3584 ι
1813 3533 1876 3586 Et
1901 3533 2028 3586 alibi
2075 3533 2206 3586 dicit
2238 3549 2250 3583 :

675 3651 692 3680 ι
735 3630 974 3684 .Iubilate
1005 3629 1136 3694 Deo,
1159 3629 1338 3682 omnis
1365 3637 1530 3692 terra,
1559 3629 1758 3682 servile
1788 3627 2016 3682 Domino
2043 3627 2094 3680 in
2121 3627 2255 3680 lanti-

673 3727 768 3778 tia.
805 3723 1030 3778 Introite
1079 3723 1131 3776 iit
1155 3729 1448 3792 conspectu
1483 3736 1632 3788 eius,
1657 3720 1808 3774 dicas
1837 3729 2007 3774 totum
2029 3719 2256 3790 jubilate

673 3815 848 3884 (Paul.
879 3814 1025 3884 ων).
1055 3833 1074 3866 ›
1095 3815 1196 3868 Et:
1235 3833 1252 3866 ε
1287 3813 1520 3868 Cantate
1543 3813 1986 3878 D0tnino,nmnis
2017 3822 2178 3874 terra,
2203 3821 2256 3865 ct

676 3905 1002 3960 annuntiate
1047 3905 1116 3958 de
1157 3904 1244 3960 die
1293 3903 1346 3958 in
1396 3904 1536 3958 diem
1581 3903 1755 3971 (Paul.
1805 3903 1974 3971 XCIX).
2007 3923 2026 3954 ι
2057 3902 2254 3966 Paveo,

676 3995 894 4052 domine
925 3995 1020 4060 mi,
1070 4010 1139 4050 ex
1195 4011 1302 4065 quo
1352 3996 1494 4051 Dens
1533 3996 1666 4050 dixit
1713 4010 1811 4065 per
1860 4009 1923 4050 os
1965 3994 2252 4050 Ieremia}:

681 4105 701 4138 ς
733 4087 935 4142 Docete
985 4085 1124 4142 ﬁlios
1182 4095 1394 4140 vestros
1443 4095 1500 4140 et
1553 4086 1686 4140 ﬁlias
1739 4093 1951 4141 vestras
1991 4087 2172 4140 ﬂetum
2204 4097 2258 4140 et

673 4176 951 4247 planctum
973 4215 988 4242 ,
1019 4176 1274 4243 quoniam
1309 4191 1456 4230 mors
1480 4189 1698 4244 egressa
1725 4187 1808 4229 est
1837 4191 1932 4242 per
1959 4185 2140 4244 portas
2169 4191 2256 4228 ve-

679 4278 826 4322 stras
871 4265 1006 4334 (Jer.
1038 4267 1134 4336 Ix).
1166 4285 1184 4316 ι
1219 4265 1295 4318 Ex
1324 4282 1431 4334 quo
1461 4264 1604 4320 Deus
1635 4265 1770 4318 dixit
1793 4267 1858 4320 de
1887 4266 1970 4319 his
1995 4265 2116 4318 ﬁliis
2141 4283 2258 4318 nnt-

676 4363 807 4418 sicis
843 4375 938 4432 per
963 4375 1024 4416 os
1049 4359 1216 4414 David
1243 4373 1258 4412 :
1291 4377 1309 4410 ι
1342 4359 1516 4429 Reges
1547 4368 1704 4414 terra:
1733 4369 1787 4412 et
1815 4373 2002 4412 omnes
2039 4359 2253 4426 populi,

2357 1888 2456 1940 bus
2489 1887 2606 1942 istis
2639 1903 2756 1956 qua:
2797 1887 3015 1944 fuerunt
3047 1899 3338 1958 antequam
3385 1891 3650 1945 haberent
3685 1893 3932 1945 notitiam

2358 1979 2450 2032 Dei
2489 1995 2586 2047 per
2611 1979 2901 2034 adventum
2921 1979 3083 2045 Justi,
3107 1981 3231 2050 quia
3258 1989 3384 2034 tunc
3407 1981 3622 2034 fuerunt
3653 1983 3856 2052 pagani
3885 1991 3934 2034 et

2357 2069 2690 2134 idololatrae;
2726 2087 2834 2124 non
2875 2071 2940 2124 de
2969 2071 3218 2140 gentibus
3240 2087 3358 2139 quae
3387 2073 3708 2126 invenerunt
3741 2073 3930 2126 Domi-

2357 2175 2505 2222 nutn,
2541 2175 2660 2228 qua!
2693 2159 2930 2215 oII‘erunt
2951 2161 3099 2216 omni
3127 2162 3214 2216 d;e
3245 2163 3572 2216 sacriﬁcium
3599 2163 3862 2216 mundum
3887 2164 3934 2212 in

2356 2247 2576 2304 Oriente
2611 2257 2666 2304 et
2713 2251 2766 2304 in
2816 2249 3129 2314 Occidente,
3183 2252 3322 2306 sicut
3365 2253 3494 2306 dicit
3545 2267 3642 2322 per
3683 2265 3744 2304 os
3775 2251 3936 2304 Mala-

2357 2343 2494 2396 chize
2527 2345 2802 2412 propheta:
2833 2343 2990 2414 (Mal.
3034 2346 3105 2413 t),
3137 2355 3194 2398 ut
3214 2344 3324 2412 jam
3355 2346 3606 2414 superius
3631 2353 3716 2400 est
3739 2345 3936 2412 alla-gn.

2359 2441 2488 2496 tum,
2515 2443 2570 2488 et
2585 2443 2752 2500 certe,
2773 2435 2986 2488 domine
3005 2434 3100 2496 nti,
3126 2449 3222 2487 nos
3249 2448 3513 2488 erramus.
3535 2437 3814 2496 Attamen,
3835 2445 3936 2485 etc.

2913 2541 3142 2595 CAPUT
3174 2541 3361 2594 XXVI.

2593 2633 2787 2687 Probat
2821 2635 3140 2702 apostasiam
3165 2631 3476 2687 .Iudtt’ormn
3518 2651 3549 2687 α
3587 2633 3714 2686 Deo.

2430 2723 2624 2784 Pareo,
2654 2724 2890 2785 domine,
2917 2724 3060 2790 quod
3093 2724 3524 2791 aposlalavitnus
3555 2739 3582 2774 τι
3613 2724 3724 2775 Deo
3753 2723 3804 2774 in
3837 2723 3940 2791 pri-

2359 2829 2446 2866 n:o
2477 2816 2709 2866 adventu
2739 2813 2892 2866 istius
2917 2811 3074 2873 Iusti.
3103 2813 3169 2866 de
3197 2829 3304 2883 quo
3327 2814 3732 2866 introduximus
3757 2823 3940 2865 aucto-

2359 2907 2547 2960 ritates
2571 2904 2857 2974 praedictas
2877 2946 2890 2970 ,
2918 2913 2971 2958 et
2997 2904 3080 2958 cui
3113 2919 3368 2973 expresse
3397 2905 3732 2958 conveniunt
3761 2904 3942 2957 omnia

2357 3011 2478 3065 qua:
2507 2995 2709 3064 scripta
2755 3004 2882 3048 sunt
2922 2995 3060 3063 apud
3113 2995 3290 3048 nos'in
3339 2993 3489 3048 libris
3523 2994 3684 3064 Legis
3717 3003 3774 3048 et
3815 2993 3942 3046 Prn-

2281 3119 2325 3183 C
2357 3089 2666 3158 phetarum.
2717 3097 2934 3157 propter
2975 3102 3136 3156 quam
3191 3087 3557 3156 apostasiam,
3610 3087 3756 3141 sicut
3801 3087 3944 3140 Deus

2359 3177 2648 3247 praetendit
2698 3176 3085 3245 longitudinem
3143 3177 3354 3230 dierum
3384 3217 3398 3239 ,
3455 3185 3512 3230 et
3563 3177 3940 3245 captivitatem

2358 3269 2518 3321 istam
2555 3267 2706 3320 nobis
2743 3265 2942 3330 intulit,
2993 3275 3048 3318 et
3097 3266 3142 3318 si
3191 3275 3570 3334 exspectamus
3611 3265 3940 3318 salvatorem

2357 3359 2517 3412 alium
2547 3360 2615 3413 ab
2647 3358 2737 3410 illo
2767 3357 2921 3412 Jitsto
2941 3398 2954 3420 ,
2986 3373 3092 3411 non
3123 3359 3344 3426 protest
3370 3357 3546 3410 nobis.
3589 3357 3822 3425 Signum
3861 3369 3940 3408 est

2353 3450 2582 3504 evidens
2616 3447 2756 3516 qttod
2789 3462 2887 3516 pro
2913 3457 3136 3517 peccato
3169 3447 3429 3517 generali,
3479 3450 3624 3514 quod
3655 3447 3822 3500 estin
3849 3463 3942 3499 no-

2357 3539 2441 3594 bis
2465 3540 2735 3600 omnihus,
2769 3538 2912 3604 quod
2945 3546 3226 3606 peccatum
3263 3551 3384 3591 cum
3411 3548 3728 3606 perseverat
3761 3538 3813 3588 in
3849 3553 3942 3588 no-

2357 3630 2463 3690 bis,
2501 3627 2868 3698 perseverabit
2917 3627 2996 3680 ira
3051 3641 3210 3694 super
3249 3635 3460 3694 gentem
3505 3635 3761 3680 nostram
3822 3627 3940 3678 sine

2359 3733 2474 3788 spe,
2499 3727 2554 3772 et
2581 3728 2759 3770 tamen
2789 3727 3172 3786 exSpeetamus
3200 3717 3432 3784 aliquem
3463 3717 3654 3778 alium,
3687 3731 3818 3785 qua:
3847 3731 3942 3768 ex—

2358 3811 2620 3880 spectatio
2647 3825 2751 3862 non
2781 3811 2997 3879 prodest
3027 3810 3198 3863 nobis.
3233 3810 3298 3864 Et
3327 3811 3372 3862 si
3402 3811 3737 3864 voluerimus
3759 3811 3944 3862 dicere

2357 3904 2498 3970 quod
2547 3903 2660 3956 haec
2705 3901 2996 3970 captivitas
3024 3917 3128 3954 non
3159 3911 3242 3955 est
3276 3903 3564 3970 generalis,
3615 3911 3670 3954 et
3711 3903 3864 3969 quod
3893 3903 3942 3952 in

2358 3994 2534 4061 aliqua
2579 4002 2734 4062 parte
2781 3993 2964 4045 nunnli
3009 4009 3103 4046 nos
3135 3993 3397 4046 habemus
3447 4007 3624 4059 regem
3655 4001 3708 4045 et
3745 3993 3944 4061 prim-i-

2359 4101 2502 4156 pem,
2536 4086 2644 4140 cito
2675 4085 2969 4154 poterimus
3000 4083 3292 4137 scentulum
3332 4083 3526 4150 Legem
3561 4093 3811 4135 nostrain
3867 4097 3946 4133 ar-

2359 4179 2444 4249 gui
2473 4178 2540 4232 de
2567 4177 2846 4230 mendacio
2888 4185 2942 4230 et
2979 4176 3248 4230 convinci.
3301 4173 3432 4228 Nam
3472 4177 3514 4228 si
3545 4191 3641 4228 nos
3677 4173 3856 4226 ,Ιιιειςιεί
3893 4177 3944 4226 in

2360 4269 2542 4337 aliqua
2575 4278 2731 4338 parte
2765 4267 2949 4321 nntndi
2977 4281 3154 4336 regem
3175 4277 3228 4320 et
3257 4267 3554 4335 principem
3583 4269 3944 4328 haberemus,

2359 4359 2462 4413 hoc
2499 4367 2644 4412 esset
2675 4359 2740 4412 de.
2773 4373 2874 4412 una
2903 4357 3013 4410 sola
3051 4358 3210 4418 tribu,
3242 4357 3450 4412 scilicet
3478 4357 3633 4421 Juda,
3674 4359 3776 4411 sed
3807 4360 3847 4411 D
3871 4375 3948 4410 ‘us

673 4452 950 4522 principes
973 4458 1238 4504 ctomnes
1263 4447 1472 4516 iudices
1501 4457 1686 4514 terrm;
1731 4448 1958 4517 juvenes
1999 4460 2054 4503 et
2093 4449 2254 4519 virgi-
2287 4459 2332 4515 ι)
2359 4450 2600 4504 deﬁnivit
2627 4459 2812 4502 contra
2845 4448 3038 4502 Judam
3067 4449 3210 4518 quod
3245 4463 3348 4501 non
3393 4459 3538 4503 esset
3583 4465 3754 4516 super
3803 4449 3946 4503 Juda

677 4561 795 4607 nes,
826 4557 984 4598 senes
1021 4556 1144 4594 cum
1177 4538 1508 4608 junioribus,
1538 4540 1756 4596 laudent
1801 4555 1994 4594 nomen
2045 4539 2256 4594 Domini

682 4634 856 4692 (Psal.
885 4635 1132 4704 CXLVIII).
1159 4653 1178 4686 ι
1209 4633 1275 4687 Et
1301 4649 1313 4686 :
1340 4652 1356 4684 t
1379 4632 1433 4686 In
1463 4631 1728 4688 sacriﬁcio
1751 4641 1946 4687 cantus
1976 4631 2262 4684 honorabit

680 4722 930 4794 tne(Psal
959 4727 1126 4792 mx);
1141 4743 1158 4776 ι
1180 4739 1242 4776 ac
1254 4725 1296 4778 si
1311 4732 1495 4791 aperte
1509 4723 1712 4777 diceret
1729 4741 1740 4775 :
1755 4741 1772 4772 ι
1795 4721 1910 4776 Non
1925 4723 1978 4774 in
1994 4721 2261 4776 sacriﬁcio

679 4815 928 4870 carnium
955 4815 1256 4880 hircorum,
1285 4815 1436 4884 _sicut
1468 4814 1798 4868 sacriﬁcium
1843 4823 2110 4866 nostrum.
2147 4831 2164 4864 ι
2197 4811 2263 4864 Et

683 4907 750 4960 de
775 4906 858 4959 his
877 4904 1044 4958 Isaias
1066 4905 1329 4974 preplteta
1357 4921 1370 4958 :
1409 4922 1426 4954 ι
1457 4903 1814 4958 Addiscentes
1839 4902 2148 4971 Scripturas
2167 4939 2182 4966 ,
2208 4910 2262 4954 et

683 5005 858 5050 totum
889 4995 1432 5057 PsalteriumDavid,
1483 4995 1565 5050 sic
1591 4995 1834 5049 musicali
1865 5005 1982 5048 arte
2015 5003 2259 5048 notatmn

679 5103 782 5161 per
815 5103 1010 5142 sonum
1043 5098 1262 5140 acutum
1291 5097 1346 5142 et
1379 5103 1621 5155 gravem.
1657 5107 1676 5138 ι
1710 5087 1802 5141 llis
1843 5087 2094 5141 omnibus
2131 5101 2262 5140 con-

676 5178 959 5238 sideratis.
1005 5177 1218 5230 videtur
1265 5177 1394 5230 tnihi
1445 5178 1586 5246 quod
1631 5193 1725 5233 nos
1755 5193 2001 5232 erramus
2043 5178 2096 5231 itt
2133 5177 2256 5240 hoc,

693 5285 783 5290 νυ-
813 5270 825 5290 1
857 5283 954 5290 --,-..
985 5267 1034 5290 2--
1069 5281 1176 5290 ...η-ι
1206 5267 1376 5290 1....,ιι..
1409 5267 1669 5290 ...ιη-ἶηιιζρ
1717 5267 1730 5290 ἔ

857 5283 954 5292 -.ι-κ
985 5267 1034 5292 ζμ
1069 5281 1177 5294 ﬁt...“
1206 5265 1376 5294 ‘l‘lll':f.
1408 5267 1671 5296 οηιιοιῖηιιίη
1717 5267 2019 5300 ίιιιιῖιιηιιὶιιο
2109 5265 2250 5300 [ηιηᾶ

2363 4555 2454 4594 rex
2508 4555 2574 4594 ex
2623 4540 2710 4592 illa
2744 4541 2794 4592 in
2827 4549 3113 4594 aeternum.
3150 4539 3304 4594 Unde
3343 4541 3480 4594 dixit
3513 4541 3790 4596 Jeremias
3821 4559 3954 4610 pro-

2361 4634 2561 4702 pheta:
2600 4651 2616 4682 l
2657 4631 2944 4686 Peceatutn
2975 4631 3126 4687 Jttdte
3165 4635 3426 4704 scriptum
3471 4644 3550 4686 est
3587 4635 3730 4704 stylo
3764 4635 3950 4688 ferreo

2363 4722 2414 4774 in
2446 4721 2624 4791 lapide
2659 4721 3030 4784 adamantina.
3077 4722 3318 4776 insiliens
3353 4738 3517 4791 super
3547 4726 3712 4778 corda
3751 4741 3950 4778 eorum

2363 4811 2498 4882 (Jer.
2533 4815 2690 4866 xvnl.
2709 4831 2727 4862 ι
2755 4811 2820 4864 Et
2847 4813 2898 4864 id
2927 4814 3068 4880 quod
3099 4813 3360 4882 scriptum
3383 4821 3466 4866 est
3497 4814 3638 4882 stylo
3671 4814 3864 4868 ferrea
3897 4817 3950 4866 iu

2361 4903 2534 4972 lapide
2557 4905 2910 4958 adamantina
2937 4904 3172 4973 qualiter
3199 4906 3366 4960 deleri
3397 4917 3808 4976 exspectamus.
3844 4925 3952 4962 non

2361 4995 2627 5048 delchitur
2671 4994 2724 5047 in
2747 5001 3030 5058 retentum,
3051 4997 3352 5064 praesertim
3379 5012 3502 5051 eum
3529 4998 3671 5052 Dens
3703 4999 3870 5054 fortis
3901 5011 3956 5054 et

2361 5084 2626 5153 gloriosus
2658 5083 2868 5137 locutus
2893 5093 2978 5137 est
3013 5101 3110 5154 per
3152 5101 3212 5139 os
3249 5085 3398 5141 Isaiae
3439 5089 3760 5157 prophctte:
3795 5111 3816 5140 ε
3849 5093 3956 5145 Do-

2362 5178 2594 5230 minator
2629 5177 2883 5230 Dominus
2911 5177 3086 5231 aufert
3115 5179 3182 5232 ab
3205 5178 3502 5234 Jerusalem
3531 5189 3584 5234 et
3611 5179 3754 5234 Jnda
3785 5183 3946 5249 judi-

3313 5271 3424 5300 11η-
3493 5271 3574 5300 ...Χ
3632 5293 3646 5300 -
3679 5274 3756 5300 τι..
3795 5277 3886 5300 ---.l
3913 5276 3956 5300 τι.

2361 5283 2475 5300 unum
2535 5269 2851 5300 nnnn'nnlnn1
2885 5281 2932 5300 nl
2971 5271 3264 5300 l\n:.nl\:--n-\\
