4018 5330
179 289 267 346 565

1037 287 1225 347 LIBER
1273 291 1359 346 DE
1399 287 1666 348 MESSLE
1707 286 2032 349 ADVENTU
2073 292 2514 356 PR/ETEllITO.

3303 305 3409 364 366

177 401 375 454 fuerunt
415 413 578 469 .ongre
607 399 750 463 vitaz,
783 407 922 453 srcut
946 399 1299 456 Mathusalcm
1325 411 1377 456 et
1405 402 1622 465 Enoch,
1670 411 1724 458 ct
1754 408 1800 466 Α
1829 402 1966 457 linea
2014 419 2185 474 usque
2226 407 2292 461 ad
2341 409 2553 464 beatam
2601 409 2824 467 Mariam
2879 414 3141 486 virginem
3178 426 3408 474 matrem

177 491 338 545 ceteri
367 487 522 559 (Cen.
553 490 627 560 v),
653 501 706 546 et
728 491 930 545 nullum
959 491 1174 546 illorum
1210 496 1450 548 extendit
1479 496 1620 550 Deus
1650 497 1729 549 ul-

178 587 250 633 tra
274 577 414 632 mille
439 593 639 643 annos,
691 589 746 633 et
788 595 885 635 nos
935 580 1239 636 invenimus
1282 583 1424 637 inter
1459 600 1556 638 nos
1587 586 1728 654 quod

176 669 408 734 Iessias,
444 669 563 722 sive
588 669 840 726 Christus
869 673 1170 743 promissus
1200 676 1383 740 nobis,
1436 675 1537 730 fuit.
1567 688 1726 732 natus

177 761 222 814 in
266 758 562 830 Babylonia
614 769 856 830 tempore
905 763 1234 832 captivitatis
1267 766 1408 820 illius
1459 783 1578 838 quae
1629 769 1727 823 fuit

179 851 500 921 septuaginta
529 867 795 908 annorum
816 893 832 918 ,
877 855 973 910 sed
997 856 1100 912 hoc
1124 866 1331 928 tempus
1354 871 1600 916 nostrum
1630 862 1726 916 ha.

173 949 250 999 bet
294 945 344 997 in
389 953 556 1000 aetate
613 945 752 1003 1050
797 962 1002 1014 annos;
1055 964 1217 1018 quam
1268 949 1500 1006 fabulam
1531 963 1585 1006 et
1617 969 1725 1008 non

171 1035 484 1106 prophetiam
516 1035 666 1089 nulla
705 1038 924 1095 ratione
963 1054 1250 1110 possumus
1297 1041 1623 1107 defendere,
1672 1051 1727 1097 et

174 1139 326 1181 tamen
351 1127 589 1183 dicimus
614 1137 670 1183 et
691 1130 983 1186 asserimus
1005 1131 1060 1186 in
1081 1131 1379 1203 Synagogis
1401 1133 1618 1197 nostris,
1634 1134 1723 1189 ubi

171 1217 322 1272 nullus
343 1217 739 1272 commiscetur
763 1220 916 1274 nobis
944 1229 1263 1278 extraneos.
1290 1221 1395 1277 Sed
1417 1223 1608 1277 audias
1630 1223 1719 1277 do-

170 1306 371 1361 ctrinam
392 1303 832 1362 Christianorum
861 1310 1128 1379 publicam
1148 1326 1313 1381 super
1326 1311 1461 1382 psal.
1488 1328 1680 1368 Lxxxw
1706 1331 1718 1366 :

175 1417 190 1450 ι
219 1397 507 1452 Fundatam
537 1399 607 1453 ad
641 1399 771 1453 Sion
797 1401 943 1456 dicet
969 1403 1154 1469 homo,
1182 1411 1237 1457 et
1267 1403 1428 1456 homo
1455 1412 1615 1458 natus
1640 1413 1724 1459 est

171 1488 214 1542 in
236 1502 312 1553 ea,
358 1497 412 1542 et
463 1488 582 1558 ipse
639 1489 730 1558 qui
782 1498 904 1556 est,
952 1489 1196 1546 fundavit
1230 1506 1370 1547 eam.
1402 1511 1421 1545 ›
1456 1493 1510 1546 ln
1544 1495 1724 1550 verbis

170 1581 269 1636 istis
296 1583 540 1636 nominat
570 1581 794 1635 Mariam
833 1583 1106 1637 dominam
1143 1585 1360 1640 nomine
1387 1585 1646 1651 civitatis,
1667 1595 1723 1640 et

167 1670 276 1725 dicit
301 1671 440 1739 quod
477 1689 496 1722 ι
531 1671 699 1725 homo
733 1680 890 1727 natus
915 1681 1000 1728 est
1030 1673 1082 1728 in
1114 1689 1201 1740 ea,
1225 1693 1242 1726 ι
1295 1684 1349 1728 et
1407 1691 1513 1730 non
1563 1676 1715 1741 dicit,

1833 493 1968 562 ejus.
2004 493 2078 548 De
2111 495 2276 551 Maria
2312 513 2439 552 vero
2473 500 2674 555 dicitur
2717 503 2796 558 sic
2845 505 2896 558 in
2937 505 3204 562 Alcorano
3227 508 3294 563 de
3324 509 3408 562 fa-

1831 582 1974 635 milia
2001 583 2235 638 Adamar
2265 604 2276 638 :
2312 587 2453 641 Dixit
2480 589 2703 659 angelus
2731 591 2944 646 Gabriel
2975 593 3038 647 ad
3071 595 3293 651 Mariam
3320 616 3332 651 :
3363 596 3408 652 Ο

1830 672 2021 740 Maria,
2054 675 2195 731 Deus
2232 686 2284 733 te
2313 679 2474 751 elegit
2501 691 2554 736 et
2583 681 2765 738 docuit
2810 685 3070 754 gratiam,
3100 698 3155 743 et
3185 689 3406 758 prreele-

1829 765 1906 836 git
1935 783 2097 836 super
2123 783 2313 826 omnes
2347 771 2601 829 mulieres
2645 777 2887 833 omnium
2939 780 3259 836 smenlorum
3283 823 3296 846 ,
3347 795 3407 838 et

1828 858 2008 926 posuit
2036 869 2087 914 te
2111 861 2264 929 quasi
2297 877 2493 916 novum
2536 865 2794 932 medium,
2847 869 3091 926 dividens
3143 873 3284 928 inter
3310 875 3409 929 ho-

1828 949 2003 1005 mines
2039 959 2282 1007 terrenos
2317 963 2369 1008 et
2409 956 2628 1023 angelos
2664 957 2754 1012 Dei
2803 959 2856 1013 in
2905 963 3159 1030 paradiso
3184 965 3406 1020 delicia-

1829 1054 1970 1094 rum.
2002 1039 2197 1096 Dicunt
2229 1043 2392 1098 etiam
2427 1060 2617 1102 omnes
2643 1046 2930 1105 Sarraceni
2975 1055 3118 1122 quod
3156 1055 3406 1113 Christus

1825 1131 1937 1184 sive
1964 1129 2186 1188 Messias
2216 1133 2405 1189 habuit
2431 1151 2459 1189 a
2492 1135 2599 1192 Deo
2625 1148 2944 1208 potestatem
2973 1141 3202 1200 faciendi
3237 1135 3404 1202 mira-

1825 1220 1968 1288 cula,
2019 1223 2244 1277 sanandi
2297 1239 2510 1280 omnem
2560 1227 2868 1299 languorem
2901 1243 2958 1287 et
3008 1234 3400 1304 inlirmitatem,

1823 1319 1875 1365 et
1899 1310 2146 1378 ejiciendi
2171 1314 2456 1380 dzemonia,
2483 1325 2538 1370 et
2560 1319 2854 1376 suscitandi
2885 1335 3146 1391 mortuos,
3169 1337 3221 1381 et
3244 1329 3402 1383 scivit

1821 1399 2002 1454 omnia
2034 1411 2242 1456 secreta
2272 1405 2538 1471 cordium,
2568 1416 2622 1462 et
2662 1410 2892 1466 credunt
2930 1415 3110 1468 omnia
3141 1419 3399 1474 miracula

1821 1490 2001 1546 Jcsum
2081 1492 2271 1548 fecisse
2319 1511 2439 1564 quae
2487 1497 2830 1568 Evangelium
2882 1516 3286 1561 commemorat.
3334 1510 3401 1563 Et

1822 1581 1925 1637 hoc
1971 1597 2226 1652 expresse
2277 1587 2600 1642 testificatur
2641 1589 2940 1648 Alcoranus
2977 1595 3066 1649 ubi
3098 1595 3296 1652 dicitur
3343 1601 3396 1654 in

1822 1675 1997 1742 capite
2029 1677 2285 1744 prmdicto
2314 1679 2455 1747 quod
2501 1679 2725 1738 Messias
2765 1685 2924 1739 scivit
2964 1696 3017 1742 ct
3050 1689 3151 1742 scit
3194 1693 3396 1753 omnia.

170 1761 270 1814 talis
289 1760 527 1814 Israelita
555 1762 638 1815 vel
670 1761 814 1825 talis,
835 1772 895 1816 ut
918 1762 1183 1834 intelligas
1208 1765 1349 1832 quod
1375 1764 1515 1819 ﬁlius
1537 1740 1717 1820 Maria:
1750 1740 1791 1799 Β
1819 1740 2072 1818 etetiam
2121 1775 2327 1821 secreta
2374 1769 2642 1826 cordium.
2693 1773 2846 1829 Unde
2897 1779 3056 1831 verba
3111 1777 3394 1836 Mahometi

167 1863 252 1902 non
278 1848 370 1902 fuit
396 1863 640 1917 unquam
685 1849 738 1902 in
773 1851 969 1906 lumbis
1006 1850 1237 1919 alicujus
1278 1853 1533 1908 hominis.
1565 1854 1631 1908 Et
1661 1855 1713 1909 in

167 1939 372 1992 secundo
409 1938 553 1994 libro
582 1937 791 2009 Regum
840 1940 1017 2010 capite
1047 1943 1310 2010 septimo,
1350 1941 1454 1998 hoc
1482 1942 1713 1998 manife-

167 2036 234 2083 ste
257 2028 506 2093 declarat,
557 2044 683 2084 cum
733 2029 874 2085 Deus
907 2030 1039 2085 dicit
1087 2031 1154 2085 ad
1210 2032 1408 2086 David:
1441 2050 1460 2084 ι
1487 2032 1714 2099 Quando

167 2124 486 2192 compleveris
514 2124 636 2179 dies
662 2133 806 2191 tuos,
855 2132 910 2180 et
959 2124 1249 2180 dormieris
1293 2141 1416 2180 cum
1467 2125 1712 2195 patribus

169 2217 271 2282 tuis,
296 2217 572 2272 suscitabo
607 2217 919 2287 progeniem
952 2225 1097 2271 tuam
1128 2225 1251 2287 post
1283 2225 1335 2272 te
1358 2256 1373 2282 ,
1417 2232 1536 2286 qua:
1561 2231 1712 2286 egre-

167 2308 315 2362 dietur
359 2309 424 2363 de
468 2316 633 2363 utero
685 2317 804 2373 tuo,
859 2315 914 2363 et
949 2323 1049 2379 ego
1079 2323 1174 2364 ero
1203 2308 1276 2362 illi
1312 2308 1363 2362 in
1397 2317 1626 2378 patrem,
1656 2315 1712 2362 et

169 2397 258 2464 ipse
287 2395 383 2450 erit
410 2395 546 2450 mihi
580 2395 634 2449 in
658 2394 848 2449 ﬁlium.
881 2413 901 2448 ι
933 2395 1037 2452 Sed
1062 2412 1337 2467 nunquam
1368 2395 1560 2451 fuisset
1580 2411 1706 2466 pos-

171 2484 316 2550 sibile,
342 2485 566 2540 domine
587 2485 684 2550 lltl,
711 2486 850 2556 quod
878 2485 1073 2557 aliquis
1099 2488 1447 2556 egrederetur
1468 2487 1532 2542 de
1555 2495 1708 2541 utero

169 2577 304 2643 patris
330 2577 429 2640 sui,
483 2577 586 2631 sed
637 2577 742 2632 hoc
781 2592 1032 2656 expresse
1059 2581 1209 2650 ponit
1234 2581 1299 2634 ad
1331 2581 1708 2635 demonstran-

169 2667 288 2728 dum,
312 2667 447 2735 quod
474 2667 738 2723 Christus
776 2683 878 2723 non
905 2667 1046 2724 foret
1086 2671 1472 2740 concipiendus
1501 2673 1551 2728 in
1584 2691 1705 2729 mu-

169 2753 268 2807 liere
288 2771 376 2824 per
406 2771 599 2811 semen
632 2758 872 2812 decisum
899 2759 965 2814 de
992 2759 1189 2815 lumbis
1228 2761 1364 2827 viri,
1405 2764 1544 2817 sicut
1597 2779 1700 2819 ca:-

169 2843 244 2894 teri
265 2843 524 2910 homines,
588 2856 697 2899 tam
730 2862 758 2900 a
796 2847 961 2902 David
991 2864 1152 2918 quam
1191 2849 1258 2903 ab
1308 2850 1428 2905 aliis
1476 2852 1703 2907 descen-

168 2931 321 2984 drndo.
353 2935 490 2988 Dicit
517 2936 690 2989 etiam
725 2937 866 2992 Deus
892 2953 988 3007 per
1029 2954 1090 2994 os
1133 2941 1297 2994 David
1327 2940 1376 2995 in
1412 2943 1547 3011 psal.
1576 2959 1698 2998 cu:

173 3017 269 3071 iEx
293 3030 436 3076 utero
491 3033 626 3077 ante
663 3023 972 3080 Luciferum
1025 3029 1183 3095 genui
1216 3039 1285 3092 te,
1317 3049 1334 3082 ι
1365 3045 1429 3085 ac
1473 3032 1517 3086 si
1562 3033 1702 3087 Deus

169 3201 397 3259 voluntate
422 3220 555 3268 sua,
613 3206 763 3276 quod
812 3216 896 3262 est
944 3206 1176 3276 Spiritus
1222 3221 1466 3277 sanctus,
1513 3215 1699 3282 genuit

167 3303 281 3354 cum,
300 3301 349 3344 et
371 3309 469 3347 non
495 3295 570 3348 de
599 3296 808 3350 semine
825 3297 1074 3364 dicendo,
1101 3315 1221 3354 cum
1251 3303 1402 3370 ponit
1424 3317 1489 3357 ex
1521 3313 1696 3370 utero,

167 3379 263 3444 quia
287 3380 525 3438 Christus
554 3395 720 3439 natus
743 3402 809 3439 ex
837 3395 990 3442 utero
1016 3390 1133 3442 sine
1164 3391 1303 3444 virili
1334 3396 1540 3448 semine
1566 3410 1699 3463 prae-

169 3475 230 3519 ter
251 3483 445 3524 cursum
484 3473 711 3528 solitum
740 3485 966 3542 naturae,
1019 3487 1075 3532 et
1127 3480 1241 3533 hcce
1289 3490 1373 3534 est
1427 3497 1552 3535 vera
1603 3483 1699 3538 do-

170 3557 302 3611 ctrina
325 3559 760 3618 Christianorum
813 3581 931 3634 qua:
979 3582 1085 3621 non
1141 3569 1308 3623 intrat
1343 3569 1396 3623 in
1432 3572 1698 3641 capitibus

171 3652 351 3716 nostris,
378 3665 603 3724 pr0pter
645 3655 751 3710 hoc
784 3659 962 3712 evenit
998 3659 1153 3713 nobis
1179 3660 1307 3715 illud
1345 3662 1488 3730 quod
1517 3663 1698 3717 evenit

170 3737 306 3792 nobis.
354 3741 622 3797 Describit
667 3745 832 3799 etiam
862 3761 959 3815 per
987 3747 1234 3802 eumdem
1281 3752 1495 3804 modum
1542 3750 1700 3805 Chri-

171 3833 278 3880 stum
339 3832 678 3886 nasciturum
738 3832 904 3888 David
959 3838 1220 3905 propheta
1278 3854 1399 3893 cum
1459 3841 1588 3895 dicit
1642 3842 1696 3896 in

170 3915 272 3980 psal.
297 3932 445 3974 cxxxt
481 3940 493 3975 :
525 3921 746 3978 iuravit
769 3925 1024 3982 Dominus
1047 3929 1331 3984 veritatem
1363 3949 1376 3984 :
1410 3931 1486 3988 De
1520 3932 1696 3990 fructu

170 4007 332 4063 ventris
362 4012 433 4065 tui
463 4027 666 4082 ponam
699 4029 861 4084 super
886 4017 1067 4072 sedem
1106 4027 1270 4074 tuam.
1317 4021 1567 4078 Attamen
1599 4025 1695 4081 Dei

169 4105 332 4152 sumus.

669 4216 900 4276 CAPUT
937 4221 1147 4278 XXV".

171 4293 485 4359 Concludendo
507 4307 728 4380 inducit
767 4309 956 4380 aliqua
993 4315 1133 4367 dicta
1183 4314 1598 4373 Sarracenorum
1633 4320 1698 4376 de

489 4377 620 4430 Jesu
665 4387 714 4431 et
756 4377 930 4438 Maria
961 4394 1127 4437 matre
1157 4386 1291 4455 ejus.

1819 1852 2035 1910 fuerunt
2065 1857 2189 1911 talia
2221 1876 2234 1912 :
2269 1858 2439 1914 Scivit
2467 1861 2610 1926 Eise,
2659 1864 2710 1918 id
2752 1875 2836 1920 est
2874 1865 3052 1934 Iesus,
3085 1885 3296 1925 omnem
3333 1873 3400 1926 li-

1817 1943 1973 1998 brum
2006 1955 2060 2000 et
2087 1961 2300 2003 omnem
2347 1951 2691 2019 sapientiam,
2735 1963 2791 2010 et
2832 1956 2993 2010 etiam
3027 1969 3191 2013 totam
3227 1961 3394 2032 legem

1817 2033 2008 2105 Moysi,
2035 2045 2088 2090 et
2111 2037 2238 2107 quid
2279 2039 2526 2096 homines
2557 2045 2914 2101 comedebant
2947 2059 3000 2102 et
3032 2050 3287 2106 bibebant
3337 2055 3389 2108 in

1816 2121 2066 2180 domibus
2097 2128 2230 2194 suis,
2263 2131 2468 2199 etquid
2501 2136 2828 2202 reponebant
2877 2139 2929 2192 iu
2963 2141 3231 2198 thesauris
3261 2145 3393 2200 suis.

1814 2211 2008 2267 Dicunt
2033 2215 2194 2270 etiam
2234 2217 2300 2271 de
2345 2219 2580 2287 Christo,
2631 2223 2746 2278 sive
2797 2225 3008 2290 Mcssia,
3055 2232 3219 2299 quod,
3265 2234 3393 2287 dum

1814 2303 1916 2358 fuit
1943 2304 1994 2358 in
2025 2305 2126 2360 hoc
2175 2311 2415 2373 mundo,
2466 2315 2790 2383 contempsit
2836 2317 3049 2373 divitias
3089 2330 3144 2375 et
3190 2321 3390 2390 abjecit

1813 2394 2056 2450 carnales
2086 2396 2490 2464 delectationes,
2545 2417 2642 2456 nec
2675 2403 2860 2458 habuit
2886 2409 3234 2474 concubinas,
3267 2427 3391 2480 qua:

1813 2492 1941 2537 sunt
1973 2485 2185 2539 occasio
2235 2489 2438 2556 peccati
2493 2499 2542 2544 et
2599 2506 2763 2545 causa
2816 2494 3207 2552 inobedientize.
3261 2500 3388 2554 item

1810 2574 2021 2630 inducit
2076 2577 2127 2630 in
2185 2577 2448 2634 Alcorano
2507 2580 2636 2638 illud
2693 2583 2914 2639 verbum
2977 2589 3387 2659 evangelicum;

1816 2685 1835 2718 ι
1864 2659 2063 2736 Vulpes
2085 2669 2268 2726 ioveas
2290 2672 2507 2739 habent,
2542 2683 2595 2730 et
2629 2677 2874 2734 volucres
2897 2680 3018 2734 caeli
3054 2683 3206 2738 nidos
3231 2684 3388 2756 (an.

1809 2755 2019 2826 Ix).iEt
2046 2758 2160 2812 hmc
2189 2761 2369 2815 omnia
2399 2762 2520 2817 licet
2543 2765 2651 2818 sint
2677 2766 2794 2822 sine
2823 2771 3139 2826 auctoritate
3171 2788 3199 2826 a
3233 2785 3388 2843 parte

1811 2847 2121 2912 dicentium,
2153 2861 2278 2904 sunt
2307 2861 2483 2907 tamen
2517 2855 2823 2912 conformes
2856 2859 2938 2914 his
2967 2876 3084 2931 quae
3115 2866 3390 2934 pl'Opltelil‘.

1808 2938 2062 2994 dixerunt
2092 2942 2157 2996 de
2181 2941 2374 2998 Messia
2421 2944 2472 2998 in
2521 2947 2694 3014 primo
2722 2949 2956 3004 adventu
3004 2967 3124 3018 suo,
3159 2964 3215 3008 ut
3243 2966 3391 3023 patet

1812 3029 1862 3083 in
1895 3033 2188 3099 praedictis.
2240 3033 2435 3089 Dicunt
2479 3038 2644 3092 etiam
2685 3039 2737 3092 in
2767 3040 3034 3096 Alcorano
3058 3045 3198 3106 quod
3242 3047 3388 3106 Eise.

173 3045 185 3065 ι
210 3045 269 3071 ω
294 3045 436 3076 ιιιυιύ
491 3045 626 3077 ante
663 3045 972 3080 mrcttertun
1025 3045 1183 3095 genun
1216 3045 1285 3092 te,
1317 3049 1334 3082 ι
1365 3045 1429 3085 ac
1473 3047 1517 3086 si
1562 3045 1702 3087 Deus
1750 3081 1773 3104 η
1812 3046 1862 3083 In
1895 3045 2188 3099 prmttlcus.
2240 3045 2435 3089 Dicunt
2479 3045 2644 3092 etiam
2685 3045 2737 3092 in
2767 3045 3034 3096 Alcorano
3058 3060 3090 3112 (ι

167 3110 288 3165 tortis
313 3123 361 3166 el.
389 3114 665 3184 gloriosus
703 3116 908 3171 diceret
955 3117 1022 3172 de
1062 3117 1277 3180 Christe
1307 3136 1434 3187 suo,
1465 3124 1607 3192 quod
1635 3125 1701 3180 de
1730 3088 1773 3142 (⁸
1805 3121 1856 3175 id
1891 3131 1976 3177 εει
2001 3122 2160 3177 «ῐυδυε
2197 3123 2464 3192 ΟΙιτῖθιηεν
2499 3137 2583 3183 εει
2614 3130 2847 3185 Verbum
2894 3133 3009 3192 Dei.
3037 3143 3090 3190 el

1805 3121 1856 3175 id
1891 3131 1976 3177 est
2001 3122 2160 3177 Jesus
2197 3123 2464 3192 Christus,
2499 3137 2583 3183 est
2614 3130 2847 3185 Verbum
2894 3133 3009 3198 Dei,
3037 3143 3090 3190 et
3118 3136 3222 3192 hoc
3243 3139 3388 3195 scili—

1801 3218 1885 3264 cet
1915 3225 2042 3265 esse
2081 3211 2314 3266 Verbum
2349 3215 2459 3280 Dei,
2491 3226 2572 3271 est
2601 3217 2726 3274 Jcsu
2776 3221 2974 3277 Christi
3023 3228 3160 3294 apud
3191 3228 3380 3282 Sarra-

1799 3312 1964 3354 cenos
1991 3301 2143 3368 quasi
2179 3316 2370 3358 nomen
2395 3307 2695 3375 proprium,
2739 3309 2809 3363 ita
2854 3314 2995 3381 quod
3034 3316 3211 3369 nullus
3242 3319 3380 3373 alius

1801 3387 1962 3442 homo
1992 3398 2214 3442 vocatur
2259 3393 2309 3445 in
2357 3393 2457 3448 hoc
2491 3397 2726 3456 nomine.
2765 3401 2867 3453 nisi
2891 3401 3068 3468 Jesns,
3100 3419 3258 3472 quem
3290 3423 3384 3461 vo-

1799 3487 1926 3530 cant
1966 3479 2197 3534 Arahice
2226 3481 2369 3536 Eise.
2396 3482 2658 3539 Dicuntur
2680 3489 2844 3542 etiam
2878 3492 2928 3544 in
2956 3492 3223 3549 Alcorano
3264 3499 3340 3552 sic
3364 3514 3381 3553 :

1805 3586 1824 3619 ‹
1857 3569 2000 3623 Dixit
2029 3569 2170 3625 Deus
2203 3573 2268 3624 ad
2301 3574 2462 3628 Eise:
2514 3576 2624 3646 Ego
2643 3593 2761 3632 sum
2792 3580 3105 3638 sufﬁcientia
3141 3593 3252 3650 tua,
3283 3603 3385 3657 ego

1799 3657 1988 3714 levabo
2014 3669 2064 3714 te
2093 3677 2261 3730 usque
2293 3664 2360 3718 ad
2398 3679 2504 3731 me,
2535 3675 2589 3720 et
2610 3669 2906 3736 puriﬁcabo
2937 3680 2988 3726 te
3019 3673 3378 3732 inﬁdelibus.»

1798 3747 2089 3804 Considera
2116 3766 2268 3822 ergo,
2295 3753 2530 3820 domine,
2565 3760 2705 3827 quod
2739 3775 2870 3830 gens
2893 3760 3200 3820 Judazorum
3245 3783 3376 3838 pro-

1798 3853 1920 3911 pter
1949 3845 2323 3912 captivitatem
2351 3863 2513 3917 quam
2542 3852 2844 3920 passisunt
2879 3853 2992 3922 jam
3021 3858 3165 3914 mille
3199 3861 3379 3926 annis,

1797 3945 1924 3988 sunt
1967 3937 2112 3991 enim
2165 3938 2476 4006 paucissimi
2513 3940 2682 3997 Judmi
2716 3947 3122 4015 comparatione
3151 3951 3380 4007 aliarum

1798 4025 2102 4082 nationum.
2136 4026 2269 4082 Nam
2299 4028 2585 4085 Sarraceni
2628 4035 2967 4105 multiplicati
3005 4048 3158 4106 sunt,
3183 4052 3236 4094 et
3257 4025 3382 4097 cre-

1800 4123 1960 4168 scunt
1982 4116 2244 4183 quotidie.
2292 4117 2452 4172 Fides
2477 4129 2655 4176 autem
2680 4123 2886 4179 Christi
2937 4126 3176 4195 implevit
3207 4139 3378 4186 totum

1799 4205 2081 4260 mundum.
2132 4205 2241 4262 Nos
2270 4221 2398 4263 vero
2436 4210 2634 4279 ubique
2679 4211 2905 4283 dispersi
2955 4229 3144 4274 sumus
3183 4234 3215 4272 a
3260 4222 3372 4277 Deo

1799 4305 2010 4361 nostro,
2037 4305 2092 4352 et
2121 4298 2320 4368 ubique
2370 4315 2557 4356 sumus
2597 4305 2948 4372 paucissimi,
2998 4308 3136 4362 sicut
3186 4311 3376 4366 Ruben

1721 4408 1775 4468 ι)
1800 4388 1888 4443 cui
1935 4389 2072 4443 dixit
2115 4398 2309 4460 pater:
2376 4411 2393 4442 ι
2425 4391 2538 4446 Non
2572 4409 2805 4458 crescas,
2835 4405 2940 4450 etc.
2989 4396 3142 4467 (Gen.
3167 4406 3370 4469 ψη.»

220 4459 389 4530 Certe,
441 4467 660 4522 domine
718 4470 834 4535 mi,
887 4470 1014 4527 licet
1059 4474 1214 4530 nobis
1272 4492 1380 4532 non
1427 4459 1768 4549 opponant-
1798 4477 1908 4534 Nos
1933 4459 2246 4534 autemnon
2277 4481 2615 4547 crescimus,
2668 4493 2724 4539 et
2776 4485 2850 4539 illi
2900 4498 3155 4542 crescunt
3181 4491 3376 4558 quibus

171 4547 408 4612 Christiani
443 4561 584 4614 dicta
632 4559 1080 4631 Sarracenorum,
1111 4568 1380 4636 praecipue
1419 4547 1539 4640 qua:
1593 4581 1699 4625 tra-

173 4641 328 4700 duntur
361 4648 410 4702 in
441 4651 714 4708 Alcorano
749 4663 805 4708 et
831 4653 884 4708 in
913 4657 1338 4724 expositionibus
1359 4659 1495 4729 ejus,
1524 4662 1698 4716 scien-

172 4738 370 4806 tesquod
403 4758 499 4798 nos
531 4760 638 4798 non
680 4746 1069 4815 reciperemus,
1110 4750 1249 4804 sicut
1291 4766 1392 4806 nec
1423 4752 1524 4820 ipsi
1555 4754 1696 4807 reci-

173 4826 306 4894 piunt,
347 4842 520 4890 tamen
575 4837 644 4891 ad
701 4835 1070 4906 fatigationem
1117 4849 1364 4896 nostram
1409 4857 1526 4897 esse
1555 4852 1608 4898 et
1630 4844 1695 4898 ad

174 4913 550 4980 fortiﬁcationem
596 4927 958 4990 credentium,
1006 4929 1051 4982 si
1107 4931 1262 4986 nobis
1299 4943 1698 5002 opponerentur

175 5001 236 5054 lll-l
260 5023 361 5075 qua:
399 5013 648 5067 dicuntur
675 5031 704 5070 a
733 5015 1054 5072 Sarracenis
1099 5020 1166 5073 de
1211 5001 1347 5076 Iesu,
1367 5029 1420 5076 et
1449 5024 1514 5077 de
1538 5024 1692 5077 beata

175 5086 297 5132 "aria
328 5109 489 5132 mni..-
542 5103 652 5132 ηε...
728 5102 772 5132 n

780 5119 930 5132 -\\-\An
987 5107 1125 5132 Ακξ...
1177 5107 1401 5132 θ-....--ι

1801 4569 2002 4624 inimici
2033 4584 2196 4639 super
2220 4585 2410 4627 omnes
2434 4581 2710 4642 gentes,et
2747 4575 2816 4630 nil
2844 4577 3178 4644 proﬁcimus.
3203 4580 3379 4637 Testi-

1801 4662 2040 4716 monium
2071 4662 2362 4720 multorum
2391 4673 2499 4720 stat
2528 4681 2741 4737 semper
2773 4677 2962 4724 contra
2993 4685 3116 4737 nos,
3145 4673 3374 4741 scilicet,

1797 4750 2226 4807 Christianorum
2248 4763 2301 4809 et
2323 4755 2768 4822 Sarracenorum,
2792 4757 3093 4815 Alcoranus
3114 4769 3170 4816 et
3198 4763 3377 4818 Evan-

1799 4843 1996 4912 gelium
2025 4843 2253 4910 Christi,
2303 4847 2500 4914 quibus
2549 4847 2795 4902 nolumus
2845 4851 3088 4916 credere,
3131 4855 3378 4922 quamvis

1798 4948 1919 4988 meo
1956 4933 2163 5003 judicio
2211 4934 2513 4988 Alcoranus
2562 4937 2699 4992 nihil
2746 4938 2892 4992 valet
2929 4955 3051 4995 cum
3095 4944 3381 4998 manifeste

1798 5024 2074 5078 contineat
2102 5032 2312 5087 contra,
2365 5025 2504 5077 sicut
2550 5025 2665 5095 ipse
2708 5027 2870 5091 nosti,
2903 5038 2960 5083 et
2986 5033 3380 5101 compositores
