4018 5330
641 195 758 250 ’507
1439 198 1800 258 OSIJERNUS
1837 199 2386 262 CANTUARIENSIS
2429 207 2777 270 ECCLESLE
2815 212 3208 274 MONACHUS.
3801 229 3890 282 '56?

651 306 900 364 doctrina
945 305 1397 366 Christianorum.
1445 309 1823 380 Nihilominus,
1876 315 2092 372 domine
2136 319 2227 383 mi,
2261 331 2306 388 Α
2335 320 2502 376 Deum
2534 324 2651 393 ejus
2674 325 3010 398 Scripturam
3038 331 3220 388 docuit
3247 339 3304 388 ut
3324 343 3610 404 corruptus
3633 335 3794 392 homo
3814 355 3872 410 [ο

654 411 816 464 super
847 397 930 452 his
959 397 1138 454 dubiis
1155 401 1220 453 ad
1249 410 1298 454 te
1325 416 1567 457 recurro.
1599 405 1832 460 maxime
1861 419 2020 476 super
2039 407 2229 477 primis
2333 413 2480 468 nitus
2507 415 2783 483 ignorans.

651 485 852 538 nostris
909 502 1028 554 qua:
1073 489 1234 544 habui
1283 505 1313 544 a
1363 493 1681 561 prophetis,
1729 495 1854 564 quia
1882 497 1950 551 de
1978 497 2228 554 Alcorani

653 573 966 628 testimonio
995 577 1109 630 scio
1137 577 1276 644 quod
1307 581 1458 647 quasi
1504 581 1636 634 nihil
1686 585 1980 652 reputabis,
2027 595 2082 642 tu
2111 603 2228 641 ma-
2330 583 2538 709 Exﬂlic.
2565 587 2802 658 Epistola
2825 591 2887 646 Β.
2914 595 3128 649 Sumne!
3149 599 3308 652 missa
3335 599 3404 653 ad
3442 599 3508 654 Β.
3548 600 3624 655 Is.
3647 603 3740 656 sub
3767 621 3894 658 anno

653 663 796 709 xime
823 665 912 709 nni
945 664 1233 709 Arnhimlm
1281 669 1404 709 avie.
1459 669 1702 709 ῺρνΓι-Μρ
1731 674 1874 709 anim
1907 677 2044 709 nam:
2097 677 2219 709 ηη-ἓη
2453 660 2612 709 omini
2643 661 2799 709 1000-
2831 666 3087 709 translata
3112 667 3176 709 dp
3203 667 3423 709 Ανηιιῑεη
3452 673 3504 709 in
3537 669 3776 709 IlI-15mm.
3817 693 3894 709 nu

651 663 796 716 xime
823 665 913 731 qui
943 664 1233 720 Arabicum
1280 669 1408 722 scis.
1458 669 1703 726 Perfccle
1729 674 1874 728 enim
1907 677 2046 730 nosti
2096 677 2187 747 qui

2400 661 2799 747 gom‘inillOUO,
2831 666 3087 747 translata
3111 667 3176 746 de
3203 667 3504 747 Arabicqin
3532 669 3776 747 Latinum
3815 693 3896 742 per

650 750 764 819 ipse
789 751 1144 821 Mahometus,
1171 758 1260 826 qui
1304 757 1440 812 dixit
1481 775 1540 814 se
1569 764 1905 831 prophetam,
1952 782 2052 820 nec
2087 782 2221 822 ven-

651 849 768 894 tura
808 844 1080 912 praedixit,
1109 855 1164 900 et
1192 847 1282 917 qui
1313 848 1448 903 dixit
1490 865 1549 905 se
1595 853 1838 908 nuntium
1881 854 1999 922 Dei,
2031 866 2220 912 contra

1859 1170 1868 1178 '
1905 1169 2074 1215 ANNO
2117 1170 2346 1218 DOMIN!
2392 1163 2681 1226 Μαῖαν.

1481 1481 1483 1484 ,
1639 1331 2876 1506 OSBERNUS

1303 1551 1865 1654 CANTUARIENSIS.
1878 1597 2187 1654 ECCLESII

2285 1600 2645 1663 liONACilUS
2681 1609 2768 1664 ΕΤ
2798 1611 3253 1672 ΡΒᾸΞΕΕΝΤΟΠ.

1623 1789 2156 1898 NOTITIA
2233 1798 2918 1936 HISTOBICA

1443 1992 1657 2065 (Ouum.
1689 1995 1980 2054 Comment.
2011 1999 2075 2056 de
2099 1999 2472 2073 Scriptorihus
2515 2007 2919 2082 ecclesiasticis,
2947 2013 3008 2080 Il,
3033 2015 3182 2085 757.)

2399 725 2469 780 F.
2513 725 2832 798 Alphonsuin
2885 731 3246 790 Boni/taminia
3329 741 3526 794 ordinis
3585 725 3896 797 Praedicato-

2398 812 2533 865 rum,
2563 800 2657 854 sub
2679 817 2819 858 anno
2845 801 3056 858 Domini
3086 807 3242 862 1559.

702 1016 3657 1063 Ἥ

2068 2154 2393 2176 ψ

676 2271 970 2330 τοδῦεηιυε
1011 2271 1415 2330 Cantuarieusis
1465 2275 1722 2333 Ecclesiae
1773 2283 2070 2338 monachus
2145 2295 2200 2340 et
2234 2277 2275 2336 Β
2303 2287 2670 2361 episcopatum
2693 2293 2947 2365 suscepit,
2981 2299 3232 2356 nimirum
3263 2319 3352 2360 an.
3379 2307 3533 2364 1070.
3559 2309 3882 2372 interierunt

623 2380 949 2440 praecentor,
999 2385 1156 2440 quem
1205 2371 1523 2429 Guillelmus
1543 2374 1720 2432 Carus
1745 2379 1947 2446 omisit,
1982 2382 2202 2437 natione

625 2465 850 2536 Anglus,
905 2468 990 2522 vir
1043 2468 1224 2524 Inultze
1281 2470 1498 2539 pietatis
1553 2481 1607 2525 et
1654 2472 1993 2543 eloquentiae,
2039 2493 2199 2546 quem

621 2557 946 2615 Posset-inus
975 2561 1028 2614 in
1069 2561 1342 2630 Apparatu
1397 2563 1566 2618 Sacro
1606 2565 1671 2618 ad
1700 2581 1900 2622 annum
1937 2568 2070 2623 1020
2105 2569 2200 2626 llo-

624 2656 800 2708 ruisse
853 2657 1080 2722 asserit,
1137 2667 1297 2725 atque
1357 2657 1584 2713 Carolus
1653 2659 1957 2733 Saussayus
2013 2665 2104 2719 lib.
2167 2683 2200 2721 v

621 2748 912 2802 Annalium
940 2751 1429 2816 Aurelianensium,
1457 2769 1576 2822 cap.
1610 2754 1661 2822 8,
1693 2754 1991 2812 Obseruum
2017 2771 2196 2828 vocat,

620 2840 726 2893 nisi
769 2843 1084 2910 typographi
1129 2843 1174 2898 is
1204 2843 1396 2913 lapsus
1424 2855 1527 2900 est.
1559 2847 1632 2900 ita
1666 2849 1882 2917 quidem
1919 2867 2194 2909 senseram

619 2924 674 2978 in
703 2924 1086 2995 Supplemeuto
1121 2929 1466 2996 scriptorum,
1518 2947 1639 3002 pag.
1674 2935 1804 3000 ΜΞ,
1849 2937 1942 2991 sed
1973 2939 2196 2994 attentis

619 3017 874 3082 proprius
920 3016 1194 3082 omnibus,
1232 3019 1376 3074 hunc
1413 3021 1714 3077 Osbernum
1745 3023 2192 3082 Cantuarieasem

623 3106 970 3172 monachmn,
1027 3105 1316 3163 Lanfranci
1365 3111 1751 3182 archiepisc0pi
1784 3114 2192 3172 Cantuatiensis

611 3190 936 3250 farniliarem
995 3207 1048 3252 et
1097 3199 1486 3269 synchronum,
1526 3203 1626 3256 sub
1679 3202 1966 3264 Guillelmo
2018 3205 2192 3263 Notho

611 3285 910 3354 Anglorum
961 3303 1090 3358 rege
1121 3303 1263 3344 anno
1301 3291 1438 3346 1080
1469 3301 1524 3346 et
1547 3293 1686 3346 ultra
1717 3293 1964 3351 ﬂoruisse
1991 3297 2196 3366 proba-

608 3373 770 3430 bilius
791 3387 894 3442 est,
914 3376 982 3431 de
1025 3393 1133 3446 quo
1157 3380 1232 3434 ita
1259 3379 1574 3438 Guillelmus
1607 3383 2102 3442 Malmesburiensis
2134 3390 2187 3444 in

607 3463 746 3518 libro
785 3465 859 3520 De
890 3467 1104 3536 regibus
1141 3468 1460 3539 Anglorum,
1493 3488 1612 3541 cap.
1649 3473 1702 3540 8,
1731 3474 1818 3528 ubi
1847 3477 1912 3530 de
1941 3476 2001 3532 S.
2043 3477 2189 3533 Dun-

2304 2395 2368 2436 eo
2423 2391 2663 2454 tempore
2713 2390 2978 2458 przecipua
3017 2391 3271 2450 Ecclesia:
3299 2398 3454 2454 Cant.
3501 2417 3870 2472 monimenta,

2301 2481 2356 2526 et
2388 2483 2626 2528 veterum
2658 2479 3180 2550 archiepiscoporum
3213 2497 3265 2541 et
3294 2501 3600 2547 sanctorum
3630 2495 3880 2568 Anglico-

2301 2576 2420 2614 rum
2445 2561 2578 2617 Vita).
2602 2565 2975 2632 elegantiores.
3007 2571 3667 2641 Superfueruutduntaxat
3691 2561 3876 2656 aliqua

2302 2651 2354 2703 in
2378 2651 2656 2722 Anglicum
2695 2655 2930 2726 linguam
2959 2660 3086 2714 olim
3120 2679 3398 2720 conversa.
3429 2669 3498 2724 Ut
3531 2671 3670 2727 hanc
3691 2651 3876 2742 jactu-

2301 2756 2418 2794 ram
2467 2747 2773 2812 resarciret,
2823 2758 2877 2802 et
2905 2765 2968 2803 ex
3006 2751 3313 2824 Anglicanis
3349 2760 3585 2830 reliquiis
3606 2764 3878 2836 archiepi-

2298 2848 2581 2902 scoporum
2627 2835 2772 2891 Vitas
2819 2838 3008 2896 Latine
3044 2847 3410 2913 concinnaret,
3443 2853 3542 2906 sibi
3575 2871 3604 2908 a
3633 2871 3876 2911 commo-

2297 2924 2484 2978 nachis
2530 2925 2642 2980 suis
2673 2941 2890 2996 operam
2931 2931 3094 2988 fuisse
3135 2935 3314 3010 datam
3341 2939 3612 2998 Oshernus
3647 2945 3698 2998 iu
3727 2963 3874 3016 pnn-

2295 3011 2500 3070 falione
2527 3017 2592 3070 ad
2623 3019 2881 3076 Duuslani
2911 3021 3087 3079 Vitam
3120 3027 3310 3084 innuit.
3342 3029 3555 3088 Obitqu
3603 3011 3748 3092 illius
3787 3041 3876 3096 his

2293 3103 2476 3157 verbis
2507 3103 2841 3162 Obituarium
2877 3109 3279 3179 _Cauluarieuse
3311 3122 3484 3187 tradit
3513 3141 3524 3175 :
3553 3139 3606 3178 tv
3639 3126 3870 3182 Kalend.

2294 3191 2602 3249 Decembris
2622 3197 2754 3251 obiit
2774 3199 3045 3257 Osbcrnus
3069 3219 3369 3274 przecentur
3389 3213 3632 3270 ecclesia:
3657 3217 3869 3274 Christi

2292 3283 2714 3342 Cantuariensis.
2747 3290 2822 3343 Ex
2857 3291 2940 3346 his
2971 3291 3104 3349 Vitis
3129 3298 3443 3355 hodiermuu
3483 3316 3700 3360 exs:ant
3734 3309 3874 3364 Vita:

2292 3372 2392 3427 SS.
2434 3373 2692 3430 Dunstani
2749 3388 2802 3433 et
2851 3379 3072 3452 Elphegi
3105 3401 3226 3439 cum
3255 3387 3488 3444 Historia
3525 3395 3591 3447 de
3635 3399 3870 3452 transla-

2291 3465 2436 3521 tione
2467 3468 2708 3540 Elphegi.
2763 3471 3014 3544 Singulas
3043 3478 3211 3531 edidit
3247 3478 3508 3537 Henricus
3535 3484 3804 3540 Warthon
3833 3507 3864 3542 τι

607 3562 768 3608 stano
801 3571 814 3608 :
845 3555 1012 3609 Plura
1047 3565 1096 3610 et
1149 3574 1250 3612 non
1294 3563 1669 3616 contemnenda
1701 3563 1765 3616 de
1793 3565 1904 3618 riro
1935 3567 2182 3622 volentem
2211 3607 2256 3666 C
2289 3559 2703 3666 (illopverbalim
2779 3562 3582 3666 Imcﬂﬁl’l‘ftan‘lueffCCPi'mlS.
3639 3585 3786 3632 ιοηιο
3821 3579 3866 3632 ll

832 3664 877 3666 _.
930 3665 934 3666 ν
1016 3649 1097 3666 ,,.
1181 3659 1191 3666 ,
1305 3652 1314 3662 .
1502 3664 1509 3666 _
2027 3661 2054 3666 -.
2109 3659 2120 3666 .
2340 3661 2487 3666 ---η-

603 3647 796 3710 dicere,
828 3657 1029 3702 revocat
1058 3649 1362 3704 Cantuariw
1393 3664 1577 3706 cantor
1602 3655 1892 3720 Osbernus,
1948 3659 2182 3730 qui‘ejus

623 3732 796 3787 Vitam
843 3735 1084 3790 Romana
1135 3740 1430 3808 eloquentia
1478 3745 1787 3811 composuit,
1825 3747 1959 3800 nulli
2005 3767 2182 3804 nostra

607 3831 834 3892 tempore
875 3824 1009 3894 style
1053 3829 1335 3892 secundus,
1379 3832 1580 3886 musica
1627 3847 1760 3889 certe
1795 3840 2029 3894 omnium
2069 3843 2180 3896 sine

605 3915 955 3976 controversia
1002 3915 1222 3984 primus.
1276 3918 1480 3984 Quibus
1538 3923 1714 3977 verbis
1758 3925 2018 3984 claruisse
2067 3934 2181 3986 suis

605 4001 1002 4070 quodammodo
1054 4005 1400 4074 temporibus,
1443 4017 1670 4064 testatur
1694 4010 2008 4072 Guillelmus
2045 4018 2178 4074 Mal-

603 4093 1010 4149 mesburieusis.
1065 4095 1222 4164 Apud
1268 4097 1615 4160 Cautuariam
1667 4112 1845 4166 natus,
1901 4107 2090 4162 saltem
2145 4127 2178 4164 a

602 4185 803 4239 teneris
831 4187 986 4240 anuis
1012 4187 1150 4255 apud
1180 4187 1626 4250 Cantuariensem
1661 4193 1944 4250 ecclesiam
1968 4201 2176 4254 enutri-

603 4285 688 4330 tus
717 4275 834 4331 l‘uit.
873 4277 966 4331 Sic
993 4280 1138 4332 enim
1189 4280 1280 4334 lib.
1315 4297 1350 4336 ιι
1383 4281 1458 4336 De
1495 4282 1614 4338 Vita
1652 4285 1704 4340 S.
1744 4286 2028 4355 Dunstani,
2055 4307 2174 4360 cap.

601 4367 692 4434 12,
717 4370 930 4424 scribit:
961 4369 1118 4424 Forte
1139 4389 1233 4442 ego
1262 4389 1378 4426 cum
1403 4381 1508 4430 alio
1533 4391 1750 4444 pneruto
1781 4390 2040 4436 coa’taneo
2066 4401 2176 4438 meo

597 4459 669 4510 ad
711 4458 894 4512 altare
928 4458 1122 4512 Christi
1147 4463 1149 4466 ’
1175 4461 1523 4533 (Cantuarim)
1572 4467 2010 4535 ministraverom,
2051 4490 2174 4526 con-

597 4556 958 4616 summatoque
985 4549 1274 4610 ministerio
1296 4567 1387 4618 per
1415 4555 1608 4622 gradus
1633 4557 1942 4611 descendere
1961 4560 2178 4625 iuripie-

601 4635 737 4686 bam.
786 4633 928 4690 Idem
987 4639 1218 4708 capitulo
1271 4641 1340 4694 20
1399 4642 1638 4710 ejusdem
1685 4645 1828 4708 libri.
1877 4652 2170 4706 traditsibi

599 4724 940 4779 commissum
971 4725 1136 4782 fuisse
1162 4729 1560 4799 praidicatiouis
1589 4749 1785 4789 munus
1809 4751 1836 4789 a
1861 4735 2172 4794 Lanl'ranco

597 4813 1022 4887 archiepiscopo.
1058 4820 1239 4874 Ollicia
1274 4837 1421 4885 vero,
1451 4839 1570 4892 qua:
1613 4825 1782 4898 gessit
1835 4827 1887 4880 in
1922 4833 2170 4887 emnobio

596 4907 974 4964 Cantuariensi
1003 4921 1264 4967 memorat
1291 4924 1416 4968 uota
1447 4914 1675 4978 librarii,
1709 4918 1780 4971 ad
1813 4919 2014 4974 calcem
2045 4922 2165 4978 libri
2197 4909 2204 4978 ξ

594 4995 837 5065 ejusdem
891 5000 1068 5054 addita
1125 5001 1177 5056 in
1222 5004 1407 5059 codice
1458 5003 1881 5062 Lambcthano:
1935 5009 2163 5080 Explicit

594 5087 752 5142 Liber
808 5089 1181 5145 miraculorum
1233 5095 1516 5149 beatissimi
1549 5095 1725 5152 Patris
1789 5100 1956 5153 nostri
1995 5111 2042 5154 et
2070 5121 2164 5172 pa-

593 5180 733 5235 troni
796 5183 1170 5252 archiepiscopi
1224 5183 1616 5242 Cantuariensis
1661 5189 1933 5258 Ecclesiaz,
1980 5211 2166 5248 secun-

595 5271 716 5302 ιΙιηνκ
757 5270 1044 5302 “sinu-un...-
1123 5273 1277 5302 ἰηιὲιηι
1344 5274 1585 5302 Π--1-.ξ-
1643 5297 1846 5302 ,-.--..κη
1941 5285 1953 5302 ο

2287 3645 2492 3716 Anglize
2529 3664 2718 3714 sacrm,
2751 3666 2868 3722 pag.
2895 3653 2986 3720 88,
3013 3657 3113 3709 122
3135 3667 3188 3711 et
3221 3660 3342 3726 M3,
3377 3679 3442 3717 ex
3481 3668 3641 3721 unico
3663 3668 3866 3722 biblio-

2286 3735 2454 3790 theca:
2477 3737 2858 3797 Lambethanae
2879 3745 3082 3812 codice,
3109 3751 3198 3819 qui
3231 3751 3482 3808 Ecclesise
3504 3757 3866 3815 Cantuarfen-

2281 3825 2358 3881 sis
2376 3827 2504 3882 olim
2540 3827 2661 3896 fuit,
2695 3843 2748 3888 et
2793 3835 2972 3904 plures
2995 3841 3520 3914 archiepiscoporum
3558 3859 3612 3902 et
3641 3861 3868 3907 sancto-

2285 3933 2400 3972 rum
2454 3919 2922 3980 Cantuaricnsium
2991 3928 3135 3984 Vitas
3189 3935 3498 4004 complexus
3544 3949 3650 3992 est.
3699 3940 3870 3994 Com-

2282 4010 2605 4064 mentarium
2654 4028 2810 4067 suum
2869 4015 2935 4070 de
2991 4019 3107 4074 Vita
3163 4021 3219 4076 S.
3271 4025 3528 4081 lluustani
3577 4027 3866 4088 Osberuus

2281 4100 2489 4156 duobus
2537 4103 2688 4160 libris
2733 4106 2980 4163 absolvit.
3013 4110 3224 4169 Primus
3287 4117 3352 4171 de
3403 4119 3564 4174 rebus
3619 4124 3690 4177 ab
3745 4125 3872 4194 ipso

2279 4191 2494 4245 virente
2525 4195 2692 4260 gestis
2739 4200 3005 4254 secundus
3035 4205 3100 4256 de
3141 4205 3416 4260 miraculis
3463 4219 3582 4278 post
3623 4191 3866 4268 mortem

2281 4280 2435 4336 lactis
2463 4287 2588 4354 agit.
2641 4285 2875 4358 Uterque
2919 4293 3058 4360 apud
3089 4295 3220 4349 Acta
3253 4309 3557 4352 sanctorum
3616 4301 3868 4358 Antuer-

2279 4375 2480 4442 p'ensia
2533 4378 3007 4449 Bollamlistarum,
3035 4395 3178 4439 tomo
3205 4387 3268 4441 ιν
3298 4377 3444 4454 Maii,
3469 4405 3591 4461 pag.
3620 4392 3756 4458 539,
3801 4397 3874 4450 de

2277 4465 2471 4533 quibus
2501 4467 2740 4538 loquitur
2769 4471 2873 4524 late
2901 4473 3081 4528 Daniel
3113 4475 3529 4545 Papebrochius,
3563 4497 3696 4552 pag.
3729 4484 3874 4550 5“,

2279 4556 2328 4606 iu
2359 4561 2766 4613 commentariis
2811 4559 2944 4616 Vitae
2972 4561 3028 4616 S.
3067 4565 3323 4620 Dunstani
3350 4571 3582 4637 prmviis.
3615 4571 3684 4626 Et
3716 4577 3876 4643 apud

2275 4647 2406 4700 Acta
2441 4649 2901 4706 Benedictinormn
2944 4653 3254 4720 Mabillonii,
3291 4657 3498 4714 Smculo
3539 4663 3606 4724 ν,
3655 4679 3718 4732 p.
3755 4665 3880 4721 654

2274 4747 2468 4792 exstat.
2505 4739 2724 4794 Librum
2775 4751 2952 4796 autent
3007 4748 3297 4800 secundum
3347 4754 3702 4818 prmtermisit
3739 4755 3884 4811 loco

2274 4826 2440 4882 citato
2467 4827 2756 4894 Warthon,
2788 4833 2906 4886 ideo
2947 4836 3086 4901 quod
3130 4838 3194 4890 ad
3237 4838 3512 4894 historiam
3553 4839 3882 4912 perpartim

2273 4919 2579 4985 contulerit,
2647 4921 2960 4991 prmiatioae
3025 4934 3232 4982 tantum
3285 4933 3406 4984 data
3455 4947 3580 5002 pag.
3635 4935 3772 4995 121.
3811 4949 3884 4990 ιιι

2267 5009 2442 5078 inquit
2500 5009 2552 5064 in
2607 5013 2918 5080 prml'atione
2975 5015 3043 5069 ad
3097 5025 3298 5072 tomum
3347 5019 3384 5072 ll
3427 5023 3630 5091 Anglia:
3663 5025 3886 5081 Sacra;

2265 5117 2414 5156 num.
2445 5119 2498 5168 v,
2529 5120 2653 5174 pag.
2697 5106 2747 5160 9.
2803 5107 2986 5176 itaque
3035 5107 3210 5163 Vitam
3261 5120 3318 5166 et
3369 5113 3626 5166 miracula
3669 5119 3882 5172 sancti

2265 5193 2522 5248 Duustaui
2572 5195 2971 5253 Cantuariensis
3008 5200 3396 5270 archiepiscopi
3445 5203 3598 5257 libris
3629 5205 3884 5262 duobus
