4018 5330
131 215 214 272 569

1255 209 1530 270 NOTITIA
1567 205 1945 264 llISTORICA.

3231 217 3336 273 370

129 325 270 380 edidit
297 322 524 380 Joannes
551 325 824 382 )labillon.
863 325 1070 382 Sat-culo
1101 327 1142 382 V
1171 335 1480 382 sanctorum
1509 321 1658 376 ordi-
1685 321 1736 381 Α
1763 318 1854 389 ligi
1907 317 2047 372 haud
2098 331 2328 374 onscnre
2377 329 2556 390 potest
2603 323 2797 378 librum
2857 325 3084 384 Osberni
3127 327 3194 384 de
3217 329 3340 386 Vita

129 417 196 468 nis
221 415 318 467 diri
371 415 664 480 Benedicti,
705 433 824 487 pag.
873 417 976 473 659
1020 427 1076 472 et
1127 417 1494 486 sequentibus,
1525 430 1658 482 quos

127 505 328 558 nonnulli
377 506 722 560 crediderunt
771 508 910 562 idem
959 523 1080 562 esse
1131 523 1268 578 opus
1317 507 1458 576 quod
1517 503 1658 574 apud

127 595 307 646 Surium
335 595 422 648 die
473 595 538 650 19
582 596 708 651 Maii
749 599 848 652 sub
903 600 1120 652 nomine
1149 599 1360 654 Osberti
1407 595 1654 652 monachi

127 685 301 754 legitur.
349 685 493 740 Idem
521 687 796 744 Osbernns
825 690 1044 758 scripsit
1085 691 1246 744 etiam
1277 689 1452 742 Vitatn
1481 686 1654 742 sancti

125 777 310 840 Olonis,
331 775 734 832 Cantuariensis
757 781 1168 850 archiepiscopi,
1187 795 1348 850 quam
1375 794 1440 832 ex
1467 778 1654 832 eodem

123 867 452 933 ntauttseripto
499 869 684 922 codice
735 867 958 924 Thuano
989 869 1320 930 Colbertino,
1348 869 1516 922 edidit
1539 867 1656 920 loco

123 959 254 1010 citato
277 956 408 1009 idem
441 955 718 1012 Mabillou.
751 975 870 1028 pag.
903 960 1032 1022 287,
1057 977 1176 1028 quae
1219 959 1416 1013 dicitur
1441 973 1656 1028 quoque

122 1053 298 1098 exstare
345 1060 448 1098 ms.
497 1047 875 1118 Cantabrigi-a3,
951 1051 1004 1102 iu
1059 1049 1382 1104 bibliotheca
1433 1047 1652 1118 Collegii

123 1136 266 1188 Sancti
287 1135 580 1193 Benedicti.
611 1131 848 1208 Denique
864 1141 1036 1194 Vitam
1063 1151 1119 1196 et
1141 1141 1452 1196 Passionem
1481 1139 1652 1192 sancti

119 1225 319 1294 Elpltegi,
349 1225 756 1284 Cantuariensis
795 1231 1036 1300 episcopi
1081 1239 1136 1284 et
1185 1230 1460 1300 martyris,
1490 1244 1650 1298 quam

120 1319 354 1370 ediderunt
401 1335 743 1376 successores
771 1321 1034 1386 Bollaurli,
1065 1324 1132 1376 ad
1160 1321 1300 1378 diem
1334 1323 1399 1376 19
1431 1321 1647 1391 Aprilis,

121 1420 230 1462 turno
261 1411 318 1476 ll,
349 1429 472 1483 pag.
532 1414 659 1478 621,
697 1425 751 1469 et
781 1417 1134 1485 sequentibus
1165 1434 1178 1470 :
1213 1433 1332 1486 qua:
1355 1418 1516 1470 etiam
1545 1433 1648 1472 ms.

117 1512 314 1568 superest
339 1503 700 1574 Cantabrigi-.2
723 1507 774 1560 in
803 1506 1040 1578 Collegio
1066 1507 1252 1569 citato,
1283 1523 1406 1562 cum
1433 1505 1552 1560 Vita
1588 1507 1644 1560 S.

118 1590 308 1656 Martini,
359 1591 606 1650 Odilonis
637 1635 652 1660 ,
707 1595 912 1664 Majola:
954 1605 1008 1650 ct
1079 1597 1358 1660 aliorum,
1408 1597 1646 1666 ejusdem

117 1678 318 1734 Osherui.
373 1681 548 1737 Vitam
597 1683 653 1738 S.
707 1685 929 1755 Elpltcgi
974 1687 1044 1740 ab
1095 1685 1340 1740 Oshcrno
1389 1685 1646 1754 scrip'ant
1679 1678 1722 1710 ³⁷

117 1769 378 1834 Eadtnerns,
403 1772 498 1825 lib.
533 1791 548 1828 l
585 1776 656 1829 De
693 1774 805 1828 Vita
832 1775 1104 1842 Anscltui,
1146 1791 1266 1846 cap.
1309 1775 1399 1838 29,
1427 1776 1504 1828 sic
1537 1775 1650 1828 latt-

116 1859 224 1910 dat'it
251 1876 262 1912 :
291 1858 578 1916 Historiam
635 1865 749 1918 vita:
799 1882 861 1918 ac
902 1867 1161 1932 passionis
1219 1866 1333 1935 ejus
1378 1865 1646 1940 (Elpltcgi)

115 1949 298 2016 diligemi
321 1953 493 2006 studio
517 1955 638 2022 ﬁeri
661 1959 904 2026 prerupit
937 1959 1647 2032 (Lanfrattcus),quamqui.

117 2039 198 2090 dem
225 2039 504 2096 Historiam
549 2062 654 2098 non
699 2048 866 2102 solum
889 2050 1046 2118 plano
1067 2050 1350 2104 dictantiue
1377 2053 1447 2104 ad
1475 2051 1646 2120 legen-

117 2131 220 2192 dum,
242 2148 397 2185 rerum
425 2137 586 2188 etiam
637 2139 832 2192 nimico
863 2141 1217 2194 modulamine
1237 2141 1306 2194 ad
1329 2143 1642 2208 cauendum,

116 2237 136 2269 η
152 2219 360 2286 jucunda:
387 2227 658 2280 ntemoriaz
689 2226 944 2291 Osberuo,
979 2227 1130 2284 Cant.
1168 2229 1422 2284 Ecclesia:
1461 2249 1644 2284 mona-

117 2313 268 2372 clro,ctd
301 2327 616 2386 prwcepmm
649 2319 792 2374 iliius
845 2323 1087 2376 nobiliter
1129 2325 1347 2387 editam,
1391 2325 1500 2394 ipse
1545 2343 1642 2380 sim

116 2405 332 2466 prudentia
375 2426 564 2464 amore
611 2415 860 2482 martyris
901 2414 1090 2468 celsius
1119 2417 1641 2486 iusignivit,insigni-

117 2503 190 2546 tam
211 2499 560 2565 auctorisarit,
601 2505 984 2558 uuclorizatam
1029 2508 1082 2560 in
1125 2505 1360 2562 Ecclesia
1411 2507 1508 2560 Dei
1539 2508 1640 2577 legi

117 2587 356 2656 testarique
382 2590 639 2654 instituit,
682 2609 965 2664 nomenque
999 2598 1246 2666 martyris
1282 2597 1381 2649 hac
1413 2599 1466 2650 in
1493 2613 1640 2665 fore

117 2689 186 2726 non
225 2695 392 2744 parum
430 2679 772 2750 glori/ienuit.
811 2684 1198 2754 Compenditttn
1231 2687 1456 2758 hujusce
1503 2687 1638 2743 Vitae

117 2775 242 2820 rtstat
260 2772 382 2838 apud
399 2771 714 2843 Legendatn
741 2775 940 2830 Novam
965 2777 1274 2848 Capgravii,
1301 2789 1463 2850 atque
1486 2781 1637 2834 exin-

116 2855 158 2906 de
177 2861 286 2924 apud
326 2861 542 2916 Surimn
577 2864 664 2918 die
702 2867 764 2920 l9
793 2867 1012 2935 Aprilis,
1046 2869 1134 2922 ubi
1162 2869 1406 2924 Osberuo
1439 2871 1635 2926 inscri-

115 2943 232 3010 Ιιίιυτ,
269 2958 315 3002 et
368 2959 632 3022 tanquam
682 2953 908 3009 Ostierni
952 2973 1087 3027 opus
1115 2973 1144 3010 a
1171 2957 1402 3014 Baronio
1431 2971 1485 3014 et
1511 2963 1632 3018 aliis
1660 2983 1702 3044 ς

115 3035 274 3091 t'imttr.
316 3039 458 3110 Opus
515 3043 750 3100 Osberni
782 3049 1074 3117 genuinum
1123 3048 1442 3118 evnlgarunt
1471 3053 1636 3108 colle-

117 3139 245 3184 itores
291 3136 544 3191 Actorum
601 3150 910 3194 sanctorum
953 3144 1400 3211 Antuerpicnses,
1453 3147 1538 3202 die
1571 3149 1638 3202 19

117 3217 277 3284 Aprilis.
319 3227 490 3279 addita
535 3225 772 3282 Historia
809 3230 1049 3299 ejusdem
1091 3233 1156 3286 de
1190 3235 1544 3290 translatione
1573 3236 1630 3290 S.

119 3304 308 3378 Elpltegi,
329 3329 390 3369 ex
441 3315 776 3386 ﬂarpsl'elzlii
827 3321 1062 3375 Historia
1095 3323 1482 3390 ecclesiastica,
1515 3341 1636 3395 quae

118 3411 188 3450 nou
223 3401 353 3476 longe
406 3419 532 3476 post
588 3411 802 3464 initium
845 3413 1043 3467 deﬁcit.
1096 3412 1392 3485 Utramque
1451 3427 1631 3471 autem

116 3499 160 3538 ex
193 3493 345 3550 codice
395 3497 778 3554 Lantbetbano
833 3502 1126 3570 perfectam
1173 3505 1320 3559 dedit
1368 3507 1632 3562 llenricus

117 3571 340 3666 ii’arthon,
371 3596 516 3641 tonio
578 3589 622 3644 ll
667 3591 870 3660 Anglia:
915 3591 1116 3658 Sacrte,
1150 3611 1266 3666 pag.
1295 3597 1396 3651 12‘2
1415 3607 1464 3652 et
1505 3599 1628 3654 “3,

117 3661 251 3722 ilxstat
273 3685 487 3745 utraque
521 3679 578 3733 in
617 3681 802 3735 codice
827 3683 1047 3753 antiquo
1083 3685 1417 3742 bibliotheca:
1445 3688 1630 3744 Cotto-

117 3756 240 3809 ιιίεειιειδ
275 3763 402 3821 Otho
431 3771 496 3822 Α.
531 3771 621 3834 12,
647 3781 704 3824 et
745 3775 796 3826 in
829 3775 934 3829 alio
959 3777 1135 3832 adhuc
1167 3781 1444 3835 vetustiori
1474 3783 1631 3838 Vitel-

117 3842 251 3942 liusl).
273 3855 348 3915 l7,
377 3862 460 3914 cui
483 3863 713 3930 utrique
751 3863 982 3921 Osberni
1017 3883 1212 3923 nomen
1243 3887 1406 3926 manu
1442 3889 1630 3930 recen-

119 3940 200 3990 ῑέῡτί
223 3948 510 4018 pra-figitur.
555 3953 858 4010 Osberuum
915 3969 1093 4013 autem
1128 3973 1402 4020 auctorem
1437 3966 1626 4032 fuisse,

118 4039 256 4089 Frater
277 4036 512 4096 Eadmeri
571 4043 750 4098 locum
781 4061 943 4116 supra
1002 4050 1288 4107 adductum
1337 4066 1390 4110 et
1421 4058 1626 4113 codicis

120 4129 202 4211 "is.
231 4121 567 4187 Lantbetltani
619 4133 797 4200 ﬁdem,
847 4148 1061 4194 constat
1097 4157 1310 4211 quoque
1369 4161 1436 4200 ex
1497 4147 1630 4201 Mal-

121 4210 396 4302 Etesbnrieusi
421 4221 512 4276 fol.
535 4223 556 4276 1
576 4225 899 4294 lti-l59,qui
926 4210 1151 4284 Osbcrni
1183 4233 1375 4286 librutn
1409 4235 1482 4290 De
1507 4235 1624 4291 Vita

120 4293 276 4374 Elattegi
301 4308 550 4376 laudavit,
595 4324 646 4368 et
681 4331 744 4369 ex
787 4293 852 4371 eo
879 4319 1044 4372 multa
1080 4321 1130 4373 in
1180 4333 1364 4377 nostro
1397 4325 1620 4379 totidem
1651 4323 1702 4382 Β

119 4389 244 4482 teritis
273 4413 470 4466 reperta
521 4405 830 4475 descripsit.
881 4407 1005 4464 lltcc
1059 4409 1322 4466 Warthon
1356 4415 1406 4466 in
1436 4416 1628 4484 praefa-

121 4483 218 4574 lwlje
239 4487 293 4538 ad
313 4499 508 4546 tomum
545 4495 582 4547 ll
613 4497 820 4564 Anglia'
853 4499 1056 4564 Sacrae,
1089 4517 1236 4554 num.
1266 4501 1317 4566 6,
1346 4483 1468 4574 pag.
1500 4507 1553 4561 9.

121 4567 264 4670 ⁸ῦιιξιι
316 4593 482 4636 autem
545 4587 688 4640 idem
751 4588 982 4658 scriptor
1029 4591 1226 4645 ibidem
1285 4567 1630 4662 procurasset

121 4665 288 4754 illiut-imi
327 4671 422 4724 sub
469 4673 706 4727 Osberni
765 4678 984 4732 nomine
1028 4679 1224 4734 librum
1272 4683 1346 4736 De
1393 4681 1624 4754 VitaqS.

121 4744 262 4806 Odonis
298 4762 680 4835 archiepiscopi
713 4767 1142 4837 Cantnariensis,
1185 4788 1305 4842 pag.
1339 4775 1428 4837 78,
1471 4751 1628 4832 ito-tn-

119 4849 204 4932 title.
235 4859 336 4917 pag.
385 4853 473 4918 '75,
521 4857 718 4912 librum
753 4861 824 4915 De
859 4859 980 4914 Vita
1007 4863 1064 4916 S.
1093 4863 1358 4934 Bregwni
1390 4865 1626 4924 Cautua-

121 4935 258 4988 rtcetsis
281 4946 690 5018 archicpiscotii;
740 4951 972 5022 illosque
1009 4957 1348 5024 postmodum
1379 4957 1626 5016 Osberno

119 5029 351 5113 sillltmsitos
393 5041 681 5104 putaverit,
727 5041 872 5098 illius
903 5057 1187 5099 censuram
1219 5046 1306 5101 hic
1352 5047 1624 5114 subjicere

119 5115 239 5202 nsunt
278 5129 372 5184 est,
417 5140 579 5193 quam
620 5132 780 5186 habet
819 5133 874 5186 in
905 5133 1219 5202 pra-latione
1249 5137 1314 5192 ad
1347 5145 1552 5194 tomum
1586 5143 1622 5196 ll

119 5195 264 5267 Anglia:
295 5209 487 5279 δελπηιξ,
517 5233 662 5272 ιιυιιι.
688 5221 717 5273 7
742 5230 797 5276 et
828 5221 884 5287 8,
907 5195 1040 5291 pag.
1071 5224 1158 5277 10-

165 5305 180 5330 .
205 5290 476 5330 “uim-sun...
533 5311 730 5330 An-.—-_!
753 5327 758 5330 .
781 5311 816 5330 ,⁸
833 5327 840 5330 .
859 5327 874 5330 _
895 5326 906 5330 -
964 5312 1040 5330 “”ι
1121 5328 1124 5330 .
1201 5315 1238 5330 n
1263 5318 1275 5330 ι
1357 5317 1368 5328 ο

533 5321 586 5330 Α..

1761 407 1966 462 Odonis
1989 423 2150 478 quem
2181 409 2684 468 Malmesburieusis
2715 415 2868 480 vidit,
2895 431 2926 470 a
2951 425 3136 474 nostro
3163 419 3338 476 diver-

1761 511 1880 550 sum
1957 496 2157 563 fuisse;
2209 499 2354 567 quod
2414 509 2469 554 ct
2514 498 2750 557 Joannes
2800 503 3150 562 Mabillouius
3178 517 3336 566 antea

1757 587 2086 642 observavit.
2123 587 2278 643 Hunc
2319 597 2500 644 tamen
2551 592 2644 659 qui
2699 605 2946 663 superest
2993 595 3186 652 librum
3235 601 3336 655 sub

1758 677 1988 732 ()sberni
2019 680 2236 734 nomine
2285 680 2426 734 idem
2459 681 2800 740 Mabillonius
2825 687 3096 758 cvulgavit
3126 690 3335 748 Sicculo

1757 767 2226 826 Benedictinorum
2245 771 2307 838 V,
2334 789 2458 843 pag.
2477 776 2604 840 285,
2629 778 2986 848 eutndcmque
3015 783 3332 853 inscriptum

1756 860 1930 914 eidem
1985 863 2218 926 auctori,
2267 879 2368 920 nos
2411 881 2480 920 ex
2519 868 2706 922 eodem
2737 870 2923 926 codice
2963 871 3334 930 Lantbethano

1759 951 2286 1018 reprmscntavituus.
2355 954 2722 1028 Praeterquam
2773 961 2920 1016 enim
2969 963 3112 1032 quod
3167 964 3334 1020 alium

1760 1039 1892 1094 Viue
1935 1039 2137 1096 Odonis
2190 1044 2512 1113 scriptorem
2563 1048 2778 1112 Baleus,
2816 1066 2910 1106 seu
2956 1051 3178 1118 Pitsius,
3225 1071 3330 1109 non
3369 1065 3372 1068 '

1755 1133 2200 1200 memoraverim,
2251 1136 2378 1191 huic
2434 1137 2484 1190 in
2517 1140 2704 1194 codice
2743 1141 3068 1198 Cottoniano
3090 1143 3231 1199 Otho
3261 1147 3326 1200 A.

1755 1221 1842 1286 12,
1873 1223 1999 1278 licet
2027 1239 2186 1278 manu
2217 1228 2517 1284 recentiore
2545 1229 2776 1285 Osberni
2803 1235 3326 1304 nomenprzcligitur.

1754 1313 1890 1378 Quin
1915 1313 2078 1368 etiam
2105 1315 2379 1372 Jocclinus
2407 1317 2480 1372 De
2510 1317 2791 1376 llistoricis
2815 1323 3072 1392 Anglicis,
3100 1339 3219 1392 cap.
3238 1326 3326 1390 l0,

1755 1403 1934 1456 Vitam
1981 1403 2184 1460 Odonis
2241 1407 2308 1460 ab
2358 1405 2601 1463 Osberno
2635 1411 2891 1480 scriptam
2923 1412 3024 1466 hac
3061 1416 3329 1470 sententia

1754 1493 2064 1548 inchoatam
2096 1510 2218 1550 esse
2247 1497 2380 1551 dicit
2409 1514 2422 1552 :
2457 1497 2792 1555 Venerabilis
2820 1501 3020 1556 Christi
3049 1502 3328 1558 confessor

1751 1585 1866 1638 Odo
1915 1585 2200 1650 nobilibus,
2245 1589 2340 1644 sed
2375 1592 2618 1660 paganis,
2651 1601 2780 1658 etc.,
2809 1609 2927 1662 qutc
2957 1594 3078 1648 libri
3109 1609 3138 1647 a
3175 1597 3330 1652 nobis

1751 1675 1880 1729 editi
1939 1676 2152 1730 initium
2205 1679 2354 1733 facit.
2406 1679 2496 1734 llla
2533 1681 2785 1750 denique,
2837 1685 2888 1738 in
2929 1687 3125 1754 quibus
3146 1687 3326 1742 Vitaa

1749 1767 2036 1824 Guillelmo
2087 1770 2548 1828 Mabuesburiensi
2604 1775 2768 1830 citata
2825 1792 2854 1831 a
2897 1788 3082 1832 nostra
3125 1780 3330 1834 discor-

1749 1857 1860 1920 dat,
1895 1857 2112 1914 levioris
2157 1863 2410 1916 momenti
2445 1873 2593 1920 sunt.
2645 1863 2836 1920 Postea
2880 1875 3057 1921 tamen
3083 1884 3325 1924 errorem

1749 1948 2099 2016 deprehendi,
2115 1951 2166 2004 in
2192 1952 2412 2022 antiquo
2436 1955 2578 2009 enim
2615 1956 2824 2026 collegii
2849 1957 3106 2026 Corporis
3120 1959 3324 2013 Christi

1747 2036 2209 2109 Cantabrigiensis
2244 2043 2450 2108 codice,
2481 2045 2594 2098 hanc
2623 2043 2742 2098 Vita
2769 2046 2910 2100 inter
2945 2047 3047 2100 alia
3073 2048 3324 2102 Eadmeri

1747 2129 1924 2200 Opera
1953 2134 2253 2202 reponitur,
2284 2134 2568 2205 eidemque
2601 2137 2937 2192 inscribitur.
2967 2138 3102 2193 Huic
3148 2139 3328 2208 itaque

1749 2221 1960 2274 restitui
1992 2223 2169 2278 debet.
2201 2223 2379 2278 Vitam
2421 2224 2479 2278 Β.
2511 2225 2774 2295 Bregvvini
2799 2227 3015 2280 brevem
3046 2243 3110 2282 ex
3135 2229 3328 2282 eodem

1745 2311 1932 2367 codice
1976 2311 2351 2368 Lambethano
2378 2316 2582 2386 accepi,
2631 2317 2772 2370 inter
2798 2316 2998 2371 Odonis
3021 2328 3076 2372 et
3099 2317 3327 2388 Elphegi

1743 2399 1896 2455 Vitas
1923 2401 2266 2456 collocatam.
2311 2405 2446 2458 llinc
2477 2415 2602 2458 nata
2641 2414 2725 2459 est
2747 2405 2878 2460 mihi
2900 2405 3138 2470 licentia,
3173 2405 3326 2458 illam

1745 2489 1992 2546 Osberno
2043 2491 2228 2546 deberi
2277 2507 2450 2562 posse.
2515 2493 2865 2549 Postmodum
2899 2511 3026 2550 vero
3074 2495 3220 2550 illam
3265 2495 3324 2548 in

1740 2577 1965 2634 Joannis
1993 2580 2401 2637 Tinmuthcnsis
2437 2581 2768 2654 Sanctilogio
2811 2585 2988 2639 inveni
3019 2585 3084 2638 ad
3114 2584 3319 2640 calcent

1741 2666 1992 2724 Historiae
2041 2670 2234 2724 Aureae
2273 2671 2326 2724 in
2373 2671 2698 2726 bibliotheca
2748 2672 3139 2727 Lambethana.
3191 2673 3322 2726 Eam

1739 2758 2149 2816 Tinmuthensis
2175 2777 2242 2815 ex
2281 2762 2520 2816 uberiori
2553 2764 2946 2818 commentario
2975 2763 3224 2817 Eadmeri
3253 2762 3322 2817 de

1738 2845 1860 2902 Vita
1910 2849 2149 2920 ejusdem
2199 2853 2428 2922 accepit,
2479 2855 2658 2907 verbis
2705 2854 2862 2908 istius
2914 2863 2973 2908 ιιι
3023 2853 3316 2924 pluriutum

1737 2942 2057 2995 asservatis.
2125 2941 2204 2996 De
2273 2942 2524 2998 Eadtneri
2565 2943 2703 2999 libro
2750 2945 2976 3000 inferius
3030 2945 3316 3000 dicendum

1739 3043 1843 3089 est.
1877 3053 1896 3088 ι

1807 3127 1953 3180 luter
1999 3141 2131 3182 mss.
2168 3127 2384 3182 codices
2417 3125 2773 3182 ecclesiarum
2803 3125 3010 3197 Anglia:
3034 3127 3317 3182 cathedra-

1735 3215 1892 3281 litnn,
1922 3231 2069 3269 num.
2098 3215 2261 3279 5996,
2291 3216 2342 3268 in
2373 3229 2506 3269 mss.
2535 3215 2758 3268 Thema:
2793 3213 2942 3270 Galci
2975 3216 3164 3271 codice
3195 3217 3316 3280 162,

1735 3303 1964 3360 Osberni
2007 3305 2250 3375 epistolae
2296 3316 2511 3360 exstare
2560 3305 2833 3359 dicuntur.
2891 3303 3079 3372 Quoad
3135 3313 3316 3358 autem

1735 3401 1915 3454 Vitam
1947 3403 2120 3456 sancti
2167 3402 2415 3456 Edwardi
2469 3401 2633 3470 regis,
2660 3415 2820 3469 quam
2852 3399 3128 3454 Gerardus
3150 3399 3316 3454 Joan-

1735 3507 1832 3544 nes
1865 3491 2108 3554 Vossius,
2127 3491 2264 3545 libro
2299 3507 2335 3544 lt
2405 3491 2476 3544 De
2502 3488 2790 3544 tlistoricis
2821 3488 3050 3553 Latinis,
3075 3505 3195 3560 cap.
3223 3490 3317 3554 46,

1732 3603 1856 3657 pag.
1888 3586 2014 3654 580,
2047 3588 2182 3642 dicit
2225 3598 2444 3642 exstare
2475 3603 2576 3642 ms.
2627 3587 2680 3640 in
2709 3586 2980 3641 volumine
3025 3586 3101 3641 De
3124 3587 3233 3641 vita
3262 3597 3319 3643 et

1733 3682 2010 3738 miraculis
2036 3683 2392 3753 quorumdam
2433 3691 2768 3746 sanctorum,
2789 3683 2932 3751 quod
2970 3697 3000 3736 a
3037 3682 3154 3736 Vita
3183 3683 3320 3738 illar-

1733 3771 1877 3827 tialis
1909 3774 2116 3843 incipit,
2147 3776 2198 3828 in
2226 3773 2466 3843 Collegia
2492 3775 2598 3828 divi
2623 3774 2902 3830 Benedicti
2934 3775 3315 3846 Cantabr-igne.

1736 3863 1824 3916 ubi
1860 3872 2106 3920 extremo
2152 3865 2269 3920 loco
2319 3865 2560 3934 reperias
2589 3866 2762 3920 Vitam
2793 3868 2936 3934 regis
2982 3866 3216 3919 Eduardi
3255 3867 3312 3920 in

1732 3953 2006 4020 epilonten
2082 3965 2416 4009 contractam
2471 3970 2534 4008 ex
2595 3965 2754 4009 tract.
2813 3955 3018 4010 dotuini
3083 3955 3316 4010 Osberui

1730 4044 2354 4113 Westmonasteriensis,
2412 4059 2471 4102 ut
2511 4059 2594 4104 est
2638 4050 2776 4119 apud
2809 4049 3068 4104 Thomam
3110 4050 3312 4105 James.

1732 4143 1936 4212 Opinor
1979 4142 2030 4196 id
2060 4157 2180 4196 esse
2227 4157 2329 4196 non
2392 4157 2601 4204 verum,
2641 4151 2744 4195 nec
2794 4135 2939 4196 illam
2973 4157 3206 4210 unquam
3245 4144 3314 4196 ab

1732 4233 1977 4289 Osberno
2058 4230 2434 4286 Cantuariensi
2501 4232 2896 4301 compositam,
2999 4232 3092 4286 sed
3158 4232 3315 4300 longe

1728 4327 1903 4382 serius
1956 4327 2024 4378 ab
2078 4324 2312 4380 Osbcrto
2380 4325 2638 4378 nimirum
2709 4323 3304 4388 Wcstmonasteriensi,

1730 4421 1873 4473 circa
1907 4433 2107 4471 annum
2165 4417 2322 4477 1156,
2360 4415 2512 4484 cuius
2542 4425 2703 4471 aetate
2727 4418 2967 4472 nondum
3017 4417 3314 4471 Edwardtts

1731 4508 1784 4561 in
1831 4507 2011 4560 album
2059 4517 2370 4562 sanctorum
2419 4505 2622 4561 relatus
2657 4507 2852 4568 fuerat,
2885 4515 2941 4559 nt
2978 4521 3042 4560 ex
3072 4507 3316 4574 epistolis

1731 4599 1872 4652 illius
1887 4603 2122 4660 constat,
2156 4596 2220 4649 de
2247 4595 2442 4660 quibus
2473 4596 2801 4650 disseremus
2829 4605 3035 4664 postea.
3067 4595 3312 4651 Confun-

1731 4692 1862 4744 daut
1885 4689 2131 4758 plerique
2163 4689 2305 4741 hunc
2335 4685 2640 4741 Osbernum
2668 4704 2790 4743 cum
2815 4686 3047 4742 Osberto
3073 4687 3314 4756 ejusdem

1729 4779 1898 4834 ferme
1930 4781 2186 4848 temporis
2217 4786 2273 4831 ct
2301 4776 2532 4830 instituti
2563 4787 2620 4832 ct
2643 4779 2897 4844 nationis,
2931 4779 3015 4834 cui
3041 4779 3317 4847 inscripsit

1729 4872 1895 4925 libros
1928 4873 2084 4934 duos,
2135 4886 2302 4925 unum
2355 4869 2430 4923 De
2459 4868 2593 4934 vita,
2648 4873 2873 4927 alterum
2905 4871 2982 4924 De
3039 4869 3318 4924 miraculis

1729 4960 1901 5016 sancti
1961 4960 2221 5013 Dunstani
2271 4957 2692 5016 Cantttariensis
2734 4958 3150 5029 archiepiscopi,
3181 4971 3319 5024 quos

1729 5051 1920 5106 Surins
1963 5049 2028 5102 ad
2082 5051 2224 5104 diem
2274 5049 2343 5103 19
2389 5050 2598 5105 mensis
2637 5053 2760 5108 Maii
2827 5052 2917 5104 sed
2952 5057 3227 5104 truncatas
3264 5059 3320 5101 et

1729 5139 1978 5202 mutilos;
2031 5138 2270 5207 integros
2321 5147 2522 5200 autem.
2586 5157 2754 5215 atque
2793 5140 2994 5195 sanatis
3040 5149 3318 5207 utcunque

1727 5243 1914 5284 eorum
1939 5225 2274 5290 vulneribus,
2301 5227 2472 5280 edidit
2509 5226 2762 5289 Joannes
2802 5227 3073 5284 Mabillon.
3111 5225 3322 5283 Saeculo

3139 5319 3230 5330 ..Λ-
