4018 5330
147 339 241 392 373

967 344 1123 401 VITA
1166 346 1226 401 S.
1269 340 1581 400 ELPIIEGI.
1622 369 1685 379 —
1723 335 2286 395 OBSlzl‘tVATIONES
2317 334 2644 393 PREVl/E.

3285 330 3387 385 574

148 450 579 521 Martyrologium
608 461 660 508 et
704 454 1136 524 Benedictinum,
1184 459 1483 514 Romanum
1515 457 1699 519 etiam,
1731 459 1778 516 Α
1807 453 2028 520 loquens
2054 452 2189 506 dixit
2213 453 2262 507 ei
2302 469 2314 505 :
2353 470 2370 502 ι
2406 451 2565 521 Angli
2603 449 2714 512 isti,
2765 447 2907 502 inter
2935 459 3072 517 quos
3119 444 3384 514 degimus,

146 539 484 598 (latesianum
511 555 560 599 et
589 546 687 600 alia
718 563 839 617 quze
867 560 988 619 post
1031 553 1283 609 szecu'um
1319 567 1370 606 ιι
1399 552 1703 619 conscripta

147 643 280 695 sunt,
335 646 750 704 repraesentant;
803 641 964 710 idque
993 643 1077 696 die
1117 644 1183 697 l9
1227 643 1445 710 Aprilis,
1477 643 1567 711 qui
1605 643 1704 711 ipsi

148 739 421 792 supremus
475 727 591 782 fuit.
623 731 748 799 Ejus
780 746 908 786 vero
937 733 1304 788 translationis
1331 733 1526 788 festum
1557 733 1641 786 die
1675 733 1707 787 8

146 812 273 866 Junii
309 816 594 885 consignat
628 819 902 876 Osbernus
947 823 1063 892 ipse
1098 823 1151 877 in
1206 823 1578 878 translationis
1618 822 1710 875 lli-

147 902 318 955 storis.
353 905 510 974 Apud
537 908 837 966 Germanos
865 929 970 966 non
1000 914 1237 983 ignotum
1268 911 1434 969 fuisse
1474 925 1624 984 pater
1643 929 1708 968 ex

145 992 246 1056 ejus
263 994 441 1063 elogio
480 1000 622 1065 quod
648 999 974 1058 Trithemius
1022 1004 1076 1057 in
1108 1021 1243 1060 nova
1275 1005 1510 1059 editione
1533 1005 1708 1058 Chro-

149 1083 238 1135 nici
292 1083 694 1156 llirsaugieusis
749 1091 975 1147 inseruit
1021 1094 1086 1147 ad
1124 1110 1324 1149 annum
1366 1093 1709 1150 10l5.Anno

147 1177 371 1239 sequenti
401 1178 684 1249 consignat
715 1180 828 1250 ejus
872 1186 1189 1255 martyrium
1238 1185 1494 1240 Chronici
1535 1185 1708 1238 Saxo-

149 1265 238 1316 uici
289 1267 404 1321 sive
439 1268 915 1343 Magdaburgensis
941 1288 1148 1341 auctor,
1181 1278 1270 1331 ubi
1321 1278 1537 1332 beatum
1566 1277 1708 1330 hunc

149 1359 298 1410 vrum
330 1362 520 1441 nescio
546 1378 650 1432 qua
688 1367 894 1420 ratione
923 1367 1142 1422 Dustein
1169 1369 1428 1439 appellat;
1463 1369 1542 1422 sic
1580 1382 1709 1422 vero

149 1446 286 1500 habet
314 1467 328 1501 :
361 1471 378 1501 ι
419 1451 619 1507 Eodem
647 1463 882 1525 tempore
910 1457 1397 1524 Nortmanni,duce
1426 1458 1705 1523 Thurkilo,

147 1537 434 1594 tiaittuari:e
485 1543 723 1599 civitatis
795 1549 1069 1617 egregium
1119 1550 1438 1614 antistitem,
1492 1550 1708 1604 nomine

148 1624 366 1693 liustein,
388 1640 606 1700 captum
632 1650 752 1688 cum
777 1639 1004 1702 caeteris,
1033 1640 1258 1695 vinculis
1283 1651 1338 1694 et
1365 1641 1536 1695 inedia
1561 1658 1709 1697 more

148 1732 226 1770 suo
255 1722 542 1777 crudeliter
569 1728 960 1782 exstinxerunt.
988 1730 1089 1797 Qui
1119 1733 1353 1787 humana
1379 1742 1556 1788 motus
1600 1733 1708 1787 fra-

1817 559 1834 593 ι
1874 543 2220 597 instituerunt
2265 542 2366 596 sibi
2416 541 2674 610 quosdam
2701 554 2838 609 quos
2861 537 3104 593 colerent
3132 543 3384 590 sanctos:

1816 653 1834 685 ‹
1870 635 1935 688 de
1961 635 2155 702 quibus
2199 649 2322 687 cum
2362 631 2649 697 aliquando
2690 631 2782 698 qui
2831 628 3055 692 fuerint,
3095 625 3388 680 secundum

1817 745 1835 775 ι
1875 726 2016 792 quod
2041 725 2255 794 ipsimet
2283 723 2546 785 referunt,
2580 732 2758 775 mente
2780 720 3021 783 revolvo,
3047 719 3113 773 de
3134 719 3392 771 sanctita-

1818 834 1836 867 ι
1872 817 1942 870 tis
1975 829 2160 869 eorum
2216 814 2411 867 merito
2466 812 2706 866 animum
2767 827 2796 864 a
2853 811 3128 864 dubietate
3175 807 3391 862 flectere

1817 926 1836 960 ι
1874 921 2101 975 nequeo.
2149 905 2215 959 Et
2261 920 2388 960 ecce
2427 920 2566 958 unus
2608 903 2823 956 illorum
2857 910 2940 955 est
2983 901 3036 954 in
3074 908 3259 953 sancta
3305 898 3388 950 cui

1818 1018 1837 1050 ι
1875 1015 2036 1062 nunc,
2089 998 2198 1052 Deo
2235 1006 2475 1059 auctore,
2534 994 2885 1064 praesidemus
2925 991 3051 1046 sede
3084 991 3387 1059 quiescens,

1817 1111 1835 1141 ι
1880 1089 2146 1159 Elphegus
2171 1087 2410 1150 nomine,
2443 1087 2524 1140 vir
2562 1086 2734 1139 bonus
2755 1084 2995 1153 quidem,
3023 1089 3082 1134 et
3127 1095 3225 1134 suo
3250 1089 3390 1132 tem-

1818 1202 1835 1233 ι
1871 1194 2002 1250 pore
2045 1181 2233 1252 gradui
2275 1178 2769 1248 archiepiscopatus
2825 1172 3116 1246 praesidens
3167 1170 3394 1224 ibidem-

1820 1291 1837 1323 ι
1874 1273 2026 1330 Hunc
2072 1286 2178 1326 non
2217 1270 2376 1324 modo
2430 1269 2571 1322 inter
2621 1275 2858 1328 sanctos,
2915 1278 3100 1317 verum
3147 1268 3202 1314 et
3249 1259 3389 1311 inter

1819 1382 1838 1415 ι
1876 1375 2140 1433 martyres
2167 1367 2450 1415 numerant
2473 1376 2488 1423 ;
2515 1358 2637 1412 licet
2657 1372 2780 1412 eum
2806 1371 2908 1408 nou
2932 1368 3027 1422 pro
3051 1347 3390 1406 confessione

1819 1477 1838 1511 ε
1873 1456 2108 1512 nominis
2129 1453 2353 1518 Christi,
2383 1451 2477 1507 sed
2500 1451 2624 1521 quia
2653 1465 2711 1504 se
2738 1447 2964 1518 pecunia
2991 1444 3256 1498 redimere
3282 1453 3388 1492 non

1820 1569 1838 1601 ι
1869 1548 2058 1612 voluit,
2097 1547 2337 1603 occisum
2387 1562 2496 1600 non
2528 1550 2744 1612 negent.
2793 1539 2928 1593 Nam
2967 1554 3087 1592 cum
3136 1534 3306 1594 illum,
3329 1539 3390 1583 ut

1820 1657 1837 1690 ι
1871 1638 2052 1694 verbis
2089 1646 2211 1692 utar
2249 1634 2563 1706 Anglorum,
2593 1631 2771 1687 aemuli
2815 1629 2932 1696 ejus
2968 1637 3024 1682 et
3054 1624 3259 1680 inimici
3293 1622 3387 1675 Dei

1819 1747 1838 1780 ι
1871 1728 2061 1799 pagani
2085 1728 2376 1796 cepissent,
2397 1733 2454 1778 et
2499 1734 2675 1777 tamen
2717 1737 2814 1790 pro
2845 1716 3148 1774 reverentia
3177 1715 3320 1768 illius
3339 1714 3389 1767 ei

148 1808 343 1873 gilitate,
375 1815 663 1879 pecuniam
704 1819 970 1885 promisit,
999 1830 1052 1872 et
1082 1821 1328 1876 inducias
1353 1823 1618 1891 poposcit,
1644 1832 1703 1876 ut
1735 1823 1778 1882 Β
1809 1840 1829 1872 ι
1860 1827 2188 1890 potestatem
2209 1833 2266 1872 se
2290 1815 2584 1871 redimendi
2617 1813 3038 1875 concessissent,
3066 1801 3386 1862 immensam

149 1899 180 1948 si
210 1899 570 1970 redemptione
595 1909 911 1976 acceptabili
952 1920 1182 1965 mortem
1201 1913 1431 1968 evadere
1462 1929 1567 1968 non
1587 1929 1708 1983 pos-

148 1999 230 2052 set,
286 1995 638 2064 semetipsum
692 2001 980 2068 gemitibus
1048 2013 1324 2074 purgaret.
1389 2005 1708 2062 Transactis

151 2082 374 2148 induciis,
405 2089 733 2154 promissum
762 2095 1110 2162 poscentibus
1136 2097 1248 2151 ait:
1278 2116 1297 2148 ‹
1336 2097 1540 2153 Praesto
1563 2114 1704 2164 sum,

151 2193 165 2219 ι
199 2185 405 2242 paratus
428 2179 500 2232 ad
549 2181 734 2235 omnia
786 2200 884 2253 pro
927 2184 1126 2241 Christi
1152 2204 1359 2253 amore,
1394 2198 1449 2243 ut
1481 2205 1702 2244 suorum

153 2283 167 2312 ι
201 2282 468 2321 servorum
520 2273 826 2342 exemplum
882 2292 1094 2332 merear
1147 2279 1284 2335 ﬁeri.
1315 2281 1466 2348 Quod
1522 2293 1706 2338 autem

154 2359 334 2414 (vobis
398 2364 635 2418 mendax
695 2368 901 2435 videor,
961 2386 1066 2424 non
1110 2371 1359 2428 voluntas
1417 2391 1556 2440 mea,
1612 2375 1706 2430 sed

154 2462 386 2519 «egestas
426 2452 629 2509 eﬁecit.
669 2477 687 2508 ι
744 2458 854 2514 lllis
910 2462 1256 2517 servientibus
1308 2465 1416 2518 dux
1475 2464 1703 2519 Thurkil

152 2557 373 2597 accureus
412 2545 636 2614 inquit:
672 2567 689 2599 ι
742 2548 842 2614 Ne,
867 2566 1068 2620 quaeso,
1117 2552 1350 2620 faciatis,
1382 2558 1561 2611 omnia
1584 2573 1705 2628 qua:

156 2650 168 2679 ι
199 2633 371 2700 habeo,
396 2647 629 2707 excepta
665 2642 809 2707 navi,
859 2660 925 2697 ne
953 2645 1004 2698 in
1032 2646 1305 2701 Christum
1339 2648 1552 2703 Domini
1583 2667 1707 2720 pec-

156 2726 327 2788 icetis,
362 2727 540 2784 libens
588 2733 763 2787 trado.
801 2753 820 2786 ι
859 2736 929 2789 At
959 2736 1033 2791 illi
1056 2736 1290 2793 ellrenes
1313 2740 1476 2795 boum
1505 2733 1700 2813 capiti?-

152 2817 228 2868 bus
268 2829 318 2872 et
365 2820 608 2890 lapidum
659 2825 921 2883 imbribus
975 2829 1316 2886 innocentem
1384 2835 1700 2904 sanguinem

150 2907 410 2966 clfmidunt.
443 2913 754 2984 Statimque
795 2934 932 2974 unus
970 2920 1037 2975 de
1092 2922 1414 2990 primiceriis
1445 2926 1704 2981 membris

151 2995 306 3052 debilis
332 2999 582 3069 effectus,
637 3007 857 3073 agnovit
888 3008 940 3060 in
965 3010 1259 3078 semetipso
1283 3013 1424 3079 quod
1459 3016 1703 3080 peccavit

152 3087 192 3139 iu
219 3089 295 3143 Dei
331 3092 526 3149 electo.
573 3115 590 3147 ›
634 3095 884 3164 Ejusdem
909 3100 1083 3154 sancti
1133 3101 1233 3156 viri
1263 3104 1560 3160 meminere
1582 3121 1703 3161 om-

153 3192 240 3240 nes,
269 3193 529 3252 quotquot
569 3186 762 3252 sciam,
799 3189 1077 3258 Anglicani
1107 3192 1426 3262 scriptores,
1459 3197 1550 3264 qui
1583 3197 1699 3267 ejus
1727 3163 1772 3226 Ο

154 3269 260 3322 Acta
287 3288 346 3326 ex
375 3274 628 3331 Osberno
667 3279 1115 3350 desumpserunt;
1167 3283 1212 3343 si
1249 3285 1376 3354 quid
1414 3287 1482 3342 de
1514 3297 1702 3342 sancto

155 3360 351 3435 lllphego
392 3367 446 3421 in
477 3367 564 3422 bis
605 3370 846 3424 occurrit
875 3372 1133 3442 singulari
1166 3377 1425 3430 memoria
1455 3378 1700 3448 dignum,

155 3452 251 3506 illud
273 3473 360 3525 per
386 3461 609 3514 modum
642 3463 949 3539 notularunt
975 3466 1041 3519 ad
1075 3467 1191 3537 ejus
1220 3469 1397 3523 Vitam
1421 3471 1702 3524 exhibebi-

157 3559 263 3599 mus.
286 3548 376 3604 llic
400 3568 628 3607 monere
665 3555 891 3611 suﬂiciat
917 3568 1163 3613 sanctum
1192 3561 1486 3632 Elphegum
1517 3564 1701 3619 conci-

158 3634 209 3687 lio
244 3637 591 3698 Euhauiensi
651 3649 888 3716 generati
946 3651 1108 3706 totius
1144 3652 1349 3723 Anglia:
1395 3655 1701 3723 praefuisse,

157 3729 265 3790 quod
291 3733 384 3786 sub
433 3734 769 3792 Aithelredo
815 3756 936 3806 rege
973 3741 1060 3796 die
1102 3756 1292 3799 sancto
1344 3745 1702 3804 Pentecostes

160 3815 355 3874 habitum
384 3823 516 3889 fuit;
546 3829 614 3881 ad
643 3830 788 3897 quod
818 3834 958 3902 regis
979 3835 1177 3900 edicto,
1207 3852 1312 3890 non
1341 3839 1514 3892 solum
1537 3840 1702 3896 totius

161 3910 274 4011 regni
300 3915 559 4011 episc0pi,
591 3921 689 3973 sed
737 3930 792 3975 et
825 3923 914 3978 alii
977 3927 1267 3996 optimates
1311 3941 1699 3998 convenerant,

160 4000 224 4052 ubi
247 4006 394 4060 multa
425 4011 498 4062 ad
527 4011 870 4081 disciplinam
902 4017 1332 4073 ecclesiasticam
1369 4029 1517 4076 recte
1545 4023 1701 4077 instl-

161 4097 364 4180 tuendam
388 4111 593 4156 statuta
633 4114 782 4171 sunt,
815 4122 932 4178 quae
957 4111 1094 4180 apud
1120 4110 1531 4180 Speltnannum.
1555 4122 1702 4168 tomo

160 4177 174 4230 Ι
206 4182 543 4246 Couciliorum
597 4195 808 4266 Anglice
834 4177 1120 4266 habentur,
1155 4177 1210 4256 et
1249 4201 1303 4256 in
1333 4203 1701 4259 Conciliorum

160 4280 442 4339 generalium
479 4283 677 4341 Labhei
709 4296 854 4343 tomo
879 4290 967 4360 IX.

209 4367 252 4421 5.
273 4369 450 4440 Nemo,
475 4379 778 4446 ut'quidem
813 4381 944 4435 mihi
987 4383 1222 4449 videtur,
1264 4385 1497 4441 inficiari
1524 4396 1701 4457 potest

1816 1931 1834 1964 ι
1873 1927 1973 1982 pro
1997 1912 2098 1966 hoc
2125 1909 2194 1964 ab
2220 1925 2286 1964 eo
2312 1908 2594 1978 pecuniam
2635 1906 3038 1976 expetiverunt;
3081 1916 3242 1971 quam
3262 1899 3388 1968 quia

1815 2021 1835 2054 ι
1869 2003 2016 2057 nullo
2051 2011 2212 2072 pacto
2263 2008 2479 2071 poterat
2533 1999 2752 2062 habere,
2829 1996 2930 2050 nisi
2983 1994 3229 2049 homines
3266 2005 3394 2044 suos

1816 2113 1834 2146 ι
1873 2110 2064 2150 eorum
2110 2093 2335 2164 pecunia
2388 2092 2666 2162 Spoliaret,
2708 2099 2762 2145 et
2813 2087 3102 2142 nonnullos
3163 2083 3391 2137 forsitan

1816 2203 1834 2237 ι
1873 2185 2059 2238 invisa:
2094 2183 2430 2238 mendicitati
2459 2181 2794 2251 subjugaret,
2837 2178 2996 2244 elegit
3021 2178 3182 2230 vitam
3209 2175 3393 2244 perdt»

1813 2293 1832 2326 ι
1873 2290 1931 2329 re
1978 2289 2140 2344 quam
2168 2289 2288 2326 eam
2320 2272 2411 2325 tali
2447 2271 2608 2326 modo
2636 2270 2928 2326 custodire.
2974 2268 3112 2334 Quid
3142 2267 3267 2320 hinc
3293 2265 3392 2334 igi-

1814 2383 1833 2415 ι
1870 2373 1958 2418 tur
1986 2373 2075 2418 tua
2119 2363 2430 2418 fraternitas
2478 2363 2698 2425 sentiat,
2733 2361 2921 2414 audire
2948 2359 3215 2413 desidero.
3255 2376 3272 2408 ι
3329 2357 3394 2408 Et

1807 2453 2026 2524 quidem
2057 2453 2168 2517 ille,
2209 2453 2368 2506 sicuti
2396 2465 2567 2506 novus
2590 2449 2794 2520 Anglia-
2823 2448 2979 2514 civis,
3010 2447 3125 2501 haec
3151 2459 3392 2501 summa-

1809 2544 1905 2598 tim
1932 2543 2303 2614 perstringens
2325 2542 2582 2597 Anselmo
2622 2542 2926 2612 preposuit.

1876 2634 1932 2688 4.
1972 2635 2222 2690 Attamen
2251 2648 2473 2689 causam
2507 2633 2658 2688 necis
2682 2633 2827 2688 beati
2876 2629 3092 2700 Elpltt‘gi
3132 2627 3390 2684 historia-

1806 2729 1933 2782 liter
1961 2728 2234 2784 intuentes
2266 2729 2512 2784 videmus
2555 2742 2659 2781 non
2700 2727 2842 2781 illaut
2877 2727 3070 2790 solam,
3104 2727 3197 2780 sed
3228 2724 3390 2778 aliam

1805 2822 1975 2878 fuisse
2003 2824 2102 2879 ista
2154 2823 2537 2892 antiquiorem.
2591 2822 2829 2892 Denique
2870 2837 2976 2876 non
3022 2821 3143 2875 ideo
3178 2827 3387 2872 tantum

1809 2916 1940 2986 quia
1988 2931 2045 2969 se
2088 2915 2314 2985 pecunia
2367 2913 2636 2967 redimere
2680 2911 2874 2973 noluit,
2940 2910 3035 2964 sed
3076 2909 3239 2964 etiam
3265 2909 3391 2977 quia

1805 3007 2028 3077 paganis
2087 3004 2521 3075 persecutoribus
2554 3003 2689 3066 suis,
2735 3002 3010 3056 civitatem
3041 2999 3391 3055 Cautuariatu

1803 3112 1858 3160 et
1885 3103 2174 3158 ecclesiam
2228 3100 2427 3154 Christi
2470 3100 2520 3153 in
2571 3114 2635 3151 ea
2681 3097 2842 3152 sitam
2883 3094 3386 3159 concremantibus,

1807 3193 2060 3260 civesque
2093 3207 2219 3245 suos
2261 3190 2431 3244 atroci
2466 3197 2640 3242 morte
2685 3187 3028 3250 necantibus,
3075 3185 3386 3239 Christiana

1807 3282 2059 3338 libet-tate
2083 3281 2369 3344 obsistere,
2395 3293 2596 3348 eosque
2621 3295 2650 3332 a
2689 3295 2785 3333 sua
2817 3278 3135 3332 infidelitate
3161 3292 3389 3332 conver-

1810 3387 1923 3430 tere
1944 3377 2094 3432 nisus
2122 3384 2224 3439 est,
2250 3377 2318 3428 ab
2345 3375 2426 3428 eis
2455 3381 2645 3444 captus
2668 3383 2719 3427 et
2748 3371 2952 3428 crudeli
2984 3371 3388 3426 exanimatione

1805 3475 1889 3522 est
1928 3465 2160 3520 occisus.
2217 3463 2325 3518 Sed
2370 3464 2683 3527 Anselmus,
2736 3472 2795 3516 ut
2836 3462 2918 3515 vir
2973 3461 3230 3530 prudens,
3274 3463 3394 3511 viro

1803 3557 2057 3627 prudenti
2125 3557 2279 3626 juxta
2333 3555 2814 3626 interrogationem
2883 3554 2988 3607 sibi
3049 3551 3386 3622 prapositam

1804 3633 2121 3718 simpliciter
2162 3647 2234 3700 ita
2284 3648 2583 3716 respondit,
2621 3647 2848 3700 dicens:
2887 3664 2903 3696 ι
2935 3644 3116 3697 Palam
3141 3645 3387 3714 estquod

1809 3757 1828 3789 ‹
1869 3738 1914 3792 is
1941 3738 2033 3809 qui
2087 3753 2154 3792 ne
2209 3737 2324 3792 leve
2363 3737 2580 3805 quidem
2639 3747 2830 3791 contra
2891 3737 3056 3791 Deum
3103 3745 3388 3806 peccatum

1809 3848 1827 3881 ι
1865 3831 2135 3895 admittat,
2153 3829 2288 3883 mori
2308 3829 2654 3890 nondubitat,
2682 3829 2850 3882 multo
2873 3828 3107 3881 maxime
3133 3827 3388 3881 morinon

1810 3941 1828 3975 ι
1861 3923 2164 3986 dubitaret,
2198 3923 2514 3991 priusquam
2543 3922 2725 3990 aliquo
2779 3922 2929 3993 gravi
2972 3930 3194 3990 peccato
3223 3920 3388 3973 Deum

1810 4035 1828 4068 ι
1863 4017 2238 4071 exacerbaret.
2266 4015 2331 4068 Et
2379 4031 2567 4070 revera
2611 4015 2832 4084 gravius
2871 4023 3153 4084 peccatum
3177 4014 3391 4067 videtur

1809 4129 1827 4162 α
1866 4126 1987 4167 csse
2026 4111 2303 4166 Christum
2332 4125 2560 4181 negare,
2596 4124 2760 4178 quam
2795 4106 3090 4178 quemlibet
3115 4116 3390 4160 terrenqu

1809 4219 1827 4252 ι
1863 4201 2166 4265 dominum,
2187 4215 2282 4268 pro
2305 4199 2675 4268 redemptione
2698 4198 2821 4251 vitae
2847 4211 2977 4258 State,
2994 4194 3240 4249 homines
3263 4208 3391 4246 suos

1809 4309 1828 4340 ι
1864 4306 1960 4360 per
1995 4290 2313 4345 ablationem
2352 4289 2595 4359 pecunia:
2622 4288 2834 4342 illorum
2871 4285 2936 4340 ad
2963 4285 3232 4339 modicum
3264 4299 3386 4353 gra-

1809 4403 1827 4436 σ
1865 4385 2126 4454 vare;sed
2146 4385 2245 4438 hoc
2257 4384 2400 4452 quod
2417 4383 2594 4437 minus
2607 4392 2690 4436 est
2709 4379 2976 4450 Elphegus
3002 4376 3170 4431 noluit
3185 4375 3386 4429 facere.

161 4469 360 4558 sanctum
391 4466 686 4538 Elphegum
717 4470 861 4524 inter
885 4487 1040 4527 veros
1069 4483 1484 4545 martyres,esse
1513 4493 1699 4532 recen-
1730 4499 1778 4558 ι)
1811 4499 1830 4532 ι
1869 4480 2036 4534 Multo
2067 4479 2230 4550 igitur
2257 4479 2436 4534 minus
2483 4477 2761 4532 Christum
2813 4480 3056 4544 negaret,
3102 4471 3144 4525 si
3185 4484 3385 4524 vesana

163 4551 366 4618 sentiunt,
404 4566 689 4627 postquam
737 4569 956 4616 sanctus
986 4563 1279 4620 Anselmus
1314 4567 1562 4635 probavit
1593 4583 1698 4624 non

164 4639 301 4733 “linus
354 4646 449 4716 ipsi
480 4665 644 4718 quam
695 4665 886 4710 sancto
934 4655 1129 4712 Joanni
1161 4657 1418 4727 Baptistae
1444 4663 1723 4733 martyris-

164 4731 336 4789 titulum
370 4741 574 4797 deberi.
625 4743 681 4797 ιιι
722 4743 894 4801 fusius
933 4759 1120 4803 narrat
1163 4750 1467 4806 Eadmerus
1515 4731 1699 4809 libro:

167 4820 221 4922 De
262 4828 355 4883 vita
405 4836 575 4889 sancti
618 4836 880 4904 Anselmi,
929 4839 1082 4909 cujus
1125 4843 1290 4897 verba
1333 4843 1440 4897 huc
1495 4844 1701 4901 referre

165 4923 298 4970 “sum
324 4930 420 4988 est,
449 4933 633 4994 utpote
661 4942 689 4980 a
721 4928 907 4982 multis
933 4931 1298 4997 praetermissa
1329 4950 1341 4985 :
1365 4948 1486 5002 qua:
1517 4944 1698 4989 tamen

169 5009 355 5103 maxime
379 5015 446 5070 ad
487 5018 662 5072 sancti
711 5018 872 5087 hujus
911 5022 1173 5076 antistitis
1216 5023 1442 5092 gloriam
1479 5027 1696 5081 cedunt.

168 5092 236 5148 Sic
271 5099 436 5170 itaque
491 5121 603 5161 rem
651 5119 883 5163 narrat:
920 5128 939 5160 ε
970 5111 1096 5165 Erat
1143 5111 1480 5168 Lanfrancus
1520 5118 1698 5172 adhuc

166 5191 282 5222 ηιιιιοῖ
306 5196 442 5222 ἰιιιῖο-
480 5198 501 5222 Α
520 5198 670 5222 κη’..-

724 5199 1062 5222 _--J--_-_--
1102 5217 1148 5222 --
1179 5203 1218 5222 Ι-
1334 5211 1350 5222 ο
1385 5220 1392 5221 ,

1809 4591 1828 4624 ‹
1871 4587 2062 4626 manus
2090 4587 2213 4626 eum
2245 4572 2313 4626 ad
2359 4571 2461 4625 hoc
2492 4579 2719 4624 mortem
2755 4565 3075 4621 intentando
3112 4563 3386 4618 constrin-

1808 4671 2042 4732 cgeret.
2098 4663 2250 4718 Unde
2295 4663 2456 4717 datur
2504 4651 2992 4729 intelligifmiram
3038 4666 3229 4727 pectus
3271 4655 3388 4725 ejus

1807 4775 1824 4808 ι
1858 4757 2123 4826 justitiam
2168 4757 2490 4826 possedisse,
2537 4758 2754 4823 quando
2793 4753 2957 4805 vitam
3000 4767 3152 4806 suam
3199 4749 3391 4803 maluit

1809 4864 1826 4896 ι
1863 4847 2211 4915 dare.quam,
2246 4856 2426 4917 spreta
2451 4843 3029 4916 charitate,proximos
3069 4857 3195 4897 suos
3235 4855 3386 4895 scan-

1808 4956 1826 4988 ι
1863 4937 2119 4992 dalizare.
2167 4938 2529 5004 Quamobrem
2573 4937 2733 5009 longe
2791 4935 2888 4989 fuit
2929 4934 2996 4988 ab
3023 4951 3087 4988 eo
3127 4935 3254 4989 illud
3298 4932 3392 4986 Vae

1807 5046 1824 5077 ι
1863 5028 2004 5098 quod
2057 5027 2320 5083 Dominus
2369 5030 2608 5083 minatur
2649 5030 2699 5084 ei
2747 5042 2846 5100 per
2873 5041 3033 5094 quem
3072 5024 3392 5080 scandalum

1806 5137 1823 5169 ι
1862 5117 2026 5171 venit.
2053 5117 2165 5174 Nec
2190 5119 2482 5181 immerito,
2524 5127 2587 5173 ut
2616 5137 2756 5185 reor,
2791 5119 2931 5172 inter
2953 5127 3221 5187 martyres
3247 5129 3397 5169 com-
