4018 5330
593 345 708 401 375

1561 335 1855 394 OSBERNI
1891 333 2194 392 MONACHI
2231 332 2782 392 CANTUARIENSIS

3740 337 3839 392 376

598 482 615 513 ι
657 467 887 517 testante
916 471 1071 514 sacro
1103 456 1348 528 Eloquio,
1377 463 1439 510 ut
1461 463 1634 509 vestra
1654 453 1954 523 paternizas
1972 451 2171 522 optime
2202 452 2248 514 Α
2279 468 2296 502 ι
2327 449 2718 520 Elphegum,ut
2739 465 2862 506 vere
2888 465 3140 522 magnum
3163 450 3520 523 etgloriosmn
3548 462 3840 523 martyrem

600 577 617 603 ι
655 552 825 618 novit,
854 551 1103 607 Christus
1156 560 1210 605 et
1246 549 1466 612 veritas,
1497 556 1551 602 et
1582 544 1793 614 justitia
1833 546 1922 610 sit,
1952 543 2041 613 qui
2074 559 2172 612 pro

600 661 619 691 ι
651 639 862 710 justitia
894 649 946 695 et
972 655 1069 710 pro
1107 639 1337 693 veritate
1366 637 1614 700 moritur,
1643 651 1742 703 pro
1763 634 1978 689 Christo
2004 632 2170 686 mori-

598 749 617 780 σ
656 740 776 794 tur;
841 729 932 799 qui
980 737 1157 782 autem
1209 743 1310 796 pro
1335 726 1553 782 Christo
1601 727 1868 787 moritur,
1926 724 2168 779 Ecclesia

598 838 616 868 ι
653 827 810 883 teste,
841 827 1047 887 martyr
1067 816 1314 872 habetur.
1341 816 1537 870 Beatus
1571 828 1698 869 vero
1723 814 1988 884 Elphegus
2015 827 2168 882 teque

596 928 613 958 ι
663 924 762 978 pro
779 908 1006 978 justitia,
1034 916 1089 961 ut
1121 908 1310 962 beatus
1352 905 1587 960 Joannes
1609 919 1801 974 passus
1830 914 1911 959 est
1940 917 2036 974 pro
2073 919 2166 958 ve-

599 1018 619 1052 t
657 999 841 1054 ritate.
867 998 978 1054 Cur
998 1013 1126 1067 ergo
1159 998 1332 1067 magis
1359 998 1425 1051 de
1453 998 1613 1051 unius
1659 1012 1820 1066 quam
1851 997 1917 1050 de
1944 995 2166 1052 alterius

595 1108 615 1140 ι
653 1103 784 1144 vero
819 1097 1113 1158 sanctoque
1139 1089 1402 1160 martyrio
1434 1088 1719 1157 quisquam
1757 1085 2009 1157 ambigat,
2041 1101 2163 1141 cum

595 1199 614 1230 ι
649 1193 749 1249 par
774 1194 938 1235 causa
980 1179 1034 1234 in
1076 1180 1267 1236 mortis
1317 1180 1662 1250 perpessione
1707 1187 1996 1249 utrumque
2028 1178 2165 1234 deti-

593 1290 612 1323 t
647 1273 805 1326 neat?
831 1291 848 1324 ι

659 1365 714 1418 5.
761 1382 778 1416 ι
813 1364 937 1419 Haec
990 1380 1077 1419 me
1101 1364 1340 1435 quidem,
1368 1363 1657 1419 reverende
1687 1362 1870 1427 Pater,
1900 1362 1952 1416 in
1981 1375 2162 1431 quan-

591 1471 612 1503 ο
648 1463 756 1507 tum
785 1454 1090 1524 perSpicere
1114 1467 1350 1524 possum,
1381 1462 1497 1508 rata
1525 1468 1643 1507 esse
1665 1453 1776 1522 ipsa
1807 1453 1943 1506 ratio
1967 1452 2158 1516 docet;

592 1561 612 1592 ι
644 1551 883 1598 attamen
911 1554 1105 1600 vestra:
1125 1545 1423 1613 prudentia:
1451 1552 1554 1610 est,
1588 1553 1772 1608 etme,
1796 1544 1840 1598 si
1861 1543 2016 1598 aliter
2039 1557 2160 1598 sen-

591 1653 611 1685 σ
651 1635 715 1690 tit
755 1637 823 1691 ab
861 1636 965 1691 hoc
1011 1637 1329 1708 corrigendo
1368 1651 1642 1701 revocare,
1679 1645 1733 1691 et
1767 1637 1897 1706 quid
1943 1636 2160 1706 potissi-

589 1741 608 1774 ι
656 1740 802 1780 mum
833 1726 888 1781 in
919 1735 1064 1781 tanta
1103 1743 1165 1782 re
1188 1728 1520 1785 sentiendum
1551 1728 1638 1790 sit,
1668 1727 1923 1782 Ecclesia
1951 1721 2042 1781 Dei
2071 1727 2159 1782 do-

2278 557 2296 590 ι
2329 538 2552 602 Christi,
2579 540 2833 610 deinceps
2857 557 2943 595 me
2983 541 3160 596 colere
3184 549 3239 596 et
3277 542 3521 597 venerari
3558 557 3625 597 ex
3658 546 3841 606 corde,

2277 644 2296 678 ι
2332 628 2502 694 gratia
2534 628 2626 684 Dei
2651 627 2898 696 juvaute,
2927 630 3162 686 confido.
3201 649 3220 683 ι
3250 631 3402 702 Quod
3457 633 3570 700 ipse
3603 644 3841 701 postmo-

2269 717 2396 770 dum
2443 717 2634 773 devote
2678 728 2969 774 exsecutus
2998 729 3112 784 est,
3143 721 3271 790 quin
3312 730 3368 776 et
3401 721 3692 776 llistoriam
3723 724 3849 776 vita:

2269 821 2333 862 ac
2391 808 2658 876 passionis
2711 810 2828 878 ejus
2875 809 3121 879 diligenti
3181 812 3359 866 studio
3413 812 3528 866 ﬁeri
3570 812 3844 882 prteccpit.

2268 894 2441 962 Quam
2473 898 2689 966 quidem
2709 898 3004 953 Historiam
3029 916 3133 954 nun
3167 900 3338 955 solum
3365 901 3524 971 plano
3553 901 3848 955 dictamiue

2267 987 2335 1041 ad
2361 986 2664 1056 legendum,
2718 1004 2907 1042 verum
2960 990 3124 1054 etiam
3156 991 3361 1045 ntusico
3401 990 3788 1052 modulamine,
3826 1009 3843 1040 ι

2271 1087 2403 1142 etc.,
2439 1091 2496 1133 ut
2519 1094 2680 1149 supra
2734 1096 2883 1134 num.
2910 1080 2965 1135 2.
3006 1080 3132 1136 llaec
3166 1081 3462 1139 Eadtnerus
3487 1082 3541 1137 in
3572 1083 3694 1136 Vita
3723 1098 3840 1137 san-

2266 1166 2338 1219 cti
2363 1166 2624 1221 Anselmi.

2335 1255 2385 1310 6.
2428 1256 2595 1312 Porro
2639 1257 2693 1313 in
2728 1259 2914 1314 eadem
2963 1259 3236 1315 Danorum
3285 1261 3682 1330 persecutione,
3713 1260 3848 1312 Can-

2266 1349 2440 1403 tvzaria
2470 1366 2497 1404 2
2531 1350 2778 1405 barbaris
2809 1361 3091 1422 occupata,
3124 1351 3321 1406 multos
3345 1352 3603 1423 martyrio
3630 1350 3852 1405 aﬂ‘ecms

2263 1439 2430 1495 fuisse
2460 1456 2565 1494 non
2596 1440 2828 1496 obscure
2874 1441 3090 1495 tradunt
3120 1441 3399 1510 Anglicani
3441 1442 3758 1510 scriptores,
3785 1455 3851 1492 ex

2264 1531 2460 1599 quibus
2505 1530 2832 1585 Leotronam
2891 1532 3224 1585 abbatissam
3270 1531 3584 1586 monasterii
3637 1529 3855 1584 Sancta:

2263 1619 2573 1687 Mildrithaa,
2603 1636 2725 1676 cum
2756 1621 2938 1676 multis
2961 1622 3240 1677 monachis
3270 1631 3325 1676 et
3349 1620 3856 1676 sanctimonialibus

2263 1711 3102 1784 commemoratMartyrologium
3122 1713 3632 1769 Bcnedictinumdie
3665 1712 3734 1766 30
3760 1709 3858 1765 Ju-

590 1831 608 1865 t
647 1817 820 1872 cendo
844 1827 1168 1873 monstrare.
1208 1839 1226 1870 ι
1265 1819 1346 1873 Ad
1385 1818 1524 1889 quod
1558 1818 1892 1877 Lauri-ancus
1925 1838 1936 1872 :
1975 1837 1994 1871 ‹
2023 1819 2158 1874 Fra-

2266 1803 2340 1858 lii.
2367 1804 2652 1874 Legendus
2682 1821 2746 1859 ea
2776 1805 2842 1860 de
2873 1821 2930 1859 re
2959 1805 3224 1876 Rogerius
3272 1806 3337 1860 de
3375 1805 3627 1860 Hoveden
3658 1804 3725 1857 ad
3758 1817 3855 1855 an-

589 1923 608 1956 ι
651 1915 751 1972 ter,
783 1907 980 1978 inquit,
1009 1909 1257 1965 subtilem
1283 1910 1666 1978 perspicaciam
1690 1920 1744 1964 et
1788 1910 2155 1979 perspicacem

590 2013 608 2044 ι
645 1995 996 2053 subtilitatem
1047 1998 1246 2069 ingenii
1290 1999 1366 2053 tui
1423 1999 1771 2053 vehementer
1821 1998 2061 2068 approbo
2101 2008 2158 2053 et

592 2102 610 2136 ι
651 2099 901 2155 veneror,
951 2087 1213 2158 ﬁrmaque
1253 2088 1462 2144 ratione
1511 2097 1599 2143 tua
1648 2089 1893 2155 edoctus,
1935 2089 2153 2144 beatum

2265 1909 2392 1948 num
2427 1895 2585 1960 IOII,
2614 1895 2702 1951 ubi
2756 1896 2822 1950 de
2865 1897 2966 1950 har.
2995 1897 3151 1951 clade
3181 1897 3345 1952 multa
3391 1897 3577 1952 habet.
3611 1895 3715 1951 Sed
3740 1893 3855 1964 jam

2265 1981 2487 2054 Elphegi
2517 1984 2638 2039 Vita
2669 1984 2992 2056 proferenda
3017 1994 3124 2040 est.

1533 2326 1780 2382 INCIPIT
1814 2327 2181 2386 PROLOGUS
2221 2328 2516 2386 OSBERNI
2546 2329 2871 2388 MONACIII.

650 2504 909 2562 Omnibus
939 2503 991 2559 in
1020 2503 1121 2560 tide
1149 2505 1350 2561 Christi
1388 2508 1729 2564 manentibus
1757 2509 2003 2579 indignus
2033 2526 2159 2566 san-

577 2604 680 2652 ctre
722 2595 1129 2651 Cantuariensis
1158 2596 1414 2652 Ecclesiae
1445 2599 1869 2668 metrop‘rlitanre
1896 2599 2037 2658 ﬁlius
2066 2601 2165 2656 Os-

576 2700 801 2751 sansus,
834 2685 1005 2755 gratia
1055 2685 1207 2740 vobis
1249 2697 1302 2741 et
1348 2701 1450 2756 pas
1500 2701 1529 2740 a
1582 2687 1688 2742 Deo
1747 2687 1906 2742 Patre
1955 2697 2157 2753 nostro,

576 2786 632 2832 et
685 2778 912 2834 Domino
964 2778 1089 2834 Iesu
1155 2779 1408 2844 Christo,
1470 2788 1525 2833 et
1609 2779 1888 2834 amborum
1957 2779 2161 2851 Spiritu

577 2876 788 2922 sancto.

647 2956 703 3010 Si
742 2956 978 3012 caelestis
1005 2958 1266 3012 sententia
1294 2974 1509 3028 gravem
1543 2960 1596 3014 in
1625 2959 1773 3014 illmn
1815 2959 1994 3018 santit
2046 2961 2162 3016 vin-

549 3045 778 3100 .dEctam
812 3047 903 3115 qui
951 3056 1227 3117 acceptam
1269 3053 1554 3118 pecuniam
1599 3050 1818 3103 sudario
1880 3064 2159 3120 reponere,

575 3150 738 3204 quant
765 3151 964 3191 mensae
1000 3137 1484 3192 nummulariorum
1512 3139 1699 3192 maluit
1729 3153 1997 3209 apponere
2020 3178 2035 3204 ,
2069 3152 2162 3192 ne-

576 3243 844 3298 quaquam
868 3229 999 3282 mihi
1025 3231 1448 3285 succensendum
1480 3246 1601 3286 esse
1634 3232 1903 3295 existimo,
1934 3232 1976 3285 si
2007 3229 2162 3300 hujus

576 3321 856 3375 sententiae
887 3321 1185 3391 periculum
1233 3322 1498 3387 devitans,
1539 3338 1601 3377 ea
1647 3339 1765 3392 qua:
1809 3323 1876 3378 de
1928 3324 2160 3395 glorioso

575 3412 774 3466 Christi
806 3422 1046 3484 martyre
1092 3412 1326 3484 Elphego
1374 3414 1488 3486 ipse
1531 3416 1743 3487 agnovi,
1790 3415 1909 3470 aliis
1947 3429 2160 3486 quoque

576 3504 914 3574 agnoscenda
946 3519 1256 3574 preponam.
1295 3506 1410 3562 Erit
1437 3517 1612 3562 autem
1651 3507 1846 3562 divina:
1877 3506 2162 3575 providen-

579 3594 667 3647 tiae
691 3602 744 3648 et
780 3609 866 3648 me
890 3596 1158 3650 veraciter
1179 3597 1464 3664 dicentem,
1496 3607 1548 3652 et
1598 3597 1718 3652 il'os
1748 3597 2038 3652 salubriter
2061 3612 2160 3650 au-

578 3686 809 3753 dientes,
847 3686 919 3740 ita
968 3688 1338 3744 retributionis
1380 3705 1490 3745 sua:
1531 3689 1793 3744 beneﬁcio
1819 3689 2042 3755 donare,
2100 3697 2160 3743 ut

2266 2511 2650 2580 improbamus.
2689 2509 2742 2564 in
2775 2524 2837 2565 ea
2881 2525 2910 2563 a
2939 2508 3394 2584 subsequentibus
3422 2520 3592 2564 nnuto
3622 2509 3856 2563 maxime

2266 2599 2600 2670 improbnndi
2648 2603 2948 2655 videamur.
3004 2601 3152 2656 Sane
3199 2601 3480 2656 veritatem
3547 2615 3732 2654 rerum
3782 2599 3854 2653 ita

2264 2691 2540 2760 polliceor.
2590 2701 2649 2747 ut
2704 2695 2850 2750 nulla
2902 2709 3008 2759 me,
3036 2691 3264 2758 sublato,
3315 2692 3360 2746 si
3417 2690 3539 2761 quis
3611 2689 3853 2752 infuerit,

2264 2781 2549 2849 splendore
2597 2784 3202 2848 verbormn,dicturum
3266 2781 3544 2851 profitear,
3580 2796 3703 2849 qua:
3752 2794 3854 2832 non

2265 2881 2361 2928 aut
2393 2875 2460 2928 ab
2487 2874 2570 2928 his
2598 2876 2689 2946 qui
2720 2877 2989 2941 viderunt,
3032 2885 3122 2929 aut
3165 2889 3196 2928 a
3226 2872 3531 2929 videntibus
3565 2874 3858 2926 audierunt

2265 2965 2590 3033 acceperim,
2618 2973 2672 3019 et
2698 2966 2776 3021 eis
2817 2966 2919 3021 [ide
2947 2966 3104 3021 simul
3128 2973 3181 3018 et
3211 2965 3536 3018 auctoritate
3557 2963 3858 3034 plurimum

2263 3057 2668 3123 prmstantibus.
2731 3058 2971 3125 Quorum
3040 3057 3255 3128 quidem
3327 3055 3587 3110 vocabula
3650 3053 3862 3109 idcirco

2263 3154 2455 3212 sponte
2482 3145 2708 3217 refugio,
2737 3148 2993 3217 quoniam
3017 3145 3230 3200 dicendi
3260 3145 3525 3214 primitias
3549 3143 3859 3197 barbaricis

2264 3235 2707 3304 appellationibus
2755 3236 3065 3292 decolorare
3132 3234 3276 3288 nolo.
3325 3234 3516 3302 Aliqua
3553 3243 3736 3287 tamen
3788 3234 3858 3286 de

2261 3330 2346 3384 Itis
2392 3329 2554 3383 rebus
2593 3343 2696 3381 nou
2747 3328 3084 3382 incommode
3129 3325 3326 3394 scripta
3377 3323 3579 3388 inveni,
3621 3336 3856 3391 quorum

2262 3424 2560 3478 sententias
2596 3403 3118 3488 exinde'assumptas
3143 3416 3394 3487 praesenti
3422 3417 3706 3484 scripturae
3727 3430 3856 3468 con-

2261 3529 2395 3584 gruo
2428 3513 2618 3567 ordine
2659 3511 2974 3566 inserendas
2997 3509 3255 3578 judicavi.
3305 3507 3452 3562 Illius
3485 3508 3672 3576 itaque
3729 3504 3854 3559 {eti

2261 3606 2492 3670 auxilio,
2560 3603 2715 3673 cujus
2769 3604 2998 3674 gratuita
3060 3602 3298 3656 bonitate
3351 3615 3539 3654 smnus
3586 3598 3854 3669 quidquid

2260 3694 2398 3751 bene
2454 3712 2661 3761 sumus,
2712 3695 2865 3764 cujus
2919 3693 3159 3762 largillua
3211 3691 3560 3746 miseratione
3605 3692 3856 3759 sapimus

577 3789 755 3842 neque
780 3789 864 3829 me
893 3775 1175 3834 laboriosa:
1201 3780 1590 3849 aliquantulum
1617 3781 1965 3847 narrationis,
1984 3797 2160 3852 neque
2187 3771 2232 3834 C
2262 3788 2518 3858 quidquid
2543 3787 2678 3841 bene
2725 3786 2984 3855 sapimus,
3021 3791 3303 3850 tangamus
3344 3781 3680 3852 psalterium,
3734 3793 3856 3836 tan-

576 3864 697 3920 illos
752 3869 1013 3924 usuraria:
1057 3873 1316 3942 pmnittat
1362 3874 1709 3942 operationis.
1771 3874 1902 3928 Illud
1947 3889 2161 3944 quoque

576 3971 684 4011 non
713 3957 1053 4014 mediocriter
1096 3961 1162 4015 ad
1204 3963 1255 4016 di
1292 3965 1485 4017 eudum
1535 3979 1620 4018 me
1653 3963 1863 4028 invitat,
1895 3963 2036 4032 quod
2066 3979 2160 4018 eos

575 4046 896 4119 plerumque
943 4053 1173 4120 torporis
1219 4068 1568 4118 accusamus,
1611 4053 1698 4122 qui
1731 4068 1815 4108 res
1864 4068 1999 4122 quas
2045 4053 2160 4108 suis

576 4139 793 4208 quidem
822 4143 1150 4212 temporibus
1179 4145 1244 4198 ad
1273 4145 1530 4200 honorem
1571 4145 1827 4199 Altissitni
1865 4137 2040 4199 factas
2060 4158 2160 4199 no-

573 4239 790 4295 verunt,
823 4231 1104 4290 dictitandi
1136 4233 1309 4291 otlicio
1354 4237 1420 4290 ad
1468 4245 1755 4304 sequentes
1790 4235 2158 4291 transmittere

574 4319 882 4376 noluerunt.
905 4322 1140 4390 Quorum
1188 4342 1287 4381 nos
1329 4325 1588 4382 desidiam
1627 4335 1720 4382 aut
1765 4336 1914 4382 certe
1953 4328 2159 4396 vitupe-

571 4425 698 4465 rare
721 4428 826 4467 non
871 4414 1150 4480 debemus,
1177 4427 1269 4471 aut
1318 4418 1431 4488 ipsa
1468 4433 1530 4473 ea
1565 4433 1684 4487 qua:
1729 4425 2027 4472 memoratu
2076 4415 2158 4470 di-

572 4516 676 4568 gna
703 4502 844 4560 scire
864 4507 1135 4576 potuimus
1155 4507 1372 4576 ell‘erre;
1409 4525 1474 4565 ne
1494 4525 1599 4580 qua
1629 4511 1682 4564 in
1709 4524 1765 4565 re
1792 4510 2158 4580 praecedentes

2261 3894 2449 3949 gamus
2480 3887 2534 3932 et
2563 3879 2868 3948 eytharam,
2901 3888 2959 3928 ut.
2989 3875 3041 3928 in
3084 3875 3254 3927 altero
3289 3873 3675 3942 sempiternam
3708 3889 3858 3927 mar-

2265 3967 2398 4038 tyris
2428 3967 2650 4037 gloriam
2695 3965 3017 4021 exsultando
3042 3964 3417 4034 praedicemus,
3451 3963 3504 4016 in
3532 3962 3705 4016 altero
3732 3980 3858 4018 cor-

2261 4057 2472 4130 pbrales
2523 4061 2638 4130 ejus
2700 4059 2978 4126 passiones
3045 4057 3304 4110 imitando
3362 4070 3720 4118 veneremur;
3787 4072 3854 4111 ac

2260 4148 2735 4218 quemadmmlmn,
2771 4145 3114 4216 prtecipiente
3138 4145 3490 4198 iuvictissimo
3520 4144 3686 4198 totius
3707 4144 3856 4198 Lati~

2263 4241 2448 4295 uitatis
2501 4241 2755 4311 magistro
2791 4237 3098 4291 Lanl‘ranco
3141 4235 3568 4304 archiepisc0po,
3642 4237 3852 4288 musica

2257 4333 2431 4384 virum
2455 4330 2818 4384 modulatione
2842 4328 3042 4381 dudmn
3073 4326 3384 4389 extulimus,
3409 4325 3509 4386 sic,
3531 4325 3855 4395 cogentibus

2263 4420 2346 4473 Itis
2373 4436 2508 4489 quas
2534 4419 2768 4471 diximus
2801 4417 3068 4471 rationum
3105 4415 3304 4480 causis,
3333 4415 3573 4468 oratoria
3600 4413 3852 4468 eumdem

2259 4509 2565 4563 narratione
2591 4506 2935 4561 extollamus.

1695 4704 2230 4818 INCIPIT
2317 4703 2712 4820 VITA.

646 4923 697 4978 I.
751 4923 1012 4996 Elpltegus
1050 4933 1392 4986 monasticam
1443 4931 1600 4985 vitam
1636 4928 1986 4999 amplectitur.
2033 4926 2154 4982 Mo-
2186 4933 2232 4992 Ι)
2261 4926 2362 4992 Qui
2400 4933 2570 4980 totum
2599 4924 2955 4996 phil050pbite
2978 4926 3214 4980 studimn
3239 4929 3504 4982 convertit
3530 4929 3598 4980 ad
3625 4927 3850 4996 dil'grn-

573 5015 862 5066 nasterium
911 5015 1187 5066 Bathom’m
1245 5025 1494 5066 musta-ag?!
1552 5051 1621 5064 -_
1659 5019 1988 5066 Principium
2055 5035 2153 5066 na-

2261 5018 2384 5066 dum
2413 5016 2602 5066 Deum.
2628 5017 2777 5066 illutn
2807 5031 2988 5066 nosse.
3021 5017 3092 5066 illi
3125 5031 3336 5066 parere-
3367 5018 3509 5066 illius
3540 5017 3666 5066 iuuo
3697 5032 3853 5066 man-
