4018 5330
243 308 340 361 577

1511 302 1666 358 VlTA
1693 301 1753 358 S.
1780 301 2090 359 ELPIIEGL

1928 223 2014 234 .u.‘

3387 307 3491 364 δυ

245 420 508 478 desideria
563 416 906 489 propriasque
970 414 1273 470 voluntates
1323 414 1488 486 cmpit
1548 415 1806 486 abigere,
1838 417 3490 488 Aetpmnitentiamagcntes,vitamtnmeliuscommutarunt.

244 521 561 565 cunctorum
617 506 892 561 famulatui
939 505 1242 575 subjacere,
1281 507 1521 560 omnium
1556 521 1614 561 se
1662 503 1816 575 quasi

243 599 506 667 quoddam
535 598 946 651 instrumentum
993 594 1273 657 exhibere,
1308 594 1474 648 Deum
1508 593 1818 666 infatigabi-

240 688 360 743 liter
389 687 632 757 diligere,
660 687 881 755 jejuniis
919 695 974 740 et
1018 684 1219 754 vigiliis
1252 699 1464 738 vacare.
1489 683 1556 738 Et
1598 684 1816 752 quidem

240 777 646 846 quibuscunque
688 777 858 844 potuit
917 774 1123 830 studuit
1169 774 1466 842 prodesse:
1503 775 1698 842 quibus
1724 790 1817 827 att-

241 876 341 920 tetn
366 867 626 935 prodesse
667 882 770 920 non
799 865 990 935 potuit,
1024 863 1212 918 saltem
1246 879 1352 917 non
1378 863 1568 917 obesse
1591 872 1816 918 conatus

239 956 668 1010 est.'l‘raasactis
693 968 872 1010 autem
911 956 962 1009 iu
998 935 1583 1023 monastica’religione
1613 955 1817 1023 aliquot
1861 1003 1864 1006 .

239 1050 414 1112 antiis,
440 1062 561 1101 cum
597 1048 804 1101 videret
839 1057 1048 1115 tempus
1099 1045 1477 1099 adolescentia:
1517 1046 1814 1114 praeterire,

237 1139 484 1192 arclioris
506 1139 630 1191 vita:
645 1137 889 1190 semitam
911 1135 1170 1204 arripere,
1188 1135 1397 1204 singula
1407 1150 1570 1202 reque
1586 1151 1706 1188 cum
1722 1152 1817 1188 au-

238 1234 383 1294 t‘tquo
406 1229 562 1281 hoste
591 1239 864 1282 certamen
891 1227 1025 1281 inire
1038 1225 1336 1281 contendit.
1357 1225 1612 1292 Egressus
1636 1225 1815 1294 itaque

237 1322 297 1374 de
317 1320 674 1385 monasterio,
718 1321 962 1390 pervenit
997 1319 1062 1373 ad
1095 1319 1270 1374 locum
1316 1317 1579 1372 Ballionia
1616 1319 1691 1389 (id
1739 1329 1813 1371 est

236 1413 775 1482 Balneum)vocatum
805 1414 903 1484 (‘2),
922 1414 1012 1469 ubi
1046 1429 1184 1485 aqua
1212 1413 1382 1467 calida
1405 1415 1470 1468 de
1485 1422 1624 1468 terra
1638 1429 1813 1468 enter-

233 1519 382 1574 gens,
415 1506 732 1560 balnearum
774 1522 928 1561 usum
987 1521 1085 1576 pro
1140 1505 1419 1561 voluntate
1455 1515 1694 1576 prmslat.
1739 1505 1810 1560 lbi

233 1595 596 1649 habitaculum
621 1605 958 1661 construens,
987 1611 1046 1649 se
1071 1595 1303 1656 inclusit.
1339 1604 1392 1649 et
1428 1597 1602 1666 rigore
1635 1597 1814 1652 incre-

234 1685 377 1741 dibili
420 1703 622 1758 corpus
669 1703 823 1742 suum
864 1686 1083 1758 jejuniis
1127 1699 1181 1742 et
1231 1688 1552 1742 abstinentia
1605 1688 1812 1743 afﬂixit.

1989 509 2042 564 3.
2085 508 2171 562 Fit
2206 509 2474 578 episcopus
2516 509 2907 564 l‘l’intoniemis.
2945 541 3014 552 -ε-
3061 511 3268 568 Mortuo
3313 527 3504 570 autem

1917 596 2282 653 Wintoniensi
2340 599 2598 668 episcopo
2651 598 3008 665 Ethelwollo,
3061 601 3206 658 facta
3251 612 3337 658 est
3385 620 3495 660 non

1919 689 2127 744 modica
2158 691 2432 745 contentio
2461 705 2560 759 pro
2603 691 2874 760 pontificis
2913 693 3175 750 electione
3207 695 3350 750 inter
3383 712 3497 751 mo-

1919 780 2121 832 ιδεμ-δας
2151 789 2202 833 et
2226 779 2470 834 clericos.
2501 779 2780 850 Siquidem
2811 783 2991 838 clerici
3028 785 3267 854 ejusdem
3311 785 3354 840 E
3378 787 3495 840 cle-

1917 870 2011 924 sia:
2032 869 2500 924 sceleratissimam
2531 872 2693 924 vitam
2725 883 2966 941 agentes,
2999 883 3186 928 contra
3225 890 3492 930 canonum

1918 969 2118 1015 statuta
2146 977 2241 1030 per
2263 963 2441 1016 omnia
2473 964 2729 1022 viventes.
2771 980 2893 1018 cmn
2925 982 2953 1017 a
2982 965 3207 1034 prwfato
3247 966 3495 1021 antistite

1917 1051 2112 1120 smpius
2171 1052 2403 1119 correpti
2463 1067 2656 1120 pravos
2709 1068 2885 1107 mores
2943 1056 3217 1124 corrigere
3268 1056 3492 1120 nollent,

1917 1140 2026 1195 imo
2056 1157 2175 1211 quae
2198 1157 2360 1210 prave
2388 1151 2664 1211 gesserant
2693 1146 2951 1212 pertinaci
2987 1146 3175 1214 spiritu
3207 1145 3496 1202 defendere

1917 1235 2132 1297 vellent,
2175 1236 2337 1305 regali
2373 1237 2652 1290 sanctione
2692 1238 2964 1292 decretura
3009 1237 3107 1292 fuit
3141 1253 3236 1293 eos
3275 1238 3492 1307 expelli,

1915 1336 1969 1379 ct
1991 1327 2148 1390 alios,
2179 1329 2269 1396 qui
2311 1328 2585 1396 digniores
2611 1338 2816 1391 essent,
2839 1345 3027 1384 eorum
3069 1331 3186 1385 vice
3227 1329 3372 1398 fungi
3403 1330 3496 1384 de-

1916 1419 2063 1474 bere.
2112 1421 2291 1486 itaque
2317 1420 2529 1475 clericis
2559 1421 2610 1473 in
2649 1421 3029 1476 exterminium
3059 1421 3221 1484 datis,
3247 1421 3497 1476 timentes

1916 1512 2202 1566 Dominum
2232 1512 2480 1566 monachi
2521 1511 2897 1566 admittuntur.
2935 1511 3010 1565 Ex
3035 1527 3143 1581 quo
3187 1510 3384 1565 factum
3413 1517 3496 1565 est

1915 1611 1974 1656 ut.
2023 1605 2074 1656 in
2108 1603 2372 1657 electione
2415 1602 2651 1671 episcopi
2704 1603 2888 1658 clerici
2937 1603 3216 1666 clericum,
3247 1602 3495 1657 monachi

1917 1693 2258 1757 monachum,
2290 1693 2504 1761 utrique
2531 1708 2642 1746 sua:
2664 1693 2952 1747 voluntatis
2980 1693 3246 1748 fautorem
3275 1691 3493 1756 vellent,

232 1778 580 1834 Confluebant
605 1779 673 1834 ad
702 1795 824 1835 eum
851 1782 900 1833 in
929 1780 1076 1834 brevi
1107 1779 1314 1836 nobiles
1333 1780 1562 1849 quique,
1593 1796 1810 1834 suarmu
1843 1759 1886 1814 Β
1917 1781 2067 1847 Quod
2091 1782 2278 1836 videns
2307 1792 2528 1836 sanctus
2569 1781 2899 1848 Dunstanus,
2933 1783 2998 1836 ad
3048 1783 3310 1836 orationis
3354 1781 3498 1836 refu-

231 1867 444 1924 vulnera
486 1871 791 1925 animarum
821 1871 1156 1942 detegentes,
1190 1883 1246 1925 et
1290 1872 1574 1929 consilium
1625 1872 1813 1926 salutEs

233 1959 296 2011 ab
321 1975 384 2015 eo
423 1960 821 2029 perquirentes.
859 1961 1012 2018 Unde
1057 1961 1258 2017 factum
1302 1973 1382 2016 est
1421 1972 1612 2018 utnon
1646 1978 1810 2033 parva

233 2049 616 2104 monachorum
663 2050 816 2105 turba
862 2051 1002 2106 intra
1047 2060 1258 2122 tempus
1305 2052 1560 2125 exiguum
1612 2053 1811 2107 ibidem

233 2148 554 2208 congregata
582 2141 673 2195 sit.

293 2231 352 2285 2.
393 2231 529 2286 Suos
552 2234 623 2286 ad
653 2234 963 2304 perfectiora
990 2235 1323 2290 adhortatur.
1344 2266 1416 2279 ——-
1435 2236 1699 2306 Culpabat
1720 2253 1815 2291 au-

235 2329 334 2376 tem
361 2337 468 2376 non
502 2324 712 2380 modice
745 2325 828 2379 vir
851 2334 1074 2381 sanctus
1103 2325 1220 2382 illos
1252 2328 1342 2397 qui
1374 2329 1687 2383 macularent
1719 2329 1815 2382 ha-

231 2413 398 2468 bitum
444 2424 746 2482 mutarent,
777 2425 832 2471 et
857 2417 1022 2472 vitam
1068 2434 1172 2472 non
1217 2427 1508 2474 mutarent.
1545 2437 1563 2470 ι
1597 2421 1811 2486 Annon,

235 2503 426 2575 inquit,
453 2507 722 2568 mendacii
775 2507 867 2561 tibi
907 2507 1098 2579 plenus
1139 2509 1370 2572 videtur,
1403 2510 1494 2578 qui
1527 2512 1669 2582 quod
1709 2528 1813 2565 non

233 2605 309 2650 est
347 2611 472 2652 esse
511 2611 572 2652 se
612 2607 871 2662 ostentat,
922 2599 1048 2654 dum
1090 2599 1234 2656 aliud
1277 2589 1494 2656 simulat
1543 2602 1595 2657 in
1645 2612 1810 2666 veste,

235 2687 371 2740 aliud
407 2697 589 2756 gestat
633 2689 687 2742 in
736 2689 935 2742 corde?
983 2689 1232 2744 Sanctius
1276 2698 1359 2743 est
1404 2690 1546 2745 enim
1610 2699 1812 2744 vestem

233 2793 338 2831 non
367 2785 594 2841 nmtare,
619 2793 780 2846 quam
810 2779 908 2834 sub
935 2787 1084 2834 veste
1107 2779 1270 2833 vitam
1308 2779 1600 2850 negligere.
1623 2799 1642 2832 ι
1677 2780 1812 2834 Cum

234 2881 407 2926 autem
459 2873 791 2942 amplissima
848 2874 1126 2929 mansione
1185 2858 1446 2943 perfecta,
1507 2875 1816 2931 sobrietatis

235 2960 400 3026 legem
431 2962 710 3032 discipulis
738 2964 1041 3027 indixisset,
1073 2974 1235 3035 atque
1269 2966 1514 3021 carnales
1545 2965 1816 3034 appetitus

1915 1871 2060 1940 gium
2087 1883 2146 1925 se
2171 1871 2415 1934 contulit,
2449 1870 2638 1935 Dettm,
2669 1871 2756 1926 cui
2794 1864 3096 1925 futurorum
3142 1869 3366 1925 scientia
3397 1885 3496 1939 pa-

1917 1971 2015 2026 tet,
2045 1962 2358 2031 suppliciter
2401 1973 2615 2030 rogans,
2653 1972 2921 2031 quatenus
2961 1962 3276 2032 dignaretur
3315 1969 3499 2016 osten-

1915 2054 2045 2108 dere
2088 2057 2212 2122 quis
2245 2055 2491 2123 regendae
2529 2053 2774 2110 ecclesia:
2804 2055 3028 2110 idoneus
3073 2053 3226 2108 foret.
3254 2050 3499 2120 Cumque

1915 2161 2106 2216 preces
2127 2146 2315 2199 devote
2355 2146 2758 2215 multiplicaret,
2798 2146 3046 2216 apparuit
3075 2147 3124 2201 ei
3155 2147 3345 2201 beatus
3384 2143 3498 2198 An-

1916 2239 2077 2293 dreas
2098 2239 2395 2308 apostolus,
2431 2241 2520 2294 tali
2553 2240 2774 2294 oraculo
2811 2257 2938 2294 usus
2979 2259 2990 2294 :
3033 2259 3052 2290 ι
3097 2239 3258 2307 Quid,
3300 2237 3496 2306 inquit.

1915 2330 2255 2395 charissimc,
2287 2330 2659 2384 contristaris?
2679 2330 2806 2399 quid
2841 2341 2942 2383 tam
2970 2329 3226 2398 lugubres
3275 2335 3500 2398 questus

1915 2417 2265 2488 lactymando
2308 2419 2619 2488 depromis?
2672 2420 2875 2488 Surge,
2919 2426 2975 2471 et
3017 2416 3253 2487 Elphego
3315 2415 3496 2470 abbati

1916 2527 2136 2565 maniam
2179 2511 2424 2579 impone,
2468 2520 2521 2565 et
2567 2510 2878 2581 episc0pum
2936 2509 3193 2563 desolata;
3246 2506 3498 2562 Ecclesia

1916 2603 2207 2657 constitue.
2259 2601 2369 2656 Nec
2420 2610 2472 2656 te
2524 2602 2830 2671 aliquorum
2887 2600 3130 2670 potentia
3185 2595 3496 2667 prohibeat,

1915 2695 2168 2764 quoniam
2193 2710 2296 2748 non
2325 2695 2391 2747 ab
2424 2695 2659 2758 homine,
2696 2694 2789 2749 sed
2813 2710 2842 2746 a
2873 2695 3001 2756 Deo,
3031 2694 3144 2747 lucc
3167 2692 3231 2746 de
3262 2690 3350 2745 illo
3378 2705 3499 2744 sen-

1920 2786 2086 2839 tentia
2140 2786 2421 2855 processit.
2475 2785 2551 2839 Ne
2607 2795 2787 2838 autem
2833 2788 2901 2838 de
2956 2799 3041 2838 me
3094 2793 3147 2838 te
3202 2781 3495 2836 sollicitum

1919 2876 2163 2941 reddam,
2207 2891 2308 2945 ego
2361 2891 2480 2930 sum
2534 2875 2813 2939 Andreas,
2857 2874 2975 2928 Filii
3031 2874 3120 2926 Dei
3179 2871 3496 2941 apostolus;

1920 2981 2129 3038 tuaeque
2172 2969 2358 3022 salutis
2405 2969 2874 3038 diligentissimum
2915 2966 3194 3021 custodem
3246 2978 3329 3017 me
3380 2976 3501 3017 esse

234 3054 509 3109 refrenare
540 3055 834 3119 docuisset,
873 3056 985 3126 ipse
1025 3056 1078 3111 in
1126 3066 1356 3127 angusta
1395 3057 1717 3112 domuncula
1757 3072 1814 3111 se
1844 3094 1887 3152 Ε
1920 3062 2150 3113 noveris.
2189 3079 2206 3112 ι
2235 3061 2433 3128 Sicque
2489 3060 2756 3114 relevatus
2800 3060 3131 3118 Dunstanus,
3176 3055 3495 3124 Elpltegutn,

234 3144 484 3210 inclusit;
519 3161 760 3200 summas
790 3156 964 3201 tamen
995 3163 1187 3202 causas
1231 3158 1286 3203 et
1325 3149 1536 3219 negotia
1583 3151 1649 3203 ad
1691 3165 1814 3203 cum

237 3234 429 3290 fratres
478 3236 806 3292 referebant.
864 3236 1113 3307 Plerique
1178 3239 1382 3294 interea
1429 3239 1814 3293 monachorum

239 3325 356 3380 ﬁdei
393 3336 448 3381 et
486 3325 840 3396 professionis
866 3326 1229 3389 immemores,
1265 3327 1458 3383 lasat's
1497 3328 1816 3382 obedientite

239 3414 416 3481 frenis,
451 3418 646 3472 mediis
681 3419 934 3473 noctibus
975 3419 1201 3474 furtivos
1241 3419 1390 3475 cibos
1418 3420 1597 3485 cdere,
1632 3420 1814 3474 ebrie-

241 3509 328 3562 tati
353 3524 572 3577 Operam
621 3509 777 3574 dare,
824 3510 1094 3574 lascivire,
1121 3520 1175 3567 et
1221 3527 1442 3580 prorsus
1485 3528 1606 3581 qua:
1657 3511 1812 3566 inho-

241 3609 382 3652 uesta
407 3609 557 3666 sunt,
582 3610 846 3669 quantum
875 3600 1046 3655 latens
1083 3603 1306 3655 audacia
1345 3602 1572 3665 sinebat,
1599 3601 1810 3671 operari

240 3699 529 3758 ceperunt.
561 3691 617 3744 in
647 3691 801 3762 cujus
841 3691 1059 3746 sceleris
1087 3692 1368 3761 capitalem
1401 3692 1480 3745 ira
1517 3693 1605 3747 Dei
1641 3693 1812 3747 desat-

239 3780 318 3833 vit'
338 3783 541 3851 pariter
578 3790 633 3835 et
666 3781 887 3836 occidit.
928 3781 1096 3835 Nocte
1133 3797 1265 3836 vero
1291 3784 1544 3850 quadam,
1577 3783 1813 3852 Elphego

240 3887 380 3926 more
398 3871 558 3924 solito
580 3885 769 3925 sacras
783 3871 1038 3925 excubias
1056 3871 1300 3935 faciente,
1321 3883 1546 3926 voccset
1561 3875 1814 3944 strepitus

240 3962 368 4018 intra
425 3963 816 4016 monasterium
867 3963 1096 4017 audivit.
1131 3963 1391 4032 Egressus
1425 3976 1603 4019 autem
1645 3963 1812 4029 foras,

239 4050 454 4112 fratrem
493 4052 784 4120 quemdam
814 4052 1012 4106 misere
1040 4052 1297 4107 afﬂictum
1342 4063 1395 4108 et
1436 4055 1708 4126 jaceutcm
1735 4057 1815 4110 vi-

240 4142 331 4205 dit,
550 4157 710 4211 quem
768 4143 1020 4198 horrendi
1066 4155 1319 4213 aSpectus
1365 4154 1419 4198 et
1457 4145 1814 4200 sordidissimi

240 4233 460 4285 amictus
496 4232 748 4287 homines
793 4231 1037 4298 stabant,
1076 4234 1167 4303 qui
1221 4235 1427 4289 taureis
1475 4250 1600 4289 eum
1653 4244 1814 4305 atque

241 4321 412 4389 ignitis
437 4324 781 4392 serpentibus
817 4322 1174 4393 flagellabant.
1208 4325 1456 4395 Ejulaule
1485 4337 1662 4382 autem
1701 4329 1810 4395 illo,

1922 3160 1975 3202 ut.
1993 3150 2176 3217 jussus
2200 3149 2400 3214 fuerat,
2427 3150 2735 3219 episcOpum
2767 3148 3126 3213 consecravit,
3149 3155 3204 3201 et
3229 3147 3295 3200 ad
3316 3145 3499 3200 sedem

1917 3256 2066 3294 suam
2097 3255 2217 3292 cum
2256 3241 2459 3293 honore
2485 3238 2714 3292 νοιιιίδὶι.

1985 3327 2037 3382 lt.
2088 3326 2311 3379 l’irtnies
2339 3328 2391 3378 iu
2429 3327 2747 3392 episcopatu.
2796 3325 3042 3379 Ecclesia:
3077 3325 3345 3378 thesauros
3366 3339 3503 3392 pau-

1913 3420 2121 3488 peribus
2153 3419 2441 3471 distribuit.
2476 3447 2537 3459 -
2567 3418 2835 3485 Elphegus
2870 3428 3048 3470 autem
3075 3418 3144 3469 ita
3177 3431 3234 3470 se
3255 3415 3497 3468 omniutn

1916 3511 2152 3564 moribus
2183 3511 2558 3573 conformavit,
2604 3519 2662 3564 ut
2701 3521 2756 3564 et
2792 3510 3048 3572 omnibus
3083 3509 3278 3564 charus
3330 3516 3496 3570 esset,

1914 3612 1967 3656 et
1996 3617 2175 3663 neruo,
2207 3600 2347 3668 quod
2379 3617 2559 3654 rarum
2593 3592 2680 3655 est
2713 3603 2854 3654 inter
2877 3601 3142 3665 ltmnincs,
3170 3600 3286 3666 ejus
3315 3597 3502 3666 gloria:

1916 3692 2204 3745 invideret.
2239 3690 2478 3745 Summa:
2512 3691 2564 3744 in
2613 3707 2801 3746 onmes
2829 3691 3035 3746 exstitit
3067 3689 3496 3752 ntisrricordite;

1916 3785 1968 3838 in
2001 3786 2235 3854 seipsmn
2271 3800 2398 3839 vero
2425 3784 2620 3852 impius
2660 3784 2944 3836 videbatur
2969 3793 3020 3837 et
3050 3782 3282 3836 crudelis
3305 3780 3402 3851 (5).
3440 3779 3499 3834 In

1915 3877 2144 3948 Lyemali
2175 3879 2318 3931 enim
2368 3877 2567 3947 frigore
2596 3885 2649 3930 et
2683 3876 2876 3946 glacie,
2907 3891 3027 3927 cum
3078 3889 3300 3928 somnus
3344 3882 3504 3929 nocte

1913 3984 2102 4023 omnes
2121 3979 2432 4037 occuparet,
2466 3969 2580 4037 ipse
2619 3967 2756 4020 clam
2791 3967 2948 4020 nudis
2987 3964 3232 4034 pedibus,
3263 3961 3375 4016 sola
3411 3970 3504 4014 tu-

1915 4061 2036 4116 nica
2061 4060 2296 4124 indutus,
2327 4061 2392 4113 de
2417 4067 2590 4112 strato
2615 4072 2858 4128 surgere,
2891 4056 3034 4109 foras
3058 4054 3230 4114 exire,
3255 4060 3310 4106 et
3332 4065 3504 4120 usque

1915 4157 1980 4213 ad
2011 4172 2261 4210 auroram
2307 4155 2644 4208 orationibus
2683 4166 2876 4207 vacare
2903 4149 3205 4205 consuevit.
3231 4147 3364 4201 Cum
3401 4160 3503 4200 au-

1917 4257 2022 4302 tem
2053 4262 2347 4318 pransurus
2377 4246 2444 4299 ad
2478 4260 2715 4300 mensam
2743 4244 2988 4306 intraret,
3021 4251 3128 4294 tam
3162 4253 3361 4293 vacuus
3389 4235 3504 4290 fere

1916 4353 1944 4391 a
1974 4352 2161 4391 meusa
2188 4336 2442 4399 surrexit,
2471 4350 2631 4404 quam
2675 4333 2920 4388 accessit.
2963 4330 3111 4384 Unde
3135 4343 3331 4397 corpus
3357 4325 3503 4380 illius

241 4425 288 4470 et
309 4433 413 4486 pne
435 4417 637 4471 doloris
663 4418 910 4487 angustia
936 4416 1083 4472 diros
1108 4418 1338 4472 ululatus
1368 4419 1671 4485 emittente,
1702 4432 1814 4476 tor-

1919 4437 2066 4482 lanta
2107 4437 2444 4481 attenuatum
2495 4435 2580 4480 est
2626 4425 2822 4487 macie,
2862 4431 2923 4475 ttt
2969 4437 3090 4476 ettm
3141 4435 3332 4474 manus
3375 4434 3500 4472 cum

243 4514 377 4560 tores
401 4507 474 4561 illi
518 4507 640 4562 talia
672 4508 1092 4577 improperando
1121 4510 1373 4564 dixerunt
1404 4528 1417 4562 :
1454 4510 1564 4566 Nec
1589 4520 1642 4566 tu
1682 4512 1814 4567 obe-

244 4597 355 4652 disti
378 4597 509 4659 Deo,
544 4614 643 4653 nec
666 4614 767 4653 nos
795 4598 913 4652 tibi.
947 4598 1010 4652 Et
1049 4601 1164 4654 inec
1191 4601 1260 4654 di.
1280 4611 1453 4667 cutes,
1483 4605 1718 4659 animam
1750 4605 1817 4660 de

244 4703 456 4759 corpore
493 4701 875 4747 excusserunt.
907 4691 1059 4757 Quod
1094 4695 1281 4749 videns
1322 4706 1564 4762 sanctus,
1592 4707 1733 4752 totus
1763 4698 1815 4752 in

246 4775 502 4851 lactyaias
530 4779 826 4845 resolutus,
851 4781 1013 4835 rediit
1041 4782 1108 4836 ad
1139 4783 1329 4838 cellam
1359 4800 1532 4838 suam.
1563 4786 1819 4840 Videntes

246 4879 408 4925 autem
423 4870 618 4926 fratres
646 4887 768 4942 qum
793 4881 946 4941 gesta
961 4881 1360 4938 sunt,errorem
1393 4892 1550 4931 suum
1564 4877 1816 4943 fatentes,

245 5076 468 5140 asancto
488 5068 738 5126 Eduardo
769 5084 902 5140 rege
926 5082 1252 5140 reparatum,
1276 5081 1330 5126 et
1349 5075 1600 5130 donatum
1633 5092 1820 5132 umna-

245 5136 350 5192 cbis
377 5138 560 5215 Sancti
597 5136 861 5215 Dionysii
891 5141 963 5215 _in
989 5136 1254 5215 Francia.
1280 5144 1547 5215 Elnliegus
1575 5144 1818 5212 ejusdem

246 5211 460 5290 ctetiobii
491 5212 766 5290 professus
795 5211 997 5290 dicitur
1023 5212 1074 5264 in
1106 5213 1293 5266 charta
1312 5211 1530 5270 llenrici
1557 5211 1622 5270 Vl
1650 5221 1816 5290 regis,

245 5273 458 5330 Monast-
486 5273 686 5330 Anglic.
724 5294 882 5330 tmm)
913 5280 950 5330 Ι.

1918 4526 2257 4571 sacramento
2302 4527 2482 4571 tensas
2515 4517 2568 4569 in
2614 4516 2780 4569 altum
2822 4515 3145 4583 porrigeret,
3172 4526 3269 4580 per
3297 4510 3502 4565 medias

1918 4607 2218 4676 palmarum
2257 4605 2547 4675 juncturas
2595 4606 2813 4660 claritas
2853 4605 2996 4658 aeris
3035 4601 3264 4673 perspici
3295 4611 3497 4671 posset.

1919 4697 2076 4753 Onmi
2122 4699 2307 4769 generi
2350 4697 2629 4752 hominum
2677 4712 2831 4751 sumn
2886 4695 3044 4749 scivit
3092 4701 3506 4762 contemperare

1920 4802 2225 4843 sermonem
2261 4798 2317 4842 et
2348 4788 2609 4842 animum.
2649 4784 2862 4840 Nullum
2902 4787 3354 4854 parochianorum
3379 4795 3500 4834 suo-

1921 4897 2037 4936 rum
2085 4882 2298 4952 publice
2347 4880 2660 4937 mendicare
2699 4878 2971 4952 permisit,
3002 4894 3103 4932 nec
3140 4875 3362 4931 alterius
3403 4869 3506 4926 loci

1921 5076 2144 5132 sterium
2195 5078 2340 5152 quod
2396 5073 2829 5152 hic_ljllphegus
2872 5076 3141 5152 excitasse
3188 5069 3515 5152 diciturldi-

1920 5162 2148 5215 versum
2168 5142 2380 5203 videtur
2395 5162 2424 5200 a
2444 5142 2656 5206 celebri
2683 5142 3006 5206 monasterio
3027 5142 3515 5215 sanctimonialium

1921 5218 2062 5286 Quod
2100 5208 2298 5272 saeculo
2346 5234 2421 5271 vtt
2452 5223 2807 5288 exstructum
2857 5217 2977 5288 fuit,
3011 5234 3076 5271 ae
3127 5222 3309 5288 postea
3359 5206 3522 5288 cessit:

1921 5275 2198 5330 (:znmninis
2220 5285 2571 5330 ampullarilms
2635 5275 2723 5330 illi:
2754 5288 2851 5330 mh
2881 5275 3090 5330 autem“
3123 5275 3248 5330 rege
3275 5275 3518 5330 monachi
