4018 5330
447 191 560 248 379

1517 191 1808 250 OSBERNI
1849 191 2148 250 MONACHI
2173 195 2350 250 (IANT
2363 197 2445 253 UA
2459 199 2720 259 RIENSIS

3603 219 3708 274 530

445 317 732 374 pauperem
765 319 995 360 vacuum
1029 307 1178 362 abire
1209 307 1354 372 sivit,
1389 308 1622 363 immane
1675 309 2030 362 horrendum-
2063 314 2100 370 Α
2131 324 2226 372 eo,
2269 319 2322 363 ut
2361 329 2520 368 nemo
2567 316 2658 369 illo
2701 317 2952 374 audiente
3005 320 3084 376 vel
3137 321 3432 378 obscenum
3487 326 3704 396 aliqum]

433 413 548 465 ,quc
575 397 727 452 nefas
755 409 1028 467 reputans,
1067 401 1110 454 si
1157 401 1298 470 quod
1337 415 1528 454 natura
1574 417 1860 456 commune
1896 418 2025 456 con—

441 490 636 554 stituit,
684 490 786 544 hoc
839 493 960 546 velit
1023 493 1186 546 homo
1239 511 1336 548 ceu
1396 495 1670 563 proprium
1739 510 2020 564 usurpare.

439 579 780 649 Quapropter
825 597 925 636 nec
964 583 1228 638 Dominici
1265 586 1508 654 corporis
1552 587 1850 640 membrum
1881 601 2020 649 esse,

437 673 530 740 qui
563 688 854 742 pauperum
885 677 1190 746 indigentiis
1215 678 1376 731 nollet
1405 680 1712 741 subvenire,
1738 679 2024 746 vigilanter

439 763 768 830 disputabat.
801 765 932 820 Nam
975 769 1017 820 si
1047 768 1287 836 patiente
1329 783 1434 822 uno
1486 770 1730 838 corporis
1775 771 2020 824 membro

441 856 846 922 compatiuntur
867 869 1089 922 cetera,
1131 859 1476 914 manifestum
1507 869 1590 916 est
1623 863 1864 931 ejusdem
1895 877 2016 916 cor-

435 947 586 1012 poris
632 949 930 1001 membrmn
971 965 1074 1004 non
1117 965 1238 1006 esse
1277 954 1420 1022 quod
1455 955 1692 1020 patiente
1719 955 1822 1008 alio
1866 971 2018 1008 com-

433 1035 700 1104 passionis
726 1039 974 1093 affectum
1008 1043 1173 1096 nescit
1205 1044 1424 1098 habere.
1459 1045 1558 1100 Ubi
1589 1061 1718 1100 vero
1754 1047 1842 1100 illa
1869 1047 2018 1101 defe-

432 1138 624 1180 cerunt
673 1144 792 1197 quze
833 1149 899 1186 ex
929 1133 1050 1200 jure
1079 1135 1336 1190 Ecclesia:
1383 1138 1686 1192 ministerio
1717 1155 2012 1208 pauperum

431 1227 741 1284 competere
771 1223 1086 1288 potuissent,
1135 1227 1414 1281 tlu-sauros
1448 1229 1562 1282 eccl
1583 1229 1709 1290 site,
1737 1245 1872 1299 quos
1899 1231 2014 1299 ipse

429 1306 754 1376 multiplices
783 1322 1088 1378 paraverat,
1115 1313 1266 1382 jubet
1289 1317 1570 1374 distribui:
1594 1320 1794 1374 docens
1819 1337 1883 1375 ex
1913 1323 2014 1377 hoc

427 1401 776 1456 ornatissima
807 1420 1036 1475 (pureque
1077 1409 1335 1464 ecclesias
1357 1413 1659 1481 possidere,
1689 1423 1746 1468 nt
1771 1425 2010 1484 tempore

425 1489 703 1546 felicitatis
749 1497 859 1550 sint
905 1499 1194 1569 honestati,
1221 1513 1460 1575 tempore
1495 1521 1624 1562 vero
1673 1511 2014 1566 necessitatis

424 1583 532 1638 siut
574 1585 786 1641 utilitati
814 1589 911 1660 (4).

2129 401 2346 456 verbum
2381 403 2648 471 proferre.
2685 408 2768 461 vel
2811 417 2966 479 turpe
2995 412 3192 466 factum
3225 415 3428 469 referre
3457 419 3701 472 auderet.

2123 488 2254 542 Erat
2275 495 2604 548 vero'etiam
2635 513 2926 566 pauperum
2955 503 3282 569 consolator,
3319 521 3703 574 Oppi’CSSOt‘tlttl

2125 580 2408 645 relevator,
2446 586 2664 640 unicum
2693 587 2904 644 afﬂictis
2935 591 3219 662 refugium.

2192 673 2245 724 6.
2291 672 2426 728 Doni
2473 677 2714 744 Angliam
2761 679 3124 735 devastrml.——
3165 683 3268 738 Per
3305 686 3444 740 idem
3493 695 3708 757 tempus

2123 759 2352 814 Swanus
2378 773 2431 817 et
2467 764 2742 850 Turkillus
2781 767 3050 824 Danortfm
3089 773 3359 842 principes
3387 776 3706 829 nonnullam

2121 861 2280 906 terra:
2323 855 2619 923 Anglorum
2669 860 2957 926 maculam,
2983 863 3320 931 exigentibus
3347 879 3534 918 eorum
3583 883 3709 934 per-

2118 945 2274 1009 eatis,
2309 947 2627 1002 intulerunt.
2673 948 2874 1004 Swano
2903 961 3078 1006 tamen
3106 954 3418 1008 terribiliter
3445 956 3708 1010 divinitus

2116 1038 2325 1100 Occiso,
2371 1037 2642 1092 'l‘urkillus
2689 1042 2936 1110 maligna:
2967 1044 3293 1098 Increditatis
3340 1046 3706 1116 principatum

2115 1132 2360 1196 sortitus,
2397 1134 2594 1188 inultas
2616 1136 2822 1206 Anglia:
2859 1137 3162 1205 provincias
3203 1139 3349 1192 ctcdc
3374 1149 3427 1192 et
3451 1139 3709 1194 incendio

2116 1225 2382 1280 Vas‘abat.
2411 1227 2522 1282 Rex
2551 1244 2784 1298 namque
2821 1231 3140 1285 Ethelrelus
3165 1233 3412 1297 imbellis,
3445 1235 3570 1302 quia
3607 1234 3707 1286 im-

2114 1315 2343 1378 becillis,
2399 1319 2720 1372 monachum
2761 1322 2938 1386 potius
2987 1337 3146 1390 quam
3217 1323 3439 1376 militem
3489 1325 3712 1378 actione

2063 1445 2066 1448 .
2113 1403 2494 1472 praesefercbat
2510 1425 2522 1460 :
2541 1408 2784 1461 homines
2813 1423 2942 1464 vero
2958 1411 3191 1478 regionis
3213 1413 3418 1467 divitiis
3435 1415 3704 1484 corrupti,

2063 1515 2066 1518 ‘
2113 1497 2475 1567 voluptatibus
2495 1497 2714 1568 obligati
2734 1541 2748 1564 ,
2769 1515 2866 1554 nec
2897 1501 3094 1569 quidqu
3137 1518 3206 1564 ιιι,
3235 1511 3428 1570 printer
3457 1504 3708 1572 corporis

2113 1597 2168 1642 et
2197 1588 2470 1657 singulare
2505 1599 2560 1643 et
2591 1591 2859 1660 privatum
2899 1593 3260 1654 commodum,
3297 1595 3580 1648 honestum
3613 1610 3708 1662 pur

495 1674 548 1727 5,
589 1674 896 1732 caumariw
940 1683 1277 1750 εναηείεηυν,
1303 1717 1374 1726 __
1401 1685 1536 1740 cum
1586 1699 1766 1744 mue",
1817 1690 2008 1745 bemus
2039 1670 2082 1726 B
2117 1677 2315 1730 labant.
2345 1677 2531 1747 itaque
2569 1681 2798 1748 quisque
2833 1681 2956 1734 dum
2983 1681 3083 1736 sibi
3115 1692 3170 1735 et
3199 1682 3358 1737 rebus
3385 1686 3495 1739 suis
3525 1687 3706 1746 timet,

423 1763 736 1820 Duustauus
777 1769 982 1824 obitum
1043 1774 1143 1828 sibi
1203 1776 1488 1832 imminere
1542 1780 1909 1845 conspiceret,
1955 1788 2008 1833 et

421 1853 717 1910 Ecclesiam
766 1857 860 1911 Dei
898 1875 996 1928 per
1033 1867 1295 1920 malorum
1350 1869 1747 1924 successionem
1801 1873 2004 1926 turbari

421 1959 724 2014 metueret,
769 1953 1017 2009 sollicitis
1077 1957 1545 2016 obsecrationibus
1597 1978 1756 2017 aures
1813 1965 2007 2020 divina:

419 2037 804 2094 misericordize
841 2042 1038 2111 pulsat,
1067 2055 1332 2115 quatenus
1385 2049 1678 2120 lﬂlphegum
1729 2065 2008 2107 successo-

419 2145 532 2184 rem
564 2131 760 2186 habere
787 2135 972 2202 possit.
997 2137 1094 2190 Cui
1123 2139 1306 2192 statim
1334 2143 1610 2208 e_xau.|ito,
1643 2145 1784 2212 quod
1823 2155 2004 2213 postu-

417 2219 515 2284 Ιςιι,
543 2223 877 2288 promittitur
909 2241 922 2277 :
950 2228 1198 2294 quamvis
1239 2245 1343 2284 non
1381 2233 1564 2286 statim
1594 2234 1735 2302 quod
1767 2235 2003 2304 promis-

416 2325 534 2364 sum
569 2313 764 2374 luerat.
793 2315 1136 2386 adimpletur.
1173 2319 1323 2387 Quod
1371 2338 1434 2376 ea
1479 2339 1536 2376 re
1569 2324 1794 2380 dilatum
1839 2325 2004 2382 fuisse

416 2404 672 2469 arbitror,
699 2415 756 2458 ut
783 2415 832 2460 et
869 2410 1118 2464 omnibus
1147 2413 1492 2486 manifestum
1531 2414 1706 2478 ﬁeret,
1737 2429 2000 2486 quantum

418 2494 558 2546 Deus
615 2494 946 2551 Du-zstanum
998 2497 1264 2571 diligeret,
1318 2505 1402 2558 cui
1447 2505 1590 2574 quod
1643 2508 1844 2562 viventi
1896 2519 2002 2563 tam

415 2586 643 2656 lanigne
691 2590 1039 2657 promiserat,
1093 2593 1194 2646 hoc
1231 2593 1484 2648 defuncto
1524 2596 1682 2666 longe
1726 2609 1847 2668 post
1893 2609 2000 2656 tam

415 2677 684 2731 veraciter
713 2679 1000 2734 exhibebat
1034 2689 1129 2734 :et
1164 2683 1462 2751 Elpltcgum
1506 2685 1596 2738 illa
1629 2693 1872 2758 tempora
1917 2690 1996 2743 itt-

413 2771 660 2824 venirent
687 2785 806 2839 qua:
855 2787 978 2826 eum
1019 2773 1086 2826 ad
1140 2776 1386 2846 martyrii
1431 2777 1656 2848 gloriam
1703 2782 2004 2848 provehere

413 2869 636 2929 possent
663 2861 762 2932 (5).
791 2862 946 2917 Auno
967 2873 1149 2919 autem
1179 2865 1389 2921 Domini
1415 2868 1704 2925 millesimo
1733 2882 1787 2926 et
1808 2883 1963 2928 sexto
1983 2916 1999 2940 ,

413 2954 484 3006 ab
548 2954 777 3008 adventu
838 2956 1133 3026 Anglorum
1194 2958 1248 3012 in
1287 2957 1624 3016 Britanniam
1669 2965 1996 3036 quingente-

414 3045 552 3100 simo
596 3048 994 3117 septuagesimo
1033 3059 1249 3116 octavo,
1297 3051 1586 3124 Elphegus,
1619 3069 1761 3108 arum
1823 3059 1999 3112 aetath

413 3149 526 3187 Mtte
571 3135 1020 3204 quinquagesnno
1065 3143 1326 3206 secundo,
1370 3143 1814 3215 archiepiscopus
1860 3146 2002 3202 Can-

414 3225 701 3279 tuarieusis
739 3225 962 3282 effertus
997 3235 1099 3282 est.
1131 3226 1374 3300 Cumque
1415 3233 1520 3286 iter
1553 3249 1745 3290 versus
1773 3235 1997 3291 Romam

411 3330 445 3384 p
477 3330 512 3369 ο
543 3315 700 3385 pallio
730 3318 975 3372 habendo
1023 3320 1306 3388 arriperet,
1355 3331 1409 3378 et
1440 3325 1708 3392 quoddam
1745 3327 1998 3396 oppidum

415 3407 721 3474 hospitaudi
751 3410 924 3476 gratia
961 3409 1210 3476 intraret,
1239 3414 1488 3483 Oppidani
1522 3416 1792 3470 hominem
1847 3417 2000 3472 inco-

412 3499 623 3565 gnitum
666 3501 932 3566 videntes,
981 3513 1035 3558 et
1081 3505 1324 3559 avaritia:
1375 3521 1486 3561 sum
1533 3507 1899 3572 consulentes,
1945 3510 1998 3562 iu

412 3587 631 3640 domum
663 3589 990 3660 irrumpunt,
1021 3607 1108 3648 res
1140 3595 1255 3663 ejus
1285 3595 1568 3663 diripiunt,
1599 3612 1834 3666 eumque
1855 3599 2000 3652 omni

414 3677 734 3745 supellectili
791 3681 1062 3750 privatum
1121 3685 1302 3739 verbis
1363 3695 1417 3740 et
1469 3687 1788 3742 verberibus
1852 3691 2002 3744 exire

413 3769 762 3837 compelhmt.
823 3773 892 3825 At
955 3773 1041 3826 ille
1093 3773 1318 3842 injurias
1369 3793 1496 3831 suas
1548 3777 1744 3834 leniter
1801 3779 1998 3848 ferens,

415 3877 644 3914 suorum
685 3877 812 3918 vero
857 3865 1202 3920 mediocriter
1241 3866 1450 3934 dolens,
1491 3871 1574 3924 via
1611 3887 1714 3940 qua
1743 3874 1889 3927 venit
1917 3891 2002 3928 rc-

415 3953 682 4018 greditur.
709 3954 946 4010 Necdum
975 3957 1044 4010 ab
1075 3958 1272 4027 oppido
1290 3959 1448 4029 longe
1472 3972 1788 4026 recesserat,
1807 3973 2001 4020 etccce

415 4044 702 4100 horrendae
733 4061 893 4101 voces
938 4049 1138 4103 muenia
1182 4051 1506 4120 corripiunt,
1533 4067 1654 4121 quae
1691 4052 1901 4107 civibus
1947 4061 2003 4108 et

416 4137 659 4190 :rdiliciis
689 4137 920 4193 celerem
957 4141 1234 4195 minantur
1287 4143 1517 4196 ruinam.
1561 4143 1671 4198 Nec
1703 4159 1853 4199 mora
1903 4161 2003 4200 vo-

417 4243 509 4279 rav
537 4226 749 4282 ﬂamma
765 4231 1017 4299 oppidum
1047 4247 1366 4288 consumere
1389 4235 1579 4304 coepit:
1599 4251 1829 4306 cumque
1863 4237 2001 4307 ignis

2110 1781 2297 1822 omnes
2322 1778 2622 1836 temperant
2669 1785 2698 1824 a
2747 1771 2907 1834 bello,
2944 1787 3228 1842 neuiopro
3259 1789 3419 1829 causa
3453 1776 3702 1828 omnium

2109 1866 2384 1913 certamen
2423 1861 2654 1930 experiri
2699 1864 2940 1916 teutabat
2968 1877 2982 1915 :
3015 1879 3134 1917 cum
3167 1880 3228 1918 ea
3275 1865 3340 1917 de
3375 1879 3540 1918 causa
3579 1881 3704 1920 cer-

2113 1947 2330 2001 taudutu
2351 1958 2519 2012 esset,
2547 1957 2604 2002 ut
2629 1953 2770 2018 quod
2797 1953 3028 2020 quisque
3053 1969 3209 2006 suum
3237 1955 3368 2007 csse
3397 1953 3578 2017 vellet,
3601 1969 3706 2023 pro

2106 2055 2171 2093 eo
2197 2055 2358 2109 quam
2391 2042 2670 2109 splendide
2713 2055 2998 2112 pugnaret.
3034 2045 3088 2096 In
3136 2055 3283 2098 tanto
3311 2046 3475 2114 igitur
3517 2061 3704 2100 rerum

2105 2130 2416 2186 discrimine
2441 2132 2713 2202 Elphegus
2749 2133 2931 2188 hostes
2961 2135 3112 2188 adire
3145 2135 3372 2198 solebat,
3395 2145 3450 2188 et
3473 2135 3698 2190 verbum

2107 2221 2154 2272 vi
2183 2237 2228 2274 ω
2253 2221 2332 2276 eis
2365 2223 2711 2291 praedicabat,
2735 2225 2978 2293 captivos
3013 2225 3140 2278 dato
3167 2226 3341 2294 pretio
3373 2226 3698 2287 redimebat,

2105 2321 2162 2366 et
2187 2329 2322 2381 quos
2363 2315 2534 2368 tantes
2575 2315 2950 2384 opprimebat,
2995 2317 3236 2371 studiose
3285 2317 3484 2370 alebat.
3523 2316 3700 2372 .Unle

2105 2412 2364 2470 quantum
2407 2419 2436 2455 a
2467 2403 2606 2457 ﬁdeli
2653 2404 2848 2473 popqu
2897 2405 3176 2459 colebatur
3211 2415 3267 2459 et
3308 2407 3694 2470 venerabatur,

2109 2500 2316 2546 tantum
2352 2493 2419 2548 ab
2473 2493 2676 2548 inﬁdeli
2725 2496 3196 2559 contemnebatur,
3245 2507 3300 2550 et
3343 2496 3696 2560 irridebatur,

2105 2584 2197 2638 sed
2223 2583 2395 2638 ﬁdelis
2426 2585 2536 2650 ille,
2561 2585 2783 2640 malleus
2809 2601 2930 2640 cum
2957 2586 3182 2640 Domino
3211 2586 3510 2640 Beelzebub
3528 2601 3694 2655 quam

2105 2690 2226 2729 cum
2259 2675 2534 2732 Pharisaro
2565 2677 2734 2731 Rabbi
2787 2678 2988 2740 vocari,
3021 2693 3123 2732 non
3167 2679 3372 2732 destitit
3417 2678 3569 2746 operi
3615 2678 3696 2731 in-

2103 2775 2282 2834 cmpto
2305 2782 2524 2836 operam
2566 2768 2718 2832 dare,
2757 2767 2939 2822 ﬁdeles
2967 2768 3020 2822 iu
3059 2767 3164 2822 ﬁde
3210 2767 3535 2832 confortare,
3571 2768 3694 2822 inti:

2105 2861 2251 2916 deles
2275 2863 2340 2915 ad
2371 2861 2528 2916 ﬁdem
2553 2877 2768 2916 vocare.

2174 2953 2225 3008 7.
2271 2953 2470 3018 Quibus
2511 2970 2565 3008 se
2592 2953 2772 3024 jungit
2827 2953 3050 3008 Ettritus
3104 2954 3248 3023 regni
3291 2953 3590 3024 pra-fectus.
3623 2983 3696 2992 --

2103 3046 2272 3110 Quem
2296 3049 2398 3100 lam
2425 3055 2602 3100 autem
2628 3047 2878 3101 Edricum
2903 3060 2992 3100 rex
3020 3047 3181 3100 totius
3207 3048 3354 3115 regni
3374 3045 3694 3116 priefcctum

2103 3146 2388 3200 statuerat,
2431 3137 2700 3190 hominem
2745 3137 2932 3189 humili
2966 3135 3180 3205 quidem
3209 3151 3427 3206 genere,
3465 3135 3560 3189 sed
3605 3137 3692 3188 cui

2104 3227 2284 3297 lingua
2315 3226 2532 3281 divitias
2561 3241 2624 3280 ac
2656 3227 2994 3281 nobilitatem
3027 3235 3462 3295 comparaverat,
3486 3226 3700 3280 callen-

2107 3327 2214 3371 tem
2246 3317 2477 3388 ingenio,
2505 3333 2725 3372 suavem
2757 3319 2992 3388 eloquio,
3013 3319 3174 3388 etqui
3212 3319 3468 3373 mortales
3497 3333 3696 3372 armies

2105 3419 2214 3461 tum
2251 3409 2448 3462 invidia
2473 3417 2634 3478 atque
2663 3409 2908 3478 perfidia,
2936 3419 3046 3463 tum
3093 3409 3348 3477 superbia
3381 3409 3702 3479 atquc‘cru-

2103 3497 2326 3550 delitate
2373 3508 2742 3566 superaverat.
2793 3497 2962 3566 llujus
3003 3499 3166 3568 igitur
3215 3497 3464 3561 fratrem,
3514 3499 3696 3566 ptimo

2103 3587 2368 3641 nobilitati
2409 3587 2824 3644 Cantuariorum
2872 3591 2923 3644 in
2956 3590 3238 3658 praesentia
3285 3589 3423 3658 regis
3454 3585 3700 3658 gratuito

2106 3679 2540 3744 maledicentem,
2565 3679 2758 3733 deinde
2791 3695 2852 3733 ea
2898 3695 3018 3748 quae
3056 3677 3346 3748 unicuique
3379 3693 3444 3730 ex
3477 3678 3700 3732 he.e.li-

2107 3781 2214 3826 tate
2243 3773 2633 3841 provenissent,
2669 3773 2898 3826 violenta
2927 3769 3292 3825 dominatione
3325 3770 3698 3834 invadentem,

2102 3865 2290 3916 eadem
2328 3862 2582 3917 nobilitas
2621 3862 2909 3927 interfecit,
2937 3864 3188 3930 :elesque
3225 3859 3340 3927 ejus
3385 3856 3694 3914 succendit.

2103 3955 2271 4025 Cujus
2301 3953 2472 4009 frater
2499 3970 2528 4008 a
2577 3971 2704 4022 rege
2743 3955 3002 4008 ultionem
3039 3951 3301 4020 postulat;
3334 3952 3568 4020 denegat
3595 3962 3694 4002 rex

2103 4047 2532 4116 postulata,jure
2561 4047 2784 4100 fratrem
2829 4047 2946 4117 ejus
2975 4053 3312 4114 peremptum
3347 4041 3690 4112 pronuntiat.

2103 4137 2402 4192 Praefectus
2433 4139 2613 4206 itaque
2653 4137 2908 4206 palatium
2941 4131 3476 4206 ingreditur-,junetis
3505 4147 3692 4184 secum

2106 4234 2293 4287 decem
2345 4231 2582 4286 millibus
2627 4231 2886 4320 virorum,
2934 4227 3155 4282 fratrem
3205 4226 3443 4280 occisum
3500 4222 3700 4276 ulciSci.

415 4317 768 4373 vehementer
803 4331 1164 4383 excrescerct,
1201 4338 1301 4377 nec
1337 4325 1602 4380 evadendi
1651 4341 1776 4396 spes
1821 4328 1997 4400 aliqua
2033 4345 2078 4405 ι)
2103 4333 2353 4380 conatur.
2383 4322 2488 4378 Sed
2516 4338 2637 4378 cum
2672 4315 2858 4392 parum
2889 4321 3198 4389 proﬁceret,
3229 4315 3500 4372 Danorum
3531 4315 3690 4405 arisi-7

325 4479 332 4490 ο
418 4408 631 4474 luisset,
665 4413 838 4466 virum
895 4424 1147 4469 sanctum
1195 4418 1414 4482 adeunt,
1453 4418 1696 4473 fatentur
1723 4421 1999 4488 delictum,

417 4509 470 4553 et
501 4501 714 4556 veniam
766 4514 976 4572 petunt.
1024 4507 1144 4562 llon
1213 4521 1457 4576 sanctus,
1495 4511 1600 4566 illis
1647 4515 1999 4582 compatiens,

417 4606 608 4661 prcres
638 4597 704 4649 ad
744 4595 910 4651 Deum
967 4598 1121 4664 fudit,
1179 4613 1234 4656 et
1274 4602 1412 4673 ignis
1475 4602 1722 4658 molestia
1761 4607 2005 4674 protinus

419 4683 692 4737 c.s:incta
737 4689 990 4741 cessavit.
1037 4689 1323 4746 itestitutis
1359 4708 1488 4762 ergo
1537 4693 1788 4762 episcopo
1844 4697 2006 4750 rebus

420 4774 534 4828 suis
561 4776 636 4844 (6)
668 4789 994 4846 acceptoque
1043 4795 1072 4833 a
1109 4796 1242 4850 papa
1275 4783 1456 4852 pallio,
1484 4786 1700 4837 domum
1752 4799 2006 4854 prospere

422 4869 745 4935 regreditur.
788 4867 1064 4924 Pudicitiae
1095 4873 1263 4928 virtus
1291 4883 1496 4928 tantum
1544 4876 1924 4931 dominabatur
1951 4877 2004 4932 in

422 5049 522 5112 pia,
549 5046 846 5120 Elphegum
869 5047 1122 5120 carnibus
1153 5064 1446 5116 tmnquam,
1477 5051 1576 5104 nisi
1600 5065 1822 5120 :egrnm,
1849 5067 2004 5104 usum

423 5119 612 5180 fuisse.
652 5119 1009 5186 noctibusque
1033 5118 1206 5171 solum
1231 5122 1534 5188 adiunueui
1568 5118 1858 5188 procedere
1881 5123 2007 5175 soli-

423 5197 560 5254 tum,
585 5189 672 5241 ubi
703 5189 768 5240 ad
793 5187 879 5240 ilia
903 5192 1182 5241 demersus
1213 5188 1266 5240 in
1299 5187 1390 5241 Dei
1417 5187 1661 5245 laudibus
1683 5193 2002 5255 excubabat,

425 5259 586 5328 idque
623 5257 736 5310 suis
763 5257 1134 5330 nescientilms
1161 5257 1372 5330 fecisse.

2106 4415 2174 4468 lia
2203 4433 2250 4484 [ι’
2273 4415 2356 4478 tit,
2395 4431 2498 4468 nou
2539 4413 2604 4466 ad
2633 4411 2979 4467 Cantuaritas
3007 4410 3152 4466 solos
3195 4407 3562 4469 debellandos,
3597 4403 3692 4458 sed

2106 4509 2172 4562 ad
2225 4509 2388 4562 totius
2435 4507 2724 4560 Britanniae
2779 4503 2912 4559 ﬁnes
2966 4501 3316 4564 invadendos,
3355 4512 3694 4568 regnumque

2106 4611 2223 4668 post
2252 4601 2536 4652 victoriam
2567 4611 2718 4666 :equa
2758 4604 2906 4650 sorte
2940 4593 3306 4648 dividendum.
3339 4589 3540 4659 Sicque
3587 4587 3694 4641 fte-

2106 4693 2207 4746 dus
2251 4690 2458 4756 ineunt,
2485 4691 2704 4744 dextras
2743 4687 2872 4742 dant
2919 4696 2974 4740 et
3021 4685 3316 4754 accipiunt,
3347 4689 3688 4736 sacramenta

2107 4781 2328 4848 exigunt
2353 4789 2406 4832 et
2433 4780 2735 4850 porrigunt,
2759 4777 3111 4832 Cantuariam
3156 4782 3368 4828 vastare
3399 4771 3574 4841 primo
3601 4771 3693 4823 de-

2109 4868 2356 4922 liberant.
2391 4867 2540 4933 Quod
2575 4865 2802 4920 audieus
2837 4864 3107 4934 Elphcgus
3145 4862 3454 4930 episcopus,
3485 4873 3688 4912 convo-

2108 5060 2154 5104 et
2183 5051 2256 5104 eis
2289 5065 2390 5102 non
2421 5047 2612 5122 levibus
2641 5045 2708 5122 ad
2735 5043 3034 5122 audendum
3065 5056 3377 5122 persuasus:

2149 5161 2154 5166 .
2189 5120 2268 5204 (5)
2311 5119 2436 5172 Post
2464 5117 2892 5170 administratam
2927 5111 3570 5204 sedemoVYi-ntouieusem
3599 5121 3694 5176 per

2107 5183 2671 5262 vigintithtosannos,
2695 5201 2856 5262 quam
2885 5184 3073 5262 anno!
3087 5183 3187 5262 liii
3221 5183 3448 5262 inierat:
3518 5247 3531 5262 '

2180 5245 2256 5330 (6)
2279 5257 2558 5330 Omittitur
2586 5245 2670 5308 hic
2700 5245 2841 5323 quod
2866 5254 3004 5322 apud
3033 5251 3370 5330 Bollatrdum,
3399 5256 3453 5300 et
3483 5247 3550 5326 ab
3573 5245 3694 5330 aliis
