4018 5330
312 327 392 391 38'
1539 314 1692 370 Vl’l'A
1734 312 1791 368 S.
1827 313 2134 371 ELl’llECl.

3446 321 3551 375 51:2

313 456 418 502 cato
451 440 650 512 popqu
685 439 760 493 ait
797 457 809 493 :
846 458 862 490 ι
901 436 1050 493 Forti
1091 436 1274 490 animo
1302 444 1494 500 estote,
1544 431 1709 486 Deum
1758 444 1868 500 pra:
1899 435 1941 492 Λ
1973 441 2079 494 tur,
2129 434 2357 488 vinculis
2413 434 2602 503 palma:
2654 437 3033 496 innectuntur,
3081 448 3230 503 gente
3282 437 3550 502 unguibus

311 533 457 591 oculis
503 532 746 593 habete;
785 539 978 599 pra-ter
1012 543 1133 581 eum
1177 526 1267 594 qui
1311 540 1508 593 corpus
1538 533 1591 578 et
1633 525 1870 578 animam

309 633 459 696 potest
485 623 795 692 perderein
830 621 1154 690 gehennam,
1199 618 1326 670 nihil
1371 617 1670 682 formidate,
1700 618 1873 671 hum?-

308 718 487 768 litatent
528 722 582 766 et
631 713 948 784 patientiam
991 719 1222 764 servate.
1250 710 1499 763 Christus
1547 709 1710 769 enim,
1747 724 1868 762 cum

305 806 425 859 Dens
449 811 618 867 esset,
647 813 704 858 et
752 803 930 855 omnia
964 800 1038 854 illi
1085 800 1250 854 Pater
1295 800 1346 854 in
1391 815 1582 854 manus
1613 799 1868 862 dedisset,

303 896 358 948 de
399 893 632 947 inimicis
672 893 860 947 ulcisci
918 907 976 946 se
1028 890 1224 954 noluit,
1251 890 1344 944 sed
1392 890 1628 960 gladium
1676 890 1867 944 Malchi

302 983 541 1052 Sanguine
563 991 848 1036 cruentum
879 982 930 1034 in
958 980 1206 1050 vaginam
1245 995 1317 1034 rei
1337 981 1461 1034 ontii
1486 978 1648 1047 jussit
1673 981 1768 1050 (7).
1809 999 1827 1032 ι

358 1075 406 1129 8.
458 1072 816 1127 Cautuariam
865 1080 1182 1141 expugnarat.
1228 1069 1542 1124 Miserabilis
1567 1068 1868 1124 Cunttmria'

298 1173 473 1216 status.
534 1191 604 1201 —
664 1161 896 1216 Obsessa
956 1162 1172 1214 tandem
1219 1173 1249 1211 a
1295 1158 1458 1212 Dauis
1505 1144 1725 1212 civitate
1775 1173 1870 1227 per

299 1253 464 1322 viginti
500 1253 636 1316 dies,
669 1261 725 1306 et
749 1252 874 1321 quid
898 1251 1005 1319 luid
1036 1251 1102 1305 ad
1130 1266 1285 1304 usum
1318 1249 1438 1303 vita:
1468 1250 1613 1304 cives
1638 1264 1866 1319 parave-

293 1355 400 1399 rant
426 1346 725 1408 exhausto,
753 1344 985 1398 mittitur
1011 1359 1040 1398 a
1063 1343 1319 1412 pontiﬁce
1350 1342 1440 1411 qui
1478 1341 1641 1394 Danis
1668 1356 1866 1410 sugge-

293 1445 366 1490 rat
413 1446 476 1488 ut
525 1435 596 1488 ab
661 1435 898 1504 int-cepto
939 1434 1223 1499 desistant,
1260 1432 1563 1502 populoque
1594 1430 1865 1485 innocenti

289 1536 526 1598 parcant,
555 1535 894 1596 caveantque
922 1541 990 1581 ne
1018 1526 1214 1582 divinze
1261 1523 1618 1594 correptionis
1637 1521 1864 1594 ﬂagello,

287 1635 375 1690 pro
404 1618 646 1672 liliormn
671 1617 1029 1687 castigatione
1057 1617 1123 1671 ad
1155 1625 1368 1687 tempus
1397 1629 1676 1681 concesso,
1705 1614 1867 1668 nimis

286 1709 572 1764 insolenter
600 1709 917 1762 abutantur.
950 1707 1055 1764 Sed
1090 1707 1224 1762 Dani
1260 1707 1509 1760 mandata
1543 1705 1867 1777 pra-termit-

286 1811 471 1866 tentes,
524 1809 708 1857 turres
755 1811 1058 1866 exstruere,
1109 1800 1370 1854 arietibus
1407 1815 1619 1854 murum
1676 1798 1857 1864 ferire,
1895 1777 1936 1836 Β

283 1896 458 1966 igneas
497 1893 651 1949 faces
697 1893 884 1963 jacere
923 1901 1238 1947 constanter
1283 1899 1582 1961 coeperunt.
1628 1889 1691 1943 Et
1738 1902 1863 1942 ecre

281 2000 437 2039 vorax
463 1983 683 2038 ﬁamma
725 1999 822 2052 per
850 1983 1038 2038 domos
1069 1983 1438 2043 succen'litur,
1479 1997 1565 2045 ac,
1608 1982 1862 2035 szeviente

279 2086 479 2140 austro,
526 2091 586 2132 se
644 2075 926 2130 dilatando
975 2075 1322 2145 dispergitur.
1355 2073 1506 2128 Tunc
1557 2073 1858 2126 miseranda

279 2167 414 2221 inter
444 2166 591 2221 cives
618 2164 758 2218 facta
786 2176 867 2219 est
898 2164 1238 2227 deliberatio,
1266 2174 1600 2224 utrumnam,
1631 2161 1862 2216 desertis

277 2273 550 2312 murorum
581 2256 1023 2326 prepugnaculis,
1070 2257 1135 2309 ad
1160 2257 1408 2326 preprias
1435 2256 1623 2309 domos
1665 2269 1862 2307 t-oavo-

277 2347 468 2412 lareut,
485 2362 575 2410 an,
598 2347 959 2418 iisncglectis,
985 2347 1267 2401 munitioni
1291 2347 1438 2400 urbis
1466 2345 1858 2400 incumberent.

281 2437 406 2493 Vicit
437 2453 781 2493 communem
810 2437 1094 2492 utilitatem
1127 2437 1336 2506 privata
1365 2435 1599 2498 affectio,
1625 2433 1859 2488 ﬁliorum

274 2529 441 2584 «Iuleis
494 2529 822 2592 recordatio,
875 2541 1006 2597 erga
1065 2538 1187 2582 tuen
1211 2529 1314 2580 ‘am
1374 2525 1632 2580 familiam
1679 2523 1859 2578 innata

272 2617 695 2674 commiseratio.
729 2616 968 2672 Currunt
1006 2617 1188 2687 itaque
1214 2624 1267 2671 et
1315 2616 1531 2686 rapiunt
1559 2619 1625 2674 de
1668 2617 1860 2677 mediis

274 2707 503 2764 tiarnmis
549 2707 809 2776 coniuges
839 2717 892 2762 et
941 2709 1140 2764 cbaros
1181 2709 1403 2774 liberos,
1455 2709 1634 2766 hostili
1683 2711 1860 2783 gladio

273 2799 459 2854 statim
491 2799 787 2856 feriendos.
834 2801 900 2855 Et
927 2815 1074 2866 ecce,
1105 2799 1326 2856 ell‘racta
1379 2803 1532 2869 urbe,
1585 2805 1859 2861 exercitus

272 2891 612 2962 ingreditur,
655 2892 914 2946 terribilis
959 2893 1167 2946 sonitus
1215 2906 1282 2946 ex
1311 2891 1550 2948 clamore
1587 2910 1776 2951 vocum
1805 2904 1861 2950 et.

271 2985 530 3056 clangore
555 2986 806 3039 tubarum
844 2985 1127 3050 attollitur,
1159 2985 1294 3040 adeo
1318 2995 1378 3040 ut
1398 2987 1584 3040 omnia
1616 2987 1858 3044 civitatis

1973 527 2330 589 dissecantur,
2383 526 2572 594 pugnis
2607 535 2659 578 et
2707 525 2946 578 calcibus
2998 525 3165 577 latera
3225 525 3519 578 tunduntur

1973 617 2272 671 Ecclesiam
2305 629 2519 685 quoque
2566 614 2674 683 igni
2704 615 3028 668 comburunt
3053 610 3150 680 (8),
3178 621 3393 682 gregem
3450 615 3550 666 lto.

1973 709 2099 763 mini
2133 708 2182 762 in
2211 722 2305 761 ore
2334 707 2497 776 gladii
2537 715 2884 766 consumunt,
2922 715 2976 759 et
3005 706 3314 773 episcopum
3341 714 3546 772 septem

1973 797 2249 850 mensibus
2278 795 2327 847 ia
2353 805 2505 847 arcto
2531 809 2752 848 carcere
2777 795 3105 848 custodiunt.
3138 793 3343 846 Interea
3385 792 3549 861 erepit

1975 887 2051 941 ira
2084 885 2178 939 Dei
2229 885 2280 939 in
2328 884 2650 937 homicidam
2696 883 2949 952 populum
3008 885 3142 937 adeo
3171 884 3452 943 deszevire,
3491 892 3550 936 ut

1972 993 2138 1046 parvo
2191 980 2446 1047 tentporis
2495 978 2774 1030 intervallo
2818 980 3026 1031 duobus
3077 995 3264 1032 corum
3316 979 3551 1032 millibus

1971 1084 2067 1138 per
2125 1069 2268 1122 diros
2322 1069 2583 1123 visceru'n
2645 1070 2918 1124 cruciatus
2967 1071 3284 1138 prostratis,
3351 1079 3549 1124 cetera

1971 1174 2184 1233 quoque
2216 1159 2503 1214 multitudo
2547 1159 2800 1214 similiter
2836 1177 3092 1231 percussa
3126 1163 3301 1216 simile
3324 1163 3546 1218 exitium

1971 1259 2330 1319 exspectaret.
2363 1249 2686 1307 Commoniti
2722 1264 2840 1307 sunt
2877 1263 3056 1307 autem
3089 1270 3115 1305 a
3157 1253 3297 1306 ﬁdeli
3350 1254 3549 1322 popqu

1972 1353 2024 1395 ttt
2067 1343 2132 1395 de
2161 1341 2400 1410 peccatis
2433 1344 2752 1411 ptenitcant,
2802 1355 2856 1398 et
2905 1343 3142 1414 pontiﬁci
3189 1344 3546 1397 satisfaciant.

1970 1433 2076 1488 Sed
2109 1433 2183 1485 illi
2213 1431 2490 1497 diﬁ’ernnt,
2521 1436 2848 1488 arbitrantes
2882 1435 2983 1489 hoc
3012 1433 3209 1487 malum
3253 1449 3283 1486 a
3333 1433 3546 1487 fortuna

1969 1530 2048 1585 eis
2071 1527 2351 1582 accidisse.
2380 1529 2667 1583 Prtevalttit
2697 1530 2911 1584 interim
2941 1529 3121 1584 clades
3145 1546 3307 1604 super
3329 1545 3547 1581 omnem

1967 1635 2188 1675 carnem
2221 1638 2339 1691 qu:e
2393 1620 2633 1690 pontiﬁci
2662 1629 2893 1675 mortem
2927 1619 3127 1672 inferre
3170 1621 3463 1682 nitebatur,
3497 1627 3552 1670 et

1969 1728 2112 1765 nunc
2143 1712 2327 1775 denis,
2383 1728 2521 1765 nunc
2561 1711 2762 1764 vicenis
2811 1709 3042 1763 terribili
3073 1709 3337 1763 viscerum
3368 1709 3552 1760 dolore

1967 1803 2268 1872 capi'isque
2291 1803 2870 1872 al:5ttmptis,rnagnatn
2896 1801 3234 1855 lormidinem
3251 1800 3552 1852 viventibus

1967 1894 2211 1948 incussit.
2231 1893 2410 1948 Citato
2434 1893 2595 1962 igitur
2615 1892 2860 1954 consilio,
2879 1906 2998 1944 mox
3015 1891 3080 1944 ad
3101 1891 3410 1958 episcopum
3432 1904 3549 1940 cur-

1965 2001 2112 2054 rtmt,
2133 1990 2272 2042 etde
2297 1996 2608 2057 perpetrato
2642 1986 2878 2040 facinore
2910 2002 3032 2041 cum
3060 1985 3317 2057 lacrymis
3341 1986 3549 2037 veniatn

1965 2088 2182 2148 petunt;
2219 2087 2273 2132 et
2297 2079 2364 2132 de
2392 2090 2614 2132 carcere
2652 2091 2775 2129 eum
2807 2076 3182 2137 extrahentes,
3206 2077 3273 2128 ab
3305 2075 3552 2142 publicos

1965 2169 2142 2239 populi
2173 2179 2497 2238 conspectus
2525 2182 2648 2222 cum
2679 2167 2882 2220 honore
2905 2165 3197 2219 deducunt.
3235 2165 3301 2218 Et
3333 2167 3408 2219 ait
3443 2151 3560 2220 illis.

1963 2263 2246 2331 episcopus
2276 2274 2292 2313 :
2325 2280 2340 2310 ι
2381 2259 2492 2313 Etsi
2542 2269 2720 2313 vestra
2755 2258 3080 2311 insatiabilis
3127 2256 3420 2309 crudelitas
3460 2270 3553 2310 ve-

1963 2351 2107 2404 niam
2134 2365 2239 2402 non
2277 2355 2638 2418 promeretur,
2663 2359 2842 2401 tamen
2873 2349 3002 2416 quid
3026 2361 3122 2400 nos
3151 2345 3330 2398 facere
3363 2347 3546 2398 deccat

1961 2438 2206 2509 exemplo
2231 2439 2442 2492 Domini
2464 2438 2881 2506 edocentur,qui
2905 2454 3026 2490 cum
3053 2452 3271 2491 suorum
3298 2435 3552 2506 dignatus

1963 2533 2151 2587 fuisset
2171 2529 2352 2586 lavare
2383 2530 2546 2600 pedes
2567 2530 2973 2600 discipulormn,
3002 2546 3106 2582 non
3144 2529 3291 2582 illmn
3315 2528 3547 2582 exclusit

1961 2639 1992 2677 a
2018 2639 2123 2693 quo
2142 2638 2208 2684 ,se
2247 2619 2568 2675 tradendum
2601 2634 2721 2675 esse
2748 2619 3020 2688 prtescivit
3043 2659 3057 2682 ,
3089 2618 3195 2673 imo
3219 2619 3392 2688 ipsuut
3421 2633 3549 2671 sau-

1961 2715 2203 2769 ctissimo
2225 2727 2362 2781 pane
2380 2710 2610 2776 cibavit;
2645 2709 3039 2764 Pharismornm
3060 2710 3337 2764 ministros
3364 2720 3551 2780 poten-

1962 2804 2050 2858 tite
2092 2818 2202 2858 sua:
2245 2801 2412 2856 verbo
2461 2800 2627 2866 elisit,
2679 2799 2962 2854 confestim
3019 2801 3238 2855 eosdem
3293 2801 3549 2870 crigendo

1960 2893 2174 2950 sanavit
2201 2910 2214 2946 ε
2240 2901 2314 2959 et,
2351 2891 2492 2962 quod
2527 2907 2735 2962 magna
2762 2893 3020 2946 bonitatis
3045 2893 3255 2963 insigne
3284 2902 3387 2952 est,
3412 2908 3552 2962 quos

1959 2984 2202 3054 quotidie
2227 2982 2499 3038 mandatis
2529 2982 2840 3038 cudestihur.
2870 2982 3132 3052 pertinaci
3163 2984 3344 3036 animo
3371 2984 3547 3036 cernit

272 3076 623 3129 fundamenta
651 3075 866 3130 concuti
904 3075 1238 3130 viderentur.
1297 3074 1401 3129 Alii
1443 3091 1677 3147 namque
1710 3075 1858 3133 ferro
1885 3115 1930 3177 ϐ
1962 3074 2240 3134 resistere,
2296 3087 2390 3128 eos
2442 3073 2494 3127 in
2524 3072 2662 3128 cmlo
2697 3074 2892 3128 sedens
2914 3075 3090 3128 adhuc
3114 3074 3316 3142 patitur
3345 3073 3546 3141 vivere,

264 3165 517 3234 jugulati,
549 3165 638 3218 alii
669 3163 902 3220 llanunis
925 3164 1250 3235 consumpti,
1283 3164 1466 3235 plures
1486 3181 1515 3219 a
1548 3181 1704 3221 muro
1720 3181 1858 3236 pra:-

269 3258 464 3327 cipitcs
514 3255 651 3320 dati,
712 3256 956 3311 nonnulli
1001 3273 1098 3327 per
1155 3258 1392 3312 verenda
1437 3258 1686 3328 suspensi
1729 3257 1861 3312 deﬁ-

269 3351 438 3404 ciunt.
514 3348 775 3404 Matronae
837 3349 963 3404 dum
1015 3351 1296 3406 thesauros
1339 3367 1475 3421 quos
1529 3367 1632 3404 non
1690 3350 1857 3404 habe-

269 3440 401 3494 bant
451 3448 726 3510 coguntur
772 3440 1042 3510 prodere,
1091 3441 1301 3511 capillis
1351 3457 1447 3511 per
1495 3454 1682 3494 omnes
1727 3439 1858 3493 civi-

270 3532 397 3585 tatis
447 3531 656 3602 plateas
715 3531 1016 3594 distractae,
1061 3533 1128 3585 ad
1183 3531 1431 3585 ultimum
1493 3528 1723 3583 ﬂammis
1777 3529 1857 3583 in-

264 3619 418 3688 jecta:
481 3631 626 3676 sunt.
692 3621 932 3683 Parvuli,
991 3637 1020 3676 a
1063 3632 1297 3676 matrum
1356 3621 1610 3675 uberibus
1659 3619 1851 3685 avulsi,

270 3709 471 3766 lanceis
532 3711 931 3777 confodiuntnr,
989 3723 1082 3766 aut
1129 3728 1294 3781 super
1341 3727 1434 3766 eos
1483 3711 1647 3765 ducto
1699 3711 1854 3780 plau-

267 3810 402 3863 stro,
469 3801 778 3856 minutatim
835 3809 1213 3857 conteruntur.
1269 3801 1504 3856 Sanctus
1549 3812 1727 3855 autem
1765 3802 1852 3856 El-

267 3890 473 3961 phegus
542 3907 646 3945 non
718 3891 898 3946 ferens
932 3902 1135 3946 tantam
1195 3907 1417 3946 suorum
1465 3895 1849 3964 depopulatio-

269 3994 410 4043 nem,
447 3981 758 4058 cumturba
811 3982 1199 4036 monachorum
1229 3981 1281 4035 in
1334 3982 1564 4038 ecclesia
1620 3985 1851 4039 circum-

270 4081 452 4139 septus
479 4079 648 4134 esset,
683 4081 901 4140 repente
934 4072 1000 4126 de
1029 4071 1277 4126 manibus
1307 4075 1605 4128 tenentium
1637 4073 1851 4143 elapsus

269 4161 333 4214 dc
352 4161 582 4214 ecclesia
613 4162 807 4227 evasit,
837 4175 1171 4230 currensque
1193 4162 1258 4215 ad
1283 4162 1460 4218 locmn
1495 4165 1850 4219 cadaveribus

267 4251 504 4321 plenum,
560 4254 700 4307 inter
742 4269 938 4309 cuneos
975 4255 1216 4309 hostium
1252 4237 1310 4309 se
1363 4255 1632 4326 ingerens,
1667 4258 1845 4311 excla-

268 4345 464 4409 mavit;
497 4353 575 4409 et,
605 4363 622 4394 ι
662 4344 894 4412 Parcite,
938 4347 1142 4415 inquit,
1172 4343 1486 4415 pareite,'et
1505 4347 1548 4401 si
1577 4349 1721 4402 viros
1753 4364 1848 4404 vos

1963 3166 2072 3220 imo
2124 3165 2378 3220 humanis
2435 3165 2597 3220 rebus
2627 3165 2748 3235 plus
2794 3181 2954 3236 quam
2992 3175 3222 3220 ca-teros
3267 3175 3547 3236 przestare.

1961 3255 2304 3326 Quapropter
2323 3254 2577 3323 quoniam
2595 3255 2962 3323 exemplorum
2987 3255 3126 3308 illius
3144 3258 3368 3310 devotus
3389 3256 3550 3324 cupio

1962 3347 2204 3402 imitator
2249 3345 2510 3409 existere,
2561 3345 2763 3400 oblitus
2817 3346 3063 3400 incendia
3108 3347 3366 3406 civitatis.
3398 3348 3548 3399 inno-

1961 3437 2200 3494 centium
2247 3436 2442 3499 czedes,
2491 3434 2715 3501 oblitus,
2749 3435 2990 3505 inquam,
3028 3451 3147 3504 qua:
3202 3435 3253 3488 in
3295 3450 3380 3488 n:c
3425 3445 3544 3488 acta

1957 3537 2040 3584 est.
2071 3527 2360 3600 przeteritze
2404 3525 2734 3596 impietatis;
2766 3527 2905 3581 sicut
2936 3527 3049 3594 ipse
3074 3524 3287 3579 Patrem
3313 3540 3410 3593 pro
3433 3525 3546 3577 suis

1957 3616 2400 3683 cruciﬁxoribus,
2448 3615 2521 3669 ita
2576 3631 2674 3687 ego
2714 3631 2810 3686 pro
2839 3616 2974 3670 meis
3027 3615 3323 3670 tortoribus
3370 3617 3542 3684 ipsum

1958 3711 2334 3782 interpellabo.
2372 3707 2576 3766 All'erte
2631 3726 2762 3783 ergo
2793 3727 2987 3781 panem
3018 3712 3203 3764 statim
3236 3709 3388 3763 vobis
3425 3707 3545 3761 red-

1956 3802 2191 3858 dendum
2221 3801 2539 3870 salutarem,
2565 3813 2834 3872 quatenus
2861 3820 2925 3857 ex
2955 3803 3060 3857 hoc
3091 3801 3302 3863 refecti,
3334 3809 3386 3854 et
3439 3815 3538 3852 cn-

1955 3894 2080 3964 pilae
2103 3893 2294 3950 salutis
2316 3894 2636 3952 beneﬁcium
2671 3896 2873 3966 adepti,
2907 3904 3002 3950 ant
3030 3895 3234 3965 gratias
3264 3893 3538 3948 Salvatori

1956 3986 2214 4051 reddatis,
2249 3996 2340 4040 aut
2367 3988 2749 4044 sceleratiores
2797 3988 3095 4057 blasphemi
3140 3986 3485 4041 remaneatis.
3518 4003 3538 4037 ι

1956 4077 2020 4132 Ει
2048 4080 2172 4132 dato
2194 4079 2449 4134 omnibus
2474 4096 2612 4150 pane
2639 4097 2668 4135 a
2700 4095 2759 4137 se
2789 4081 3093 4146 beneditto,
3117 4096 3306 4136 omnes
3335 4082 3401 4135 de
3427 4077 3544 4134 cxi-

1955 4169 2065 4222 tiali
2100 4169 2350 4228 liberavit
2375 4173 2546 4230 clade.

2025 4261 2114 4316 10.
2149 4264 2319 4329 Quam
2346 4267 2399 4319 in
2429 4281 2546 4319 eum
2573 4266 2788 4336 ingrati.
2828 4265 2868 4316 Α
2917 4263 3126 4318 diabolo
3176 4263 3442 4317 illudilur.
3476 4293 3538 4304 —

1953 4355 2198 4425 Cumque
2245 4357 2462 4411 sanitati
2502 4358 2695 4412 redditi
2741 4367 2924 4412 essent
2951 4399 2966 4423 ,
3007 4357 3277 4426 principes
3306 4366 3540 4425 quatuor

269 4449 380 4488 esse
418 4435 769 4506 cognoscitis,
812 4435 1154 4492 innocentem
1195 4445 1410 4491 aetatem
1447 4438 1696 4506 persequi
1728 4453 1844 4492 ces-

1962 4446 2203 4516 3piscopo
2253 4448 2508 4501 mittunt:
2540 4459 2593 4503 et
2642 4448 2815 4517 primo
2867 4449 3081 4517 quidem
3135 4462 3233 4516 pro
3289 4447 3536 4514 impenso

269 4534 396 4580 sate.
440 4525 554 4578 Non
589 4535 674 4579 est
719 4526 821 4580 isra
857 4526 1106 4588 victoria,
1146 4544 1250 4598 qua
1276 4527 1591 4581 lactentium
1623 4529 1849 4597 periuri-

271 4627 348 4668 tur
389 4618 704 4672 innocentia
739 4636 752 4671 :
783 4634 881 4673 nec
928 4619 1069 4673 laudi
1124 4619 1434 4684 ascribitur,
1472 4621 1733 4690 quidquid
1793 4621 1844 4676 in

268 4708 533 4779 simplices
563 4722 617 4764 ct
655 4711 816 4764 mites
845 4710 1093 4765 bellando
1129 4713 1455 4766 admittitur.
1497 4713 1573 4768 En
1609 4730 1710 4774 mc,
1754 4712 1846 4783 qui

268 4803 760 4872 vestrzeimpictatis
780 4803 1004 4858 crimina
1020 4803 1190 4858 libero
1202 4820 1414 4874 semper
1426 4822 1520 4861 ore
1541 4805 1839 4874 castigavi;

268 4907 328 4944 en
370 4896 457 4961 qui
510 4897 756 4964 captivos
799 4905 851 4950 et
883 4913 912 4950 a
947 4898 1096 4952 vobis
1141 4899 1396 4952 multatos
1430 4900 1579 4968 pavi.
1618 4897 1841 4963 vcstivi,

267 4983 494 5049 redemi;
559 4988 610 5039 in
673 4999 761 5039 me
816 4997 995 5041 vestra
1048 4989 1228 5058 potius
1295 4989 1370 5042 ira
1417 4991 1732 5046 desatviat.»

334 5072 385 5126 9.
421 5074 480 5128 S.
507 5075 775 5146 Elplregus
804 5079 1034 5146 captivus
1065 5081 1118 5132 in
1143 5095 1399 5133 carcerem
1425 5083 1677 5136 truditur.
1709 5079 1843 5150 Ejus

267 5160 318 5212 in
365 5177 717 5232 persecutores
771 5167 1018 5224 charitas.
1046 5201 1115 5211 —
1142 5171 1261 5224 Mox
1304 5171 1484 5244 itaque
1521 5173 1754 5243 capitur,
1789 5178 1845 5225 et.

1221 5277 1244 5279 ,μ
1273 5260 1320 5284 ι..
1332 5265 1543 5294 -..η-...τεο
1570 5261 1841 5308 arcano!“-

1950 4535 2216 4590 benelicio
2259 4537 2463 4606 gratias
2498 4548 2665 4607 agunt
2696 4556 2710 4594 :
2757 4537 2951 4591 deinde
2988 4537 3032 4592 si
3071 4537 3178 4591 vita
3203 4544 3256 4590 et
3285 4537 3538 4591 libertate

1950 4627 2076 4680 velit
2110 4628 2290 4698 potiri,
2324 4629 2423 4682 tria
2456 4630 2620 4683 millia
2649 4644 2951 4684 marcarum
2985 4637 3042 4681 ut
3090 4627 3364 4698 persolvat
3419 4628 3536 4681 exi-

1949 4727 2099 4784 gunt.
2129 4718 2281 4786 Quod
2313 4735 2435 4774 cum
2466 4719 2551 4772 ille
2574 4719 2753 4774 facere
2787 4727 3058 4785 renueret,
3084 4734 3206 4774 eum
3234 4719 3535 4789 ligaverunt

1949 4819 1998 4863 et
2031 4810 2285 4864 inauditis
2303 4820 2695 4865 tormentorum
2719 4811 3107 4881 qnmstionibus
3130 4811 3216 4864 die
3239 4811 3532 4865 Dnm’nicze

1950 4904 2367 4958 resurrectionis
2397 4902 2717 4974 atlligcntes,
2749 4904 2799 4957 in
2829 4920 3106 4960 carcerem
3163 4914 3527 4958 retrnsernnt.

1947 4993 2192 5064 Cumque
2244 4997 2295 5050 in
2348 4997 2601 5052 omnibus
2660 4996 2746 5051 bis
2785 4997 2974 5053 laudes
3004 4999 3111 5052 Deo
3138 5007 3342 5067 ageret,
3403 5012 3532 5052 cccc

1947 5086 2198 5152 apparuit
2227 5085 2274 5140 ei
2303 5085 2527 5153 spiritus
2559 5085 2826 5156 malignus
2849 5090 2903 5143 in
2933 5088 3112 5159 specie
3147 5087 3348 5157 angeli,
3379 5102 3504 5140 men

1948 5175 2188 5247 titurque
2238 5179 2304 5231 de
2337 5183 2590 5248 Sttpernis
2615 5181 2836 5237 sedibus
2862 5199 2919 5238 se
2960 5182 3309 5243 destinatmn,
3341 5188 3522 5245 quate-

1947 5281 2048 5316 nus
2079 5267 2226 5316 illum
2264 5267 2330 5316 ad
2354 5283 2698 5316 t‘nmmnnem
2732 5274 2907 5316 munis
2939 5272 3164 5316 cnlttlmn
3189 5269 3254 5316 tit!
3277 5267 3519 5316 suttalort
