4018 5330
425 188 530 242 583

1446 192 1737 250 osseum
1768 171 2066 248 nossent
2099 191 2650 253 caurumauss

3567 198 3678 252 εει

425 301 660 356 carceris
686 302 898 358 educat.
927 303 1034 360 Nec
1055 313 1305 360 vereatur
1328 306 1502 374 ignavi
1530 307 1715 362 militis
1740 306 1996 362 vocabulo
2025 310 2072 366 Α
2103 307 2265 363 horas
2301 310 2515 380 injecto,
2547 313 2784 370 carceris
2815 313 3010 384 jannas
3051 315 3329 370 claudunt.
3365 316 3676 371 Transacto

426 394 628 457 notari,
664 401 787 450 enm
838 411 1019 466 neque
1071 397 1234 458 Petro
1287 399 1561 466 humilior,
1609 416 1782 472 neque
1830 400 1994 455 Paulo

420 493 570 539 esset
612 486 930 540 robustior:
977 502 1205 556 quorum
1249 489 1477 543 alterum
1519 499 1702 558 sporta
1733 491 1991 554 contexit,

423 573 650 627 alterum
673 589 802 630 vero
827 577 1084 630 carcerali
1107 578 1338 632 stridore
1359 590 1638 648 gravatum
1660 581 1881 650 angelus
1900 582 1996 636 ab-

421 665 603 720 solvit.
621 663 868 722 Christus
881 680 1186 739 quoque,ut
1207 670 1556 737 lapidantium
1585 687 1776 727 manus
1796 671 1996 742 effuge-

423 764 526 818 ret,
541 756 605 809 de
629 757 828 825 templo
841 759 1026 819 exivit.
1061 776 1121 813 c
1139 757 1374 829 fugiendi
1399 761 1670 816 licentiam
1687 763 1995 831 evangelico

420 857 694 917 praecepto
719 850 829 903 suis
861 849 1154 904 mandavit.
1181 851 1273 905 His
1310 851 1398 906 ille
1427 853 1771 906 sermonibus
1821 854 1990 906 veluti

423 939 710 1006 uuguentis
754 937 1043 1002 delibutus,
1099 955 1378 996 carcerem
1421 943 1696 1010 egreditur
1730 941 1878 996 illutn
1911 959 1996 998 se-

423 1043 613 1095 quens.
663 1029 911 1084 Pluribus
958 1043 1138 1086 autem
1185 1049 1448 1102 aquarum
1501 1034 1854 1089 alluvionibus
1900 1051 1996 1104 per

422 1120 684 1174 obscuras
703 1121 878 1174 noctis
909 1124 1128 1176 umbras
1159 1123 1546 1186 transvadatis,
1589 1133 1808 1192 repente
1837 1125 1992 1178 mali-

421 1227 558 1278 gnus
589 1213 870 1280 disparuit.
895 1212 1046 1268 Tunc
1079 1223 1321 1277 sanctus,
1345 1215 1587 1286 pestiferi
1617 1217 1856 1270 ductoris
1884 1232 1996 1270 ma-

422 1303 612 1356 chinas
647 1305 967 1374 intelligens,
989 1323 1056 1360 ex
1085 1309 1194 1362 imo
1223 1310 1458 1376 pectoris
1485 1309 1722 1364 dolorem
1751 1309 1992 1372 attratit,

421 1394 615 1448 mediis
661 1411 720 1450 se
764 1397 1050 1465 paludibus
1081 1399 1366 1468 injectans,
1417 1415 1536 1454 cum
1591 1403 1826 1456 maximo
1869 1401 1996 1456 ﬂetu

423 1481 760 1539 Salvatorem
805 1487 1075 1556 implorat,
1126 1489 1358 1544 dicens:
1411 1509 1430 1540 ε
1492 1488 1535 1544 Ο
1589 1489 1712 1544 vita:
1751 1491 1930 1556 dator,
1963 1507 1995 1545 ο

421 1574 608 1642 stirpis
635 1575 760 1630 Adae
791 1577 948 1632 unice
979 1579 1288 1644 miseratur,
1315 1595 1412 1634 cur
1435 1595 1620 1634 senem
1645 1595 1730 1634 me
1754 1589 1840 1634 tua
1869 1596 1992 1650 gra-

421 1664 496 1716 tia
527 1665 794 1730 destituit,
823 1681 982 1736 quem
1013 1669 1064 1722 in
1090 1669 1275 1723 florida
1312 1679 1473 1722 aetate
1523 1661 1795 1740 nunquam
1830 1671 1994 1724 desti-

422 1761 578 1808 tuere
611 1757 934 1811 consuevit?
975 1758 1182 1811 Tandiu
1216 1758 1648 1814 misericorditer
1695 1769 1992 1826 servatum,

423 1845 478 1900 in
503 1856 746 1901 extremo
792 1849 992 1916 pateris
1019 1849 1198 1917 perire
1244 1848 1543 1916 abiectum!
1578 1851 1800 1917 Quoties
1844 1861 1896 1907 te
1943 1853 1993 1905 in

423 1933 582 2003 hujus
627 1935 748 1988 vita:
777 1935 1054 2005 naufragio
1097 1937 1422 1991 salvatorem
1471 1939 1690 1994 inveni?
1737 1941 1998 2009 Experiar

423 2041 585 2088 nunc,
625 2041 828 2094 quaeso,
874 2027 1267 2082 consolatorem
1329 2029 1381 2082 in
1419 2030 1520 2084 hac
1569 2030 1826 2085 dzemonis
1878 2031 1997 2085 illu-

423 2120 594 2182 sione,
619 2117 832 2186 adjutor
871 2119 922 2174 in
955 2120 1468 2187 opportunitatilms,
1517 2123 1568 2174 in
1632 2122 1994 2177 tribulatione.

421 2206 625 2262 Carcer
653 2224 682 2260 a
718 2217 884 2278 tergo,
915 2225 943 2262 a
977 2208 1156 2263 fronte
1177 2209 1392 2270 ﬂumen.
1438 2211 1488 2263 in
1515 2227 1702 2282 gyrum
1737 2213 1975 2266 tenebrat

423 2306 610 2351 auctor
635 2313 818 2352 earum
842 2297 1014 2364 juxta,
1046 2297 1312 2368 Elphegus
1340 2301 1591 2354 omnibus
1621 2301 1875 2355 aerumnis
1918 2303 1995 2355 in-

422 2388 623 2444 clusus.
659 2387 778 2442 Tibi
829 2390 928 2443 soli
983 2391 1276 2446 derelictus
1323 2400 1408 2446 cst
1452 2407 1674 2462 pauper,
1707 2394 1912 2464 pupillo
1942 2403 1996 2448 tu

421 2482 532 2534 eris
565 2482 801 2550 adjutor.
845 2500 862 2532 ι

495 2572 582 2624 Η.
597 2571 884 2624 Redncimr
903 2573 968 2626 ab
991 2575 1262 2643 angelo.-~
1281 2575 1376 2628 llis
1397 2583 1452 2629 et
1473 2575 1774 2644 hujusmodi
1793 2575 2002 2630 divinas

423 2679 584 2720 aures
613 2665 879 2733 appellare
908 2683 1010 2719 non
1033 2677 1240 2732 cessat;
1273 2675 1327 2721 et
1355 2682 1480 2722 ecce
1506 2667 1754 2734 apparuit
1774 2667 1822 2721 ei
1842 2667 2000 2732 juve-

425 2758 510 2810 nis
538 2771 703 2810 aureo
729 2757 1013 2825 splendore
1036 2758 1285 2820 amictus,
1317 2758 1482 2811 divini
1509 2759 1766 2828 signaculi
1811 2757 2000 2812 vexilla

423 2845 738 2915 prteferens,
771 2855 822 2900 et
850 2846 986 2899 dixit
1015 2864 1026 2898 :
1060 2865 1077 2896 ι
1121 2845 1238 2912 Quo
1267 2855 1317 2900 te
1347 2847 1419 2900 lui
1469 2847 1776 2900 distrahunt
1805 2847 2003 2915 pedes?

424 2951 530 3005 quo
559 2937 794 3006 impetus
826 2935 1004 3006 fugae?
1055 2952 1162 3006 quo
1215 2937 1453 2992 ductoris
1510 2937 1742 2991 invidia?
1791 2938 2074 3020 Siccinec

425 3027 538 3080 itur
563 3027 628 3082 ad
675 3042 930 3082 coronam
985 3026 1236 3098 fugiendo
1271 3027 1585 3082 certaminis
1615 3026 1846 3081 luctam?
1895 3027 2003 3079 Aut

425 3120 695 3188 quomodo
726 3127 899 3189 potest
931 3120 1117 3173 bravio
1149 3119 1337 3188 palmze
1362 3118 1584 3188 fulgere,
1629 3118 1718 3187 qui
1751 3118 2002 3172 currendi

425 3219 599 3264 metas
629 3211 682 3264 in
713 3209 889 3265 studio
919 3209 1087 3264 noluit
1110 3211 1567 3280 apprehendere?»
1593 3210 1686 3264 Cui
1714 3225 1833 3264 cum
1859 3217 2004 3263 retu.—

424 3299 580 3355 lisset
607 3301 860 3356 sacerdos
887 3316 992 3355 non
1022 3315 1080 3354 se
1111 3299 1316 3369 fugere,
1367 3301 1460 3354 sed
1492 3301 1658 3355 divini
1702 3301 1776 3370 (9)
1824 3301 2000 3356 nuntii

425 3393 653 3462 imperio
675 3395 948 3463 paruis-ge:
972 3412 988 3442 ε
1023 3392 1134 3448 Non
1162 3393 1286 3456 hor,
1325 3394 1399 3446 ait
1426 3393 1535 3458 ille,
1567 3394 1870 3448 Diviuitatis
1903 3394 2003 3448 im-

425 3483 632 3551 perium
661 3483 779 3546 fuit,
808 3483 900 3537 sed
927 3482 1204 3537 diabolica:
1231 3482 1577 3551 malignitatis
1601 3493 1996 3548 commentum;

423 3587 526 3628 nec
553 3582 660 3626 tam
688 3582 738 3625 te
766 3573 854 3626 ille
878 3575 944 3626 de
973 3587 1194 3628 carcere
1224 3573 1474 3635 educere,
1500 3587 1661 3642 quam
1693 3582 1846 3627 extra
1877 3590 1997 3628 car-

427 3677 607 3716 cerem
635 3661 802 3715 voluit
831 3662 1103 3715 seducere.
1137 3662 1304 3732 Urget
1334 3678 1567 3730 namque
1601 3663 1750 3716 illum
1779 3673 2002 3730 praeter-

429 3751 518 3805 itze
545 3751 666 3804 vitae
701 3759 804 3804 tua:
847 3751 928 3818 pia
961 3752 1223 3819 operatio,
1258 3759 1314 3805 et
1351 3752 1402 3804 in
1436 3753 1600 3805 tantis
1635 3752 2000 3807 tribulationi-

428 3842 529 3896 bus
557 3858 796 3911 prteseus
821 3843 913 3898 tibi
941 3859 1153 3911 semper
1183 3845 1352 3896 sancti
1389 3842 1619 3912 Spiritus
1667 3845 1998 3900 consolatio:

430 3932 584 4000 cujus
611 3935 892 4002 praesentia
925 3936 1196 4008 omnibus
1230 3937 1587 3990 constantiam
1642 3937 1842 4002 donat,
1871 3953 2001 3991 con-

430 4021 632 4076 stantia
653 4023 966 4086 victoriam,
1026 4023 1250 4077 victoria
1280 4023 1528 4092 gloriam.
1576 4023 1708 4078 Redi
1756 4041 1886 4094 ergo
1935 4028 2002 4081 ad

429 4112 606 4168 locum
654 4115 867 4168 amissaa
897 4129 1130 4177 coronae,
1163 4115 1377 4168 caelitus
1409 4111 1500 4166 tibi
1529 4115 1866 4182 deputatum,
1898 4117 2002 4170 sci-

431 4214 586 4260 turus
631 4204 773 4273 quod
834 4213 884 4258 te
923 4205 1008 4258 die
1055 4205 1294 4258 crastino
1327 4203 1488 4256 Pater
1519 4203 1898 4256 honorificaltit
1947 4203 1998 4258 in

2097 397 2258 464 igitur
2311 416 2498 469 magna
2523 403 2692 458 noctis
2745 413 2918 472 parte,
2967 406 3133 472 coepit
3185 405 3377 460 domus
3430 403 3677 460 concitis

2095 491 2283 557 gratia:
2308 494 2650 562 participium
2709 495 3006 564 suscipere,
3054 506 3269 551 teterme
3315 497 3437 552 vitae
3477 498 3671 551 odora-

2097 593 2273 636 meuta
2317 586 2540 654 spirare,
2566 587 2792 657 hymnos
2815 589 3082 644 mellilluis
3111 599 3418 644 sanctorum
3446 591 3670 644 vocibus

2096 685 2307 726 sonare.
2338 677 2482 739 Quos
2509 675 2698 730 beatus
2747 677 3018 747 Elphegus
3049 680 3294 742 intuitus,
3323 696 3445 734 cum
3471 695 3666 750 magna

2095 762 2272 816 cordis
2301 762 2482 816 laztitia
2513 765 2841 820 Dnnstanmn
2868 769 3138 836 quondam
3171 770 3672 838 archiepiscopum,

2095 851 2242 903 vultu
2299 861 2353 905 et
2396 864 2544 906 veste
2595 855 2917 923 gloriosum,
2977 858 3244 928 conspisit
3297 861 3666 923 assistentcm,

2095 943 2468 1011 protensisque
2501 941 2738 998 ad'illutn
2782 948 3028 1001 manibus
3076 949 3148 1001 ita
3191 949 3459 1003 dicentem
3487 967 3502 1000 :
3533 968 3551 1000 ι
3585 951 3668 1002 Ad

2099 1043 2170 1096 te,
2197 1035 2382 1088 :eterni
2432 1035 2594 1106 Regis
2633 1037 2985 1091 invia-tissime
3029 1040 3202 1106 miles,
3255 1041 3322 1093 ad
3376 1051 3427 1095 te
3479 1052 3670 1094 nostro

2097 1126 2466 1179 honorandum
2527 1128 2789 1195 obsequio
2837 1130 3098 1193 venimus,
3150 1131 3298 1185 missi
3343 1132 3528 1185 abillo
3575 1132 3668 1200 qni

2099 1213 2191 1266 tibi
2229 1215 2587 1268 etvictoriam
2621 1217 2871 1286 pt‘mstitit
2897 1219 2960 1272 de
2993 1219 3242 1282 inimico,
3297 1229 3352 1274 et
3382 1221 3666 1288 sempiter-

2097 1317 2217 1356 nam
2269 1320 2524 1360 coronam
2573 1309 2896 1376 prcharavit
2947 1309 2999 1362 in
3047 1310 3208 1364 caelo.
3265 1311 3384 1375 En,
3433 1327 3666 1380 quorum

2096 1393 2322 1462 collegio
2367 1403 2488 1462 post
2541 1403 2768 1449 mortem
2801 1397 2980 1450 carnis
3011 1399 3060 1450 in
3093 1408 3411 1468 perpetuum
3443 1399 3672 1462 frutetis,

2095 1485 2240 1539 cives
2283 1485 2579 1540 Jerusalem
2638 1487 2874 1542 cmlestis
2923 1503 2988 1541 ac
3032 1487 3314 1542 domestici
3369 1489 3490 1550 Dei,
3528 1489 3572 1542 si
3603 1503 3674 1542 ea

2097 1591 2217 1644 quae
2247 1575 2434 1630 desunt
2465 1577 2776 1644 passionum
2809 1577 3010 1631 Christi
3055 1593 3242 1639 amore
3281 1577 3332 1632 in
3378 1592 3544 1632 carne
3575 1585 3668 1630 tua

2097 1669 2366 1738 patienter
2390 1667 2743 1736 suppleveris.
2775 1667 3020 1721 Vidimus
3061 1683 3294 1737 namque
3341 1667 3672 1735 multiplices

2098 1757 2244 1814 urbis
2279 1758 2515 1820 labores,
2546 1759 2897 1812 ecclesiarum
2930 1759 3198 1824 incendia,
3224 1759 3451 1812 filiorum
3483 1773 3674 1824 neces,

2093 1857 2189 1900 tua
2221 1862 2344 1901 cum
2371 1847 2599 1900 vinculis
2627 1847 2934 1916 opprobria,
2977 1853 3032 1900 et
3075 1854 3196 1914 post
3240 1847 3478 1913 impensa
3503 1844 3676 1899 bene-

2101 1939 2243 2002 ficia,
2273 1937 2543 2008 duplicata
2573 1945 2859 1992 tormenta.
2902 1937 3052 2000 Quod
3099 1953 3229 2006 ergo
3257 1937 3520 2003 reliquum
3550 1947 3637 1990 cst

2101 2031 2328 2085 Deitatis
2378 2031 2616 2098 potentia
2657 2029 2888 2083 vallatus
2917 2029 3087 2083 libens
3111 2029 3317 2097 excipe,
3357 2031 3535 2084 sciens
3563 2043 3678 2082 non

2097 2135 2216 2174 esse
2249 2120 2544 2190 condignas
2571 2119 2850 2188 passiones
2895 2115 3052 2187 hujus
3085 2119 3341 2187 temporis
3372 2119 3438 2172 ad
3480 2133 3678 2186 snper-

2099 2219 2382 2264 venturam
2431 2211 2680 2279 gloriam,
2723 2225 2846 2280 qua:
2905 2209 3230 2264 revelabitur
3291 2209 3343 2263 in
3397 2220 3468 2262 te.
3521 2208 3676 2262 linus

2101 2316 2334 2370 namque
2358 2301 2472 2354 dies
2497 2301 2563 2353 ad
2593 2300 2936 2370 supplicium,
2987 2299 3080 2354 sed
3122 2299 3266 2370 jugis
3295 2314 3359 2353 ac
3385 2299 3677 2368 sempiter-

2101 2409 2202 2446 nus
2227 2393 2332 2446 erit
2364 2392 2428 2445 ad
2453 2392 2755 2462 pnemium.
2780 2410 2798 2442 ι

2173 2483 2259 2538 15.
2303 2481 2504 2536 Iterum
2538 2491 2702 2536 tortus
2743 2482 2915 2536 securi
2942 2481 3348 2551 perrutimr..—
3371 2479 3517 2534 Inter
3559 2479 3678 2532 hzrc

2100 2573 2352 2626 laxantur
2378 2571 2610 2635 vincula,
2628 2580 2684 2625 et
2706 2572 2912 2641 integre
2931 2587 3120 2624 omnes
3147 2572 3388 2640 corporis
3410 2579 3676 2624 sanantur

2103 2664 2270 2733 plagae
2300 2681 2312 2716 :
2351 2663 2620 2731 Elphegus
2642 2661 2880 2732 psallens
2926 2679 3046 2715 cmn
3081 2662 3460 2731 psallentibus,
3485 2659 3674 2714 exsul-

2107 2762 2223 2806 tans
2268 2768 2390 2805 cum
2430 2751 2824 2806 exsultantibus
2855 2751 3074 2805 incedit.
3105 2749 3259 2804 Mane
3287 2757 3464 2802 autem
3503 2747 3676 2810 facto,

2105 2858 2228 2896 cum
2279 2852 2612 2896 armatorum
2667 2858 2828 2895 manu
2869 2857 2974 2895 non
3007 2857 3169 2911 parva
3201 2842 3266 2894 de
3295 2855 3514 2894 carcere
3543 2839 3677 2893 edu-

2105 2935 2266 2998 citur,
2294 2945 2348 2989 et
2372 2933 2849 3003 snperjumentum
2889 2933 3118 3002 positus,
3150 2933 3216 2986 ad
3251 2932 3515 3001 judicium
3551 2946 3678 3000 per—

2109 3026 2358 3080 trahitur.
2415 3025 2672 3078 Dixerunt
2720 3034 2898 3078 autent
2951 3026 3041 3078 ei:
3077 3043 3094 3076 ι
3120 3025 3279 3079 Solve
3323 3039 3540 3087 aurum,
3581 3031 3684 3076 aut

2103 3116 2305 3172 mundo
2354 3115 2510 3170 hodie
2544 3114 2654 3168 eris
2682 3115 3069 3184 spectaculum.
3105 3133 3123 3165 ι
3162 3113 3226 3166 lit
3249 3113 3338 3166 ille
3413 3131 3431 3163 ι
3465 3115 3676 3165 Aurum

2103 3193 2253 3261 vehis
2281 3206 2474 3262 divinae
2495 3206 2772 3276 sapientia:
2815 3219 3078 3274 propono,
3103 3213 3186 3267 ut,
3221 3203 3408 3257 relicta
3433 3201 3678 3256 vanitate

2103 3315 2262 3368 quam
2290 3299 2532 3370 diligitis,
2565 3299 2630 3352 ad
2660 3315 2824 3351 unum
2858 3298 3036 3350 vivum
3065 3307 3118 3350 et
3145 3311 3332 3350 vermn
3359 3297 3524 3349 Deum
3553 3305 3675 3349 stu-

2102 3392 2248 3444 dium
2296 3390 2647 3446 convertatis.
2680 3389 2833 3457 Quod
2875 3390 2918 3443 si
2971 3389 3258 3444 consilium
3310 3389 3423 3451 Dei,
3457 3403 3555 3458 per
3589 3403 3680 3442 me

2102 3498 2170 3536 vo
2210 3483 2254 3535 is
2301 3483 2709 3546 annnntiatnm,
2761 3483 3033 3536 obstinata
3087 3489 3264 3534 mente
3325 3477 3676 3547 spreveritis,

2101 3569 2268 3640 pejori
2301 3569 2542 3638 profecto
2563 3585 2724 3638 quam
2763 3569 2995 3624 Sodoma
3048 3577 3221 3622 morte
3263 3568 3530 3636 pet-ibitis,
3576 3581 3676 3621 nec

2102 3659 2157 3713 in
2216 3661 2318 3714 hac
2353 3667 2498 3715 terra
2555 3661 2607 3712 in
2657 3671 2972 3729 perpetuum
3013 3657 3220 3712 radices
3249 3659 3438 3726 agetis.
3471 3677 3490 3707 ι
3521 3655 3678 3712 Tunc

2101 3751 2300 3808 diaboli
2346 3752 2607 3806 satellites
2649 3753 2700 3806 in
2735 3753 2882 3806 illum
2925 3751 3231 3821 prosiliunt,
3267 3751 3472 3804 aversis
3511 3764 3676 3802 secu-

2103 3844 2252 3898 ribus
2274 3843 2556 3913 dejicinnt,
2589 3843 2853 3912 lapidibus
2881 3861 3000 3897 eum
3028 3844 3339 3897 obruentes.
3373 3841 3471 3906 Qui
3497 3854 3675 3910 genua

2101 3927 2342 4002 flectens;
2375 3938 2512 3990 hanc
2538 3938 2837 3991 orationem
2867 3937 3002 3990 fudit
3033 3937 3161 4000 Deo,
3191 3937 3379 3989 dicens
3406 3952 3420 3986 :
3451 3951 3469 3983 ι
3505 3931 3670 3984 Altis-

2101 4030 2235 4084 sime
2290 4029 2382 4083 Dei
2437 4029 2614 4083 Patris
2668 4030 2940 4102 unigenite
2987 4028 3128 4101 [Βοι.
3181 4024 3431 4080 altissimi
3494 4021 3678 4076 Patris

2102 4119 2400 4190 unigenite]
2455 4118 2580 4174 Jesu
2608 4119 2843 4184 Christe,
2883 4119 2974 4188 qui
3029 4134 3127 4186 per
3183 4125 3394 4170 uterum
3455 4113 3676 4166 intacta:

2103 4213 2340 4282 Virginis
2371 4213 2565 4266 venisti
2613 4229 2664 4265 tu
2691 4213 2833 4266 hunc
2869 4213 3126 4265 mundum
3151 4217 3462 4280 peccatores
3495 4203 3679 4259 salvos

429 4296 588 4357 ctelo,
620 4298 823 4351 honore
853 4296 945 4356 ἰυο
971 4297 1229 4362 maxime,
1259 4305 1318 4350 ut
1355 4295 1407 4349 in
1456 4303 1715 4350 aeternum
1747 4297 1823 4350 sis
1879 4311 1998 4350 cum

2108 4306 2305 4368 facere,
2358 4315 2518 4360 etme
2570 4307 2621 4360 in
2672 4321 2806 4376 pace
2851 4305 3084 4374 suscipe,
3109 4313 3162 4356 et
3188 4302 3305 4357 istis
3331 4301 3612 4353 miserere.
3651 4315 3670 4348 ι

428 4387 546 4457 ejus
569 4388 726 4442 Filio.
765 4408 784 4441 ι

503 4475 586 4528 η.
625 4475 812 4529 Tortus
855 4479 908 4530 in
957 4493 1161 4531 carcere
1190 4476 1428 4530 visitatur
1453 4493 1484 4530 a
1521 4474 1576 4531 S.
1619 4477 1915 4531 Dunstono.
1943 4505 1999 4514 —-

431 4563 703 4634 Elpbegus
732 4565 894 4634 igitur
919 4568 984 4620 ad
1009 4567 1182 4620 locum
1213 4568 1527 4621 certaminis
1577 4569 1644 4620 ab
1685 4567 1875 4636 angelo
1919 4583 2002 4621 re-

435 4666 675 4720 vocatus,
703 4657 856 4712 laetus
888 4659 1240 4728 exspectabat
1291 4659 1479 4713 horam
1513 4673 1616 4727 qua
1653 4673 1682 4711 a
1717 4661 1824 4712 Deo
1848 4675 1996 4714 coro-

435 4765 558 4802 nam
599 4749 918 4818 perciperet.
949 4747 1052 4804 Sed
1083 4765 1399 4820 cnm‘prope
1431 4749 1619 4804 fuisset
1645 4759 1705 4804 ut
1727 4766 1998 4804 carcerem

427 4838 538 4906 jam
591 4838 836 4904 intraret,
889 4839 1307 4906 comprehensus
1362 4855 1390 4893 a
1439 4840 1752 4893 carnificum
1812 4841 2001 4906 turba,

435 4926 603 4997 plagis
662 4925 898 4980 afficitur
962 4927 1210 4980 maximis
1241 4946 1254 4980 :
1282 4929 1502 4996 insuper
1542 4929 1765 4982 cerebro
1809 4929 2003 4997 capitis

432 5016 653 5081 violato,
701 5017 991 5071 semivivus
1021 5017 1073 5070 in
1103 5019 1374 5085 ergastulo
1422 5018 1742 5080 recluditur;
1780 5019 1868 5072 ubi
1913 5034 2002 5073 ae-

433 5122 597 5161 censo
625 5105 764 5168 foco,
790 5115 843 5160 et
871 5105 1128 5175 quidquid
1158 5105 1538 5160 felidissimutn
1566 5107 1769 5161 fumum
1805 5109 1884 5162 vel
1912 5125 2004 5178 ge-

435 5203 672 5260 neraret,
722 5195 804 5249 vel
845 5205 1157 5265 generatum
1209 5194 1430 5258 foveret,
1478 5210 1574 5263 per
1601 5197 1841 5265 singulas
1895 5197 2000 5252 diei

2107 4399 2172 4451 Et
2209 4397 2486 4466 prolapsus
2511 4396 2562 4450 in
2591 4405 2808 4458 terram,
2835 4393 3138 4461 iterumque
3171 4403 3475 4457 resurgens,
3497 4386 3678 4440 denuo

2106 4489 2184 4542 sic
2213 4489 2288 4541 ait
2313 4506 2325 4540 :
2357 4509 2372 4538 1
2401 4487 2588 4540 Pastor
2613 4487 2774 4544 bene,
2798 4495 2978 4553 pastor
3005 4479 3311 4552 singularis,
3331 4478 3466 4530 ﬁlios
3489 4473 3675 4528 Eccle-

2106 4578 2219 4640 size,
2265 4591 2401 4646 quos
2455 4577 2549 4628 tibi
2592 4577 2834 4627 moriens
2877 4571 3227 4632 commendo,
3300 4578 3472 4620 tuere.
3515 4583 3532 4614 ι
3569 4563 3676 4618 Ac-

2105 4684 2330 4723 curreus
2361 4679 2538 4722 autem
2561 4666 2777 4733 quidam
2807 4663 2944 4737 (l0),
2975 4680 3135 4732 quem
3173 4670 3228 4715 et
3268 4661 3380 4729 ipse
3408 4661 3472 4712 de
3517 4671 3674 4710 sacro

2108 4759 2252 4811 fonte
2286 4765 2619 4824 susceperat,
2680 4755 2910 4808 securim
2962 4751 3122 4820 capiti
3167 4749 3283 4818 ejus
3311 4749 3508 4802 infixit.
3568 4745 3673 4812 Qui

2106 4847 2289 4900 statim
2324 4847 2376 4898 in
2409 4853 2606 4899 aiterua
2647 4857 2778 4912 pace
2804 4842 3180 4909 requiescens,
3218 4839 3478 4890 victorem
3509 4834 3671 4903 spiri-

2107 4949 2218 4993 tum
2267 4953 2387 4991 cnm
2419 4935 2712 5003 triumpho,
2758 4933 2916 4986 tertio
2947 4931 3158 4985 decimo
3203 4927 3474 4982 Kalendas
3523 4925 3670 4988 Maii,

2105 5029 2287 5098 dirigit
2328 5027 2393 5080 ad
2421 5025 2639 5081 cwlum.
2665 5024 2944 5091 Principes
2993 5033 3173 5076 autem
3225 5021 3520 5081 Danorum,
3580 5032 3668 5069 cu-

2103 5124 2312 5193 pientes
2329 5129 2382 5172 et
2397 5135 2550 5173 suum
2575 5118 2782 5172 facinus
2797 5127 2848 5170 et
2865 5115 3084 5185 Elphegi
3102 5115 3324 5185 gloriam
3355 5114 3670 5177 obscurare,

2104 5225 2300 5282 corpus
2325 5211 2468 5264 illius
2498 5209 2701 5262 flumini
2745 5208 2990 5278 immergi
3019 5213 3286 5269 statuunt,
3313 5205 3414 5257 rati
3453 5201 3674 5258 sceleris
