4018 5330
295 267 398 330 535

1616 265 1772 324 VITA
1813 267 1872 323 S.
1915 265 2222 322 ELPHEGI.

3431 271 3539 323 3256

293 389 667 444 enormitatem
697 403 762 442 eo
787 386 994 442 facilius
1024 385 1233 456 contegi
1260 399 1438 455 posse,
1459 397 1568 454 quo
1595 384 1766 454 magis
1791 382 1860 436 ab
1891 387 1934 444 Α
1963 381 2228 450 iungeret,
2251 379 2532 452 presbyter
2577 379 2932 452 pertinaciter
2961 397 3178 438 crucem
3203 383 3545 440 abscondens

297 479 605 533 hominibus
635 478 751 544 ejus
787 478 1042 531 memoria
1082 477 1382 531 tolleretur.
1414 475 1518 529 Sed
1555 474 1698 543 quod
1735 473 1862 526 naui

295 571 354 622 ad
381 569 792 633 contumeliam,
847 567 1094 624 Christus
1135 567 1372 636 Elpltego
1429 566 1632 636 paravit
1663 565 1728 618 ad
1754 565 1866 634 glo-

295 659 446 711 riam.
471 659 730 712 Pretinus
755 675 986 728 namque
1012 659 1186 712 omttis
1215 658 1390 728 pepuli
1417 655 1716 716 multitudo,
1748 669 1865 724 quae

293 749 380 802 illo
433 749 670 803 docente
713 765 952 802 errorem
996 749 1294 818 abjrcerat,
1343 755 1548 800 armata
1600 747 1862 816 procedit,

293 843 496 898 malens
545 856 672 896 com
733 841 986 896 defuncto
1036 843 1238 910 pariter
1297 839 1646 900 occumbere,
1705 853 1864 906 quam

292 931 414 986 illud
437 945 662 1000 corpus,
687 931 841 1000 cujus
883 929 1182 984 ministerio
1209 925 1654 982 sanctificationis
1689 938 1870 978 susce-

287 1029 440 1091 perat
471 1021 815 1090 myslerium,
848 1035 1108 1086 aquarum
1143 1019 1390 1088 voragiui
1435 1019 1649 1070 tradere
1679 1017 1868 1080 absor-

289 1112 546 1164 bendum.
593 1110 780 1178 Itaque
821 1125 1018 1178 corpus
1043 1125 1072 1162 a
1103 1110 1317 1164 diverso
1345 1107 1540 1178 popqu
1571 1117 1866 1170 servatum,

287 1215 384 1254 nec
441 1200 810 1268 mergebatur,
863 1214 960 1252 nec
1008 1198 1386 1268 sepeliebatur.
1419 1195 1652 1265 Vespere
1687 1205 1866 1248 autem

285 1291 572 1357 utriusque
596 1289 768 1357 partis
791 1297 1069 1342 senatores
1093 1288 1436 1345 conveniunt.
1465 1297 1522 1339 ttt
1552 1295 1715 1338 tanta:
1735 1305 1748 1336 ‹
1767 1300 1866 1336 ott-

289 1379 546 1434 tentiouis
571 1379 720 1432 litem
752 1380 862 1432 suis
891 1377 1188 1430 rationibus
1228 1375 1611 1430 determincnt.
1643 1373 1866 1428 Factum

289 1477 370 1523 est
391 1478 575 1523 autem
599 1470 842 1523 omnium
883 1483 1128 1531 assensu,
1176 1477 1234 1520 ttt
1289 1467 1341 1520 in
1368 1480 1654 1520 commune
1683 1479 1870 1518 moues

289 1570 532 1615 sanctum
573 1559 889 1630 deposcant,
941 1571 1206 1628 quatenus
1242 1557 1286 1612 si
1336 1557 1465 1627 quid
1517 1555 1692 1608 valeat
1727 1553 1868 1623 apud

289 1651 450 1706 Deum
473 1666 657 1714 suum,
691 1651 742 1704 in
775 1651 876 1704 hoc
905 1650 1160 1719 ambiguo
1182 1647 1436 1717 potentiae
1463 1661 1573 1701 suae
1611 1645 1864 1698 virtutem

1969 473 2238 542 martyris.
2263 471 2436 540 gladio
2459 474 2840 528 occideretur:
2873 475 3012 530 alios
3037 477 3280 544 ejusdem
3309 479 3540 544 ordinis,

1966 563 2210 618 sandalio
2242 565 2476 634 episcopi
2509 575 2712 618 temere
2742 575 2983 634 portans,
3017 583 3048 621 a
3079 568 3320 622 dmmone
3360 585 3544 624 coram

1965 654 2109 708 οτιιηί
2139 655 2332 723 populo
2359 663 2668 708 vexaretur.
2703 655 2768 708 Et
2805 657 3002 710 factum
3033 667 3116 711 est
3141 667 3198 711 nt
3227 669 3332 712 tant
3379 660 3545 714 velte-

1967 761 2120 798 mcus
2148 757 2368 800 cunctos
2399 745 2668 800 Danorum
2701 747 2972 816 principes
2997 750 3225 804 formido
3259 750 3544 816 invaserit,

1967 847 2022 888 ttt
2046 835 2132 888 vix
2162 849 2256 890 eos
2296 845 2436 888 terra
2469 845 2704 901 teneret,
2734 837 2828 890 sed
2887 839 3175 893 maritimis
3223 856 3281 894 se
3337 849 3545 911 tempe-

1967 925 2196 980 statibus
2217 927 2428 991 dantes,
2453 928 2826 982 existimarent
2853 928 2904 980 in
2935 929 3118 999 pelago
3133 931 3385 1001 martyris
3410 931 3544 986 iram

1968 1013 2202 1084 effugere
2251 1031 2432 1084 posse,
2461 1031 2596 1084 quos
2643 1018 2710 1070 ab
2761 1017 2877 1084 ejus
2917 1019 2994 1070 ira
3029 1019 3188 1072 tellus
3243 1021 3378 1074 tueri
3433 1037 3540 1077 non

1969 1115 2166 1173 posset.
2197 1103 2300 1159 Sed
2329 1121 2450 1158 mox
2479 1116 2534 1158 ut
2559 1106 2608 1158 in
2647 1107 2814 1159 altmn
2843 1107 3087 1176 perducti
3127 1107 3301 1173 fuere,
3325 1119 3542 1165 centum

1969 1196 2246 1264 sexaginta
2299 1210 2485 1260 naves,
2519 1196 2760 1250 adversis
2808 1207 3088 1252 ventorum
3145 1198 3361 1255 ﬂatibus
3387 1212 3546 1265 actm,

1971 1287 2022 1338 in
2056 1285 2372 1355 profundunt
2399 1288 2564 1340 maris
2591 1288 2848 1342 demersa-
2875 1299 3035 1352 sunt;
3071 1305 3232 1360 porro
3263 1293 3544 1360 sexaginta

1970 1378 2204 1446 quinque
2225 1377 2290 1431 ad
2321 1378 2532 1448 ignotas
2563 1379 2799 1449 appulsa!
2825 1382 3262 1452 regiones,quasi
3292 1385 3381 1454 qtti
3413 1384 3542 1437 insi-

1969 1469 2180 1521 tliarttttt
2239 1468 2411 1537 gratia
2459 1469 2752 1533 venissent,
2797 1471 2865 1524 ab
2929 1472 3118 1527 incolis
3167 1474 3548 1528 miserabiliter

1969 1558 2233 1614 interfecti
2259 1569 2405 1612 sunt.
2436 1558 2721 1614 Remausit
2754 1569 2930 1614 tamen
2981 1561 3032 1616 itt
3061 1563 3248 1632 Anglia
3279 1564 3550 1632 pessimus

1971 1649 2262 1715 'l‘urkillus,
2307 1649 2568 1704 malorum
2596 1653 2866 1720 princeps,
2901 1668 3070 1722 pauco
3107 1663 3346 1726 tempore
3367 1657 3549 1725 presio

281 1743 556 1798 ostendat.
617 1741 783 1806 Ecce,
825 1741 1072 1811 inquilini.
1107 1739 1267 1803 Daui,
1323 1753 1506 1792 ramus
1551 1737 1616 1792 de
1655 1737 1868 1790 fraxino
1901 1727 1942 1786 Β
1973 1740 2207 1806 futurus,
2254 1741 2348 1796 sed
2395 1743 2448 1796 in
2503 1753 2767 1799 attentum
2808 1743 3048 1800 damnati
3099 1747 3320 1818 spiritus
3368 1751 3548 1819 prada

287 1836 566 1905 pramisus,
597 1849 762 1889 succo
787 1842 842 1888 et
871 1833 1076 1886 cortice
1102 1831 1322 1886 omnino
1352 1829 1584 1882 nudatus
1609 1845 1621 1881 :
1649 1827 1691 1881 si
1725 1827 1867 1880 hunc

285 1925 441 1992 hujus
499 1925 766 1993 sanguine
815 1923 1098 1976 intinctunt
1155 1921 1419 1974 matutina
1467 1918 1556 1970 lux
1603 1917 1866 1970 virentem

287 2013 576 2079 invenerit,
601 2011 806 2081 justum
838 2026 936 2065 nos
965 2018 1020 2064 et
1073 2017 1317 2064 sanctum
1355 2005 1619 2061 occidisse
1649 1993 1866 2059 consta-

283 2106 380 2170 bit,
411 2116 468 2160 et
504 2121 613 2174 quo
642 2105 791 2159 illum
831 2103 1036 2157 honore
1069 2099 1361 2170 sepeliatis,
1403 2111 1571 2166 penes
1609 2112 1704 2152 vos
1737 2096 1864 2150 erit.

287 2196 380 2249 Sin
419 2206 605 2250 autem
635 2197 687 2249 in
717 2197 828 2265 pris
853 2194 941 2248 ina
974 2193 1174 2264 lignum
1202 2189 1454 2244 ariditate
1487 2188 1865 2258 permanserit,

289 2301 508 2340 errasse
553 2303 652 2340 vos
705 2287 758 2339 in
788 2284 904 2353 ejus
928 2299 1112 2338 amore
1157 2281 1420 2344 dicemus,
1462 2279 1741 2348 nostrique
1767 2277 1870 2332 crit

289 2381 498 2434 arbitrii
529 2380 654 2448 quid
683 2379 750 2432 de
785 2377 1050 2432 cadavere
1077 2375 1252 2430 facere
1291 2373 1536 2427 velimus.

353 2471 441 2526 14.
469 2470 752 2524 Μὶνηειιιῐε
767 2468 948 2522 claret.
973 2467 1172 2536 Carpus
1199 2466 1314 2535 ejus
1341 2463 1670 2517 Lundoniam
1695 2469 1870 2513 trans-

289 2559 474 2628 fertur.
498 2589 566 2598 —
589 2558 832 2626 Cuntqne
855 2557 1104 2612 omnibus
1127 2553 1363 2609 conditio
1385 2561 1536 2622 grata
1563 2560 1616 2604 et
1645 2561 1866 2619 accepta

291 2650 503 2713 fuisset,
557 2659 616 2703 ut
659 2649 912 2702 omnibus
943 2647 1146 2716 liquido
1177 2655 1426 2701 constare
1470 2651 1674 2712 posset,
1725 2641 1867 2711 quod

289 2749 406 2810 post
457 2751 691 2795 mortem
727 2740 996 2810 Eiphegus
1027 2737 1248 2800 viveret,
1287 2737 1495 2789 aridum
1527 2733 1728 2803 lignum
1769 2731 1868 2786 sub

289 2835 448 2888 unius
475 2835 650 2887 noctis
677 2841 919 2902 tempore
951 2832 1110 2900 cmpit
1157 2829 1430 2892 frondere,
1481 2838 1534 2882 et
1577 2827 1718 2896 quod
1747 2839 1868 2880 sero

237 2923 246 2934 ’
291 2927 420 2980 Dani
453 2927 630 2982 telluri
665 2925 929 2991 ﬁxerunt,
979 2939 1134 2977 mane
1181 2931 1461 2992 surgentes
1501 2921 1691 2976 ﬂorere
1715 2921 1868 2974 vide-

293 3031 438 3074 runt.
491 3019 636 3074 Nihil
663 3034 794 3090 ergo
853 3015 1298 3072 eon'radictiouis
1353 3013 1580 3067 ulterius
1609 3011 1868 3064 habentes

295 3109 448 3172 Dani,
480 3110 726 3164 certatim
766 3109 818 3162 in
861 3107 1138 3176 amplexus
1187 3103 1420 3158 defuncti
1463 3116 1638 3163 ruere,
1679 3099 1866 3153 crebra

293 3199 477 3252 oscula
529 3197 712 3268 ftgcte,
761 3198 1000 3252 cervices
1027 3209 1347 3267 supponere,
1375 3193 1644 3262 lacrymas
1675 3199 1729 3244 et
1759 3189 1866 3258 eju-

296 3289 439 3343 latus
491 3290 742 3343 emittere
801 3295 1100 3357 creperum.
1171 3285 1452 3339 Sublatum
1499 3297 1628 3351 ergo
1676 3295 1805 3349 corp
1847 3295 1872 3334 s

299 3379 538 3434 humeris
601 3381 967 3442 inimicorum,
1014 3377 1080 3430 ad
1137 3377 1386 3430 arborem
1443 3372 1559 3441 ejus
1598 3371 1874 3439 triumpho

299 3471 559 3542 insignem
577 3469 836 3536 defertu",
861 3467 1244 3524 comitantibus
1271 3463 1572 3519 innumeris
1597 3463 1870 3532 signorum

299 3561 578 3632 prodigiis,
609 3561 810 3630 potenti
856 3561 1051 3614 virtute
1075 3557 1166 3612 Dei
1194 3555 1406 3612 cmlitns
1434 3556 1692 3608 ostensis.
1751 3551 1872 3604 Mox

297 3655 442 3703 enim
471 3649 622 3718 salus
648 3649 914 3719 languidis
971 3650 1278 3711 innovatur,
1307 3645 1434 3699 caeci
1481 3643 1871 3704 illuminantur,

303 3741 450 3794 surdi
481 3741 734 3803 audiunt,
761 3741 892 3794 tmtti
923 3740 1234 3809 loquuntur,
1260 3737 1463 3792 claudis
1484 3751 1698 3806 gressus
1723 3733 1880 3788 resti-

305 3830 489 3883 tuitur.
519 3831 597 3884 lbi
627 3831 790 3885 etiam
821 3831 1082 3885 orationis
1109 3832 1268 3884 domo
1313 3843 1476 3898 super
1512 3827 1661 3881 iitum
1711 3825 1877 3880 fabri-

249 3923 252 3926 ’
304 3930 440 3984 cata,
467 3920 710 3990 plerique
737 3921 1004 3976 Danorum
1039 3929 1334 3991 magnetes,
1387 3920 1439 3973 in
1486 3919 1676 3972 eadem
1719 3933 1878 3988 rege-4

307 4011 501 4076 aerati,
561 4011 627 4066 ad
677 4009 833 4065 fidem
861 4010 1058 4066 Christi
1087 4017 1493 4065 convertuntur.
1535 4009 1668 4062 Cum
1698 4017 1875 4061 autem

307 4101 422 4154 lucc
465 4103 648 4156 omnia
699 4102 1100 4158 Loudonienses
1125 4117 1221 4172 per
1247 4101 1488 4156 ordinem
1526 4099 1876 4164 audivissent,

311 4189 474 4245 multa
519 4193 788 4247 mediante
833 4195 1081 4262 pecunia,
1133 4207 1326 4264 corpus
1364 4206 1534 4262 usque
1575 4190 1881 4246 Londonizs

313 4282 719 4349 transferentes,
777 4284 1071 4339 honorifice
1125 4285 1467 4354 sepelierunt,
1514 4283 1672 4338 Anno
1698 4293 1876 4337 autem

1971 1847 2281 1886 mansurus.

2039 1921 2125 1975 15.
2159 1919 2274 1976 Non
2318 1935 2482 1990 parvo
2536 1931 2774 1994 tempore
2813 1925 3047 1990 evoluto,
3105 1931 3256 1985 venit
3302 1932 3554 2003 princeps

1968 2010 2240 2066 Dauorunt
2269 2009 2512 2066 Canutus
2541 2029 2662 2067 cum
2717 2015 2887 2070 multo
2918 2020 3130 2090 navigio
3183 2021 3236 2075 in
3279 2022 3546 2091 Angliam,

1967 2105 2341 2176 dissidensqnc
2371 2106 2438 2160 ab
2475 2106 2566 2159 illo
2595 2115 2817 2176 propter
2845 2109 3110 2176 quasdam
3163 2125 3249 2166 res
3289 2113 3430 2168 male
3487 2129 3552 2168 ac

1969 2197 2256 2268 perfidiose
2287 2208 2457 2262 actas,
2489 2197 2748 2266 quidquid
2793 2200 3066 2252 residuum
3103 2201 3316 2257 nefandi
3371 2205 3552 2274 populi

1969 2287 2088 2349 fuit,
2124 2286 2339 2346 delevit,
2373 2286 2543 2354 ipsum
2576 2287 2762 2340 ducem
2796 2303 2916 2342 cum
2957 2303 3048 2342 sex
3083 2297 3289 2343 tantum
3322 2293 3550 2346 navibus

1970 2376 2022 2429 in
2049 2377 2266 2430 Daniam
2296 2375 2520 2446 fugavit.
2547 2376 2646 2441 Qui
2699 2391 2820 2430 cum
2870 2377 2937 2432 ad
2987 2389 3184 2431 terram
3241 2383 3548 2449 evasisset,

1969 2479 2250 2536 suspectus
2277 2467 2546 2520 Danornm
2595 2467 2949 2536 principibus,
2996 2485 3064 2524 ne
3106 2471 3359 2524 intestina
3409 2472 3550 2528 bella

1971 2558 2265 2623 moliretur,
2295 2559 2476 2612 statim
2503 2574 2598 2626 per
2619 2569 2812 2612 cuncta
2842 2561 3076 2628 regionis
3120 2560 3234 2615 loca
3287 2563 3547 2632 agitatus,

1969 2648 2034 2700 ad
2067 2657 2364 2701 extremum
2387 2649 2453 2702 ab
2483 2648 2702 2720 ignobili
2733 2651 2888 2719 vulgo
2919 2653 3152 2718 occisus,
3184 2651 3313 2707 feris
3354 2663 3407 2708 et
3436 2655 3550 2708 avi-

1969 2737 2069 2794 bus
2097 2737 2371 2808 projecuts
2396 2749 2496 2794 est.
2533 2739 2658 2794 Post
2684 2741 2797 2795 haec
2823 2757 2950 2796 vero
2997 2743 3245 2812 princeps
3278 2743 3549 2799 Danorum

1969 2831 2229 2893 Canutus,
2259 2845 2380 2884 cum
2433 2829 2640 2884 videret
2689 2831 2940 2902 pupulum
2993 2848 3146 2886 suum
3196 2834 3263 2887 ab
3309 2837 3550 2889 exercitu

1969 2921 2260 2993 Anglorum
2291 2921 2407 2974 sine
2439 2920 2842 2975 intermissione
2868 2921 3024 2986 ett-di,
3055 2933 3106 2976 et
3131 2932 3350 2993 propter
3373 2941 3548 2980 rerum

1971 3013 2336 3067 difﬁcultatem
2360 3010 2425 3064 ad
2458 3011 2783 3066 deditionem
2814 3011 2927 3066 fere
2950 3013 3228 3081 compelli;
3257 3015 3544 3070 accersitus

1971 3105 2240 3166 omnibus,
2275 3101 2365 3168 qtti
2395 3099 2459 3154 ad
2497 3116 2553 3154 se
2579 3103 2934 3171 confugerant
2979 3105 3400 3172 sapientioribus
3443 3107 3554 3160 An-

1971 3195 2088 3265 glis,
2115 3193 2384 3248 consuluit
2408 3205 2520 3254 eos,
2549 3193 2676 3260 quid
2705 3209 2882 3247 causm
2906 3203 3073 3260 esset,
3119 3195 3262 3262 quod
3323 3206 3400 3251 tot
3449 3199 3550 3252 sibi

1973 3287 2195 3338 adversa
2231 3281 2576 3336 accidissent.
2607 3281 2704 3345 Qui
2737 3297 2924 3336 omnes
2949 3299 3056 3336 uno
3083 3297 3179 3336 ore
3219 3285 3552 3352 responden-

1975 3385 2073 3436 tes,
2116 3375 2410 3427 dixerunt:
2448 3393 2466 3425 ς
2497 3374 2782 3443 Propltetia
2809 3382 2893 3427 est
2936 3373 3107 3426 sancti
3156 3376 3412 3444 martyris
3461 3375 3554 3426 El-

1974 3467 2129 3536 phegi
2163 3483 2176 3517 :
2213 3465 2302 3534 qui
2335 3479 2455 3518 cum
2479 3481 2506 3518 a
2541 3465 2784 3533 patribus
2834 3464 2940 3518 tuis
2988 3463 3178 3518 fuisset
3216 3465 3554 3518 circumven-

1977 3567 2080 3622 tus,
2103 3557 2352 3625 praedixit
2381 3555 2460 3611 eis
2487 3557 2628 3624 quod
2661 3556 2710 3609 itt
2741 3571 2906 3624 regno
2926 3555 3218 3622 Anglorum
3279 3571 3382 3610 non
3431 3570 3556 3624 per-

1974 3659 2134 3716 petuo
2155 3655 2335 3700 essent
2359 3645 2568 3698 radices
2597 3645 2792 3710 acturi,
2825 3645 2916 3699 sed
2950 3645 3112 3714 pejori
3131 3661 3290 3714 quam
3319 3642 3555 3699 Sodona

1979 3745 2152 3788 morte
2181 3734 2425 3804 perituri.
2465 3733 2619 3788 Nunc
2645 3749 2796 3804 ergo,
2837 3735 2880 3787 si
2907 3735 2987 3786 vis
3019 3733 3166 3786 illuttt
3201 3734 3306 3788 tuis
3359 3743 3560 3804 tempo-

1979 3826 2130 3879 ribus
2155 3824 2378 3878 reddere
2402 3823 2690 3892 placatum,
2723 3825 2975 3892 promitte
3009 3823 3107 3886 illi,
3139 3841 3182 3878 St
3215 3823 3343 3880 lelix
3391 3825 3560 3879 fuerit

1979 3933 2157 3972 rerum
2190 3930 2493 3980 successus,
2527 3925 2576 3969 te
2605 3915 2859 3985 reliquias
2908 3915 3051 3972 illius
3105 3917 3170 3970 ad
3203 3917 3386 3971 sedem
3440 3913 3560 3981 ejus

1979 4009 2277 4064 honoriﬁce
2305 4008 2658 4078 reportandas
2689 4017 3033 4064 curaturum.
3070 4027 3087 4059 ι
3117 4007 3268 4073 Quod
3314 4023 3436 4061 eum
3465 4006 3559 4060 tir-

1982 4103 2142 4156 ntiter
2195 4101 2552 4170 promisisset.
2601 4107 2721 4167 post
2761 4099 3031 4154 modicum
3073 4113 3258 4168 pacem
3307 4095 3560 4160 tblitltlil,

1981 4203 2102 4264 post
2127 4209 2310 4262 pacem
2347 4193 2493 4261 regni
2521 4192 2826 4254 dimidium,
2873 4202 2997 4262 post
3032 4191 3308 4245 dimidium
3367 4197 3560 4241 totum.

1939 4303 1942 4306 '
1980 4285 2220 4351 Cumque
2253 4283 2319 4336 ab
2346 4284 2490 4336 omni
2523 4281 2780 4336 bellorum
2807 4281 3039 4336 tumultu
3074 4279 3286 4344 requies
3327 4276 3563 4342 undique

315 4371 518 4428 Domini
578 4374 736 4439 1012,
795 4377 1278 4446 advesperasceute
1327 4377 1564 4430 Sabbato
1611 4369 1879 4445 paschalis
1911 4407 1956 4464 υ
1983 4373 2104 4426 data
2134 4373 2342 4434 fuisset,
2373 4371 2690 4426 recordatus
2719 4381 2804 4425 est
2847 4386 2944 4427 rex
2972 4369 3096 4438 quid
3125 4368 3282 4421 beato
3327 4363 3564 4433 Elpln-go

315 4463 679 4531 hebdomadas,
724 4477 943 4521 sanctus
965 4467 1231 4536 Elphegtts
1257 4484 1378 4522 cum
1405 4467 1646 4538 martyrii
1681 4481 1880 4521 corona

315 4551 520 4607 decimo
553 4555 712 4609 tertio
743 4555 1010 4610 Kalendas
1058 4556 1206 4622 Maii,
1237 4573 1378 4611 anno
1406 4557 1748 4627 episcopatus
1798 4556 1879 4608 sui

319 4643 561 4708 scptinto,
593 4653 642 4699 ct
673 4647 849 4702 :etatis
880 4661 990 4700 sum
1013 4647 1458 4718 quinquagesimo
1487 4663 1648 4713 nono,
1681 4647 1880 4716 migra-

319 4730 474 4785 vitad
507 4733 812 4790 Dominum.
847 4737 904 4790 ln
933 4737 1050 4806 ejus
1098 4747 1276 4792 autem
1311 4739 1499 4791 mortis
1531 4747 1782 4791 auctores
1827 4737 1878 4790 in

323 4829 520 4876 tantum
547 4824 626 4878 ira
685 4827 778 4880 Dei
821 4826 1085 4890 desarviit,
1130 4835 1190 4880 ut
1234 4827 1447 4896 quidam
1493 4825 1599 4881 dux
1661 4826 1878 4896 propria

325 4913 504 4985 seu!)
535 4931 692 4971 manu
748 4916 1112 4983 interimeret,
1144 4918 1278 4973 alius
1303 4919 1506 4990 gutturi
1551 4935 1646 4974 suo
1686 4917 1886 4989 stylum

1983 4463 2250 4532 quondam
2283 4463 2644 4533 promisisset,
2670 4473 2744 4527 et,
2775 4463 2984 4518 directa
3016 4461 3300 4531 legatione,
3351 4455 3566 4510 vocavit

1985 4555 2338 4626 Egelnothum
2381 4553 2842 4624 archiepiscopum
2885 4596 2898 4608 .
2931 4553 3020 4622 qui
3064 4565 3260 4619 corpus
3308 4545 3564 4614 martyris

1983 4650 2166 4701 decem
2193 4647 2347 4700 anuis
2377 4647 2665 4716 sepultum,
2721 4645 3098 4714 incorruptum
3147 4650 3203 4696 ct
3251 4637 3564 4693 inviolatum

1983 4739 2332 4807 reperientes,
2359 4736 2702 4792 Cantuariam
2733 4751 2862 4789 cum
2891 4735 3129 4790 maximo
3167 4731 3370 4785 honore
3397 4726 3568 4782 dedu-

1983 4837 2130 4893 cunt,
2161 4829 2214 4883 itt
2245 4828 2575 4898 sarc0pltago
2597 4833 2927 4882 veneranter
2954 4824 3299 4880 collocantes.

406 5067 502 5142 (ll)
527 5070 574 5128 ls
603 5072 802 5132 dicitur
845 5071 1000 5128 Hace
1037 5072 1090 5128 in
1129 5073 1500 5132 translationis
1545 5075 1883 5140 narratione,
1916 5086 2074 5142 quam
2109 5086 2233 5126 mox
2259 5071 2548 5126 cxbibituri
2579 5089 2786 5128 sumus.
