4018 5330
523 225 624 280 387

1584 218 1875 274 OSBERNI
1900 217 2201 273 MONACIII
2228 216 2782 273 CANTUAlllENSiS

3677 222 3780 277 333

542 364 802 401 Μ
805 387 2754 403 Wm—
2757 365 3775 404 —~——.——_—_—_-w‘

1183 546 1540 643 INCIPIT
1599 542 2034 642 EJUSDEM
2110 542 2450 642 SANGTI
2519 545 3133 645 TRANSLATIO

1704 747 1977 806 Auctore
1998 743 2199 804 eodem
2229 743 2553 806 Osmmao.

796 915 1042 987 (Manum.
1077 912 1203 964 Λεία
1237 909 1334 965 SS.
1361 909 1558 965 Beued.
1597 908 1732 964 δατ.
1759 908 1845 974 Vl,
1875 918 2028 980 parte
2054 925 2090 974 l,
2116 924 2236 979 pag.
2269 909 2394 976 125,
2424 923 2490 964 ex
2513 909 2634 966 cod.
2670 926 2770 966 ins.
2795 911 3139 970 Bibliotheca:
3177 915 3498 989 Thuanctn.)

588 1216 637 1270 l.
687 1211 944 1282 Prn'fulio
997 1214 1247 1267 nat-toris.
1271 1245 1339 1254 -—
1359 1211 1495 1278 Quia
1542 1211 1905 1266 venerandam
1947 1210 2088 1264 beati
2125 1197 2166 1254 Α
2197 1221 2396 1284 posset.
2423 1212 2529 1268 Sed
2556 1227 2678 1266 mox
2700 1221 2759 1266 ut
2789 1211 2842 1265 in
2876 1210 3040 1265 altum
3061 1212 3441 1282 spumantibus
3472 1216 3642 1270 remis
3663 1219 3790 1272 edu-

512 1308 764 1378 martyris
777 1307 992 1377 Elphegi
1021 1306 1327 1377 passionem
1344 1303 1668 1358 litteralilms
1691 1305 1959 1373 quondam
1984 1317 2095 1356 mo-

510 1401 785 1451 numentis
816 1397 1231 1466 appliravimus,
1264 1395 1466 1464 placuit
1501 1395 1664 1448 etiam
1699 1392 1956 1447 voluntati
1983 1393 2095 1446 illo-

510 1501 626 1544 rum
657 1486 884 1555 gratiam
910 1495 1184 1553 prmsIare,
1210 1483 1298 1552 qui
1324 1482 1778 1552 quemadmodum
1796 1483 2095 1539 sacratissi-

510 1591 654 1628 mum
681 1574 1009 1644 corpuscjus
1038 1575 1102 1626 de
1140 1574 1416 1628 Lontlonia
1464 1574 1810 1628 Cantuariam
1865 1574 2094 1627 transla-

509 1676 619 1718 tum
643 1666 729 1722 sit.
753 1665 1127 1718 ardentissima
1157 1664 1378 1733 cupiunt
1401 1664 1684 1718 devotione
1701 1678 2010 1732 agnoscere.
2028 1663 2095 1717 Et

505 1755 722 1824 quidem
749 1755 888 1822 quod
916 1753 1236 1807 translatum
1283 1754 1351 1808 sil.
1381 1753 1432 1808 in
1477 1755 1580 1808 hue
1630 1753 1896 1823 passionis
1951 1752 2092 1808 illius

505 1847 745 1900 breviter
795 1847 1094 1917 attigimus.
1153 1846 1248 1900 sed
1306 1846 1524 1900 modum
1581 1845 1951 1901 translationis
1992 1845 2092 1900 nti-

504 1943 651 1995 nime
686 1941 1054 2010 exposuimus.
1085 1941 1218 1994 Eum
1243 1956 1374 2010 ergo
1403 1955 1544 1994 nunc
1572 1955 1923 2009 exponemus.

573 2041 628 2088 ‘2.
682 2035 839 2088 Anno
896 2034 1058 2103 igitur
1109 2035 1178 2089 ab
1233 2033 1604 2088 lncarnatione
1649 2026 1857 2087 Demini
1917 2031 2087 2086 nostri

501 2126 660 2180 Jcsus
686 2125 883 2181 Christi
912 2125 1199 2180 millesimo
1249 2123 1593 2187 duodecimo,
1651 2122 1944 2178 indictione
1999 2123 2092 2176 de-

503 2217 664 2280 cima,
724 2216 1212 2284 advesperasrente
1262 2212 1500 2267 Sabbato
1551 2212 1824 2282 paschalis
1888 2211 2090 2266 hebdo-

502 2308 693 2368 madm,
721 2314 775 2361 et
807 2306 1092 2359 inchoante
1148 2304 1426 2360 Dominica
1474 2303 1560 2358 die
1615 2302 1940 2359 Octavarum
1988 2299 2088 2354 Pa-

459 2403 464 2408 ’
502 2399 680 2455 εοιιω,
718 2396 1085 2450 tertiodecimo
1135 2395 1398 2450 Kalendas
1455 2395 1618 2460 Maii,
1668 2393 2088 2465 gloriosissimus

501 2485 649 2538 urbis
673 2485 976 2540 Cantuat'im
1002 2485 1239 2554 pontifex
1271 2485 1540 2556 Elphegus
1567 2483 1957 2554 gloriosissima
1989 2497 2085 2552 pro

499 2577 692 2630 ovibus
721 2575 881 2629 simul
909 2585 960 2629 et
986 2591 1106 2629 cum
1131 2576 1323 2629 ovibus
1351 2575 1452 2629 sibi
1482 2591 1511 2628 a
1537 2574 1645 2629 Deo
1685 2573 1925 2638 creditis,
1960 2587 2082 2642 pas-

501 2666 652 2718 sione
677 2666 1025 2726 occmnbcus,
1073 2662 1582 2718 immarcescibilem
1634 2671 1853 2717 :eterna:
1903 2659 2085 2732 gloria:

501 2771 756 2809 coronam
790 2755 1048 2825 suscepit,
1080 2772 1225 2810 anno
1263 2755 1665 2825 patriarcbatus
1709 2752 1789 2806 sui
1832 2751 2083 2823 Septimo,

501 2847 796 2900 nativitatis
821 2857 998 2901 autem
1024 2846 1469 2917 quinquagesimo
1494 2859 1653 2898 nono.
1679 2842 1841 2911 Cujus
1864 2855 2084 2896 venera-

499 2938 606 2991 bile
629 2953 846 3008 corpus,
871 2939 982 2992 sive
1005 2939 1177 3009 gratia
1211 2954 1305 2992 seu
1333 2939 1506 3006 pretio
1535 2954 1564 2990 a
1603 2936 1744 2994 fideli
1773 2935 1971 3005 populo
1999 2949 2081 2988 τρο-

499 3042 735 3099 ceptum,
763 3033 828 3088 de
858 3031 973 3086 loco
1000 3032 1244 3101 martyrii
1268 3029 1384 3098 ejus
1407 3031 1472 3084 ad
1511 3030 1697 3084 urbem
1745 3026 2081 3083 Londoniam

500 3127 756 3190 delatum,
797 3135 851 3181 et
893 3127 942 3179 in
987 3124 1215 3180 erclesia
1273 3125 1412 3179 beati
1479 3123 1628 3177 Pauli
1683 3120 1908 3192 προδιοιὶ
1958 3134 2082 3174 cum

499 3219 798 3271 innumeris
847 3217 1186 3271 coruscantis
1224 3218 1411 3288 gratim
1457 3216 1715 3286 prodigiis
1752 3222 1835 3270 est
1893 3213 2082 3268 huma-

497 3322 631 3366 tum.
664 3311 780 3365 Mox
813 3313 1041 3380 denique
1073 3310 1216 3363 salus
1243 3310 1507 3378 languidis
1533 3310 1825 3364 innovatur
1853 3348 1867 3372 ,
1924 3305 2082 3360 caecis

495 3405 676 3458 lumen
709 3403 853 3458 clare
889 3402 1254 3473 perfnmlitnr,
1281 3400 1532 3454 audiendi
1558 3415 1752 3453 munus
1777 3397 1954 3451 surdis
1979 3396 2078 3451 tri-

496 3499 698 3557 buitur,
748 3506 895 3551 recto
944 3512 1130 3565 gressu
1175 3495 1350 3550 claudi
1398 3495 1671 3555 incedunt,
1723 3491 2082 3558 onmibnsqttc

497 3588 729 3641 fideliter
781 3588 1086 3656 petentibus
1157 3587 1334 3640 divina
1391 3585 1793 3655 promptissime
1819 3583 2081 3636 beneficia

495 3679 839 3746 proveniunt.
870 3677 974 3730 Sed
1001 3678 1118 3731 illos
1148 3678 1236 3744 qui
1273 3677 1462 3730 mortis
1486 3677 1654 3745 ipsius
1689 3688 1944 3730 auctores
1985 3690 2084 3728 ex-

496 3769 770 3826 stiterattt,
809 3782 912 3819 non
947 3766 1063 3820 sine
1094 3765 1318 3819 terribili
1345 3765 1580 3820 vindicta
1639 3765 1835 3818 vindex
1862 3763 1955 3818 Dei
2000 3763 2080 3818 ira

498 3856 728 3911 transire
757 3857 988 3910 sinebat.

566 3947 621 4000 5.
677 3947 735 4001 S.
785 3947 1001 4018 Elphegi
1055 3945 1234 4000 mortis
1291 3955 1529 3999 auctores
1576 3945 1985 4014 puniuntur.“
2011 3942 2083 3998 Ut

495 4043 640 4094 enim
673 4057 840 4110 pauca
872 4043 936 4094 de
964 4040 1206 4110 pluribus
1254 4021 1487 4107 prolixa.
1518 4038 1755 4092 breviter
1793 4037 2077 4106 attingam,

497 4149 738 4204 propono
771 4133 959 4187 ducem
999 4133 1267 4187 llaconem
1302 4131 1522 4200 proprio
1545 4146 1602 4185 se
1627 4144 1883 4182 mucrone
1906 4135 2082 4181 trans-

499 4229 896 4287 verberautetn,
923 4233 1096 4278 vatem
1133 4224 1438 4277 matheseos
1461 4221 1762 4290 discirlinis
1811 4222 2077 4274 intentum

495 4316 696 4387 gutturi
721 4332 817 4370 suo
842 4315 1040 4380 stylnm
1087 4313 1420 4384 infigentem,
1481 4312 1859 4380 presbyterum
1908 4309 2076 4364 colla-

499 4409 632 4461 riam
663 4409 918 4478 martyris
955 4423 1170 4460 crucem
1223 4405 1574 4475 pertinaciter
1629 4403 2072 4467 abscondente-nt,

495 4496 734 4565 ejusdem
761 4496 1014 4566 martyris
1042 4494 1289 4548 manibus
1319 4494 1586 4556 occisum,
1621 4493 1898 4561 aliumque
1926 4491 2076 4559 ejus-

497 4589 618 4642 dem
641 4587 848 4641 ordinis
872 4589 1068 4650 virum,
1129 4586 1373 4640 sandalia
1424 4585 1571 4638 illius
1615 4593 1816 4637 temere
1857 4590 2078 4652 portan-

500 4689 626 4744 tem,
653 4695 681 4732 a
718 4679 959 4733 daemone
985 4679 1264 4742 invasnm;
1319 4687 1371 4731 et
1404 4690 1685 4745 quousque
1735 4675 1801 4726 de
1854 4671 2078 4743 pedibus

497 4773 610 4824 suis
629 4771 995 4832 traherentur,
1034 4785 1216 4822 conm
1245 4770 1391 4821 omni
1415 4765 1692 4819 Londona:
1721 4763 1959 4816 civitatis
1983 4776 2078 4830 po—

496 4864 620 4932 pulo
639 4861 930 4918 durissime
964 4871 1233 4914 vexatum.
1259 4860 1334 4912 Ea;
1358 4857 1554 4928 quibus
1577 4858 1741 4909 rebus
1767 4865 1873 4908 tam
1909 4854 2077 4909 vehe-

496 4974 648 5013 mens
673 4967 898 5012 cunctos
923 4957 1195 5009 Dmorum
1242 4953 1518 5022 principes
1568 4949 1802 5002 formido
1854 4947 2074 5011 invasit,

495 5063 554 5105 ut
589 5053 672 5104 vix
697 5066 790 5105 eos
815 5061 955 5104 terra
985 5057 1214 5111 teneret,
1243 5047 1335 5101 sed
1371 5045 1598 5099 marinis
1633 5060 1693 5100 se
1743 5046 2080 5110 tempestati-

493 5143 593 5196 bus
631 5141 823 5196 dantes
849 5140 1239 5198 existimabant
1284 5140 1335 5191 in
1397 5139 1588 5208 pelago
1635 5138 1892 5207 martyris
1942 5137 2074 5191 iram

2196 1316 2340 1359 ctum
2365 1304 2578 1368 fuisset,
2618 1313 2836 1359 centum
2873 1303 3150 1372 sexaginta
3179 1318 3344 1358 naves
3367 1304 3612 1358 adversis
3658 1321 3789 1359 ven-

2199 1401 2374 1446 torum
2410 1391 2627 1447 llatibus
2666 1400 2799 1447 actte
2855 1393 2908 1444 in
2953 1389 3222 1461 profundo
3273 1391 3440 1447 maris
3487 1393 3792 1452 submersa:

2195 1498 2346 1553 sunt;
2376 1488 2733 1558 quadraginta
2759 1502 2911 1551 vero,
2941 1488 3177 1556 itemque
3207 1489 3396 1555 viginti
3450 1490 3694 1558 quinque
3721 1491 3791 1544 ad

2193 1590 2412 1634 exteras
2443 1579 2692 1648 regiones
2748 1589 2909 1648 atque
2960 1580 3171 1650 ignotas
3225 1579 3482 1650 appulste,
3535 1590 3591 1634 et
3630 1583 3790 1650 quasi

2194 1685 2312 1739 qua:
2351 1669 2670 1724 insidiarum
2703 1671 2876 1738 gratia
2915 1672 3208 1736 venissent,
3255 1673 3322 1725 ab
3359 1673 3566 1726 eisdem
3623 1674 3795 1728 inise-

2194 1762 2440 1815 rabiliter
2500 1762 2858 1832 intere’tnptte.
2901 1763 3182 1818 Remansit
3233 1772 3411 1820 tamen
3475 1766 3527 1819 in
3592 1764 3794 1835 Anglia

2193 1851 2333 1906 tnale
2373 1851 2551 1906 audax
2613 1853 2862 1923 princeps
2924 1853 3188 1908 malorum
3239 1853 3541 1922 Turkillus,
3612 1872 3793 1926 pauco

2195 1951 2435 2012 tempore
2468 1945 2648 2012 prmdo
2681 1943 2918 2009 futurus,
2966 1945 3059 2000 sed
3120 1945 3174 1999 in
3227 1957 3492 2001 teternum
3540 1947 3788 2002 damnati

2191 2033 2413 2102 spiritus
2440 2034 2619 2102 praeda
2644 2049 2953 2091 mansurus.
2983 2034 3118 2089 Nam
3146 2051 3310 2106 parvo
3355 2047 3596 2107 tempore
3641 2053 3781 2092 evo-

2191 2123 2306 2177 luto
2336 2126 2482 2179 venit
2525 2125 2778 2196 princeps
2839 2127 3107 2182 Danornm
3143 2128 3283 2182 Cnut
3317 2144 3439 2182 eum
3488 2129 3660 2182 multo
3693 2145 3793 2182 na-

2190 2217 2332 2287 vigio
2370 2217 2422 2270 in
2463 2226 2660 2272 terram
2691 2218 3010 2289 Anglorum,
3040 2219 3173 2274 dissi
3196 2220 3418 2289 lensque
3461 2222 3574 2288 (l2)
3604 2220 3790 2274 abillo

2189 2318 2409 2377 propter
2429 2310 2689 2378 quasdam
2723 2325 2808 2364 res
2841 2309 2981 2364 male
3023 2326 3086 2364 ac
3135 2311 3339 2380 perfide
3394 2320 3564 2375 aetas,
3625 2311 3790 2380 quid-

2189 2399 2316 2466 quid
2349 2401 2622 2453 residuum
2659 2400 2861 2454 infandi
2891 2401 3067 2470 populi
3093 2417 3214 2457 esse
3242 2412 3474 2472 poterat,
3521 2403 3662 2456 sicut
3697 2413 3784 2456 ta-

2188 2489 2326 2545 bula:
2356 2492 2496 2563 stylo
2523 2493 2691 2548 deleri
2726 2492 2922 2557 solent,
2975 2493 3208 2557 delevit;
3258 2494 3540 2564 ipsumque
3588 2491 3787 2548 duceni

2189 2599 2283 2637 sex
2320 2593 2529 2638 tantum
2558 2584 2787 2639 navilms
2813 2585 3080 2639 munitum
3115 2586 3166 2639 in
3196 2587 3586 2641 Danamarcam
3631 2585 3789 2655 fuga-

2192 2675 2288 2726 vit.
2328 2674 2428 2740 Qui
2456 2691 2578 2730 cum
2605 2675 2670 2728 ad
2698 2685 2899 2730 terram
2923 2675 3207 2742 evasisset,
3265 2688 3545 2746 suspectus
3599 2679 3789 2732 D240-

2187 2779 2305 2818 rum
2336 2765 2687 2834 principibus,
2716 2781 2784 2820 ne
2811 2767 3065 2821 intestina
3089 2766 3228 2822 bella
3254 2767 3560 2832 moliretur,
3586 2770 3781 2821 statim

2185 2870 2282 2923 per
2313 2865 2508 2908 cuncta
2536 2855 2680 2910 illius
2713 2856 2949 2926 regionis
2975 2855 3092 2911 loca
3113 2857 3368 2926 agitatus,
3413 2857 3478 2910 ad
3528 2857 3785 2911 nltimtzm

2185 2942 2252 2996 ab
2282 2943 2500 3011 ignobili
2530 2945 2686 3014 vulgo
2711 2946 2942 3010 occisus,
2973 2945 3209 3015 ferisque
3233 2954 3286 3001 et
3316 2947 3506 3000 avibus
3547 2958 3630 3002 cst
3679 2947 3788 2998 mi-

2185 3036 2489 3091 serabiliter
2517 3037 2808 3107 projectus.
2857 3039 2950 3094 Sic
2971 3055 3101 3110 ergo
3121 3039 3186 3094 de
3222 3049 3366 3094 terra
3393 3047 3446 3092 et
3473 3039 3609 3092 mari
3661 3037 3788 3091 sub-

2185 3128 2279 3182 lati
2307 3139 2454 3192 sunt,
2484 3130 2574 3198 qui
2606 3130 2780 3183 virum
2819 3141 3066 3185 sanctum
3102 3139 3156 3185 et
3187 3146 3309 3186 cum
3357 3131 3566 3184 honore
3609 3130 3788 3182 nonni-

2187 3220 2430 3272 nandnm
2463 3219 2756 3288 l‘llphegum
2780 3220 3245 3290 archiepiscopum
3272 3221 3610 3274 occiderunt.

2255 3311 2308 3364 4.
2352 3309 2732 3363 Translationis
2761 3312 2985 3364 occasio.
3019 3309 3105 3364 Fit
3136 3321 3351 3364 curante
3373 3310 3542 3364 Cuulo
3565 3327 3684 3380 rege
3709 3338 3784 3351 —

2183 3400 2251 3454 At
2299 3401 2548 3471 princeps
2575 3401 2845 3455 Daaorum
2879 3401 3041 3463 Cnut.
3069 3419 3216 3459 .cum
3269 3402 3474 3456 videret
3523 3406 3784 3471 popa'um

2157 3509 2339 3551 usuum
2393 3493 2460 3548 ab
2528 3493 2770 3547 exercitu
2833 3493 3129 3562 Anglorum
3188 3493 3304 3548 sine
3377 3492 3786 3548 intermissione

2182 3583 2454 3638 dirissitne
2485 3583 2642 3648 credi,
2672 3593 2729 3636 et
2756 3583 2872 3654 jam
2905 3583 3018 3638 fere
3047 3593 3268 3654 propter
3297 3597 3476 3638 rermn
3504 3583 3787 3636 tlifliculla-

2187 3685 2296 3729 tem
2331 3675 2397 3728 ad
2427 3675 2755 3730 deditionem
2788 3690 2845 3729 se
2867 3675 3146 3744 compelli;
3184 3673 3470 3729 accersitis
3523 3673 3787 3729 omnibus

2183 3765 2276 3833 qui
2309 3764 2376 3819 ad
2411 3763 2849 3835 seeonfugerant
2905 3765 3332 3834 sapientioribus
3390 3762 3603 3833 Anglis,
3653 3778 3786 3817 cono

2108 3877 2154 3939 ρ
2187 3856 2354 3910 suluit
2380 3872 2473 3910 eos
2505 3857 2634 3925 quiti
2663 3872 2841 3910 causa:
2895 3865 3038 3911 esset
3072 3856 3216 3926 quod
3269 3864 3347 3910 tot
3396 3854 3497 3910 sibi
3549 3855 3782 3909 adversa

2184 3947 2554 4015 contigissent.
2588 3946 2690 4014 Qui
2726 3963 2915 4003 omnes
2937 3964 3044 4003 uno
3069 3963 3164 4003 ore
3203 3947 3594 4017 respondentes
3624 3947 3784 4000 dixe-

2185 4048 2345 4092 runt:
2371 4038 2659 4107 Propltetia
2681 4050 2764 4095 est
2789 4039 3360 4109 venerandimartyris
3391 4038 3643 4109 Elphegi,
3682 4039 3779 4107 qui

2183 4131 2754 4199 cumapatribustuis
2801 4133 3006 4188 crudeli
3059 4131 3489 4201 interrogatione
3543 4131 3786 4185 cireum-

2183 4232 2373 4275 vcntus
2401 4222 2611 4287 fuisset,
2648 4223 2897 4291 prtedixit
2924 4224 3006 4278 eis
3033 4224 3176 4293 quod
3201 4224 3250 4276 in
3279 4237 3445 4292 regno
3469 4220 3777 4290 Anglorum

2180 4322 2440 4382 perpetuo
2470 4329 2574 4368 non
2610 4325 2790 4368 essent
2848 4313 3166 4379 radicatnri,
3228 4309 3544 4380 sed'pejori
3603 4324 3773 4379 quam

2182 4405 2413 4458 Sodoma
2453 4413 2625 4460 morte
2648 4404 2895 4474 perituri.
2923 4403 3074 4460 Nunc
3100 4419 3230 4476 ergo
3262 4405 3306 4459 si
3342 4404 3424 4458 vis
3452 4402 3604 4457 illum
3659 4402 3770 4456 tuis

2180 4493 2512 4564 temporibus
2540 4495 2860 4566 placabilem
2885 4496 2908 4549 f
2913 4511 3092 4560 acere,
3144 4497 3306 4567 hujus
3347 4504 3399 4550 te
3423 4494 3771 4564 pollicitatio-

2178 4585 2264 4638 nis
2295 4583 2498 4640 findere
2521 4587 2660 4655 apud
2693 4585 2840 4639 illum
2867 4588 3202 4658 constringe,
3249 4594 3308 4640 ut
3337 4601 3458 4640 cum
3509 4583 3644 4638 felix
3697 4599 3778 4638 re-

2183 4691 2298 4727 rum
2356 4675 2516 4729 fuerit
2563 4676 2876 4741 successio,
2936 4677 3274 4732 venerabiles
3323 4675 3568 4745 corporis
3624 4673 3776 4728 illius

2182 4767 2447 4836 reliquias
2477 4768 2543 4822 de
2572 4767 2692 4822 loco
2724 4767 2776 4821 in
2815 4784 2922 4838 quo
2949 4769 3180 4823 condita:
3203 4776 3330 4823 sunt
3366 4767 3547 4832 tollas,
3607 4775 3776 4835 atque

2178 4861 2243 4910 ad
2271 4859 2454 4912 sedem
2483 4859 2882 4926 patriarchalus
2913 4860 2994 4914 sui
3041 4867 3260 4914 servato
3319 4873 3470 4914 more
3517 4857 3778 4927 antiquo-

2181 4962 2297 4999 ru.n
2353 4947 2648 5002 transferre
2699 4949 2940 5003 studeas.
2984 4949 3233 5004 Assensit
3283 4949 3467 5018 itaque
3515 4948 3780 5018 princeps

2177 5048 2488 5092 senatorum
2529 5039 2777 5104 consilio,
2809 5041 3093 5094 consilium
3122 5041 3369 5110 sequitur
3397 5041 3594 5095 divinae
3642 5055 3779 5109 pro-

2181 5132 2480 5201 pitiationis
2510 5132 2826 5186 declaratio.
2851 5133 2966 5188 Non
2991 5143 3112 5204 post
3162 5133 3360 5188 multos
3405 5134 3604 5188 etenim
3658 5134 3779 5188 dies

492 5231 729 5302 eﬂ‘ugere
758 5247 936 5302 posse,
989 5245 1126 5299 quos
1174 5229 1241 5282 ab
1279 5229 1394 5297 ejus
1445 5233 1525 5284 ira
1579 5231 1732 5285 tellus
1781 5229 1916 5284 tueri
1965 5242 2071 5283 non
2107 5225 2152 5282 D
2178 5229 2320 5285 Cnut
2345 5245 2532 5300 pacem
2562 5231 2825 5299 obtinuit;
2867 5243 2987 5302 post
3016 5249 3228 5305 pacem,
3265 5235 3416 5306 regni
3449 5235 3771 5298 dimidium;
