  <div class='ocr_page' id='page_1' title='image "/cluster/home/n/w/nwhite01/storage/ocr_20150623/149/hvd.32044015473770/200.png"; bbox 0 0 4018 5330; ppageno 0'>
   <div class='ocr_carea' id='block_1_1' title="bbox 323 352 422 406">
    <p class='ocr_par' dir='ltr' id='par_1_1' title="bbox 323 352 422 406">
     <span class='ocr_line' id='line_1_1' title="bbox 323 352 422 406; baseline 0 -1"><span class='ocrx_word' id='word_1_1' title='bbox 323 352 422 406; x_wconf 69' lang='lat'><strong>$89</strong></span> 
     </span>
    </p>
   </div>
   <div class='ocr_carea' id='block_1_2' title="bbox 1585 331 2449 390">
    <p class='ocr_par' dir='ltr' id='par_1_2' title="bbox 1585 331 2449 390">
     <span class='ocr_line' id='line_1_2' title="bbox 1585 331 2449 390; baseline -0.003 -1"><span class='ocrx_word' id='word_1_2' title='bbox 1585 331 2008 390; x_wconf 58' lang='lat' dir='ltr'><strong>TRANSLXTIO</strong></span> <span class='ocrx_word' id='word_1_3' title='bbox 2039 331 2094 386; x_wconf 86' lang='lat' dir='ltr'><strong>S.</strong></span> <span class='ocrx_word' id='word_1_4' title='bbox 2139 331 2449 386; x_wconf 77' lang='lat' dir='ltr'><strong>ELPIIEGI.</strong></span> 
     </span>
    </p>
   </div>
   <div class='ocr_carea' id='block_1_3' title="bbox 3441 333 3548 386">
    <p class='ocr_par' dir='ltr' id='par_1_3' title="bbox 3441 333 3548 386">
     <span class='ocr_line' id='line_1_3' title="bbox 3441 333 3548 386; baseline -0.047 -2"><span class='ocrx_word' id='word_1_5' title='bbox 3441 333 3548 386; x_wconf 65' lang='lat'><strong>590</strong></span> 
     </span>
    </p>
   </div>
   <div class='ocr_carea' id='block_1_4' title="bbox 319 441 3548 536">
    <p class='ocr_par' dir='ltr' id='par_1_4' title="bbox 319 441 3548 536">
     <span class='ocr_line' id='line_1_4' title="bbox 319 441 3548 536; baseline 0.001 -35"><span class='ocrx_word' id='word_1_6' title='bbox 319 477 432 536; x_wconf 53' lang='lat' dir='ltr'><strong>p05;</strong></span> <span class='ocrx_word' id='word_1_7' title='bbox 463 464 966 525; x_wconf 58' lang='grc' dir='ltr'><strong>ιιίευίιιίιιιῃ,ιοιηηι,</strong></span> <span class='ocrx_word' id='word_1_8' title='bbox 989 459 1228 526; x_wconf 79' lang='lat' dir='ltr'><strong>Cumque</strong></span> <span class='ocrx_word' id='word_1_9' title='bbox 1257 455 1323 508; x_wconf 89' lang='lat' dir='ltr'><strong>ab</strong></span> <span class='ocrx_word' id='word_1_10' title='bbox 1343 453 1484 508; x_wconf 85' lang='lat' dir='ltr'><strong>Omni</strong></span> <span class='ocrx_word' id='word_1_11' title='bbox 1513 451 1774 506; x_wconf 73' lang='lat' dir='ltr'><strong>bellorum</strong></span> <span class='ocrx_word' id='word_1_12' title='bbox 1801 455 1884 498; x_wconf 90' lang='lat' dir='ltr'><strong>tn-</strong></span> <span class='ocrx_word' id='word_1_13' title='bbox 1913 449 1954 506; x_wconf 81' lang='grc' dir='ltr'><strong>Λ</strong></span> <span class='ocrx_word' id='word_1_14' title='bbox 1989 441 2256 536; x_wconf 68' lang='lat' dir='ltr'><strong>Godricus</strong></span> <span class='ocrx_word' id='word_1_15' title='bbox 2277 443 2514 510; x_wconf 75' lang='lat' dir='ltr'><strong>ejusdem</strong></span> <span class='ocrx_word' id='word_1_16' title='bbox 2555 443 2808 536; x_wconf 67' lang='lat' dir='ltr'><strong>martyris</strong></span> <span class='ocrx_word' id='word_1_17' title='bbox 2835 444 3106 512; x_wconf 75' lang='lat' dir='ltr'><strong>quondam</strong></span> <span class='ocrx_word' id='word_1_18' title='bbox 3139 445 3448 514; x_wconf 85' lang='lat' dir='ltr'><strong>discipulus.</strong></span> <span class='ocrx_word' id='word_1_19' title='bbox 3483 467 3548 505; x_wconf 87' lang='lat' dir='ltr'><strong>ac</strong></span> 
     </span>
    </p>
   </div>
   <div class='ocr_carea' id='block_1_5' title="bbox 313 543 1882 622">
    <p class='ocr_par' dir='ltr' id='par_1_5' title="bbox 313 543 1882 622">
     <span class='ocr_line' id='line_1_5' title="bbox 313 543 1882 622; baseline -0.01 -12"><span class='ocrx_word' id='word_1_20' title='bbox 313 557 480 610; x_wconf 83' lang='lat' dir='ltr'><strong>rnultu</strong></span> <span class='ocrx_word' id='word_1_21' title='bbox 523 555 734 622; x_wconf 71' lang='lat' dir='ltr'><strong>requies</strong></span> <span class='ocrx_word' id='word_1_22' title='bbox 765 551 996 618; x_wconf 77' lang='lat' dir='ltr'><strong>undique</strong></span> <span class='ocrx_word' id='word_1_23' title='bbox 1024 553 1144 604; x_wconf 84' lang='lat' dir='ltr'><strong>data</strong></span> <span class='ocrx_word' id='word_1_24' title='bbox 1175 548 1383 610; x_wconf 82' lang='lat' dir='ltr'><strong>fuisset,</strong></span> <span class='ocrx_word' id='word_1_25' title='bbox 1412 544 1728 599; x_wconf 70' lang='lat' dir='ltr'><strong>recordatus</strong></span> <span class='ocrx_word' id='word_1_26' title='bbox 1755 543 1882 610; x_wconf 85' lang='lat' dir='ltr'><strong>quid</strong></span> 
     </span>
    </p>
   </div>
   <div class='ocr_carea' id='block_1_6' title="bbox 317 635 1884 710">
    <p class='ocr_par' dir='ltr' id='par_1_6' title="bbox 317 635 1884 710">
     <span class='ocr_line' id='line_1_6' title="bbox 317 635 1884 710; baseline -0.006 -13"><span class='ocrx_word' id='word_1_27' title='bbox 317 646 470 697; x_wconf 84' lang='lat' dir='ltr'><strong>beato</strong></span> <span class='ocrx_word' id='word_1_28' title='bbox 497 643 732 710; x_wconf 75' lang='lat' dir='ltr'><strong>Elphego</strong></span> <span class='ocrx_word' id='word_1_29' title='bbox 767 639 1036 708; x_wconf 83' lang='lat' dir='ltr'><strong>quondam</strong></span> <span class='ocrx_word' id='word_1_30' title='bbox 1077 637 1430 706; x_wconf 69' lang='lat' dir='ltr'><strong>prorutis-isset,</strong></span> <span class='ocrx_word' id='word_1_31' title='bbox 1489 637 1692 689; x_wconf 69' lang='lat' dir='ltr'><strong>directa</strong></span> <span class='ocrx_word' id='word_1_32' title='bbox 1745 635 1884 704; x_wconf 88' lang='lat' dir='ltr'><strong>lega-</strong></span> 
     </span>
    </p>
   </div>
   <div class='ocr_carea' id='block_1_7' title="bbox 317 725 1883 796">
    <p class='ocr_par' dir='ltr' id='par_1_7' title="bbox 317 725 1883 796">
     <span class='ocr_line' id='line_1_7' title="bbox 317 725 1883 796; baseline -0.006 -10"><span class='ocrx_word' id='word_1_33' title='bbox 317 733 458 786; x_wconf 90' lang='lat' dir='ltr'><strong>tione</strong></span> <span class='ocrx_word' id='word_1_34' title='bbox 487 730 704 784; x_wconf 87' lang='lat' dir='ltr'><strong>vocavit</strong></span> <span class='ocrx_word' id='word_1_35' title='bbox 729 729 1070 796; x_wconf 82' lang='lat' dir='ltr'><strong>Agclnotnrrt,</strong></span> <span class='ocrx_word' id='word_1_36' title='bbox 1125 727 1214 794; x_wconf 91' lang='lat' dir='ltr'><strong>qui</strong></span> <span class='ocrx_word' id='word_1_37' title='bbox 1259 735 1386 780; x_wconf 90' lang='lat' dir='ltr'><strong>tunc</strong></span> <span class='ocrx_word' id='word_1_38' title='bbox 1433 725 1690 794; x_wconf 88' lang='lat' dir='ltr'><strong>temporis</strong></span> <span class='ocrx_word' id='word_1_39' title='bbox 1737 739 1883 778; x_wconf 87' lang='lat' dir='ltr'><strong>surn-</strong></span> 
     </span>
    </p>
   </div>
   <div class='ocr_carea' id='block_1_8' title="bbox 315 813 1883 882">
    <p class='ocr_par' dir='ltr' id='par_1_8' title="bbox 315 813 1883 882">
     <span class='ocr_line' id='line_1_8' title="bbox 315 813 1883 882; baseline -0.004 -10"><span class='ocrx_word' id='word_1_40' title='bbox 315 835 456 872; x_wconf 88' lang='lat' dir='ltr'><strong>rnrrm</strong></span> <span class='ocrx_word' id='word_1_41' title='bbox 485 819 540 872; x_wconf 90' lang='lat' dir='ltr'><strong>in</strong></span> <span class='ocrx_word' id='word_1_42' title='bbox 573 828 758 872; x_wconf 79' lang='lat' dir='ltr'><strong>sancta</strong></span> <span class='ocrx_word' id='word_1_43' title='bbox 789 816 1184 870; x_wconf 78' lang='lat' dir='ltr'><strong>Dombernensi</strong></span> <span class='ocrx_word' id='word_1_44' title='bbox 1236 813 1474 868; x_wconf 74' lang='lat' dir='ltr'><strong>Ecclesia</strong></span> <span class='ocrx_word' id='word_1_45' title='bbox 1525 814 1746 882; x_wconf 87' lang='lat' dir='ltr'><strong>gerebat</strong></span> <span class='ocrx_word' id='word_1_46' title='bbox 1797 829 1883 866; x_wconf 88' lang='lat' dir='ltr'><strong>sa-</strong></span> 
     </span>
    </p>
   </div>
   <div class='ocr_carea' id='block_1_9' title="bbox 309 906 1882 976">
    <p class='ocr_par' dir='ltr' id='par_1_9' title="bbox 309 906 1882 976">
     <span class='ocr_line' id='line_1_9' title="bbox 309 906 1882 976; baseline -0.003 -13"><span class='ocrx_word' id='word_1_47' title='bbox 309 908 634 973; x_wconf 87' lang='lat' dir='ltr'><strong>cerdotium,</strong></span> <span class='ocrx_word' id='word_1_48' title='bbox 665 907 992 976; x_wconf 55' lang='lat' dir='ltr'><strong>virisauctus</strong></span> <span class='ocrx_word' id='word_1_49' title='bbox 1009 915 1070 960; x_wconf 88' lang='lat' dir='ltr'><strong>et</strong></span> <span class='ocrx_word' id='word_1_50' title='bbox 1091 906 1282 970; x_wconf 78' lang='lat' dir='ltr'><strong>boans,</strong></span> <span class='ocrx_word' id='word_1_51' title='bbox 1339 915 1394 960; x_wconf 88' lang='lat' dir='ltr'><strong>et</strong></span> <span class='ocrx_word' id='word_1_52' title='bbox 1439 906 1550 975; x_wconf 82' lang='lat' dir='ltr'><strong>regi</strong></span> <span class='ocrx_word' id='word_1_53' title='bbox 1601 917 1882 974; x_wconf 77' lang='lat' dir='ltr'><strong>propterea</strong></span> 
     </span>
    </p>
   </div>
   <div class='ocr_carea' id='block_1_10' title="bbox 311 997 1880 1068">
    <p class='ocr_par' dir='ltr' id='par_1_10' title="bbox 311 997 1880 1068">
     <span class='ocr_line' id='line_1_10' title="bbox 311 997 1880 1068; baseline 0 -18"><span class='ocrx_word' id='word_1_54' title='bbox 311 1001 448 1068; x_wconf 87' lang='lat' dir='ltr'><strong>qrrod</strong></span> <span class='ocrx_word' id='word_1_55' title='bbox 475 1001 622 1052; x_wconf 88' lang='lat' dir='ltr'><strong>illum</strong></span> <span class='ocrx_word' id='word_1_56' title='bbox 647 1013 804 1052; x_wconf 83' lang='lat' dir='ltr'><strong>sacro</strong></span> <span class='ocrx_word' id='word_1_57' title='bbox 849 998 1148 1052; x_wconf 86' lang='lat' dir='ltr'><strong>chrismate</strong></span> <span class='ocrx_word' id='word_1_58' title='bbox 1177 997 1406 1060; x_wconf 86' lang='lat' dir='ltr'><strong>liuisset,</strong></span> <span class='ocrx_word' id='word_1_59' title='bbox 1435 997 1592 1050; x_wconf 84' lang='lat' dir='ltr'><strong>valde</strong></span> <span class='ocrx_word' id='word_1_60' title='bbox 1609 1005 1880 1066; x_wconf 86' lang='lat' dir='ltr'><strong>acceptus.</strong></span> 
     </span>
    </p>
   </div>
   <div class='ocr_carea' id='block_1_11' title="bbox 309 1087 1881 1157">
    <p class='ocr_par' dir='ltr' id='par_1_11' title="bbox 309 1087 1881 1157">
     <span class='ocr_line' id='line_1_11' title="bbox 309 1087 1881 1157; baseline -0.001 -15"><span class='ocrx_word' id='word_1_61' title='bbox 309 1091 407 1156; x_wconf 81' lang='lat' dir='ltr'><strong>Qui</strong></span> <span class='ocrx_word' id='word_1_62' title='bbox 441 1089 682 1143; x_wconf 85' lang='lat' dir='ltr'><strong>Sabbato</strong></span> <span class='ocrx_word' id='word_1_63' title='bbox 713 1089 1016 1157; x_wconf 76' lang='lat' dir='ltr'><strong>vigiliarum</strong></span> <span class='ocrx_word' id='word_1_64' title='bbox 1047 1087 1394 1142; x_wconf 85' lang='lat' dir='ltr'><strong>Pentecostes</strong></span> <span class='ocrx_word' id='word_1_65' title='bbox 1423 1087 1756 1140; x_wconf 84' lang='lat' dir='ltr'><strong>Lundoniam</strong></span> <span class='ocrx_word' id='word_1_66' title='bbox 1783 1087 1881 1140; x_wconf 88' lang='lat' dir='ltr'><strong>ad-</strong></span> 
     </span>
    </p>
   </div>
   <div class='ocr_carea' id='block_1_12' title="bbox 307 1177 1881 1246">
    <p class='ocr_par' dir='ltr' id='par_1_12' title="bbox 307 1177 1881 1246">
     <span class='ocr_line' id='line_1_12' title="bbox 307 1177 1881 1246; baseline -0.001 -16"><span class='ocrx_word' id='word_1_67' title='bbox 307 1181 550 1241; x_wconf 81' lang='lat' dir='ltr'><strong>veniens,</strong></span> <span class='ocrx_word' id='word_1_68' title='bbox 585 1179 858 1232; x_wconf 74' lang='lat' dir='ltr'><strong>mandavit</strong></span> <span class='ocrx_word' id='word_1_69' title='bbox 881 1177 992 1246; x_wconf 80' lang='lat' dir='ltr'><strong>regi</strong></span> <span class='ocrx_word' id='word_1_70' title='bbox 1025 1178 1074 1230; x_wconf 90' lang='lat' dir='ltr'><strong>in</strong></span> <span class='ocrx_word' id='word_1_71' title='bbox 1099 1179 1132 1231; x_wconf 93' lang='lat' dir='ltr'><strong>b</strong></span> <span class='ocrx_word' id='word_1_72' title='bbox 1155 1178 1315 1232; x_wconf 82' lang='lat' dir='ltr'><strong>.lueas</strong></span> <span class='ocrx_word' id='word_1_73' title='bbox 1347 1178 1484 1230; x_wconf 87' lang='lat' dir='ltr'><strong>forte</strong></span> <span class='ocrx_word' id='word_1_74' title='bbox 1535 1178 1881 1232; x_wconf 73' lang='lat' dir='ltr'><strong>descendenti</strong></span> 
     </span>
    </p>
   </div>
   <div class='ocr_carea' id='block_1_13' title="bbox 309 1267 1882 1338">
    <p class='ocr_par' dir='ltr' id='par_1_13' title="bbox 309 1267 1882 1338">
     <span class='ocr_line' id='line_1_13' title="bbox 309 1267 1882 1338; baseline -0.003 -14"><span class='ocrx_word' id='word_1_75' title='bbox 309 1286 368 1324; x_wconf 88' lang='lat' dir='ltr'><strong>se</strong></span> <span class='ocrx_word' id='word_1_76' title='bbox 393 1271 608 1330; x_wconf 78' lang='lat' dir='ltr'><strong>adesse.</strong></span> <span class='ocrx_word' id='word_1_77' title='bbox 651 1278 708 1322; x_wconf 86' lang='lat' dir='ltr'><strong>et</strong></span> <span class='ocrx_word' id='word_1_78' title='bbox 757 1269 886 1338; x_wconf 86' lang='lat' dir='ltr'><strong>quid</strong></span> <span class='ocrx_word' id='word_1_79' title='bbox 929 1268 1056 1322; x_wconf 82' lang='lat' dir='ltr'><strong>velit</strong></span> <span class='ocrx_word' id='word_1_80' title='bbox 1103 1269 1216 1336; x_wconf 84' lang='lat' dir='ltr'><strong>ipse</strong></span> <span class='ocrx_word' id='word_1_81' title='bbox 1271 1277 1508 1322; x_wconf 76' lang='lat' dir='ltr'><strong>statuere</strong></span> <span class='ocrx_word' id='word_1_82' title='bbox 1559 1269 1610 1322; x_wconf 89' lang='lat' dir='ltr'><strong>in</strong></span> <span class='ocrx_word' id='word_1_83' title='bbox 1651 1267 1882 1322; x_wconf 82' lang='lat' dir='ltr'><strong>ecclesia</strong></span> 
     </span>
    </p>
   </div>
   <div class='ocr_carea' id='block_1_14' title="bbox 309 1360 1878 1428">
    <p class='ocr_par' dir='ltr' id='par_1_14' title="bbox 309 1360 1878 1428">
     <span class='ocr_line' id='line_1_14' title="bbox 309 1360 1878 1428; baseline -0.002 -14"><span class='ocrx_word' id='word_1_84' title='bbox 309 1362 450 1416; x_wconf 82' lang='lat' dir='ltr'><strong>beati</strong></span> <span class='ocrx_word' id='word_1_85' title='bbox 497 1361 649 1414; x_wconf 85' lang='lat' dir='ltr'><strong>Pauli</strong></span> <span class='ocrx_word' id='word_1_86' title='bbox 687 1360 910 1428; x_wconf 78' lang='lat' dir='ltr'><strong>apostoli</strong></span> <span class='ocrx_word' id='word_1_87' title='bbox 955 1371 1290 1427; x_wconf 79' lang='lat' dir='ltr'><strong>exspectare.</strong></span> <span class='ocrx_word' id='word_1_88' title='bbox 1345 1361 1462 1424; x_wconf 86' lang='lat' dir='ltr'><strong>Quo</strong></span> <span class='ocrx_word' id='word_1_89' title='bbox 1507 1361 1594 1414; x_wconf 89' lang='lat' dir='ltr'><strong>ille</strong></span> <span class='ocrx_word' id='word_1_90' title='bbox 1639 1369 1878 1428; x_wconf 82' lang='lat' dir='ltr'><strong>accepto,</strong></span> 
     </span>
    </p>
   </div>
   <div class='ocr_carea' id='block_1_15' title="bbox 309 1454 1882 1524">
    <p class='ocr_par' dir='ltr' id='par_1_15' title="bbox 309 1454 1882 1524">
     <span class='ocr_line' id='line_1_15' title="bbox 309 1454 1882 1524; baseline 0.001 -17"><span class='ocrx_word' id='word_1_91' title='bbox 309 1455 422 1508; x_wconf 83' lang='lat' dir='ltr'><strong>sine</strong></span> <span class='ocrx_word' id='word_1_92' title='bbox 461 1468 614 1508; x_wconf 83' lang='lat' dir='ltr'><strong>mora</strong></span> <span class='ocrx_word' id='word_1_93' title='bbox 637 1454 704 1508; x_wconf 84' lang='lat' dir='ltr'><strong>de</strong></span> <span class='ocrx_word' id='word_1_94' title='bbox 733 1455 948 1509; x_wconf 84' lang='lat' dir='ltr'><strong>lavacro</strong></span> <span class='ocrx_word' id='word_1_95' title='bbox 977 1455 1170 1520; x_wconf 74' lang='lat' dir='ltr'><strong>surgit,</strong></span> <span class='ocrx_word' id='word_1_96' title='bbox 1219 1455 1504 1524; x_wconf 80' lang='lat' dir='ltr'><strong>chlamyde</strong></span> <span class='ocrx_word' id='word_1_97' title='bbox 1543 1455 1882 1508; x_wconf 84' lang='lat' dir='ltr'><strong>solummodo</strong></span> 
     </span>
    </p>
   </div>
   <div class='ocr_carea' id='block_1_16' title="bbox 309 1543 1883 1614">
    <p class='ocr_par' dir='ltr' id='par_1_16' title="bbox 309 1543 1883 1614">
     <span class='ocr_line' id='line_1_16' title="bbox 309 1543 1883 1614; baseline 0.001 -18"><span class='ocrx_word' id='word_1_98' title='bbox 309 1543 506 1596; x_wconf 84' lang='lat' dir='ltr'><strong>trudunt</strong></span> <span class='ocrx_word' id='word_1_99' title='bbox 529 1559 727 1610; x_wconf 87' lang='lat' dir='ltr'><strong>corpus</strong></span> <span class='ocrx_word' id='word_1_100' title='bbox 751 1545 974 1614; x_wconf 78' lang='lat' dir='ltr'><strong>obtegit,</strong></span> <span class='ocrx_word' id='word_1_101' title='bbox 1005 1544 1276 1612; x_wconf 83' lang='lat' dir='ltr'><strong>simplices</strong></span> <span class='ocrx_word' id='word_1_102' title='bbox 1301 1545 1526 1612; x_wconf 84' lang='lat' dir='ltr'><strong>pedibus</strong></span> <span class='ocrx_word' id='word_1_103' title='bbox 1582 1545 1883 1599; x_wconf 85' lang='lat' dir='ltr'><strong>subtalarcs</strong></span> 
     </span>
    </p>
   </div>
   <div class='ocr_carea' id='block_1_17' title="bbox 309 1635 1880 1706">
    <p class='ocr_par' dir='ltr' id='par_1_17' title="bbox 309 1635 1880 1706">
     <span class='ocr_line' id='line_1_17' title="bbox 309 1635 1880 1706; baseline 0.003 -20"><span class='ocrx_word' id='word_1_104' title='bbox 309 1635 530 1698; x_wconf 81' lang='lat' dir='ltr'><strong>inducit,</strong></span> <span class='ocrx_word' id='word_1_105' title='bbox 565 1636 750 1703; x_wconf 82' lang='lat' dir='ltr'><strong>sicque</strong></span> <span class='ocrx_word' id='word_1_106' title='bbox 771 1636 838 1689; x_wconf 88' lang='lat' dir='ltr'><strong>ad</strong></span> <span class='ocrx_word' id='word_1_107' title='bbox 870 1635 1150 1703; x_wconf 72' lang='lat' dir='ltr'><strong>prmsulem</strong></span> <span class='ocrx_word' id='word_1_108' title='bbox 1205 1637 1432 1706; x_wconf 79' lang='lat' dir='ltr'><strong>impigro</strong></span> <span class='ocrx_word' id='word_1_109' title='bbox 1479 1636 1644 1704; x_wconf 84' lang='lat' dir='ltr'><strong>gradu</strong></span> <span class='ocrx_word' id='word_1_110' title='bbox 1691 1636 1880 1703; x_wconf 84' lang='lat' dir='ltr'><strong>tendit,</strong></span> 
     </span>
    </p>
   </div>
   <div class='ocr_carea' id='block_1_18' title="bbox 307 1724 1881 1795">
    <p class='ocr_par' dir='ltr' id='par_1_18' title="bbox 307 1724 1881 1795">
     <span class='ocr_line' id='line_1_18' title="bbox 307 1724 1881 1795; baseline 0.004 -21"><span class='ocrx_word' id='word_1_111' title='bbox 307 1724 568 1776; x_wconf 76' lang='lat' dir='ltr'><strong>mandans</strong></span> <span class='ocrx_word' id='word_1_112' title='bbox 595 1725 848 1778; x_wconf 88' lang='lat' dir='ltr'><strong>omnibus</strong></span> <span class='ocrx_word' id='word_1_113' title='bbox 875 1725 1092 1778; x_wconf 78' lang='lat' dir='ltr'><strong>familia:</strong></span> <span class='ocrx_word' id='word_1_114' title='bbox 1137 1740 1247 1778; x_wconf 77' lang='lat' dir='ltr'><strong>sua:</strong></span> <span class='ocrx_word' id='word_1_115' title='bbox 1287 1725 1568 1789; x_wconf 81' lang='lat' dir='ltr'><strong>militibus,</strong></span> <span class='ocrx_word' id='word_1_116' title='bbox 1613 1743 1750 1795; x_wconf 90' lang='lat' dir='ltr'><strong>quos</strong></span> <span class='ocrx_word' id='word_1_117' title='bbox 1781 1727 1881 1781; x_wconf 84' lang='lat' dir='ltr'><strong>lin-</strong></span> 
     </span>
    </p>
   </div>
   <div class='ocr_carea' id='block_1_19' title="bbox 1985 533 3550 602">
    <p class='ocr_par' dir='ltr' id='par_1_19' title="bbox 1985 533 3550 602">
     <span class='ocr_line' id='line_1_19' title="bbox 1985 533 3550 602; baseline 0.004 -16"><span class='ocrx_word' id='word_1_118' title='bbox 1985 541 2104 602; x_wconf 90' lang='lat' dir='ltr'><strong>post</strong></span> <span class='ocrx_word' id='word_1_119' title='bbox 2125 533 2326 601; x_wconf 76' lang='lat' dir='ltr'><strong>aliquot</strong></span> <span class='ocrx_word' id='word_1_120' title='bbox 2359 551 2528 586; x_wconf 86' lang='lat' dir='ltr'><strong>annos</strong></span> <span class='ocrx_word' id='word_1_121' title='bbox 2552 535 2955 588; x_wconf 71' lang='lat' dir='ltr'><strong>Cautuariensis</strong></span> <span class='ocrx_word' id='word_1_122' title='bbox 2999 537 3252 590; x_wconf 81' lang='lat' dir='ltr'><strong>Ecclesiae</strong></span> <span class='ocrx_word' id='word_1_123' title='bbox 3287 539 3550 602; x_wconf 79' lang='lat' dir='ltr'><strong>decanos,</strong></span> 
     </span>
    </p>
   </div>
   <div class='ocr_carea' id='block_1_20' title="bbox 1983 623 3544 696">
    <p class='ocr_par' dir='ltr' id='par_1_20' title="bbox 1983 623 3544 696">
     <span class='ocr_line' id='line_1_20' title="bbox 1983 623 3544 696; baseline 0.004 -22"><span class='ocrx_word' id='word_1_124' title='bbox 1983 637 2014 674; x_wconf 85' lang='lat' dir='ltr'><strong>a</strong></span> <span class='ocrx_word' id='word_1_125' title='bbox 2053 637 2160 689; x_wconf 82' lang='lat' dir='ltr'><strong>quo</strong></span> <span class='ocrx_word' id='word_1_126' title='bbox 2189 623 2348 674; x_wconf 86' lang='lat' dir='ltr'><strong>etiam</strong></span> <span class='ocrx_word' id='word_1_127' title='bbox 2373 623 2488 676; x_wconf 66' lang='lat' dir='ltr'><strong>huic</strong></span> <span class='ocrx_word' id='word_1_128' title='bbox 2517 625 2700 678; x_wconf 85' lang='lat' dir='ltr'><strong>omnia</strong></span> <span class='ocrx_word' id='word_1_129' title='bbox 2743 639 2861 692; x_wconf 79' lang='lat' dir='ltr'><strong>qua:</strong></span> <span class='ocrx_word' id='word_1_130' title='bbox 2915 641 3198 680; x_wconf 78' lang='lat' dir='ltr'><strong>narramus</strong></span> <span class='ocrx_word' id='word_1_131' title='bbox 3257 627 3544 696; x_wconf 84' lang='lat' dir='ltr'><strong>diligenter</strong></span> 
     </span>
    </p>
   </div>
   <div class='ocr_carea' id='block_1_21' title="bbox 1985 713 3546 786">
    <p class='ocr_par' dir='ltr' id='par_1_21' title="bbox 1985 713 3546 786">
     <span class='ocr_line' id='line_1_21' title="bbox 1985 713 3546 786; baseline 0.003 -22"><span class='ocrx_word' id='word_1_132' title='bbox 1985 713 2280 782; x_wconf 83' lang='lat' dir='ltr'><strong>perquisita</strong></span> <span class='ocrx_word' id='word_1_133' title='bbox 2347 715 2698 782; x_wconf 73' lang='lat' dir='ltr'><strong>accepimus,</strong></span> <span class='ocrx_word' id='word_1_134' title='bbox 2753 715 2886 768; x_wconf 81' lang='lat' dir='ltr'><strong>alter</strong></span> <span class='ocrx_word' id='word_1_135' title='bbox 2945 731 3074 768; x_wconf 83' lang='lat' dir='ltr'><strong>vero</strong></span> <span class='ocrx_word' id='word_1_136' title='bbox 3133 715 3546 786; x_wconf 65' lang='lat' dir='ltr'><strong>Elvarduslul,</strong></span> 
     </span>
    </p>
   </div>
   <div class='ocr_carea' id='block_1_22' title="bbox 1981 803 3552 876">
    <p class='ocr_par' dir='ltr' id='par_1_22' title="bbox 1981 803 3552 876">
     <span class='ocr_line' id='line_1_22' title="bbox 1981 803 3552 876; baseline 0 -18"><span class='ocrx_word' id='word_1_137' title='bbox 1981 803 2182 858; x_wconf 80' lang='lat' dir='ltr'><strong>Alfwar</strong></span> <span class='ocrx_word' id='word_1_138' title='bbox 2204 805 2304 876; x_wconf 75' lang='lat' dir='ltr'><strong>lus]</strong></span> <span class='ocrx_word' id='word_1_139' title='bbox 2331 817 2692 876; x_wconf 81' lang='lat' dir='ltr'><strong>cognomento</strong></span> <span class='ocrx_word' id='word_1_140' title='bbox 2735 807 2966 876; x_wconf 75' lang='lat' dir='ltr'><strong>Longus.</strong></span> <span class='ocrx_word' id='word_1_141' title='bbox 2999 809 3312 868; x_wconf 76' lang='lat' dir='ltr'><strong>vocabatur.</strong></span> <span class='ocrx_word' id='word_1_142' title='bbox 3342 811 3426 861; x_wconf 86' lang='lat' dir='ltr'><strong>cui</strong></span> <span class='ocrx_word' id='word_1_143' title='bbox 3457 809 3552 860; x_wconf 80' lang='lat' dir='ltr'><strong>da-</strong></span> 
     </span>
    </p>
   </div>
   <div class='ocr_carea' id='block_1_23' title="bbox 1985 891 3546 966">
    <p class='ocr_par' dir='ltr' id='par_1_23' title="bbox 1985 891 3546 966">
     <span class='ocr_line' id='line_1_23' title="bbox 1985 891 3546 966; baseline 0.003 -20"><span class='ocrx_word' id='word_1_144' title='bbox 1985 903 2202 950; x_wconf 87' lang='lat' dir='ltr'><strong>turnest</strong></span> <span class='ocrx_word' id='word_1_145' title='bbox 2255 911 2450 966; x_wconf 85' lang='lat' dir='ltr'><strong>magno</strong></span> <span class='ocrx_word' id='word_1_146' title='bbox 2502 891 2774 965; x_wconf 82' lang='lat' dir='ltr'><strong>quondam</strong></span> <span class='ocrx_word' id='word_1_147' title='bbox 2819 897 3108 952; x_wconf 75' lang='lat' dir='ltr'><strong>adhrrsisse</strong></span> <span class='ocrx_word' id='word_1_148' title='bbox 3163 898 3546 954; x_wconf 84' lang='lat' dir='ltr'><strong>Duustano.lli</strong></span> 
     </span>
    </p>
   </div>
   <div class='ocr_carea' id='block_1_24' title="bbox 1981 985 3550 1056">
    <p class='ocr_par' dir='ltr' id='par_1_24' title="bbox 1981 985 3550 1056">
     <span class='ocr_line' id='line_1_24' title="bbox 1981 985 3550 1056; baseline 0.001 -20"><span class='ocrx_word' id='word_1_149' title='bbox 1981 997 2110 1053; x_wconf 83' lang='lat' dir='ltr'><strong>ergo</strong></span> <span class='ocrx_word' id='word_1_150' title='bbox 2131 992 2352 1054; x_wconf 87' lang='lat' dir='ltr'><strong>accepta</strong></span> <span class='ocrx_word' id='word_1_151' title='bbox 2383 985 2762 1040; x_wconf 88' lang='lat' dir='ltr'><strong>benedictione</strong></span> <span class='ocrx_word' id='word_1_152' title='bbox 2797 987 3062 1056; x_wconf 86' lang='lat' dir='ltr'><strong>arripiunt</strong></span> <span class='ocrx_word' id='word_1_153' title='bbox 3097 985 3352 1048; x_wconf 73' lang='lat' dir='ltr'><strong>ferreum,</strong></span> <span class='ocrx_word' id='word_1_154' title='bbox 3405 988 3550 1054; x_wconf 88' lang='lat' dir='ltr'><strong>quod</strong></span> 
     </span>
    </p>
   </div>
   <div class='ocr_carea' id='block_1_25' title="bbox 1983 1074 3548 1144">
    <p class='ocr_par' dir='ltr' id='par_1_25' title="bbox 1983 1074 3548 1144">
     <span class='ocr_line' id='line_1_25' title="bbox 1983 1074 3548 1144; baseline 0.003 -18"><span class='ocrx_word' id='word_1_155' title='bbox 1983 1088 2014 1126; x_wconf 88' lang='lat' dir='ltr'><strong>e</strong></span> <span class='ocrx_word' id='word_1_156' title='bbox 2041 1075 2258 1144; x_wconf 80' lang='lat' dir='ltr'><strong>regione</strong></span> <span class='ocrx_word' id='word_1_157' title='bbox 2283 1074 2460 1128; x_wconf 85' lang='lat' dir='ltr'><strong>stabat</strong></span> <span class='ocrx_word' id='word_1_158' title='bbox 2489 1075 2900 1138; x_wconf 79' lang='lat' dir='ltr'><strong>candelabrum,</strong></span> <span class='ocrx_word' id='word_1_159' title='bbox 2939 1077 3228 1129; x_wconf 76' lang='lat' dir='ltr'><strong>molientes</strong></span> <span class='ocrx_word' id='word_1_160' title='bbox 3283 1075 3548 1130; x_wconf 66' lang='lat' dir='ltr'><strong>effr-actio-</strong></span> 
     </span>
    </p>
   </div>
   <div class='ocr_carea' id='block_1_26' title="bbox 1983 1164 3550 1234">
    <p class='ocr_par' dir='ltr' id='par_1_26' title="bbox 1983 1164 3550 1234">
     <span class='ocr_line' id='line_1_26' title="bbox 1983 1164 3550 1234; baseline 0.004 -20"><span class='ocrx_word' id='word_1_161' title='bbox 1983 1178 2104 1216; x_wconf 89' lang='lat' dir='ltr'><strong>nem</strong></span> <span class='ocrx_word' id='word_1_162' title='bbox 2145 1164 2442 1232; x_wconf 78' lang='lat' dir='ltr'><strong>superioris</strong></span> <span class='ocrx_word' id='word_1_163' title='bbox 2469 1176 2758 1220; x_wconf 72' lang='lat' dir='ltr'><strong>structura:</strong></span> <span class='ocrx_word' id='word_1_164' title='bbox 2807 1165 2998 1220; x_wconf 87' lang='lat' dir='ltr'><strong>murali</strong></span> <span class='ocrx_word' id='word_1_165' title='bbox 3041 1181 3206 1234; x_wconf 75' lang='lat' dir='ltr'><strong>opere</strong></span> <span class='ocrx_word' id='word_1_166' title='bbox 3237 1166 3550 1220; x_wconf 87' lang='lat' dir='ltr'><strong>firrnissirue</strong></span> 
     </span>
    </p>
   </div>
   <div class='ocr_carea' id='block_1_27' title="bbox 1981 1253 3548 1326">
    <p class='ocr_par' dir='ltr' id='par_1_27' title="bbox 1981 1253 3548 1326">
     <span class='ocr_line' id='line_1_27' title="bbox 1981 1253 3548 1326; baseline 0.004 -20"><span class='ocrx_word' id='word_1_167' title='bbox 1981 1253 2566 1323; x_wconf 76' lang='lat' dir='ltr'><strong>agglutinatm;atqnc,</strong></span> <span class='ocrx_word' id='word_1_168' title='bbox 2599 1265 2656 1308; x_wconf 86' lang='lat' dir='ltr'><strong>ut</strong></span> <span class='ocrx_word' id='word_1_169' title='bbox 2686 1257 2762 1308; x_wconf 94' lang='lat' dir='ltr'><strong>illi</strong></span> <span class='ocrx_word' id='word_1_170' title='bbox 2816 1267 3162 1310; x_wconf 84' lang='lat' dir='ltr'><strong>asseruernnt</strong></span> <span class='ocrx_word' id='word_1_171' title='bbox 3209 1257 3300 1326; x_wconf 91' lang='lat' dir='ltr'><strong>qui</strong></span> <span class='ocrx_word' id='word_1_172' title='bbox 3357 1267 3548 1312; x_wconf 86' lang='lat' dir='ltr'><strong>testem</strong></span> 
     </span>
    </p>
   </div>
   <div class='ocr_carea' id='block_1_28' title="bbox 1983 1345 3550 1411">
    <p class='ocr_par' dir='ltr' id='par_1_28' title="bbox 1983 1345 3550 1411">
     <span class='ocr_line' id='line_1_28' title="bbox 1983 1345 3550 1411; baseline 0.004 -16"><span class='ocrx_word' id='word_1_173' title='bbox 1983 1345 2302 1398; x_wconf 89' lang='lat' dir='ltr'><strong>assertionis</strong></span> <span class='ocrx_word' id='word_1_174' title='bbox 2345 1361 2456 1398; x_wconf 75' lang='lat' dir='ltr'><strong>sua:</strong></span> <span class='ocrx_word' id='word_1_175' title='bbox 2505 1348 2672 1399; x_wconf 82' lang='lat' dir='ltr'><strong>Deum</strong></span> <span class='ocrx_word' id='word_1_176' title='bbox 2743 1349 3148 1411; x_wconf 81' lang='lat' dir='ltr'><strong>invocaverunt,</strong></span> <span class='ocrx_word' id='word_1_177' title='bbox 3215 1350 3300 1402; x_wconf 69' lang='lat' dir='ltr'><strong>vix</strong></span> <span class='ocrx_word' id='word_1_178' title='bbox 3355 1349 3550 1404; x_wconf 80' lang='lat' dir='ltr'><strong>leviter</strong></span> 
     </span>
    </p>
   </div>
   <div class='ocr_carea' id='block_1_29' title="bbox 1983 1437 3544 1508">
    <p class='ocr_par' dir='ltr' id='par_1_29' title="bbox 1983 1437 3544 1508">
     <span class='ocr_line' id='line_1_29' title="bbox 1983 1437 3544 1508; baseline 0.002 -18"><span class='ocrx_word' id='word_1_179' title='bbox 1983 1451 2177 1490; x_wconf 88' lang='lat' dir='ltr'><strong>manus</strong></span> <span class='ocrx_word' id='word_1_180' title='bbox 2207 1437 2454 1492; x_wconf 88' lang='lat' dir='ltr'><strong>monachi</strong></span> <span class='ocrx_word' id='word_1_181' title='bbox 2479 1439 2854 1502; x_wconf 80' lang='lat' dir='ltr'><strong>admoverant,</strong></span> <span class='ocrx_word' id='word_1_182' title='bbox 2886 1441 3010 1492; x_wconf 90' lang='lat' dir='ltr'><strong>dum</strong></span> <span class='ocrx_word' id='word_1_183' title='bbox 3051 1441 3290 1494; x_wconf 76' lang='lat' dir='ltr'><strong>minores</strong></span> <span class='ocrx_word' id='word_1_184' title='bbox 3321 1441 3544 1508; x_wconf 78' lang='lat' dir='ltr'><strong>lapides,</strong></span> 
     </span>
    </p>
   </div>
   <div class='ocr_carea' id='block_1_30' title="bbox 1981 1528 3544 1600">
    <p class='ocr_par' dir='ltr' id='par_1_30' title="bbox 1981 1528 3544 1600">
     <span class='ocr_line' id='line_1_30' title="bbox 1981 1528 3544 1600; baseline 0.004 -20"><span class='ocrx_word' id='word_1_185' title='bbox 1981 1536 2300 1580; x_wconf 58' lang='lat' dir='ltr'><strong>«cruentum</strong></span> <span class='ocrx_word' id='word_1_186' title='bbox 2337 1537 2390 1580; x_wconf 90' lang='lat' dir='ltr'><strong>et</strong></span> <span class='ocrx_word' id='word_1_187' title='bbox 2431 1528 2690 1597; x_wconf 89' lang='lat' dir='ltr'><strong>quidquid</strong></span> <span class='ocrx_word' id='word_1_188' title='bbox 2747 1532 2924 1598; x_wconf 72' lang='lat' dir='ltr'><strong>operis</strong></span> <span class='ocrx_word' id='word_1_189' title='bbox 2979 1533 3208 1600; x_wconf 81' lang='lat' dir='ltr'><strong>desuper</strong></span> <span class='ocrx_word' id='word_1_190' title='bbox 3251 1535 3544 1598; x_wconf 74' lang='lat' dir='ltr'><strong>eruincluit,</strong></span> 
     </span>
    </p>
   </div>
   <div class='ocr_carea' id='block_1_31' title="bbox 1981 1617 3543 1694">
    <p class='ocr_par' dir='ltr' id='par_1_31' title="bbox 1981 1617 3543 1694">
     <span class='ocr_line' id='line_1_31' title="bbox 1981 1617 3543 1694; baseline 0.006 -24"><span class='ocrx_word' id='word_1_191' title='bbox 1981 1617 2132 1684; x_wconf 86' lang='lat' dir='ltr'><strong>quasi</strong></span> <span class='ocrx_word' id='word_1_192' title='bbox 2189 1619 2444 1672; x_wconf 87' lang='lat' dir='ltr'><strong>arbornru</strong></span> <span class='ocrx_word' id='word_1_193' title='bbox 2497 1619 2622 1672; x_wconf 85' lang='lat' dir='ltr'><strong>folia</strong></span> <span class='ocrx_word' id='word_1_194' title='bbox 2697 1621 2796 1674; x_wconf 89' lang='lat' dir='ltr'><strong>srrb</strong></span> <span class='ocrx_word' id='word_1_195' title='bbox 2855 1623 3024 1688; x_wconf 86' lang='lat' dir='ltr'><strong>prima</strong></span> <span class='ocrx_word' id='word_1_196' title='bbox 3081 1625 3270 1692; x_wconf 84' lang='lat' dir='ltr'><strong>hyeme</strong></span> <span class='ocrx_word' id='word_1_197' title='bbox 3318 1625 3543 1694; x_wconf 82' lang='lat' dir='ltr'><strong>agitata.</strong></span> 
     </span>
    </p>
   </div>
   <div class='ocr_carea' id='block_1_32' title="bbox 1982 1705 3546 1784">
    <p class='ocr_par' dir='ltr' id='par_1_32' title="bbox 1982 1705 3546 1784">
     <span class='ocr_line' id='line_1_32' title="bbox 1982 1705 3546 1784; baseline 0.007 -26"><span class='ocrx_word' id='word_1_198' title='bbox 1982 1705 2264 1760; x_wconf 85' lang='lat' dir='ltr'><strong>cadebant.</strong></span> <span class='ocrx_word' id='word_1_199' title='bbox 2335 1707 2579 1778; x_wconf 80' lang='lat' dir='ltr'><strong>Cumque</strong></span> <span class='ocrx_word' id='word_1_200' title='bbox 2648 1720 2874 1764; x_wconf 88' lang='lat' dir='ltr'><strong>ventum</strong></span> <span class='ocrx_word' id='word_1_201' title='bbox 2933 1712 3116 1767; x_wconf 84' lang='lat' dir='ltr'><strong>fuisset</strong></span> <span class='ocrx_word' id='word_1_202' title='bbox 3187 1715 3252 1766; x_wconf 90' lang='lat' dir='ltr'><strong>ad</strong></span> <span class='ocrx_word' id='word_1_203' title='bbox 3315 1715 3546 1784; x_wconf 86' lang='lat' dir='ltr'><strong>lapidem</strong></span> 
     </span>
    </p>
   </div>
   <div class='ocr_carea' id='block_1_33' title="bbox 308 1797 1878 1886">
    <p class='ocr_par' dir='ltr' id='par_1_33' title="bbox 308 1812 1878 1886">
     <span class='ocr_line' id='line_1_33' title="bbox 308 1812 1878 1886; baseline 0.005 -23"><span class='ocrx_word' id='word_1_204' title='bbox 308 1827 406 1878; x_wconf 84' lang='lat' dir='ltr'><strong>gua</strong></span> <span class='ocrx_word' id='word_1_205' title='bbox 433 1812 706 1866; x_wconf 85' lang='lat' dir='ltr'><strong>Danorum</strong></span> <span class='ocrx_word' id='word_1_206' title='bbox 742 1813 1024 1867; x_wconf 74' lang='lat' dir='ltr'><strong>Ilrrscarlcs</strong></span> <span class='ocrx_word' id='word_1_207' title='bbox 1053 1823 1262 1876; x_wconf 84' lang='lat' dir='ltr'><strong>vocant,</strong></span> <span class='ocrx_word' id='word_1_208' title='bbox 1317 1825 1376 1870; x_wconf 89' lang='lat' dir='ltr'><strong>ut</strong></span> <span class='ocrx_word' id='word_1_209' title='bbox 1423 1815 1512 1868; x_wconf 89' lang='lat' dir='ltr'><strong>alii</strong></span> <span class='ocrx_word' id='word_1_210' title='bbox 1559 1831 1743 1870; x_wconf 87' lang='lat' dir='ltr'><strong>eorum</strong></span> <span class='ocrx_word' id='word_1_211' title='bbox 1785 1833 1878 1886; x_wconf 85' lang='lat' dir='ltr'><strong>per</strong></span> 
     </span>
    </p>
   </div>
   <div class='ocr_carea' id='block_1_34' title="bbox 1978 1797 3548 1886">
    <p class='ocr_par' dir='ltr' id='par_1_34' title="bbox 1980 1797 3548 1876">
     <span class='ocr_line' id='line_1_34' title="bbox 1980 1797 3548 1876; baseline 0.011 -31"><span class='ocrx_word' id='word_1_212' title='bbox 1980 1797 2214 1864; x_wconf 81' lang='lat' dir='ltr'><strong>patentis</strong></span> <span class='ocrx_word' id='word_1_213' title='bbox 2269 1801 2604 1854; x_wconf 84' lang='lat' dir='ltr'><strong>menumonti</strong></span> <span class='ocrx_word' id='word_1_214' title='bbox 2679 1803 3032 1870; x_wconf 68' lang='lat' dir='ltr'><strong>opertorium,</strong></span> <span class='ocrx_word' id='word_1_215' title='bbox 3099 1803 3252 1858; x_wconf 74' lang='lat' dir='ltr'><strong>flexis</strong></span> <span class='ocrx_word' id='word_1_216' title='bbox 3321 1809 3548 1876; x_wconf 84' lang='lat' dir='ltr'><strong>genibus</strong></span> 
     </span>
    </p>
   </div>
   <div class='ocr_carea' id='block_1_35' title="bbox 307 1905 1878 1974">
    <p class='ocr_par' dir='ltr' id='par_1_35' title="bbox 307 1905 1878 1974">
     <span class='ocr_line' id='line_1_35' title="bbox 307 1905 1878 1974; baseline 0.003 -16"><span class='ocrx_word' id='word_1_217' title='bbox 307 1915 588 1958; x_wconf 75' lang='lat' dir='ltr'><strong>extremas</strong></span> <span class='ocrx_word' id='word_1_218' title='bbox 615 1905 854 1960; x_wconf 80' lang='lat' dir='ltr'><strong>civitatis</strong></span> <span class='ocrx_word' id='word_1_219' title='bbox 877 1914 1060 1974; x_wconf 89' lang='lat' dir='ltr'><strong>portas</strong></span> <span class='ocrx_word' id='word_1_220' title='bbox 1107 1906 1398 1961; x_wconf 78' lang='lat' dir='ltr'><strong>seditiones</strong></span> <span class='ocrx_word' id='word_1_221' title='bbox 1449 1908 1742 1972; x_wconf 88' lang='lat' dir='ltr'><strong>concitent,</strong></span> <span class='ocrx_word' id='word_1_222' title='bbox 1789 1909 1878 1962; x_wconf 88' lang='lat' dir='ltr'><strong>alii</strong></span> 
     </span>
    </p>
   </div>
   <div class='ocr_carea' id='block_1_36' title="bbox 306 1996 1878 2064">
    <p class='ocr_par' dir='ltr' id='par_1_36' title="bbox 306 1996 1878 2064">
     <span class='ocr_line' id='line_1_36' title="bbox 306 1996 1878 2064; baseline 0.004 -16"><span class='ocrx_word' id='word_1_223' title='bbox 306 2003 520 2064; x_wconf 84' lang='lat' dir='ltr'><strong>pontem</strong></span> <span class='ocrx_word' id='word_1_224' title='bbox 545 2003 598 2048; x_wconf 89' lang='lat' dir='ltr'><strong>et</strong></span> <span class='ocrx_word' id='word_1_225' title='bbox 627 1996 772 2064; x_wconf 83' lang='lat' dir='ltr'><strong>ripas</strong></span> <span class='ocrx_word' id='word_1_226' title='bbox 793 1996 1026 2051; x_wconf 86' lang='lat' dir='ltr'><strong>fluminis</strong></span> <span class='ocrx_word' id='word_1_227' title='bbox 1053 1999 1246 2052; x_wconf 81' lang='lat' dir='ltr'><strong>annali</strong></span> <span class='ocrx_word' id='word_1_228' title='bbox 1273 1999 1575 2062; x_wconf 81' lang='lat' dir='ltr'><strong>obsideant,</strong></span> <span class='ocrx_word' id='word_1_229' title='bbox 1601 2015 1666 2054; x_wconf 89' lang='lat' dir='ltr'><strong>ne</strong></span> <span class='ocrx_word' id='word_1_230' title='bbox 1681 2017 1878 2054; x_wconf 77' lang='lat' dir='ltr'><strong>excun-</strong></span> 
     </span>
    </p>
   </div>
   <div class='ocr_carea' id='block_1_37' title="bbox 309 2089 1876 2162">
    <p class='ocr_par' dir='ltr' id='par_1_37' title="bbox 309 2089 1876 2162">
     <span class='ocr_line' id='line_1_37' title="bbox 309 2089 1876 2162; baseline 0.004 -22"><span class='ocrx_word' id='word_1_231' title='bbox 309 2094 384 2140; x_wconf 87' lang='lat' dir='ltr'><strong>tes</strong></span> <span class='ocrx_word' id='word_1_232' title='bbox 411 2103 508 2140; x_wconf 88' lang='lat' dir='ltr'><strong>eos</strong></span> <span class='ocrx_word' id='word_1_233' title='bbox 535 2103 656 2144; x_wconf 87' lang='lat' dir='ltr'><strong>cum</strong></span> <span class='ocrx_word' id='word_1_234' title='bbox 687 2102 915 2156; x_wconf 86' lang='lat' dir='ltr'><strong>corpore</strong></span> <span class='ocrx_word' id='word_1_235' title='bbox 949 2089 1118 2144; x_wconf 85' lang='lat' dir='ltr'><strong>sancti</strong></span> <span class='ocrx_word' id='word_1_236' title='bbox 1147 2089 1434 2146; x_wconf 85' lang='lat' dir='ltr'><strong>Londanus</strong></span> <span class='ocrx_word' id='word_1_237' title='bbox 1477 2092 1702 2162; x_wconf 86' lang='lat' dir='ltr'><strong>populus</strong></span> <span class='ocrx_word' id='word_1_238' title='bbox 1736 2109 1876 2162; x_wconf 71' lang='lat' dir='ltr'><strong>prac—</strong></span> 
     </span>
    </p>
   </div>
   <div class='ocr_carea' id='block_1_38' title="bbox 301 2179 1562 2247">
    <p class='ocr_par' dir='ltr' id='par_1_38' title="bbox 301 2179 1562 2247">
     <span class='ocr_line' id='line_1_38' title="bbox 301 2179 1562 2247; baseline 0.008 -16"><span class='ocrx_word' id='word_1_239' title='bbox 301 2179 490 2247; x_wconf 59' lang='lat' dir='ltr'><strong>p-alire</strong></span> <span class='ocrx_word' id='word_1_240' title='bbox 519 2179 716 2236; x_wconf 73' lang='lat' dir='ltr'><strong>valeat.</strong></span> <span class='ocrx_word' id='word_1_241' title='bbox 1555 2203 1562 2210; x_wconf 93' lang='lat'><strong>&#39;</strong></span> 
     </span>
    </p>
   </div>
   <div class='ocr_carea' id='block_1_39' title="bbox 373 2290 1874 2366">
    <p class='ocr_par' dir='ltr' id='par_1_39' title="bbox 373 2290 1874 2366">
     <span class='ocr_line' id='line_1_39' title="bbox 373 2290 1874 2366; baseline 0.005 -23"><span class='ocrx_word' id='word_1_242' title='bbox 373 2290 428 2343; x_wconf 84' lang='lat'><strong>5.</strong></span> <span class='ocrx_word' id='word_1_243' title='bbox 497 2291 776 2360; x_wconf 75' lang='lat' dir='ltr'><strong>Ingressus</strong></span> <span class='ocrx_word' id='word_1_244' title='bbox 819 2307 950 2360; x_wconf 71' lang='lat' dir='ltr'><strong>ergo</strong></span> <span class='ocrx_word' id='word_1_245' title='bbox 983 2309 1078 2348; x_wconf 76' lang='lat' dir='ltr'><strong>rex</strong></span> <span class='ocrx_word' id='word_1_246' title='bbox 1165 2293 1474 2358; x_wconf 82' lang='lat' dir='ltr'><strong>ecclesiam,</strong></span> <span class='ocrx_word' id='word_1_247' title='bbox 1529 2307 1874 2366; x_wconf 78' lang='lat' dir='ltr'><strong>amp.exatur</strong></span> 
     </span>
    </p>
   </div>
   <div class='ocr_carea' id='block_1_40' title="bbox 305 2381 1872 2455">
    <p class='ocr_par' dir='ltr' id='par_1_40' title="bbox 305 2381 1872 2455">
     <span class='ocr_line' id='line_1_40' title="bbox 305 2381 1872 2455; baseline 0.006 -24"><span class='ocrx_word' id='word_1_248' title='bbox 305 2381 776 2450; x_wconf 84' lang='lat' dir='ltr'><strong>archiepiscopum</strong></span> <span class='ocrx_word' id='word_1_249' title='bbox 829 2383 1080 2437; x_wconf 85' lang='lat' dir='ltr'><strong>osculans</strong></span> <span class='ocrx_word' id='word_1_250' title='bbox 1129 2383 1318 2450; x_wconf 89' lang='lat' dir='ltr'><strong>illum;</strong></span> <span class='ocrx_word' id='word_1_251' title='bbox 1375 2387 1664 2455; x_wconf 88' lang='lat' dir='ltr'><strong>statiruqne</strong></span> <span class='ocrx_word' id='word_1_252' title='bbox 1714 2387 1872 2442; x_wconf 80' lang='lat' dir='ltr'><strong>obse-</strong></span> 
     </span>
    </p>
   </div>
   <div class='ocr_carea' id='block_1_41' title="bbox 311 2469 1871 2533">
    <p class='ocr_par' dir='ltr' id='par_1_41' title="bbox 311 2469 1871 2533">
     <span class='ocr_line' id='line_1_41' title="bbox 311 2469 1871 2533; baseline 0.008 -14"><span class='ocrx_word' id='word_1_253' title='bbox 311 2470 438 2522; x_wconf 85' lang='lat' dir='ltr'><strong>ratis</strong></span> <span class='ocrx_word' id='word_1_254' title='bbox 509 2469 734 2533; x_wconf 81' lang='lat' dir='ltr'><strong>foribus,</strong></span> <span class='ocrx_word' id='word_1_255' title='bbox 793 2473 1096 2526; x_wconf 76' lang='lat' dir='ltr'><strong>lretabunrla</strong></span> <span class='ocrx_word' id='word_1_256' title='bbox 1177 2474 1334 2528; x_wconf 87' lang='lat' dir='ltr'><strong>simul</strong></span> <span class='ocrx_word' id='word_1_257' title='bbox 1393 2491 1456 2530; x_wconf 90' lang='lat' dir='ltr'><strong>ac</strong></span> <span class='ocrx_word' id='word_1_258' title='bbox 1517 2477 1871 2532; x_wconf 87' lang='lat' dir='ltr'><strong>tremebunda</strong></span> 
     </span>
    </p>
   </div>
   <div class='ocr_carea' id='block_1_42' title="bbox 307 2563 1872 2633">
    <p class='ocr_par' dir='ltr' id='par_1_42' title="bbox 307 2563 1872 2633">
     <span class='ocr_line' id='line_1_42' title="bbox 307 2563 1872 2633; baseline 0.006 -21"><span class='ocrx_word' id='word_1_259' title='bbox 307 2575 438 2615; x_wconf 83' lang='lat' dir='ltr'><strong>voce</strong></span> <span class='ocrx_word' id='word_1_260' title='bbox 475 2563 591 2615; x_wconf 87' lang='lat' dir='ltr'><strong>ait:</strong></span> <span class='ocrx_word' id='word_1_261' title='bbox 631 2581 648 2611; x_wconf 78' lang='grc' dir='ltr'><strong>ι</strong></span> <span class='ocrx_word' id='word_1_262' title='bbox 691 2563 832 2617; x_wconf 83' lang='lat' dir='ltr'><strong>Ecce</strong></span> <span class='ocrx_word' id='word_1_263' title='bbox 884 2563 1002 2618; x_wconf 82' lang='lat' dir='ltr'><strong>dies</strong></span> <span class='ocrx_word' id='word_1_264' title='bbox 1023 2580 1184 2633; x_wconf 86' lang='lat' dir='ltr'><strong>quam</strong></span> <span class='ocrx_word' id='word_1_265' title='bbox 1209 2565 1334 2620; x_wconf 85' lang='lat' dir='ltr'><strong>fecit</strong></span> <span class='ocrx_word' id='word_1_266' title='bbox 1361 2567 1641 2633; x_wconf 88' lang='lat' dir='ltr'><strong>Dominus,</strong></span> <span class='ocrx_word' id='word_1_267' title='bbox 1685 2571 1872 2624; x_wconf 83' lang='lat' dir='ltr'><strong>exsul-</strong></span> 
     </span>
    </p>
   </div>
   <div class='ocr_carea' id='block_1_43' title="bbox 313 2655 1875 2730">
    <p class='ocr_par' dir='ltr' id='par_1_43' title="bbox 313 2655 1875 2730">
     <span class='ocr_line' id='line_1_43' title="bbox 313 2655 1875 2730; baseline 0.01 -27"><span class='ocrx_word' id='word_1_268' title='bbox 313 2663 484 2706; x_wconf 82' lang='lat' dir='ltr'><strong>temus</strong></span> <span class='ocrx_word' id='word_1_269' title='bbox 511 2663 564 2706; x_wconf 91' lang='lat' dir='ltr'><strong>et</strong></span> <span class='ocrx_word' id='word_1_270' title='bbox 589 2655 832 2708; x_wconf 69' lang='lat' dir='ltr'><strong>laetemur</strong></span> <span class='ocrx_word' id='word_1_271' title='bbox 859 2656 910 2709; x_wconf 90' lang='lat' dir='ltr'><strong>in</strong></span> <span class='ocrx_word' id='word_1_272' title='bbox 941 2671 1024 2710; x_wconf 66' lang='lat' dir='ltr'><strong>ea.</strong></span> <span class='ocrx_word' id='word_1_273' title='bbox 1063 2676 1082 2708; x_wconf 75' lang='grc' dir='ltr'><strong>ι</strong></span> <span class='ocrx_word' id='word_1_274' title='bbox 1117 2659 1252 2713; x_wconf 88' lang='lat' dir='ltr'><strong>Ecce</strong></span> <span class='ocrx_word' id='word_1_275' title='bbox 1283 2659 1396 2714; x_wconf 85' lang='lat' dir='ltr'><strong>dics</strong></span> <span class='ocrx_word' id='word_1_276' title='bbox 1435 2662 1498 2716; x_wconf 88' lang='lat' dir='ltr'><strong>de</strong></span> <span class='ocrx_word' id='word_1_277' title='bbox 1529 2677 1632 2730; x_wconf 87' lang='lat' dir='ltr'><strong>qua</strong></span> <span class='ocrx_word' id='word_1_278' title='bbox 1667 2664 1875 2718; x_wconf 69' lang='lat' dir='ltr'><strong>loeutus</strong></span> 
     </span>
    </p>
   </div>
   <div class='ocr_carea' id='block_1_44' title="bbox 307 2742 1876 2808">
    <p class='ocr_par' dir='ltr' id='par_1_44' title="bbox 307 2742 1876 2808">
     <span class='ocr_line' id='line_1_44' title="bbox 307 2742 1876 2808; baseline 0.011 -16"><span class='ocrx_word' id='word_1_279' title='bbox 307 2750 388 2792; x_wconf 75' lang='lat' dir='ltr'><strong>est</strong></span> <span class='ocrx_word' id='word_1_280' title='bbox 427 2742 704 2807; x_wconf 78' lang='lat' dir='ltr'><strong>llorrrinns,</strong></span> <span class='ocrx_word' id='word_1_281' title='bbox 733 2753 790 2796; x_wconf 90' lang='lat' dir='ltr'><strong>nt</strong></span> <span class='ocrx_word' id='word_1_282' title='bbox 823 2744 877 2796; x_wconf 91' lang='lat' dir='ltr'><strong>iu</strong></span> <span class='ocrx_word' id='word_1_283' title='bbox 913 2759 976 2798; x_wconf 90' lang='lat' dir='ltr'><strong>ea</strong></span> <span class='ocrx_word' id='word_1_284' title='bbox 1017 2747 1376 2804; x_wconf 74' lang='lat' dir='ltr'><strong>transferatur</strong></span> <span class='ocrx_word' id='word_1_285' title='bbox 1421 2751 1703 2807; x_wconf 69' lang='lat' dir='ltr'><strong>thesaurus</strong></span> <span class='ocrx_word' id='word_1_286' title='bbox 1755 2755 1876 2808; x_wconf 89' lang='lat' dir='ltr'><strong>rcli-</strong></span> 
     </span>
    </p>
   </div>
   <div class='ocr_carea' id='block_1_45' title="bbox 305 2831 1876 2910">
    <p class='ocr_par' dir='ltr' id='par_1_45' title="bbox 305 2831 1876 2910">
     <span class='ocr_line' id='line_1_45' title="bbox 305 2831 1876 2910; baseline 0.012 -30"><span class='ocrx_word' id='word_1_287' title='bbox 305 2831 558 2897; x_wconf 85' lang='lat' dir='ltr'><strong>quiarum</strong></span> <span class='ocrx_word' id='word_1_288' title='bbox 611 2833 792 2886; x_wconf 87' lang='lat' dir='ltr'><strong>domui</strong></span> <span class='ocrx_word' id='word_1_289' title='bbox 861 2835 1076 2906; x_wconf 78' lang='lat' dir='ltr'><strong>Elphcgi</strong></span> <span class='ocrx_word' id='word_1_290' title='bbox 1113 2837 1178 2890; x_wconf 86' lang='lat' dir='ltr'><strong>de</strong></span> <span class='ocrx_word' id='word_1_291' title='bbox 1231 2839 1390 2894; x_wconf 88' lang='lat' dir='ltr'><strong>domo</strong></span> <span class='ocrx_word' id='word_1_292' title='bbox 1449 2843 1876 2910; x_wconf 77' lang='lat' dir='ltr'><strong>lrospiziiaddo-</strong></span> 
     </span>
    </p>
   </div>
   <div class='ocr_carea' id='block_1_46' title="bbox 311 2921 1873 2996">
    <p class='ocr_par' dir='ltr' id='par_1_46' title="bbox 311 2921 1873 2996">
     <span class='ocr_line' id='line_1_46' title="bbox 311 2921 1873 2996; baseline 0.011 -26"><span class='ocrx_word' id='word_1_293' title='bbox 311 2933 456 2972; x_wconf 86' lang='lat' dir='ltr'><strong>nnrrn</strong></span> <span class='ocrx_word' id='word_1_294' title='bbox 493 2921 896 2988; x_wconf 85' lang='lat' dir='ltr'><strong>patriarchalus</strong></span> <span class='ocrx_word' id='word_1_295' title='bbox 943 2926 1048 2978; x_wconf 91' lang='lat' dir='ltr'><strong>sui.</strong></span> <span class='ocrx_word' id='word_1_296' title='bbox 1097 2927 1177 2980; x_wconf 80' lang='lat' dir='ltr'><strong>Ad</strong></span> <span class='ocrx_word' id='word_1_297' title='bbox 1229 2929 1370 2996; x_wconf 87' lang='lat' dir='ltr'><strong>quod</strong></span> <span class='ocrx_word' id='word_1_298' title='bbox 1425 2931 1626 2986; x_wconf 89' lang='lat' dir='ltr'><strong>dictum</strong></span> <span class='ocrx_word' id='word_1_299' title='bbox 1675 2941 1873 2987; x_wconf 90' lang='lat' dir='ltr'><strong>treme-</strong></span> 
     </span>
    </p>
   </div>
   <div class='ocr_carea' id='block_1_47' title="bbox 312 3008 1873 3089">
    <p class='ocr_par' dir='ltr' id='par_1_47' title="bbox 312 3008 1873 3089">
     <span class='ocr_line' id='line_1_47' title="bbox 312 3008 1873 3089; baseline 0.011 -28"><span class='ocrx_word' id='word_1_300' title='bbox 312 3008 484 3064; x_wconf 84' lang='lat' dir='ltr'><strong>factus</strong></span> <span class='ocrx_word' id='word_1_301' title='bbox 507 3029 668 3082; x_wconf 83' lang='lat' dir='ltr'><strong>supra</strong></span> <span class='ocrx_word' id='word_1_302' title='bbox 699 3029 858 3082; x_wconf 88' lang='lat' dir='ltr'><strong>quam</strong></span> <span class='ocrx_word' id='word_1_303' title='bbox 885 3017 990 3072; x_wconf 88' lang='lat' dir='ltr'><strong>diei</strong></span> <span class='ocrx_word' id='word_1_304' title='bbox 1039 3029 1216 3089; x_wconf 79' lang='lat' dir='ltr'><strong>potest</strong></span> <span class='ocrx_word' id='word_1_305' title='bbox 1269 3023 1542 3078; x_wconf 85' lang='lat' dir='ltr'><strong>sacerdos.</strong></span> <span class='ocrx_word' id='word_1_306' title='bbox 1590 3039 1696 3079; x_wconf 90' lang='lat' dir='ltr'><strong>non</strong></span> <span class='ocrx_word' id='word_1_307' title='bbox 1729 3027 1873 3080; x_wconf 90' lang='lat' dir='ltr'><strong>enim</strong></span> 
     </span>
    </p>
   </div>
   <div class='ocr_carea' id='block_1_48' title="bbox 305 3104 1943 3188">
    <p class='ocr_par' dir='ltr' id='par_1_48' title="bbox 305 3104 1943 3188">
     <span class='ocr_line' id='line_1_48' title="bbox 305 3104 1943 3188; baseline 0.009 -32"><span class='ocrx_word' id='word_1_308' title='bbox 305 3104 688 3173; x_wconf 78' lang='lat' dir='ltr'><strong>scirbatcujus</strong></span> <span class='ocrx_word' id='word_1_309' title='bbox 731 3110 808 3162; x_wconf 87' lang='lat' dir='ltr'><strong>rei</strong></span> <span class='ocrx_word' id='word_1_310' title='bbox 855 3112 1028 3178; x_wconf 83' lang='lat' dir='ltr'><strong>gratia</strong></span> <span class='ocrx_word' id='word_1_311' title='bbox 1061 3129 1088 3166; x_wconf 89' lang='lat' dir='ltr'><strong>a</strong></span> <span class='ocrx_word' id='word_1_312' title='bbox 1123 3129 1250 3184; x_wconf 88' lang='lat' dir='ltr'><strong>rege</strong></span> <span class='ocrx_word' id='word_1_313' title='bbox 1301 3125 1522 3170; x_wconf 86' lang='lat' dir='ltr'><strong>vocatus</strong></span> <span class='ocrx_word' id='word_1_314' title='bbox 1573 3117 1783 3180; x_wconf 77' lang='lat' dir='ltr'><strong>fuisset,</strong></span> <span class='ocrx_word' id='word_1_315' title='bbox 1818 3118 1868 3170; x_wconf 91' lang='lat' dir='ltr'><strong>in</strong></span> <span class='ocrx_word' id='word_1_316' title='bbox 1899 3129 1943 3188; x_wconf 83' lang='lat' dir='ltr'><strong>C</strong></span> 
     </span>
    </p>
   </div>
   <div class='ocr_carea' id='block_1_49' title="bbox 313 3199 1872 3277">
    <p class='ocr_par' dir='ltr' id='par_1_49' title="bbox 313 3199 1872 3277">
     <span class='ocr_line' id='line_1_49' title="bbox 313 3199 1872 3277; baseline 0.013 -32"><span class='ocrx_word' id='word_1_317' title='bbox 313 3210 500 3263; x_wconf 75' lang='lat' dir='ltr'><strong>magna</strong></span> <span class='ocrx_word' id='word_1_318' title='bbox 583 3199 752 3252; x_wconf 85' lang='lat' dir='ltr'><strong>animi</strong></span> <span class='ocrx_word' id='word_1_319' title='bbox 793 3203 1042 3270; x_wconf 78' lang='lat' dir='ltr'><strong>angustia</strong></span> <span class='ocrx_word' id='word_1_320' title='bbox 1089 3205 1260 3260; x_wconf 72' lang='lat' dir='ltr'><strong>dixit:</strong></span> <span class='ocrx_word' id='word_1_321' title='bbox 1319 3206 1432 3262; x_wconf 78' lang='lat' dir='ltr'><strong>Non</strong></span> <span class='ocrx_word' id='word_1_322' title='bbox 1501 3209 1593 3262; x_wconf 82' lang='lat' dir='ltr'><strong>tibi</strong></span> <span class='ocrx_word' id='word_1_323' title='bbox 1647 3209 1872 3277; x_wconf 75' lang='lat' dir='ltr'><strong>imputet</strong></span> 
     </span>
    </p>
   </div>
   <div class='ocr_carea' id='block_1_50' title="bbox 311 3286 1874 3364">
    <p class='ocr_par' dir='ltr' id='par_1_50' title="bbox 311 3286 1874 3364">
     <span class='ocr_line' id='line_1_50' title="bbox 311 3286 1874 3364; baseline 0.015 -32"><span class='ocrx_word' id='word_1_324' title='bbox 311 3286 654 3352; x_wconf 83' lang='lat' dir='ltr'><strong>omnipotens</strong></span> <span class='ocrx_word' id='word_1_325' title='bbox 703 3288 862 3354; x_wconf 87' lang='lat' dir='ltr'><strong>Deus,</strong></span> <span class='ocrx_word' id='word_1_326' title='bbox 893 3291 1107 3346; x_wconf 89' lang='lat' dir='ltr'><strong>domine</strong></span> <span class='ocrx_word' id='word_1_327' title='bbox 1146 3297 1214 3347; x_wconf 90' lang='lat' dir='ltr'><strong>mi</strong></span> <span class='ocrx_word' id='word_1_328' title='bbox 1243 3311 1358 3360; x_wconf 83' lang='lat' dir='ltr'><strong>rex,</strong></span> <span class='ocrx_word' id='word_1_329' title='bbox 1406 3299 1548 3364; x_wconf 87' lang='lat' dir='ltr'><strong>quod</strong></span> <span class='ocrx_word' id='word_1_330' title='bbox 1574 3300 1674 3354; x_wconf 90' lang='lat' dir='ltr'><strong>hoc</strong></span> <span class='ocrx_word' id='word_1_331' title='bbox 1699 3301 1874 3355; x_wconf 84' lang='lat' dir='ltr'><strong>faccre</strong></span> 
     </span>
    </p>
   </div>
   <div class='ocr_carea' id='block_1_51' title="bbox 311 3375 1848 3444">
    <p class='ocr_par' dir='ltr' id='par_1_51' title="bbox 311 3375 1848 3444">
     <span class='ocr_line' id='line_1_51' title="bbox 311 3375 1848 3444; baseline 0.012 -19"><span class='ocrx_word' id='word_1_332' title='bbox 311 3375 542 3437; x_wconf 71' lang='lat' dir='ltr'><strong>voluisti,</strong></span> <span class='ocrx_word' id='word_1_333' title='bbox 575 3387 630 3429; x_wconf 88' lang='lat' dir='ltr'><strong>et</strong></span> <span class='ocrx_word' id='word_1_334' title='bbox 661 3393 764 3432; x_wconf 90' lang='lat' dir='ltr'><strong>non</strong></span> <span class='ocrx_word' id='word_1_335' title='bbox 807 3380 1054 3435; x_wconf 83' lang='lat' dir='ltr'><strong>indicasti</strong></span> <span class='ocrx_word' id='word_1_336' title='bbox 1099 3385 1230 3438; x_wconf 88' lang='lat' dir='ltr'><strong>mihi</strong></span> <span class='ocrx_word' id='word_1_337' title='bbox 1263 3389 1548 3442; x_wconf 84' lang='lat' dir='ltr'><strong>consilium</strong></span> <span class='ocrx_word' id='word_1_338' title='bbox 1579 3390 1743 3444; x_wconf 87' lang='lat' dir='ltr'><strong>animi</strong></span> <span class='ocrx_word' id='word_1_339' title='bbox 1775 3393 1848 3443; x_wconf 91' lang='lat' dir='ltr'><strong>tui</strong></span> 
     </span>
    </p>
   </div>
   <div class='ocr_carea' id='block_1_52' title="bbox 309 3466 1877 3546">
    <p class='ocr_par' dir='ltr' id='par_1_52' title="bbox 309 3466 1877 3546">
     <span class='ocr_line' id='line_1_52' title="bbox 309 3466 1877 3546; baseline 0.015 -36"><span class='ocrx_word' id='word_1_340' title='bbox 309 3473 580 3529; x_wconf 76' lang='lat' dir='ltr'><strong>quatenus</strong></span> <span class='ocrx_word' id='word_1_341' title='bbox 609 3466 926 3522; x_wconf 83' lang='lat' dir='ltr'><strong>instructior</strong></span> <span class='ocrx_word' id='word_1_342' title='bbox 956 3485 1018 3524; x_wconf 87' lang='lat' dir='ltr'><strong>ac</strong></span> <span class='ocrx_word' id='word_1_343' title='bbox 1043 3489 1136 3540; x_wconf 90' lang='lat' dir='ltr'><strong>per</strong></span> <span class='ocrx_word' id='word_1_344' title='bbox 1163 3475 1343 3528; x_wconf 85' lang='lat' dir='ltr'><strong>omnia</strong></span> <span class='ocrx_word' id='word_1_345' title='bbox 1392 3478 1630 3546; x_wconf 86' lang='lat' dir='ltr'><strong>paratior</strong></span> <span class='ocrx_word' id='word_1_346' title='bbox 1653 3482 1877 3534; x_wconf 86' lang='lat' dir='ltr'><strong>adveni-</strong></span> 
     </span>
    </p>
   </div>
   <div class='ocr_carea' id='block_1_53' title="bbox 315 3555 1876 3637">
    <p class='ocr_par' dir='ltr' id='par_1_53' title="bbox 315 3555 1876 3637">
     <span class='ocr_line' id='line_1_53' title="bbox 315 3555 1876 3637; baseline 0.014 -35"><span class='ocrx_word' id='word_1_347' title='bbox 315 3569 450 3612; x_wconf 83' lang='lat' dir='ltr'><strong>rern.</strong></span> <span class='ocrx_word' id='word_1_348' title='bbox 485 3569 548 3607; x_wconf 86' lang='lat' dir='ltr'><strong>ne</strong></span> <span class='ocrx_word' id='word_1_349' title='bbox 587 3555 638 3607; x_wconf 90' lang='lat' dir='ltr'><strong>in</strong></span> <span class='ocrx_word' id='word_1_350' title='bbox 674 3557 852 3610; x_wconf 87' lang='lat' dir='ltr'><strong>medio</strong></span> <span class='ocrx_word' id='word_1_351' title='bbox 901 3561 1134 3616; x_wconf 85' lang='lat' dir='ltr'><strong>civitatis</strong></span> <span class='ocrx_word' id='word_1_352' title='bbox 1175 3563 1330 3632; x_wconf 86' lang='lat' dir='ltr'><strong>hujus</strong></span> <span class='ocrx_word' id='word_1_353' title='bbox 1379 3574 1484 3619; x_wconf 87' lang='lat' dir='ltr'><strong>tam</strong></span> <span class='ocrx_word' id='word_1_354' title='bbox 1531 3583 1738 3637; x_wconf 77' lang='lat' dir='ltr'><strong>magna:</strong></span> <span class='ocrx_word' id='word_1_355' title='bbox 1783 3585 1876 3624; x_wconf 90' lang='lat' dir='ltr'><strong>oc-</strong></span> 
     </span>
    </p>
   </div>
   <div class='ocr_carea' id='block_1_54' title="bbox 313 3642 1872 3717">
    <p class='ocr_par' dir='ltr' id='par_1_54' title="bbox 313 3642 1872 3717">
     <span class='ocr_line' id='line_1_54' title="bbox 313 3642 1872 3717; baseline 0.014 -24"><span class='ocrx_word' id='word_1_356' title='bbox 313 3642 622 3696; x_wconf 81' lang='lat' dir='ltr'><strong>crrrnbercm</strong></span> <span class='ocrx_word' id='word_1_357' title='bbox 658 3661 674 3708; x_wconf 88' lang='lat'><strong>;</strong></span> <span class='ocrx_word' id='word_1_358' title='bbox 706 3655 797 3698; x_wconf 86' lang='lat' dir='ltr'><strong>aut</strong></span> <span class='ocrx_word' id='word_1_359' title='bbox 835 3650 876 3701; x_wconf 91' lang='lat' dir='ltr'><strong>si</strong></span> <span class='ocrx_word' id='word_1_360' title='bbox 906 3647 1106 3717; x_wconf 87' lang='lat' dir='ltr'><strong>placuit</strong></span> <span class='ocrx_word' id='word_1_361' title='bbox 1134 3667 1244 3704; x_wconf 89' lang='lat' dir='ltr'><strong>rem</strong></span> <span class='ocrx_word' id='word_1_362' title='bbox 1278 3663 1382 3706; x_wconf 90' lang='lat' dir='ltr'><strong>tam</strong></span> <span class='ocrx_word' id='word_1_363' title='bbox 1413 3655 1682 3712; x_wconf 76' lang='lat' dir='ltr'><strong>difﬁcilem</strong></span> <span class='ocrx_word' id='word_1_364' title='bbox 1739 3660 1872 3714; x_wconf 87' lang='lat' dir='ltr'><strong>inci-</strong></span> 
     </span>
    </p>
   </div>
   <div class='ocr_carea' id='block_1_55' title="bbox 315 3739 1874 3821">
    <p class='ocr_par' dir='ltr' id='par_1_55' title="bbox 315 3739 1874 3821">
     <span class='ocr_line' id='line_1_55' title="bbox 315 3739 1874 3821; baseline 0.013 -36"><span class='ocrx_word' id='word_1_365' title='bbox 315 3749 462 3802; x_wconf 74' lang='lat' dir='ltr'><strong>perc,</strong></span> <span class='ocrx_word' id='word_1_366' title='bbox 493 3752 589 3788; x_wconf 89' lang='lat' dir='ltr'><strong>cur</strong></span> <span class='ocrx_word' id='word_1_367' title='bbox 617 3739 810 3790; x_wconf 87' lang='lat' dir='ltr'><strong>saltem</strong></span> <span class='ocrx_word' id='word_1_368' title='bbox 869 3755 972 3792; x_wconf 89' lang='lat' dir='ltr'><strong>non</strong></span> <span class='ocrx_word' id='word_1_369' title='bbox 1032 3741 1300 3800; x_wconf 79' lang='lat' dir='ltr'><strong>adduxisti</strong></span> <span class='ocrx_word' id='word_1_370' title='bbox 1350 3748 1514 3814; x_wconf 73' lang='lat' dir='ltr'><strong>viros,</strong></span> <span class='ocrx_word' id='word_1_371' title='bbox 1569 3751 1660 3818; x_wconf 89' lang='lat' dir='ltr'><strong>qui</strong></span> <span class='ocrx_word' id='word_1_372' title='bbox 1715 3752 1874 3821; x_wconf 86' lang='lat' dir='ltr'><strong>hujus</strong></span> 
     </span>
    </p>
   </div>
   <div class='ocr_carea' id='block_1_56' title="bbox 313 3827 1876 3910">
    <p class='ocr_par' dir='ltr' id='par_1_56' title="bbox 313 3827 1876 3910">
     <span class='ocr_line' id='line_1_56' title="bbox 313 3827 1876 3910; baseline 0.017 -36"><span class='ocrx_word' id='word_1_373' title='bbox 313 3827 490 3890; x_wconf 63' lang='lat' dir='ltr'><strong>operis</strong></span> <span class='ocrx_word' id='word_1_374' title='bbox 521 3835 740 3893; x_wconf 73' lang='lat' dir='ltr'><strong>ptisSCtll</strong></span> <span class='ocrx_word' id='word_1_375' title='bbox 773 3830 1004 3884; x_wconf 88' lang='lat' dir='ltr'><strong>ministri</strong></span> <span class='ocrx_word' id='word_1_376' title='bbox 1039 3835 1292 3898; x_wconf 75' lang='lat' dir='ltr'><strong>existere,</strong></span> <span class='ocrx_word' id='word_1_377' title='bbox 1344 3851 1466 3893; x_wconf 92' lang='lat' dir='ltr'><strong>cum</strong></span> <span class='ocrx_word' id='word_1_378' title='bbox 1501 3839 1640 3910; x_wconf 80' lang='lat' dir='ltr'><strong>lapis</strong></span> <span class='ocrx_word' id='word_1_379' title='bbox 1671 3843 1736 3898; x_wconf 89' lang='lat' dir='ltr'><strong>ad</strong></span> <span class='ocrx_word' id='word_1_380' title='bbox 1762 3860 1876 3899; x_wconf 90' lang='lat' dir='ltr'><strong>mo-</strong></span> 
     </span>
    </p>
   </div>
   <div class='ocr_carea' id='block_1_57' title="bbox 321 3919 1877 3999">
    <p class='ocr_par' dir='ltr' id='par_1_57' title="bbox 321 3919 1877 3999">
     <span class='ocr_line' id='line_1_57' title="bbox 321 3919 1877 3999; baseline 0.015 -33"><span class='ocrx_word' id='word_1_381' title='bbox 321 3919 551 3970; x_wconf 57' lang='lat' dir='ltr'><strong>nnazcuti</strong></span> <span class='ocrx_word' id='word_1_382' title='bbox 582 3921 778 3972; x_wconf 88' lang='lat' dir='ltr'><strong>ostium</strong></span> <span class='ocrx_word' id='word_1_383' title='bbox 814 3922 1018 3990; x_wconf 82' lang='lat' dir='ltr'><strong>positus</strong></span> <span class='ocrx_word' id='word_1_384' title='bbox 1080 3927 1210 3979; x_wconf 88' lang='lat' dir='ltr'><strong>tanti</strong></span> <span class='ocrx_word' id='word_1_385' title='bbox 1268 3931 1522 3998; x_wconf 84' lang='lat' dir='ltr'><strong>ponderis</strong></span> <span class='ocrx_word' id='word_1_386' title='bbox 1567 3934 1786 3999; x_wconf 85' lang='lat' dir='ltr'><strong>existat,</strong></span> <span class='ocrx_word' id='word_1_387' title='bbox 1817 3945 1877 3990; x_wconf 90' lang='lat' dir='ltr'><strong>ut</strong></span> 
     </span>
    </p>
   </div>
   <div class='ocr_carea' id='block_1_58' title="bbox 319 4007 1873 4090">
    <p class='ocr_par' dir='ltr' id='par_1_58' title="bbox 319 4007 1873 4090">
     <span class='ocr_line' id='line_1_58' title="bbox 319 4007 1873 4090; baseline 0.018 -34"><span class='ocrx_word' id='word_1_388' title='bbox 319 4007 400 4058; x_wconf 76' lang='lat' dir='ltr'><strong>vix</strong></span> <span class='ocrx_word' id='word_1_389' title='bbox 425 4023 450 4058; x_wconf 89' lang='lat' dir='ltr'><strong>a</strong></span> <span class='ocrx_word' id='word_1_390' title='bbox 495 4010 676 4063; x_wconf 77' lang='lat' dir='ltr'><strong>multis</strong></span> <span class='ocrx_word' id='word_1_391' title='bbox 715 4011 874 4064; x_wconf 89' lang='lat' dir='ltr'><strong>bourn</strong></span> <span class='ocrx_word' id='word_1_392' title='bbox 909 4016 1125 4082; x_wconf 86' lang='lat' dir='ltr'><strong>paribus</strong></span> <span class='ocrx_word' id='word_1_393' title='bbox 1161 4020 1337 4076; x_wconf 82' lang='lat' dir='ltr'><strong>valeat</strong></span> <span class='ocrx_word' id='word_1_394' title='bbox 1387 4027 1616 4090; x_wconf 83' lang='lat' dir='ltr'><strong>moveri,</strong></span> <span class='ocrx_word' id='word_1_395' title='bbox 1653 4043 1720 4084; x_wconf 88' lang='lat' dir='ltr'><strong>ne</strong></span> <span class='ocrx_word' id='word_1_396' title='bbox 1747 4039 1873 4084; x_wconf 83' lang='lat' dir='ltr'><strong>dum</strong></span> 
     </span>
    </p>
   </div>
   <div class='ocr_carea' id='block_1_59' title="bbox 321 4097 1872 4176">
    <p class='ocr_par' dir='ltr' id='par_1_59' title="bbox 321 4097 1872 4176">
     <span class='ocr_line' id='line_1_59' title="bbox 321 4097 1872 4176; baseline 0.02 -32"><span class='ocrx_word' id='word_1_397' title='bbox 321 4111 346 4144; x_wconf 90' lang='lat' dir='ltr'><strong>a</strong></span> <span class='ocrx_word' id='word_1_398' title='bbox 378 4097 690 4167; x_wconf 85' lang='lat' dir='ltr'><strong>duobusan</strong></span> <span class='ocrx_word' id='word_1_399' title='bbox 725 4101 826 4154; x_wconf 90' lang='lat' dir='ltr'><strong>soli</strong></span> <span class='ocrx_word' id='word_1_400' title='bbox 863 4116 1155 4170; x_wconf 65' lang='lat' dir='ltr'><strong>prrcseutcs</strong></span> <span class='ocrx_word' id='word_1_401' title='bbox 1196 4110 1392 4166; x_wconf 88' lang='lat' dir='ltr'><strong>adsunt</strong></span> <span class='ocrx_word' id='word_1_402' title='bbox 1443 4115 1637 4171; x_wconf 87' lang='lat' dir='ltr'><strong>debeat</strong></span> <span class='ocrx_word' id='word_1_403' title='bbox 1684 4136 1872 4176; x_wconf 74' lang='lat' dir='ltr'><strong>morza-</strong></span> 
     </span>
    </p>
   </div>
   <div class='ocr_carea' id='block_1_60' title="bbox 319 4187 1876 4266">
    <p class='ocr_par' dir='ltr' id='par_1_60' title="bbox 319 4187 1876 4266">
     <span class='ocr_line' id='line_1_60' title="bbox 319 4187 1876 4266; baseline 0.019 -30"><span class='ocrx_word' id='word_1_404' title='bbox 319 4187 430 4240; x_wconf 81' lang='lat' dir='ltr'><strong>citis</strong></span> <span class='ocrx_word' id='word_1_405' title='bbox 468 4191 716 4244; x_wconf 80' lang='lat' dir='ltr'><strong>revolvi?</strong></span> <span class='ocrx_word' id='word_1_406' title='bbox 774 4193 955 4262; x_wconf 87' lang='lat' dir='ltr'><strong>Inepta</strong></span> <span class='ocrx_word' id='word_1_407' title='bbox 1007 4205 1090 4250; x_wconf 88' lang='lat' dir='ltr'><strong>est</strong></span> <span class='ocrx_word' id='word_1_408' title='bbox 1146 4199 1246 4253; x_wconf 90' lang='lat' dir='ltr'><strong>ista</strong></span> <span class='ocrx_word' id='word_1_409' title='bbox 1295 4205 1676 4264; x_wconf 88' lang='lat' dir='ltr'><strong>consideratio.</strong></span> <span class='ocrx_word' id='word_1_410' title='bbox 1731 4212 1876 4266; x_wconf 87' lang='lat' dir='ltr'><strong>aliud</strong></span> 
     </span>
    </p>
   </div>
   <div class='ocr_carea' id='block_1_61' title="bbox 323 4280 1924 4367">
    <p class='ocr_par' dir='ltr' id='par_1_61' title="bbox 323 4280 1924 4367">
     <span class='ocr_line' id='line_1_61' title="bbox 323 4280 1924 4367; baseline 0.019 -42"><span class='ocrx_word' id='word_1_411' title='bbox 323 4285 548 4344; x_wconf 83' lang='lat' dir='ltr'><strong>tempus,</strong></span> <span class='ocrx_word' id='word_1_412' title='bbox 572 4289 626 4333; x_wconf 91' lang='lat' dir='ltr'><strong>et</strong></span> <span class='ocrx_word' id='word_1_413' title='bbox 655 4280 772 4334; x_wconf 74' lang='lat' dir='ltr'><strong>alia:</strong></span> <span class='ocrx_word' id='word_1_414' title='bbox 813 4284 958 4339; x_wconf 88' lang='lat' dir='ltr'><strong>vires</strong></span> <span class='ocrx_word' id='word_1_415' title='bbox 1002 4289 1394 4347; x_wconf 88' lang='lat' dir='ltr'><strong>consideranda</strong></span> <span class='ocrx_word' id='word_1_416' title='bbox 1450 4307 1596 4350; x_wconf 88' lang='lat' dir='ltr'><strong>sunt.</strong></span> <span class='ocrx_word' id='word_1_417' title='bbox 1630 4300 1725 4354; x_wconf 84' lang='lat' dir='ltr'><strong>Cui</strong></span> <span class='ocrx_word' id='word_1_418' title='bbox 1759 4317 1874 4367; x_wconf 80' lang='lat' dir='ltr'><strong>rex,</strong></span> <span class='ocrx_word' id='word_1_419' title='bbox 1921 4329 1924 4332; x_wconf 52' lang='grc' dir='ltr'><strong><em>λ</em></strong></span> 
     </span>
    </p>
   </div>
   <div class='ocr_carea' id='block_1_62' title="bbox 321 4363 1874 4458">
    <p class='ocr_par' dir='ltr' id='par_1_62' title="bbox 321 4363 1874 4458">
     <span class='ocr_line' id='line_1_62' title="bbox 321 4363 1874 4458; baseline 0.021 -44"><span class='ocrx_word' id='word_1_420' title='bbox 321 4363 368 4416; x_wconf 88' lang='lat' dir='ltr'><strong>in</strong></span> <span class='ocrx_word' id='word_1_421' title='bbox 416 4367 638 4423; x_wconf 89' lang='lat' dir='ltr'><strong>Domino</strong></span> <span class='ocrx_word' id='word_1_422' title='bbox 687 4371 974 4438; x_wconf 87' lang='lat' dir='ltr'><strong>plurimum</strong></span> <span class='ocrx_word' id='word_1_423' title='bbox 1026 4378 1382 4446; x_wconf 87' lang='lat' dir='ltr'><strong>confortatus,</strong></span> <span class='ocrx_word' id='word_1_424' title='bbox 1439 4387 1550 4441; x_wconf 87' lang='lat' dir='ltr'><strong>ait:</strong></span> <span class='ocrx_word' id='word_1_425' title='bbox 1587 4406 1606 4438; x_wconf 80' lang='grc' dir='ltr'><strong>ι</strong></span> <span class='ocrx_word' id='word_1_426' title='bbox 1649 4389 1710 4458; x_wconf 77' lang='grc' dir='ltr'><strong>1η</strong></span> <span class='ocrx_word' id='word_1_427' title='bbox 1753 4391 1874 4455; x_wconf 88' lang='lat' dir='ltr'><strong>hoc,</strong></span> 
     </span>
    </p>
   </div>
   <div class='ocr_carea' id='block_1_63' title="bbox 321 4455 1872 4546">
    <p class='ocr_par' dir='ltr' id='par_1_63' title="bbox 321 4455 1872 4546">
     <span class='ocr_line' id='line_1_63' title="bbox 321 4455 1872 4546; baseline 0.021 -40"><span class='ocrx_word' id='word_1_428' title='bbox 321 4455 472 4512; x_wconf 80' lang='lat' dir='ltr'><strong>Pater</strong></span> <span class='ocrx_word' id='word_1_429' title='bbox 519 4474 729 4528; x_wconf 81' lang='lat' dir='ltr'><strong>sancte,</strong></span> <span class='ocrx_word' id='word_1_430' title='bbox 789 4467 1022 4522; x_wconf 75' lang='lat' dir='ltr'><strong>maxime</strong></span> <span class='ocrx_word' id='word_1_431' title='bbox 1085 4475 1360 4540; x_wconf 83' lang='lat' dir='ltr'><strong>apparebit</strong></span> <span class='ocrx_word' id='word_1_432' title='bbox 1421 4478 1546 4546; x_wconf 89' lang='lat' dir='ltr'><strong>quia</strong></span> <span class='ocrx_word' id='word_1_433' title='bbox 1597 4455 1872 4538; x_wconf 89' lang='lat' dir='ltr'><strong>nobiscum</strong></span> 
     </span>
    </p>
   </div>
   <div class='ocr_carea' id='block_1_64' title="bbox 321 4547 1876 4636">
    <p class='ocr_par' dir='ltr' id='par_1_64' title="bbox 321 4547 1876 4636">
     <span class='ocr_line' id='line_1_64' title="bbox 321 4547 1876 4636; baseline 0.019 -37"><span class='ocrx_word' id='word_1_434' title='bbox 321 4547 500 4604; x_wconf 84' lang='lat' dir='ltr'><strong>beatus</strong></span> <span class='ocrx_word' id='word_1_435' title='bbox 523 4551 611 4607; x_wconf 89' lang='lat' dir='ltr'><strong>ille</strong></span> <span class='ocrx_word' id='word_1_436' title='bbox 645 4554 786 4608; x_wconf 87' lang='lat' dir='ltr'><strong>volet</strong></span> <span class='ocrx_word' id='word_1_437' title='bbox 819 4557 1068 4621; x_wconf 85' lang='lat' dir='ltr'><strong>transire,</strong></span> <span class='ocrx_word' id='word_1_438' title='bbox 1100 4561 1142 4614; x_wconf 90' lang='lat' dir='ltr'><strong>si</strong></span> <span class='ocrx_word' id='word_1_439' title='bbox 1171 4565 1310 4632; x_wconf 90' lang='lat' dir='ltr'><strong>quod</strong></span> <span class='ocrx_word' id='word_1_440' title='bbox 1341 4565 1671 4636; x_wconf 79' lang='lat' dir='ltr'><strong>impossibile</strong></span> <span class='ocrx_word' id='word_1_441' title='bbox 1702 4573 1876 4628; x_wconf 86' lang='lat' dir='ltr'><strong>horni-</strong></span> 
     </span>
    </p>
   </div>
   <div class='ocr_carea' id='block_1_65' title="bbox 321 4637 1874 4730">
    <p class='ocr_par' dir='ltr' id='par_1_65' title="bbox 321 4637 1874 4730">
     <span class='ocr_line' id='line_1_65' title="bbox 321 4637 1874 4730; baseline 0.021 -43"><span class='ocrx_word' id='word_1_442' title='bbox 321 4637 470 4693; x_wconf 87' lang='lat' dir='ltr'><strong>nibus</strong></span> <span class='ocrx_word' id='word_1_443' title='bbox 516 4649 634 4706; x_wconf 76' lang='lat' dir='ltr'><strong>cst,</strong></span> <span class='ocrx_word' id='word_1_444' title='bbox 671 4644 787 4713; x_wconf 89' lang='lat' dir='ltr'><strong>ipse</strong></span> <span class='ocrx_word' id='word_1_445' title='bbox 833 4661 928 4700; x_wconf 87' lang='lat' dir='ltr'><strong>sua</strong></span> <span class='ocrx_word' id='word_1_446' title='bbox 959 4649 1157 4705; x_wconf 89' lang='lat' dir='ltr'><strong>virtute</strong></span> <span class='ocrx_word' id='word_1_447' title='bbox 1211 4652 1400 4709; x_wconf 84' lang='lat' dir='ltr'><strong>fecerit</strong></span> <span class='ocrx_word' id='word_1_448' title='bbox 1449 4673 1568 4714; x_wconf 91' lang='lat' dir='ltr'><strong>esse</strong></span> <span class='ocrx_word' id='word_1_449' title='bbox 1599 4665 1874 4730; x_wconf 88' lang='lat' dir='ltr'><strong>possibile.</strong></span> 
     </span>
    </p>
   </div>
   <div class='ocr_carea' id='block_1_66' title="bbox 321 4725 1876 4816">
    <p class='ocr_par' dir='ltr' id='par_1_66' title="bbox 321 4725 1876 4816">
     <span class='ocr_line' id='line_1_66' title="bbox 321 4725 1876 4816; baseline 0.021 -38"><span class='ocrx_word' id='word_1_450' title='bbox 321 4725 538 4797; x_wconf 85' lang='lat' dir='ltr'><strong>Semper</strong></span> <span class='ocrx_word' id='word_1_451' title='bbox 567 4733 708 4786; x_wconf 92' lang='lat' dir='ltr'><strong>enim</strong></span> <span class='ocrx_word' id='word_1_452' title='bbox 739 4735 1032 4792; x_wconf 79' lang='lat' dir='ltr'><strong>difficultas</strong></span> <span class='ocrx_word' id='word_1_453' title='bbox 1060 4741 1374 4798; x_wconf 86' lang='lat' dir='ltr'><strong>miraculum</strong></span> <span class='ocrx_word' id='word_1_454' title='bbox 1399 4725 1615 4816; x_wconf 77' lang='lat' dir='ltr'><strong>gignere</strong></span> <span class='ocrx_word' id='word_1_455' title='bbox 1641 4768 1876 4810; x_wconf 86' lang='lat' dir='ltr'><strong>consue-</strong></span> 
     </span>
    </p>
   </div>
   <div class='ocr_carea' id='block_1_67' title="bbox 319 4820 1876 4913">
    <p class='ocr_par' dir='ltr' id='par_1_67' title="bbox 319 4820 1876 4913">
     <span class='ocr_line' id='line_1_67' title="bbox 319 4820 1876 4913; baseline 0.02 -43"><span class='ocrx_word' id='word_1_456' title='bbox 319 4820 408 4872; x_wconf 87' lang='lat' dir='ltr'><strong>vit.</strong></span> <span class='ocrx_word' id='word_1_457' title='bbox 443 4820 627 4877; x_wconf 65' lang='lat' dir='ltr'><strong>\’estra</strong></span> <span class='ocrx_word' id='word_1_458' title='bbox 677 4827 840 4896; x_wconf 84' lang='lat' dir='ltr'><strong>igitur</strong></span> <span class='ocrx_word' id='word_1_459' title='bbox 869 4829 1128 4885; x_wconf 86' lang='lat' dir='ltr'><strong>sanctitas</strong></span> <span class='ocrx_word' id='word_1_460' title='bbox 1175 4834 1283 4888; x_wconf 88' lang='lat' dir='ltr'><strong>Deo</strong></span> <span class='ocrx_word' id='word_1_461' title='bbox 1313 4851 1370 4890; x_wconf 88' lang='lat' dir='ltr'><strong>sc</strong></span> <span class='ocrx_word' id='word_1_462' title='bbox 1399 4838 1450 4891; x_wconf 90' lang='lat' dir='ltr'><strong>in</strong></span> <span class='ocrx_word' id='word_1_463' title='bbox 1477 4843 1720 4898; x_wconf 78' lang='lat' dir='ltr'><strong>oratione</strong></span> <span class='ocrx_word' id='word_1_464' title='bbox 1751 4862 1876 4913; x_wconf 89' lang='lat' dir='ltr'><strong>pro-</strong></span> 
     </span>
    </p>
   </div>
   <div class='ocr_carea' id='block_1_68' title="bbox 320 4917 1872 4997">
    <p class='ocr_par' dir='ltr' id='par_1_68' title="bbox 320 4917 1872 4997">
     <span class='ocr_line' id='line_1_68' title="bbox 320 4917 1872 4997; baseline 0.02 -38"><span class='ocrx_word' id='word_1_465' title='bbox 320 4917 538 4974; x_wconf 86' lang='lat' dir='ltr'><strong>sternat,</strong></span> <span class='ocrx_word' id='word_1_466' title='bbox 591 4918 838 4971; x_wconf 87' lang='lat' dir='ltr'><strong>monachi</strong></span> <span class='ocrx_word' id='word_1_467' title='bbox 867 4920 935 4971; x_wconf 90' lang='lat' dir='ltr'><strong>ad</strong></span> <span class='ocrx_word' id='word_1_468' title='bbox 992 4921 1341 4988; x_wconf 88' lang='lat' dir='ltr'><strong>aperiendum</strong></span> <span class='ocrx_word' id='word_1_469' title='bbox 1387 4930 1620 4997; x_wconf 87' lang='lat' dir='ltr'><strong>sepulcri</strong></span> <span class='ocrx_word' id='word_1_470' title='bbox 1676 4937 1872 4989; x_wconf 83' lang='lat' dir='ltr'><strong>ostium</strong></span> 
     </span>
    </p>
   </div>
   <div class='ocr_carea' id='block_1_69' title="bbox 323 4995 1874 5086">
    <p class='ocr_par' dir='ltr' id='par_1_69' title="bbox 323 4995 1874 5086">
     <span class='ocr_line' id='line_1_69' title="bbox 323 4995 1874 5086; baseline 0.021 -38"><span class='ocrx_word' id='word_1_471' title='bbox 323 4995 538 5052; x_wconf 83' lang='lat' dir='ltr'><strong>fileuter</strong></span> <span class='ocrx_word' id='word_1_472' title='bbox 577 5005 832 5059; x_wconf 85' lang='lat' dir='ltr'><strong>accedant</strong></span> <span class='ocrx_word' id='word_1_473' title='bbox 871 5023 886 5072; x_wconf 90' lang='lat'><strong>;</strong></span> <span class='ocrx_word' id='word_1_474' title='bbox 918 5022 1019 5078; x_wconf 84' lang='lat' dir='ltr'><strong>ego</strong></span> <span class='ocrx_word' id='word_1_475' title='bbox 1053 5010 1324 5068; x_wconf 84' lang='lat' dir='ltr'><strong>valvarum</strong></span> <span class='ocrx_word' id='word_1_476' title='bbox 1385 4995 1568 5086; x_wconf 81' lang='lat' dir='ltr'><strong>januis</strong></span> <span class='ocrx_word' id='word_1_477' title='bbox 1618 5025 1874 5079; x_wconf 86' lang='lat' dir='ltr'><strong>ostiarius</strong></span> 
     </span>
    </p>
   </div>
   <div class='ocr_carea' id='block_1_70' title="bbox 321 5083 693 5146">
    <p class='ocr_par' dir='ltr' id='par_1_70' title="bbox 321 5083 693 5146">
     <span class='ocr_line' id='line_1_70' title="bbox 321 5083 693 5146; baseline 0.027 -10"><span class='ocrx_word' id='word_1_478' title='bbox 321 5083 633 5144; x_wconf 87' lang='lat' dir='ltr'><strong>incumbam.</strong></span> <span class='ocrx_word' id='word_1_479' title='bbox 675 5113 693 5146; x_wconf 76' lang='grc' dir='ltr'><strong>ι</strong></span> 
     </span>
    </p>
   </div>
   <div class='ocr_carea' id='block_1_71' title="bbox 1983 1885 3546 1960">
    <p class='ocr_par' dir='ltr' id='par_1_71' title="bbox 1983 1885 3546 1960">
     <span class='ocr_line' id='line_1_71' title="bbox 1983 1885 3546 1960; baseline 0.006 -20"><span class='ocrx_word' id='word_1_480' title='bbox 1983 1885 2099 1940; x_wconf 77' lang='lat' dir='ltr'><strong>solo</strong></span> <span class='ocrx_word' id='word_1_481' title='bbox 2165 1889 2547 1954; x_wconf 88' lang='lat' dir='ltr'><strong>procumbunt,</strong></span> <span class='ocrx_word' id='word_1_482' title='bbox 2625 1893 2922 1960; x_wconf 89' lang='lat' dir='ltr'><strong>suppositis</strong></span> <span class='ocrx_word' id='word_1_483' title='bbox 2999 1895 3242 1950; x_wconf 89' lang='lat' dir='ltr'><strong>humeris</strong></span> <span class='ocrx_word' id='word_1_484' title='bbox 3299 1901 3546 1952; x_wconf 87' lang='lat' dir='ltr'><strong>eumdem</strong></span> 
     </span>
    </p>
   </div>
   <div class='ocr_carea' id='block_1_72' title="bbox 1980 1973 3543 2053">
    <p class='ocr_par' dir='ltr' id='par_1_72' title="bbox 1980 1973 3543 2053">
     <span class='ocr_line' id='line_1_72' title="bbox 1980 1973 3543 2053; baseline 0.008 -27"><span class='ocrx_word' id='word_1_485' title='bbox 1980 1973 2281 2044; x_wconf 86' lang='lat' dir='ltr'><strong>impellunt,</strong></span> <span class='ocrx_word' id='word_1_486' title='bbox 2333 1991 2562 2044; x_wconf 78' lang='lat' dir='ltr'><strong>nroxque</strong></span> <span class='ocrx_word' id='word_1_487' title='bbox 2593 1979 2646 2032; x_wconf 89' lang='lat' dir='ltr'><strong>in</strong></span> <span class='ocrx_word' id='word_1_488' title='bbox 2683 1980 2908 2034; x_wconf 86' lang='lat' dir='ltr'><strong>alteram</strong></span> <span class='ocrx_word' id='word_1_489' title='bbox 2963 1983 3106 2035; x_wconf 84' lang='lat' dir='ltr'><strong>facili</strong></span> <span class='ocrx_word' id='word_1_490' title='bbox 3162 1993 3306 2037; x_wconf 89' lang='lat' dir='ltr'><strong>motu</strong></span> <span class='ocrx_word' id='word_1_491' title='bbox 3336 1995 3543 2053; x_wconf 79' lang='lat' dir='ltr'><strong>partem</strong></span> 
     </span>
    </p>
   </div>
   <div class='ocr_carea' id='block_1_73' title="bbox 1979 2065 3543 2140">
    <p class='ocr_par' dir='ltr' id='par_1_73' title="bbox 1979 2065 3543 2140">
     <span class='ocr_line' id='line_1_73' title="bbox 1979 2065 3543 2140; baseline 0.005 -20"><span class='ocrx_word' id='word_1_492' title='bbox 1979 2065 2235 2120; x_wconf 84' lang='lat' dir='ltr'><strong>avellunt.</strong></span> <span class='ocrx_word' id='word_1_493' title='bbox 2287 2065 2438 2134; x_wconf 87' lang='lat' dir='ltr'><strong>Quod</strong></span> <span class='ocrx_word' id='word_1_494' title='bbox 2491 2084 2676 2123; x_wconf 87' lang='lat' dir='ltr'><strong>revera</strong></span> <span class='ocrx_word' id='word_1_495' title='bbox 2711 2086 2870 2139; x_wconf 86' lang='lat' dir='ltr'><strong>supra</strong></span> <span class='ocrx_word' id='word_1_496' title='bbox 2923 2086 3084 2140; x_wconf 86' lang='lat' dir='ltr'><strong>quam</strong></span> <span class='ocrx_word' id='word_1_497' title='bbox 3143 2074 3402 2128; x_wconf 87' lang='lat' dir='ltr'><strong>credibile</strong></span> <span class='ocrx_word' id='word_1_498' title='bbox 3457 2087 3543 2130; x_wconf 87' lang='lat' dir='ltr'><strong>est</strong></span> 
     </span>
    </p>
   </div>
   <div class='ocr_carea' id='block_1_74' title="bbox 1979 2155 3546 2234">
    <p class='ocr_par' dir='ltr' id='par_1_74' title="bbox 1979 2155 3546 2234">
     <span class='ocr_line' id='line_1_74' title="bbox 1979 2155 3546 2234; baseline 0.005 -26"><span class='ocrx_word' id='word_1_499' title='bbox 1979 2155 2299 2212; x_wconf 86' lang='lat' dir='ltr'><strong>admirabile</strong></span> <span class='ocrx_word' id='word_1_500' title='bbox 2367 2157 2490 2222; x_wconf 91' lang='lat' dir='ltr'><strong>fuit,</strong></span> <span class='ocrx_word' id='word_1_501' title='bbox 2543 2174 2692 2224; x_wconf 89' lang='lat' dir='ltr'><strong>cum,</strong></span> <span class='ocrx_word' id='word_1_502' title='bbox 2755 2161 2896 2214; x_wconf 88' lang='lat' dir='ltr'><strong>sicut</strong></span> <span class='ocrx_word' id='word_1_503' title='bbox 2962 2163 3330 2230; x_wconf 73' lang='lat' dir='ltr'><strong>praediximus,</strong></span> <span class='ocrx_word' id='word_1_504' title='bbox 3383 2179 3546 2234; x_wconf 84' lang='lat' dir='ltr'><strong>quem</strong></span> 
     </span>
    </p>
   </div>
   <div class='ocr_carea' id='block_1_75' title="bbox 1979 2245 3549 2316">
    <p class='ocr_par' dir='ltr' id='par_1_75' title="bbox 1979 2245 3549 2316">
     <span class='ocr_line' id='line_1_75' title="bbox 1979 2245 3549 2316; baseline 0.006 -18"><span class='ocrx_word' id='word_1_505' title='bbox 1979 2245 2144 2298; x_wconf 88' lang='lat' dir='ltr'><strong>multa</strong></span> <span class='ocrx_word' id='word_1_506' title='bbox 2177 2246 2335 2300; x_wconf 90' lang='lat' dir='ltr'><strong>boum</strong></span> <span class='ocrx_word' id='word_1_507' title='bbox 2377 2248 2526 2316; x_wconf 86' lang='lat' dir='ltr'><strong>paria</strong></span> <span class='ocrx_word' id='word_1_508' title='bbox 2581 2265 2684 2302; x_wconf 90' lang='lat' dir='ltr'><strong>non</strong></span> <span class='ocrx_word' id='word_1_509' title='bbox 2737 2251 3040 2315; x_wconf 72' lang='lat' dir='ltr'><strong>traherent,</strong></span> <span class='ocrx_word' id='word_1_510' title='bbox 3085 2268 3209 2306; x_wconf 89' lang='lat' dir='ltr'><strong>enm</strong></span> <span class='ocrx_word' id='word_1_511' title='bbox 3265 2255 3374 2308; x_wconf 89' lang='lat' dir='ltr'><strong>bini</strong></span> <span class='ocrx_word' id='word_1_512' title='bbox 3429 2263 3549 2308; x_wconf 90' lang='lat' dir='ltr'><strong>tan-</strong></span> 
     </span>
    </p>
   </div>
   <div class='ocr_carea' id='block_1_76' title="bbox 1980 2339 3547 2411">
    <p class='ocr_par' dir='ltr' id='par_1_76' title="bbox 1980 2339 3547 2411">
     <span class='ocr_line' id='line_1_76' title="bbox 1980 2339 3547 2411; baseline 0.006 -21"><span class='ocrx_word' id='word_1_513' title='bbox 1980 2339 2250 2392; x_wconf 88' lang='lat' dir='ltr'><strong>tummodo</strong></span> <span class='ocrx_word' id='word_1_514' title='bbox 2298 2341 2546 2392; x_wconf 85' lang='lat' dir='ltr'><strong>monaclri</strong></span> <span class='ocrx_word' id='word_1_515' title='bbox 2607 2339 2708 2394; x_wconf 87' lang='lat' dir='ltr'><strong>levi</strong></span> <span class='ocrx_word' id='word_1_516' title='bbox 2743 2341 2972 2410; x_wconf 88' lang='lat' dir='ltr'><strong>irnpnlsn</strong></span> <span class='ocrx_word' id='word_1_517' title='bbox 3015 2344 3244 2411; x_wconf 81' lang='lat' dir='ltr'><strong>lapidem</strong></span> <span class='ocrx_word' id='word_1_518' title='bbox 3306 2346 3547 2399; x_wconf 68' lang='lat' dir='ltr'><strong>revolve-</strong></span> 
     </span>
    </p>
   </div>
   <div class='ocr_carea' id='block_1_77' title="bbox 1975 2428 3544 2499">
    <p class='ocr_par' dir='ltr' id='par_1_77' title="bbox 1975 2428 3544 2499">
     <span class='ocr_line' id='line_1_77' title="bbox 1975 2428 3544 2499; baseline 0.007 -23"><span class='ocrx_word' id='word_1_519' title='bbox 1975 2436 2114 2478; x_wconf 76' lang='lat' dir='ltr'><strong>rrnt.</strong></span> <span class='ocrx_word' id='word_1_520' title='bbox 2151 2428 2458 2480; x_wconf 72' lang='lat' dir='ltr'><strong>Aecurrunt</strong></span> <span class='ocrx_word' id='word_1_521' title='bbox 2491 2429 2566 2480; x_wconf 75' lang='lat' dir='ltr'><strong>ita</strong></span> <span class='ocrx_word' id='word_1_522' title='bbox 2622 2429 2980 2484; x_wconf 71' lang='lat' dir='ltr'><strong>admiratione</strong></span> <span class='ocrx_word' id='word_1_523' title='bbox 3025 2433 3302 2499; x_wconf 87' lang='lat' dir='ltr'><strong>perterriti</strong></span> <span class='ocrx_word' id='word_1_524' title='bbox 3358 2449 3450 2486; x_wconf 74' lang='lat' dir='ltr'><strong>rex</strong></span> <span class='ocrx_word' id='word_1_525' title='bbox 3488 2443 3544 2487; x_wconf 82' lang='lat' dir='ltr'><strong>et.</strong></span> 
     </span>
    </p>
   </div>
   <div class='ocr_carea' id='block_1_78' title="bbox 1975 2516 3542 2588">
    <p class='ocr_par' dir='ltr' id='par_1_78' title="bbox 1975 2516 3542 2588">
     <span class='ocr_line' id='line_1_78' title="bbox 1975 2516 3542 2588; baseline 0.006 -20"><span class='ocrx_word' id='word_1_526' title='bbox 1975 2516 2432 2586; x_wconf 78' lang='lat' dir='ltr'><strong>archiepiscopus.</strong></span> <span class='ocrx_word' id='word_1_527' title='bbox 2491 2517 2914 2588; x_wconf 73' lang='lat' dir='ltr'><strong>lacrymantibus</strong></span> <span class='ocrx_word' id='word_1_528' title='bbox 3005 2522 3174 2574; x_wconf 87' lang='lat' dir='ltr'><strong>oculis</strong></span> <span class='ocrx_word' id='word_1_529' title='bbox 3247 2525 3542 2578; x_wconf 88' lang='lat' dir='ltr'><strong>iutrorsurn</strong></span> 
     </span>
    </p>
   </div>
   <div class='ocr_carea' id='block_1_79' title="bbox 1976 2607 3544 2681">
    <p class='ocr_par' dir='ltr' id='par_1_79' title="bbox 1976 2607 3544 2681">
     <span class='ocr_line' id='line_1_79' title="bbox 1976 2607 3544 2681; baseline 0.005 -23"><span class='ocrx_word' id='word_1_530' title='bbox 1976 2607 2266 2676; x_wconf 81' lang='lat' dir='ltr'><strong>aspiciunt,</strong></span> <span class='ocrx_word' id='word_1_531' title='bbox 2327 2609 2506 2662; x_wconf 83' lang='lat' dir='ltr'><strong>vident</strong></span> <span class='ocrx_word' id='word_1_532' title='bbox 2533 2625 2793 2678; x_wconf 86' lang='lat' dir='ltr'><strong>organum</strong></span> <span class='ocrx_word' id='word_1_533' title='bbox 2820 2611 3088 2678; x_wconf 88' lang='lat' dir='ltr'><strong>quondam</strong></span> <span class='ocrx_word' id='word_1_534' title='bbox 3133 2611 3370 2681; x_wconf 86' lang='lat' dir='ltr'><strong>Spiritus</strong></span> <span class='ocrx_word' id='word_1_535' title='bbox 3417 2629 3544 2668; x_wconf 91' lang='lat' dir='ltr'><strong>sau-</strong></span> 
     </span>
    </p>
   </div>
   <div class='ocr_carea' id='block_1_80' title="bbox 1975 2695 3542 2773">
    <p class='ocr_par' dir='ltr' id='par_1_80' title="bbox 1975 2695 3542 2773">
     <span class='ocr_line' id='line_1_80' title="bbox 1975 2695 3542 2773; baseline 0.008 -27"><span class='ocrx_word' id='word_1_536' title='bbox 1975 2697 2044 2747; x_wconf 90' lang='lat' dir='ltr'><strong>cti</strong></span> <span class='ocrx_word' id='word_1_537' title='bbox 2075 2695 2184 2764; x_wconf 74' lang='lat' dir='ltr'><strong>(l5)</strong></span> <span class='ocrx_word' id='word_1_538' title='bbox 2243 2697 2618 2767; x_wconf 85' lang='lat' dir='ltr'><strong>incorruptum</strong></span> <span class='ocrx_word' id='word_1_539' title='bbox 2671 2699 2876 2766; x_wconf 85' lang='lat' dir='ltr'><strong>jacere,</strong></span> <span class='ocrx_word' id='word_1_540' title='bbox 2923 2716 3022 2754; x_wconf 88' lang='lat' dir='ltr'><strong>nec</strong></span> <span class='ocrx_word' id='word_1_541' title='bbox 3061 2704 3332 2772; x_wconf 85' lang='lat' dir='ltr'><strong>quippiam</strong></span> <span class='ocrx_word' id='word_1_542' title='bbox 3367 2707 3542 2773; x_wconf 83' lang='lat' dir='ltr'><strong>putris</strong></span> 
     </span>
    </p>
   </div>
   <div class='ocr_carea' id='block_1_81' title="bbox 1977 2785 3544 2862">
    <p class='ocr_par' dir='ltr' id='par_1_81' title="bbox 1977 2785 3544 2862">
     <span class='ocr_line' id='line_1_81' title="bbox 1977 2785 3544 2862; baseline 0.007 -24"><span class='ocrx_word' id='word_1_543' title='bbox 1977 2785 2028 2838; x_wconf 93' lang='lat' dir='ltr'><strong>in</strong></span> <span class='ocrx_word' id='word_1_544' title='bbox 2063 2795 2174 2840; x_wconf 76' lang='lat' dir='ltr'><strong>toto</strong></span> <span class='ocrx_word' id='word_1_545' title='bbox 2227 2801 2457 2855; x_wconf 89' lang='lat' dir='ltr'><strong>corpore</strong></span> <span class='ocrx_word' id='word_1_546' title='bbox 2518 2789 2753 2844; x_wconf 75' lang='lat' dir='ltr'><strong>Iresiorris</strong></span> <span class='ocrx_word' id='word_1_547' title='bbox 2805 2791 3019 2856; x_wconf 86' lang='lat' dir='ltr'><strong>inesse;</strong></span> <span class='ocrx_word' id='word_1_548' title='bbox 3073 2801 3130 2845; x_wconf 89' lang='lat' dir='ltr'><strong>et</strong></span> <span class='ocrx_word' id='word_1_549' title='bbox 3166 2803 3544 2862; x_wconf 73' lang='lat' dir='ltr'><strong>cornpntanzcs</strong></span> 
     </span>
    </p>
   </div>
   <div class='ocr_carea' id='block_1_82' title="bbox 1977 2875 3539 2948">
    <p class='ocr_par' dir='ltr' id='par_1_82' title="bbox 1977 2875 3539 2948">
     <span class='ocr_line' id='line_1_82' title="bbox 1977 2875 3539 2948; baseline 0.007 -20"><span class='ocrx_word' id='word_1_550' title='bbox 1977 2875 2173 2928; x_wconf 83' lang='lat' dir='ltr'><strong>seriem</strong></span> <span class='ocrx_word' id='word_1_551' title='bbox 2220 2891 2506 2942; x_wconf 76' lang='lat' dir='ltr'><strong>annorum,</strong></span> <span class='ocrx_word' id='word_1_552' title='bbox 2562 2880 2900 2948; x_wconf 86' lang='lat' dir='ltr'><strong>cornpcriunt</strong></span> <span class='ocrx_word' id='word_1_553' title='bbox 2945 2880 3096 2934; x_wconf 92' lang='lat' dir='ltr'><strong>illum</strong></span> <span class='ocrx_word' id='word_1_554' title='bbox 3162 2897 3358 2936; x_wconf 85' lang='lat' dir='ltr'><strong>annum</strong></span> <span class='ocrx_word' id='word_1_555' title='bbox 3417 2901 3539 2939; x_wconf 85' lang='lat' dir='ltr'><strong>csse</strong></span> 
     </span>
    </p>
   </div>
   <div class='ocr_carea' id='block_1_83' title="bbox 1975 2963 3532 3034">
    <p class='ocr_par' dir='ltr' id='par_1_83' title="bbox 1975 2963 3532 3034">
     <span class='ocr_line' id='line_1_83' title="bbox 1975 2963 3532 3034; baseline 0.008 -18"><span class='ocrx_word' id='word_1_556' title='bbox 1975 2963 2244 3016; x_wconf 85' lang='lat' dir='ltr'><strong>decimum</strong></span> <span class='ocrx_word' id='word_1_557' title='bbox 2288 2979 2352 3018; x_wconf 76' lang='lat' dir='ltr'><strong>ex</strong></span> <span class='ocrx_word' id='word_1_558' title='bbox 2385 2979 2490 3034; x_wconf 81' lang='lat' dir='ltr'><strong>quo</strong></span> <span class='ocrx_word' id='word_1_559' title='bbox 2521 2965 2658 3021; x_wconf 87' lang='lat' dir='ltr'><strong>idem</strong></span> <span class='ocrx_word' id='word_1_560' title='bbox 2685 2978 2900 3021; x_wconf 86' lang='lat' dir='ltr'><strong>sanctus</strong></span> <span class='ocrx_word' id='word_1_561' title='bbox 2927 2969 3033 3022; x_wconf 91' lang='lat' dir='ltr'><strong>illic</strong></span> <span class='ocrx_word' id='word_1_562' title='bbox 3061 2971 3311 3024; x_wconf 85' lang='lat' dir='ltr'><strong>conditus</strong></span> <span class='ocrx_word' id='word_1_563' title='bbox 3335 2971 3532 3028; x_wconf 80' lang='lat' dir='ltr'><strong>fuerat.</strong></span> 
     </span>
    </p>
   </div>
   <div class='ocr_carea' id='block_1_84' title="bbox 1981 3053 3544 3134">
    <p class='ocr_par' dir='ltr' id='par_1_84' title="bbox 1981 3053 3544 3134">
     <span class='ocr_line' id='line_1_84' title="bbox 1981 3053 3544 3134; baseline 0.009 -29"><span class='ocrx_word' id='word_1_564' title='bbox 1981 3053 2260 3108; x_wconf 79' lang='lat' dir='ltr'><strong>Exclamat</strong></span> <span class='ocrx_word' id='word_1_565' title='bbox 2295 3055 2478 3126; x_wconf 82' lang='lat' dir='ltr'><strong>itaque</strong></span> <span class='ocrx_word' id='word_1_566' title='bbox 2539 3071 2627 3110; x_wconf 77' lang='lat' dir='ltr'><strong>rex</strong></span> <span class='ocrx_word' id='word_1_567' title='bbox 2659 3056 2872 3113; x_wconf 89' lang='lat' dir='ltr'><strong>fortiter</strong></span> <span class='ocrx_word' id='word_1_568' title='bbox 2895 3075 3005 3128; x_wconf 71' lang='lat' dir='ltr'><strong>pra:</strong></span> <span class='ocrx_word' id='word_1_569' title='bbox 3055 3062 3272 3130; x_wconf 88' lang='lat' dir='ltr'><strong>gaudio,</strong></span> <span class='ocrx_word' id='word_1_570' title='bbox 3305 3065 3544 3134; x_wconf 87' lang='lat' dir='ltr'><strong>talesque</strong></span> 
     </span>
    </p>
   </div>
   <div class='ocr_carea' id='block_1_85' title="bbox 1975 3143 3534 3224">
    <p class='ocr_par' dir='ltr' id='par_1_85' title="bbox 1975 3143 3534 3224">
     <span class='ocr_line' id='line_1_85' title="bbox 1975 3143 3534 3224; baseline 0.007 -28"><span class='ocrx_word' id='word_1_571' title='bbox 1975 3143 2268 3211; x_wconf 75' lang='lat' dir='ltr'><strong>permixtas</strong></span> <span class='ocrx_word' id='word_1_572' title='bbox 2297 3143 2550 3214; x_wconf 72' lang='lat' dir='ltr'><strong>lacrymis</strong></span> <span class='ocrx_word' id='word_1_573' title='bbox 2575 3163 2763 3215; x_wconf 89' lang='lat' dir='ltr'><strong>preces</strong></span> <span class='ocrx_word' id='word_1_574' title='bbox 2784 3149 3027 3203; x_wconf 77' lang='lat' dir='ltr'><strong>elfun.;it.</strong></span> <span class='ocrx_word' id='word_1_575' title='bbox 3058 3169 3076 3202; x_wconf 83' lang='lat' dir='ltr'><strong>r</strong></span> <span class='ocrx_word' id='word_1_576' title='bbox 3116 3151 3296 3217; x_wconf 79' lang='lat' dir='ltr'><strong>Pater,</strong></span> <span class='ocrx_word' id='word_1_577' title='bbox 3339 3153 3534 3224; x_wconf 68' lang='lat' dir='ltr'><strong>inquit,</strong></span> 
     </span>
    </p>
   </div>
   <div class='ocr_carea' id='block_1_86' title="bbox 1976 3233 3542 3308">
    <p class='ocr_par' dir='ltr' id='par_1_86' title="bbox 1976 3233 3542 3308">
     <span class='ocr_line' id='line_1_86' title="bbox 1976 3233 3542 3308; baseline 0.01 -24"><span class='ocrx_word' id='word_1_578' title='bbox 1976 3233 2332 3299; x_wconf 79' lang='lat' dir='ltr'><strong>sanctissime,</strong></span> <span class='ocrx_word' id='word_1_579' title='bbox 2362 3247 2523 3303; x_wconf 86' lang='lat' dir='ltr'><strong>super</strong></span> <span class='ocrx_word' id='word_1_580' title='bbox 2547 3252 2706 3291; x_wconf 88' lang='lat' dir='ltr'><strong>omne</strong></span> <span class='ocrx_word' id='word_1_581' title='bbox 2730 3239 3180 3294; x_wconf 75' lang='lat' dir='ltr'><strong>delectamcntum</strong></span> <span class='ocrx_word' id='word_1_582' title='bbox 3204 3246 3542 3308; x_wconf 86' lang='lat' dir='ltr'><strong>suavissime,</strong></span> 
     </span>
    </p>
   </div>
   <div class='ocr_carea' id='block_1_87' title="bbox 1976 3321 3546 3396">
    <p class='ocr_par' dir='ltr' id='par_1_87' title="bbox 1976 3321 3546 3396">
     <span class='ocr_line' id='line_1_87' title="bbox 1976 3321 3546 3396; baseline 0.01 -20"><span class='ocrx_word' id='word_1_583' title='bbox 1976 3321 2152 3387; x_wconf 76' lang='lat' dir='ltr'><strong>Pater,</strong></span> <span class='ocrx_word' id='word_1_584' title='bbox 2211 3325 2541 3389; x_wconf 65' lang='lat' dir='ltr'><strong>beatissime,</strong></span> <span class='ocrx_word' id='word_1_585' title='bbox 2587 3343 2746 3396; x_wconf 89' lang='lat' dir='ltr'><strong>super</strong></span> <span class='ocrx_word' id='word_1_586' title='bbox 2791 3344 2980 3384; x_wconf 85' lang='lat' dir='ltr'><strong>omnes</strong></span> <span class='ocrx_word' id='word_1_587' title='bbox 3020 3335 3204 3385; x_wconf 87' lang='lat' dir='ltr'><strong>mundi</strong></span> <span class='ocrx_word' id='word_1_588' title='bbox 3263 3335 3546 3391; x_wconf 68' lang='lat' dir='ltr'><strong>thesanrJ</strong></span> 
     </span>
    </p>
   </div>
   <div class='ocr_carea' id='block_1_88' title="bbox 1975 3411 3540 3488">
    <p class='ocr_par' dir='ltr' id='par_1_88' title="bbox 1975 3411 3540 3488">
     <span class='ocr_line' id='line_1_88' title="bbox 1975 3411 3540 3488; baseline 0.012 -27"><span class='ocrx_word' id='word_1_589' title='bbox 1975 3411 2382 3478; x_wconf 69' lang='lat' dir='ltr'><strong>prctiosissime,</strong></span> <span class='ocrx_word' id='word_1_590' title='bbox 2453 3413 2613 3482; x_wconf 75' lang='lat' dir='ltr'><strong>hujus</strong></span> <span class='ocrx_word' id='word_1_591' title='bbox 2697 3419 2997 3484; x_wconf 67' lang='lat' dir='ltr'><strong>peccatoris</strong></span> <span class='ocrx_word' id='word_1_592' title='bbox 3049 3421 3191 3488; x_wconf 84' lang='lat' dir='ltr'><strong>regis</strong></span> <span class='ocrx_word' id='word_1_593' title='bbox 3259 3425 3540 3488; x_wconf 78' lang='lat' dir='ltr'><strong>miserere,</strong></span> 
     </span>
    </p>
   </div>
   <div class='ocr_carea' id='block_1_89' title="bbox 1977 3503 3544 3584">
    <p class='ocr_par' dir='ltr' id='par_1_89' title="bbox 1977 3503 3544 3584">
     <span class='ocr_line' id='line_1_89' title="bbox 1977 3503 3544 3584; baseline 0.01 -31"><span class='ocrx_word' id='word_1_594' title='bbox 1977 3517 2075 3555; x_wconf 90' lang='lat' dir='ltr'><strong>nec</strong></span> <span class='ocrx_word' id='word_1_595' title='bbox 2112 3503 2240 3556; x_wconf 87' lang='lat' dir='ltr'><strong>mihi</strong></span> <span class='ocrx_word' id='word_1_596' title='bbox 2275 3503 2502 3559; x_wconf 70' lang='lat' dir='ltr'><strong>obsistat.</strong></span> <span class='ocrx_word' id='word_1_597' title='bbox 2529 3507 2610 3559; x_wconf 83' lang='lat' dir='ltr'><strong>vel</strong></span> <span class='ocrx_word' id='word_1_598' title='bbox 2643 3511 2863 3576; x_wconf 87' lang='lat' dir='ltr'><strong>propria</strong></span> <span class='ocrx_word' id='word_1_599' title='bbox 2898 3511 3206 3580; x_wconf 80' lang='lat' dir='ltr'><strong>indignitas,</strong></span> <span class='ocrx_word' id='word_1_600' title='bbox 3236 3514 3313 3568; x_wconf 89' lang='lat' dir='ltr'><strong>vel</strong></span> <span class='ocrx_word' id='word_1_601' title='bbox 3347 3531 3544 3584; x_wconf 85' lang='lat' dir='ltr'><strong>paren-</strong></span> 
     </span>
    </p>
   </div>
   <div class='ocr_carea' id='block_1_90' title="bbox 1977 3597 3542 3675">
    <p class='ocr_par' dir='ltr' id='par_1_90' title="bbox 1977 3597 3542 3675">
     <span class='ocr_line' id='line_1_90' title="bbox 1977 3597 3542 3675; baseline 0.011 -31"><span class='ocrx_word' id='word_1_602' title='bbox 1977 3601 2086 3645; x_wconf 88' lang='lat' dir='ltr'><strong>tum</strong></span> <span class='ocrx_word' id='word_1_603' title='bbox 2120 3609 2360 3648; x_wconf 84' lang='lat' dir='ltr'><strong>rneorum</strong></span> <span class='ocrx_word' id='word_1_604' title='bbox 2391 3597 2440 3651; x_wconf 86' lang='lat' dir='ltr'><strong>in</strong></span> <span class='ocrx_word' id='word_1_605' title='bbox 2467 3605 2518 3650; x_wconf 79' lang='lat' dir='ltr'><strong>te</strong></span> <span class='ocrx_word' id='word_1_606' title='bbox 2544 3610 2730 3651; x_wconf 87' lang='lat' dir='ltr'><strong>contra</strong></span> <span class='ocrx_word' id='word_1_607' title='bbox 2769 3599 2972 3666; x_wconf 89' lang='lat' dir='ltr'><strong>justum</strong></span> <span class='ocrx_word' id='word_1_608' title='bbox 3005 3612 3060 3657; x_wconf 89' lang='lat' dir='ltr'><strong>et</strong></span> <span class='ocrx_word' id='word_1_609' title='bbox 3091 3605 3288 3658; x_wconf 88' lang='lat' dir='ltr'><strong>bormrn</strong></span> <span class='ocrx_word' id='word_1_610' title='bbox 3327 3608 3542 3675; x_wconf 71' lang='lat' dir='ltr'><strong>expleta</strong></span> 
     </span>
    </p>
   </div>
   <div class='ocr_carea' id='block_1_91' title="bbox 1975 3687 3546 3769">
    <p class='ocr_par' dir='ltr' id='par_1_91' title="bbox 1975 3687 3546 3769">
     <span class='ocr_line' id='line_1_91' title="bbox 1975 3687 3546 3769; baseline 0.01 -30"><span class='ocrx_word' id='word_1_611' title='bbox 1975 3687 2284 3741; x_wconf 75' lang='lat' dir='ltr'><strong>crudelitas.</strong></span> <span class='ocrx_word' id='word_1_612' title='bbox 2311 3687 2422 3758; x_wconf 79' lang='lat' dir='ltr'><strong>Ego</strong></span> <span class='ocrx_word' id='word_1_613' title='bbox 2456 3699 2504 3745; x_wconf 86' lang='lat' dir='ltr'><strong>te</strong></span> <span class='ocrx_word' id='word_1_614' title='bbox 2528 3693 2955 3759; x_wconf 86' lang='lat' dir='ltr'><strong>potentissimum</strong></span> <span class='ocrx_word' id='word_1_615' title='bbox 2979 3699 3164 3750; x_wconf 70' lang='lat' dir='ltr'><strong>reterni</strong></span> <span class='ocrx_word' id='word_1_616' title='bbox 3190 3697 3351 3769; x_wconf 70' lang='lat' dir='ltr'><strong>Rz-gTs</strong></span> <span class='ocrx_word' id='word_1_617' title='bbox 3375 3700 3546 3754; x_wconf 58' lang='lat' dir='ltr'><strong>fatear</strong></span> 
     </span>
    </p>
   </div>
   <div class='ocr_carea' id='block_1_92' title="bbox 1980 3776 3544 3856">
    <p class='ocr_par' dir='ltr' id='par_1_92' title="bbox 1980 3781 3544 3856">
     <span class='ocr_line' id='line_1_92' title="bbox 1980 3781 3544 3856; baseline 0.011 -24"><span class='ocrx_word' id='word_1_618' title='bbox 1980 3781 2236 3847; x_wconf 81' lang='lat' dir='ltr'><strong>amicum,</strong></span> <span class='ocrx_word' id='word_1_619' title='bbox 2273 3797 2334 3835; x_wconf 88' lang='lat' dir='ltr'><strong>ac</strong></span> <span class='ocrx_word' id='word_1_620' title='bbox 2359 3785 2612 3854; x_wconf 80' lang='lat' dir='ltr'><strong>deinceps</strong></span> <span class='ocrx_word' id='word_1_621' title='bbox 2643 3788 2820 3856; x_wconf 87' lang='lat' dir='ltr'><strong>quoad</strong></span> <span class='ocrx_word' id='word_1_622' title='bbox 2857 3792 3028 3844; x_wconf 79' lang='lat' dir='ltr'><strong>vivam</strong></span> <span class='ocrx_word' id='word_1_623' title='bbox 3071 3809 3248 3846; x_wconf 90' lang='lat' dir='ltr'><strong>meum</strong></span> <span class='ocrx_word' id='word_1_624' title='bbox 3275 3798 3544 3849; x_wconf 87' lang='lat' dir='ltr'><strong>constituo</strong></span> 
     </span>
    </p>
   </div>
   <div class='ocr_carea' id='block_1_93' title="bbox 1979 3871 3545 3946">
    <p class='ocr_par' dir='ltr' id='par_1_93' title="bbox 1979 3871 3545 3946">
     <span class='ocr_line' id='line_1_93' title="bbox 1979 3871 3545 3946; baseline 0.011 -23"><span class='ocrx_word' id='word_1_625' title='bbox 1979 3871 2323 3926; x_wconf 88' lang='lat' dir='ltr'><strong>advocaturn.</strong></span> <span class='ocrx_word' id='word_1_626' title='bbox 2367 3873 2522 3928; x_wconf 87' lang='lat' dir='ltr'><strong>Salva</strong></span> <span class='ocrx_word' id='word_1_627' title='bbox 2559 3889 2662 3944; x_wconf 89' lang='lat' dir='ltr'><strong>me,</strong></span> <span class='ocrx_word' id='word_1_628' title='bbox 2693 3880 2838 3934; x_wconf 89' lang='lat' dir='ltr'><strong>salva</strong></span> <span class='ocrx_word' id='word_1_629' title='bbox 2879 3897 3087 3946; x_wconf 78' lang='lat' dir='ltr'><strong>omnes,</strong></span> <span class='ocrx_word' id='word_1_630' title='bbox 3123 3898 3176 3938; x_wconf 84' lang='grc' dir='ltr'><strong>ιιι</strong></span> <span class='ocrx_word' id='word_1_631' title='bbox 3208 3895 3406 3942; x_wconf 76' lang='lat' dir='ltr'><strong>aeterna</strong></span> <span class='ocrx_word' id='word_1_632' title='bbox 3439 3891 3545 3942; x_wconf 81' lang='lat' dir='ltr'><strong>Sal-</strong></span> 
     </span>
    </p>
   </div>
   <div class='ocr_carea' id='block_1_94' title="bbox 1978 3961 3542 4046">
    <p class='ocr_par' dir='ltr' id='par_1_94' title="bbox 1978 3961 3542 4046">
     <span class='ocr_line' id='line_1_94' title="bbox 1978 3961 3542 4046; baseline 0.015 -36"><span class='ocrx_word' id='word_1_633' title='bbox 1978 3961 2192 4016; x_wconf 85' lang='lat' dir='ltr'><strong>vatione</strong></span> <span class='ocrx_word' id='word_1_634' title='bbox 2250 3963 2478 4029; x_wconf 83' lang='lat' dir='ltr'><strong>salvarc,</strong></span> <span class='ocrx_word' id='word_1_635' title='bbox 2533 3976 2584 4020; x_wconf 88' lang='lat' dir='ltr'><strong>et</strong></span> <span class='ocrx_word' id='word_1_636' title='bbox 2629 3970 2908 4024; x_wconf 79' lang='lat' dir='ltr'><strong>nobiscum</strong></span> <span class='ocrx_word' id='word_1_637' title='bbox 2955 3991 3203 4046; x_wconf 72' lang='lat' dir='ltr'><strong>magnam</strong></span> <span class='ocrx_word' id='word_1_638' title='bbox 3257 3979 3382 4032; x_wconf 83' lang='lat' dir='ltr'><strong>ﬁliis</strong></span> <span class='ocrx_word' id='word_1_639' title='bbox 3437 3981 3542 4036; x_wconf 67' lang='lat' dir='ltr'><strong>tuis</strong></span> 
     </span>
    </p>
   </div>
   <div class='ocr_carea' id='block_1_95' title="bbox 1981 4049 3122 4134">
    <p class='ocr_par' dir='ltr' id='par_1_95' title="bbox 1981 4049 3122 4134">
     <span class='ocr_line' id='line_1_95' title="bbox 1981 4049 3122 4134; baseline 0.016 -31"><span class='ocrx_word' id='word_1_640' title='bbox 1981 4049 2224 4107; x_wconf 83' lang='lat' dir='ltr'><strong>facturus</strong></span> <span class='ocrx_word' id='word_1_641' title='bbox 2249 4054 2487 4110; x_wconf 73' lang='lat' dir='ltr'><strong>lrctitiam</strong></span> <span class='ocrx_word' id='word_1_642' title='bbox 2520 4061 2789 4127; x_wconf 81' lang='lat' dir='ltr'><strong>proficisci</strong></span> <span class='ocrx_word' id='word_1_643' title='bbox 2821 4064 3062 4134; x_wconf 72' lang='lat' dir='ltr'><strong>dignare.</strong></span> <span class='ocrx_word' id='word_1_644' title='bbox 3106 4087 3122 4120; x_wconf 81' lang='grc' dir='ltr'><strong>ι</strong></span> 
     </span>
    </p>
   </div>
   <div class='ocr_carea' id='block_1_96' title="bbox 2051 4141 3539 4222">
    <p class='ocr_par' dir='ltr' id='par_1_96' title="bbox 2051 4141 3539 4222">
     <span class='ocr_line' id='line_1_96' title="bbox 2051 4141 3539 4222; baseline 0.015 -30"><span class='ocrx_word' id='word_1_645' title='bbox 2051 4141 2099 4193; x_wconf 90' lang='grc'><strong>7.</strong></span> <span class='ocrx_word' id='word_1_646' title='bbox 2143 4141 2500 4211; x_wconf 67' lang='lat' dir='ltr'><strong>Transfertur.</strong></span> <span class='ocrx_word' id='word_1_647' title='bbox 2549 4146 2700 4216; x_wconf 69' lang='lat' dir='ltr'><strong>Regis</strong></span> <span class='ocrx_word' id='word_1_648' title='bbox 2779 4167 2902 4220; x_wconf 81' lang='lat' dir='ltr'><strong>erga</strong></span> <span class='ocrx_word' id='word_1_649' title='bbox 2974 4165 3255 4222; x_wconf 81' lang='lat' dir='ltr'><strong>martyrem</strong></span> <span class='ocrx_word' id='word_1_650' title='bbox 3317 4160 3539 4214; x_wconf 80' lang='lat' dir='ltr'><strong>devotio.</strong></span> 
     </span>
    </p>
   </div>
   <div class='ocr_carea' id='block_1_97' title="bbox 1977 4227 3533 4305">
    <p class='ocr_par' dir='ltr' id='par_1_97' title="bbox 1977 4227 3533 4305">
     <span class='ocr_line' id='line_1_97' title="bbox 1977 4227 3533 4305; baseline 0.015 -27"><span class='ocrx_word' id='word_1_651' title='bbox 1977 4227 2346 4284; x_wconf 87' lang='lat' dir='ltr'><strong>-—Accedcns</strong></span> <span class='ocrx_word' id='word_1_652' title='bbox 2394 4245 2572 4286; x_wconf 86' lang='lat' dir='ltr'><strong>autem</strong></span> <span class='ocrx_word' id='word_1_653' title='bbox 2623 4240 2870 4305; x_wconf 81' lang='lat' dir='ltr'><strong>proprius</strong></span> <span class='ocrx_word' id='word_1_654' title='bbox 2909 4255 3149 4294; x_wconf 82' lang='lat' dir='ltr'><strong>SllmillllS</strong></span> <span class='ocrx_word' id='word_1_655' title='bbox 3211 4243 3302 4298; x_wconf 89' lang='lat' dir='ltr'><strong>Dei</strong></span> <span class='ocrx_word' id='word_1_656' title='bbox 3349 4262 3533 4301; x_wconf 78' lang='lat' dir='ltr'><strong>succr-</strong></span> 
     </span>
    </p>
   </div>
   <div class='ocr_carea' id='block_1_98' title="bbox 1980 4317 3544 4398">
    <p class='ocr_par' dir='ltr' id='par_1_98' title="bbox 1980 4317 3544 4398">
     <span class='ocr_line' id='line_1_98' title="bbox 1980 4317 3544 4398; baseline 0.013 -30"><span class='ocrx_word' id='word_1_657' title='bbox 1980 4317 2092 4378; x_wconf 77' lang='lat' dir='ltr'><strong>dos,</strong></span> <span class='ocrx_word' id='word_1_658' title='bbox 2125 4325 2184 4371; x_wconf 88' lang='lat' dir='ltr'><strong>ut</strong></span> <span class='ocrx_word' id='word_1_659' title='bbox 2228 4321 2340 4372; x_wconf 90' lang='lat' dir='ltr'><strong>suis</strong></span> <span class='ocrx_word' id='word_1_660' title='bbox 2393 4321 2640 4374; x_wconf 86' lang='lat' dir='ltr'><strong>manibus</strong></span> <span class='ocrx_word' id='word_1_661' title='bbox 2691 4325 3054 4380; x_wconf 85' lang='lat' dir='ltr'><strong>venerandum</strong></span> <span class='ocrx_word' id='word_1_662' title='bbox 3085 4343 3281 4398; x_wconf 79' lang='lat' dir='ltr'><strong>car-pus</strong></span> <span class='ocrx_word' id='word_1_663' title='bbox 3343 4342 3544 4388; x_wconf 87' lang='lat' dir='ltr'><strong>tracta-</strong></span> 
     </span>
    </p>
   </div>
   <div class='ocr_carea' id='block_1_99' title="bbox 1981 4409 3540 4488">
    <p class='ocr_par' dir='ltr' id='par_1_99' title="bbox 1981 4409 3540 4488">
     <span class='ocr_line' id='line_1_99' title="bbox 1981 4409 3540 4488; baseline 0.011 -30"><span class='ocrx_word' id='word_1_664' title='bbox 1981 4418 2061 4458; x_wconf 84' lang='lat' dir='ltr'><strong>ret</strong></span> <span class='ocrx_word' id='word_1_665' title='bbox 2089 4417 2251 4476; x_wconf 86' lang='lat' dir='ltr'><strong>atque</strong></span> <span class='ocrx_word' id='word_1_666' title='bbox 2281 4409 2506 4472; x_wconf 76' lang='lat' dir='ltr'><strong>levaret,</strong></span> <span class='ocrx_word' id='word_1_667' title='bbox 2558 4416 2821 4468; x_wconf 78' lang='lat' dir='ltr'><strong>:cstuabat</strong></span> <span class='ocrx_word' id='word_1_668' title='bbox 2846 4417 3050 4482; x_wconf 85' lang='lat' dir='ltr'><strong>animo,</strong></span> <span class='ocrx_word' id='word_1_669' title='bbox 3084 4436 3348 4488; x_wconf 86' lang='lat' dir='ltr'><strong>nusquam</strong></span> <span class='ocrx_word' id='word_1_670' title='bbox 3379 4425 3540 4476; x_wconf 89' lang='lat' dir='ltr'><strong>tabu-</strong></span> 
     </span>
    </p>
   </div>
   <div class='ocr_carea' id='block_1_100' title="bbox 1981 4495 3541 4573">
    <p class='ocr_par' dir='ltr' id='par_1_100' title="bbox 1981 4495 3541 4573">
     <span class='ocr_line' id='line_1_100' title="bbox 1981 4495 3541 4573; baseline 0.015 -27"><span class='ocrx_word' id='word_1_671' title='bbox 1981 4495 2084 4548; x_wconf 91' lang='lat' dir='ltr'><strong>lam</strong></span> <span class='ocrx_word' id='word_1_672' title='bbox 2141 4499 2436 4564; x_wconf 86' lang='lat' dir='ltr'><strong>reperiens,</strong></span> <span class='ocrx_word' id='word_1_673' title='bbox 2490 4503 2574 4554; x_wconf 89' lang='lat' dir='ltr'><strong>cui</strong></span> <span class='ocrx_word' id='word_1_674' title='bbox 2630 4507 2960 4573; x_wconf 78' lang='lat' dir='ltr'><strong>SllppflSlllllll</strong></span> <span class='ocrx_word' id='word_1_675' title='bbox 3011 4509 3074 4561; x_wconf 88' lang='lat' dir='ltr'><strong>ad</strong></span> <span class='ocrx_word' id='word_1_676' title='bbox 3117 4511 3294 4564; x_wconf 83' lang='lat' dir='ltr'><strong>navim</strong></span> <span class='ocrx_word' id='word_1_677' title='bbox 3341 4513 3541 4569; x_wconf 87' lang='lat' dir='ltr'><strong>deferri</strong></span> 
     </span>
    </p>
   </div>
   <div class='ocr_carea' id='block_1_101' title="bbox 1977 4585 3535 4664">
    <p class='ocr_par' dir='ltr' id='par_1_101' title="bbox 1977 4585 3535 4664">
     <span class='ocr_line' id='line_1_101' title="bbox 1977 4585 3535 4664; baseline 0.013 -28"><span class='ocrx_word' id='word_1_678' title='bbox 1977 4585 2207 4640; x_wconf 80' lang='lat' dir='ltr'><strong>valeret.</strong></span> <span class='ocrx_word' id='word_1_679' title='bbox 2285 4587 2524 4659; x_wconf 89' lang='lat' dir='ltr'><strong>Cumque</strong></span> <span class='ocrx_word' id='word_1_680' title='bbox 2571 4592 2621 4645; x_wconf 92' lang='lat' dir='ltr'><strong>in</strong></span> <span class='ocrx_word' id='word_1_681' title='bbox 2675 4609 2864 4663; x_wconf 87' lang='lat' dir='ltr'><strong>magna</strong></span> <span class='ocrx_word' id='word_1_682' title='bbox 2907 4597 3283 4664; x_wconf 85' lang='lat' dir='ltr'><strong>desperatione</strong></span> <span class='ocrx_word' id='word_1_683' title='bbox 3335 4603 3535 4657; x_wconf 83' lang='lat' dir='ltr'><strong>dubius</strong></span> 
     </span>
    </p>
   </div>
   <div class='ocr_carea' id='block_1_102' title="bbox 1977 4677 3540 4756">
    <p class='ocr_par' dir='ltr' id='par_1_102' title="bbox 1977 4677 3540 4756">
     <span class='ocr_line' id='line_1_102' title="bbox 1977 4677 3540 4756; baseline 0.013 -28"><span class='ocrx_word' id='word_1_684' title='bbox 1977 4683 2167 4738; x_wconf 79' lang='lat' dir='ltr'><strong>S‘aret,</strong></span> <span class='ocrx_word' id='word_1_685' title='bbox 2237 4677 2614 4733; x_wconf 86' lang='lat' dir='ltr'><strong>animadvertit</strong></span> <span class='ocrx_word' id='word_1_686' title='bbox 2699 4681 2926 4750; x_wconf 85' lang='lat' dir='ltr'><strong>ligneam</strong></span> <span class='ocrx_word' id='word_1_687' title='bbox 3006 4688 3216 4756; x_wconf 78' lang='lat' dir='ltr'><strong>corpori</strong></span> <span class='ocrx_word' id='word_1_688' title='bbox 3303 4692 3540 4749; x_wconf 85' lang='lat' dir='ltr'><strong>tabulam</strong></span> 
     </span>
    </p>
   </div>
   <div class='ocr_carea' id='block_1_103' title="bbox 1976 4764 3542 4848">
    <p class='ocr_par' dir='ltr' id='par_1_103' title="bbox 1976 4764 3542 4848">
     <span class='ocr_line' id='line_1_103' title="bbox 1976 4764 3542 4848; baseline 0.013 -31"><span class='ocrx_word' id='word_1_689' title='bbox 1976 4764 2326 4825; x_wconf 80' lang='lat' dir='ltr'><strong>substratam.</strong></span> <span class='ocrx_word' id='word_1_690' title='bbox 2382 4767 2450 4820; x_wconf 88' lang='lat' dir='ltr'><strong>ita</strong></span> <span class='ocrx_word' id='word_1_691' title='bbox 2499 4768 2566 4820; x_wconf 88' lang='lat' dir='ltr'><strong>ad</strong></span> <span class='ocrx_word' id='word_1_692' title='bbox 2617 4785 2924 4825; x_wconf 81' lang='lat' dir='ltr'><strong>mensuram</strong></span> <span class='ocrx_word' id='word_1_693' title='bbox 2975 4777 3219 4846; x_wconf 69' lang='lat' dir='ltr'><strong>cor-peris</strong></span> <span class='ocrx_word' id='word_1_694' title='bbox 3287 4795 3382 4848; x_wconf 90' lang='lat' dir='ltr'><strong>per</strong></span> <span class='ocrx_word' id='word_1_695' title='bbox 3422 4781 3542 4836; x_wconf 92' lang='lat' dir='ltr'><strong>lon-</strong></span> 
     </span>
    </p>
   </div>
   <div class='ocr_carea' id='block_1_104' title="bbox 1976 4857 3540 4932">
    <p class='ocr_par' dir='ltr' id='par_1_104' title="bbox 1976 4857 3540 4932">
     <span class='ocr_line' id='line_1_104' title="bbox 1976 4857 3540 4932; baseline 0.015 -28"><span class='ocrx_word' id='word_1_696' title='bbox 1976 4869 2100 4924; x_wconf 80' lang='lat' dir='ltr'><strong>gum</strong></span> <span class='ocrx_word' id='word_1_697' title='bbox 2151 4865 2206 4910; x_wconf 89' lang='lat' dir='ltr'><strong>et</strong></span> <span class='ocrx_word' id='word_1_698' title='bbox 2261 4857 2426 4910; x_wconf 90' lang='lat' dir='ltr'><strong>latum</strong></span> <span class='ocrx_word' id='word_1_699' title='bbox 2479 4868 2781 4926; x_wconf 82' lang='lat' dir='ltr'><strong>extensam,</strong></span> <span class='ocrx_word' id='word_1_700' title='bbox 2852 4867 3006 4932; x_wconf 88' lang='lat' dir='ltr'><strong>quasi</strong></span> <span class='ocrx_word' id='word_1_701' title='bbox 3059 4869 3122 4922; x_wconf 89' lang='lat' dir='ltr'><strong>ad</strong></span> <span class='ocrx_word' id='word_1_702' title='bbox 3191 4871 3294 4925; x_wconf 93' lang='lat' dir='ltr'><strong>hoc</strong></span> <span class='ocrx_word' id='word_1_703' title='bbox 3363 4874 3540 4928; x_wconf 87' lang='lat' dir='ltr'><strong>solum</strong></span> 
     </span>
    </p>
   </div>
   <div class='ocr_carea' id='block_1_105' title="bbox 1975 4943 3542 5024">
    <p class='ocr_par' dir='ltr' id='par_1_105' title="bbox 1975 4943 3542 5024">
     <span class='ocr_line' id='line_1_105' title="bbox 1975 4943 3542 5024; baseline 0.015 -30"><span class='ocrx_word' id='word_1_704' title='bbox 1975 4943 2134 5011; x_wconf 88' lang='lat' dir='ltr'><strong>prirui</strong></span> <span class='ocrx_word' id='word_1_705' title='bbox 2166 4959 2283 4998; x_wconf 87' lang='lat' dir='ltr'><strong>eam</strong></span> <span class='ocrx_word' id='word_1_706' title='bbox 2315 4948 2627 5003; x_wconf 83' lang='lat' dir='ltr'><strong>conditores</strong></span> <span class='ocrx_word' id='word_1_707' title='bbox 2683 4955 3113 5024; x_wconf 73' lang='lat' dir='ltr'><strong>srqiposnissent,</strong></span> <span class='ocrx_word' id='word_1_708' title='bbox 3163 4967 3220 5011; x_wconf 91' lang='lat' dir='ltr'><strong>ut</strong></span> <span class='ocrx_word' id='word_1_709' title='bbox 3279 4961 3402 5014; x_wconf 84' lang='lat' dir='ltr'><strong>inde</strong></span> <span class='ocrx_word' id='word_1_710' title='bbox 3444 4964 3542 5017; x_wconf 85' lang='lat' dir='ltr'><strong>ali-</strong></span> 
     </span>
    </p>
   </div>
   <div class='ocr_carea' id='block_1_106' title="bbox 1975 5037 3544 5110">
    <p class='ocr_par' dir='ltr' id='par_1_106' title="bbox 1975 5037 3544 5110">
     <span class='ocr_line' id='line_1_106' title="bbox 1975 5037 3544 5110; baseline 0.017 -27"><span class='ocrx_word' id='word_1_711' title='bbox 1975 5037 2191 5100; x_wconf 83' lang='lat' dir='ltr'><strong>quando</strong></span> <span class='ocrx_word' id='word_1_712' title='bbox 2217 5039 2334 5090; x_wconf 84' lang='lat' dir='ltr'><strong>sine</strong></span> <span class='ocrx_word' id='word_1_713' title='bbox 2357 5039 2534 5107; x_wconf 89' lang='lat' dir='ltr'><strong>aliqna</strong></span> <span class='ocrx_word' id='word_1_714' title='bbox 2567 5043 2880 5100; x_wconf 75' lang='lat' dir='ltr'><strong>difficultate</strong></span> <span class='ocrx_word' id='word_1_715' title='bbox 2920 5049 3058 5102; x_wconf 81' lang='lat' dir='ltr'><strong>idem</strong></span> <span class='ocrx_word' id='word_1_716' title='bbox 3087 5061 3310 5108; x_wconf 88' lang='lat' dir='ltr'><strong>sarrctrrs</strong></span> <span class='ocrx_word' id='word_1_717' title='bbox 3339 5054 3544 5110; x_wconf 87' lang='lat' dir='ltr'><strong>intacto</strong></span> 
     </span>
    </p>
   </div>
   <div class='ocr_carea' id='block_1_107' title="bbox 1979 5128 3298 5176">
    <p class='ocr_par' dir='ltr' id='par_1_107' title="bbox 1979 5128 3298 5176">
     <span class='ocr_line' id='line_1_107' title="bbox 1979 5128 3298 5176; baseline 0 0"><span class='ocrx_word' id='word_1_718' title='bbox 1979 5138 2209 5176; x_wconf 77' lang='lat' dir='ltr'><strong>corpore</strong></span> <span class='ocrx_word' id='word_1_719' title='bbox 2239 5128 2404 5176; x_wconf 82' lang='lat' dir='ltr'><strong>levari</strong></span> <span class='ocrx_word' id='word_1_720' title='bbox 2436 5129 2708 5176; x_wconf 63' lang='lat' dir='ltr'><strong>debilium</strong></span> <span class='ocrx_word' id='word_1_721' title='bbox 2769 5138 2895 5176; x_wconf 51' lang='lat' dir='ltr'><strong>[Anti</strong></span> <span class='ocrx_word' id='word_1_722' title='bbox 2924 5157 3051 5176; x_wconf 74' lang='grc' dir='ltr'><strong>ηνηη</strong></span> <span class='ocrx_word' id='word_1_723' title='bbox 3078 5160 3139 5176; x_wconf 63' lang='grc' dir='ltr'><strong>ι...</strong></span> <span class='ocrx_word' id='word_1_724' title='bbox 3170 5156 3298 5176; x_wconf 51' lang='grc' dir='ltr'><strong>,ιι-...ι</strong></span> 
     </span>
    </p>
   </div>
   <div class='ocr_carea' id='block_1_108' title="bbox 3309 5161 3544 5176">
    <p class='ocr_par' dir='ltr' id='par_1_108' title="bbox 3309 5161 3544 5176">
     <span class='ocr_line' id='line_1_108' title="bbox 3309 5161 3544 5176; baseline 0 0"><span class='ocrx_word' id='word_1_725' title='bbox 3309 5161 3369 5176; x_wconf 67' lang='lat' dir='ltr'><strong>(In</strong></span> <span class='ocrx_word' id='word_1_726' title='bbox 3396 5161 3544 5176; x_wconf 54' lang='lat' dir='ltr'><strong>annos.</strong></span> 
     </span>
    </p>
   </div>
  </div>
