4018 5330
479 205 574 259 591

1530 185 1819 246 OSBERNI
1848 181 2152 242 MONACHI
2187 178 2737 236 (IANTUARIENSlS

3642 177 3741 234 39‘!

487 315 694 387 pariter
733 311 1038 366 involvunt.
1079 308 1185 364 Sed
1244 321 1368 363 cum
1413 304 1591 373 aliqua
1644 317 1772 372 pars
1811 297 2054 367 corporis
2085 301 2129 358 Α
2157 294 2235 348 sia
2260 291 2318 346 S.
2345 291 2659 387 Saluatoris.
2692 319 2762 387 Τ
2793 289 2883 344 Sic
2936 303 3068 387 ergo
3102 288 3478 387 gradientibus
3517 290 3645 357 illis,
3691 303 3744 347 et

487 407 665 459 adhuc
723 403 1064 468 discooperta
1129 404 1456 457 remaneret,
1502 392 1746 448 cucurrit
1803 387 2061 458 pra-fatus

483 497 788 551 monaclms
828 494 894 546 ad
924 492 1093 545 altare
1135 489 1323 544 Sancti
1360 486 1507 541 Pauli
1549 482 1798 553 apostoli,
1827 481 2067 550 rapiens-

499 601 604 654 que
662 585 943 638 sindonetn
1012 582 1244 648 desuper
1291 579 1586 646 jacentem,
1646 569 1926 627 dimidiam
1968 583 2066 639 pro

487 675 720 728 sindone
761 673 878 726 auri
917 671 1109 724 libram
1168 668 1425 737 reposuit,
1477 665 1770 735 rapidoque
1800 677 1962 716 cursu
1996 661 2065 715 ad

485 764 878 820 obvolvendum
905 761 1046 830 quod
1072 761 1344 813 residuum
1371 767 1490 810 erat
1513 755 1690 810 rediit.
1719 754 1854 807 Tum
1889 751 2066 806 levato

491 874 546 911 In
571 856 810 910 humeris
844 854 1232 906 monachorum
1270 853 1510 920 pretioso
1563 848 1785 919 pretiosi
1818 847 2066 916 corporis

499 950 774 1007 thesauro,
843 945 1182 999 descendunt
1244 951 1474 1012 augusto
1537 941 1730 995 itinere
1784 955 1880 1010 per
1924 939 2064 992 viam

488 1050 611 1104 quae
667 1032 811 1087 ducit
867 1032 935 1084 ad
977 1031 1177 1086 ﬂumen
1234 1031 1558 1094 Tatnisium,
1609 1027 2067 1099 prosequentibus

495 1126 616 1178 illos
667 1139 794 1193 rege
821 1132 876 1177 et
907 1123 1346 1192 archiepiscOpo,
1403 1132 1636 1189 utroque
1691 1119 1906 1172 illorum
1955 1126 2066 1172 tota

489 1213 658 1266 animi
691 1213 970 1282 vigilantia
1005 1213 1071 1266 ad
1115 1211 1281 1265 Deum
1341 1211 1566 1264 intento.
1614 1209 1844 1280 Jamque
1869 1209 1935 1263 ad
1965 1206 2068 1262 llu-

493 1321 612 1357 mcn
639 1305 1076 1374 ag‘qiropinquare
1119 1312 1425 1372 cmpcrunt,
1462 1318 1584 1355 cum
1623 1317 1752 1356 ecce
1783 1301 1928 1370 regia
1968 1316 2068 1353 na-

493 1394 600 1457 vis,
631 1394 812 1446 aureis
879 1403 1113 1448 rostrata
1161 1392 1501 1454 diaconibus,
1537 1393 1824 1460 armigeris
1863 1391 2068 1460 repleta

491 1481 774 1546 militibus,
827 1483 1062 1537 venienti
1115 1481 1337 1552 martyri
1404 1483 1564 1536 obvia
1591 1481 1842 1536 oll'crtur.
1895 1481 2069 1547 Quam

492 1575 658 1629 citius
699 1576 845 1628 dictu
893 1591 983 1630 rex
1020 1574 1283 1637 insiliens,
1311 1575 1564 1643 expansis
1598 1574 1840 1628 brachiis
1866 1580 2070 1643 marty-

2173 386 2366 442 eadem
2402 393 2559 438 nocte
2589 382 2785 436 iuvilla
2819 397 2939 452 qua:
2961 383 3161 436 dicitur
3196 381 3469 437 Earhetha
3522 398 3745 438 manen-

2169 474 2335 538 tibus,
2358 473 2596 527 oceurrit
2636 472 2849 526 infinita
2887 470 3100 527 Cantiae
3131 473 3437 538 multitudo,
3465 475 3746 544 equitibus

2167 563 2422 634 permixti
2450 563 2678 632 pedites,
2713 561 2970 616 mulieres
2999 563 3149 628 viris,
3179 564 3404 619 senibus
3426 565 3745 620 adolescen-

2167 663 2273 718 tes,
2339 653 2540 724 singuli
2597 668 2693 722 per
2753 661 2962 706 turmas
3011 668 3140 707 suas
3210 653 3407 709 choros
3463 655 3746 720 ducentes,

2167 745 2406 800 citharas
2463 744 2867 815 perentientes,
2929 753 2985 798 et
3040 743 3198 812 quasi
3259 759 3440 798 arcam
3526 743 3751 800 fiederis

2170 834 2382 890 Domini
2441 835 2494 888 in
2538 833 2708 901 jubilo
2762 833 2828 886 de
2848 833 3113 886 lucentes.
3168 833 3373 887 Credas
3437 849 3545 887 non
3589 834 3752 888 aliter

2168 927 2309 981 filios
2359 926 2526 982 Israel
2572 927 2884 990 conciuere,
2925 924 3008 979 vel
3040 939 3162 977 eum
3203 938 3299 978 eos
3333 924 3599 994 propheta
3655 925 3750 980 Dei

2167 1014 2383 1086 Moyses
2412 1016 2480 1069 de
2508 1015 2689 1069 medio
2717 1014 2885 1067 Rubri
2939 1013 3106 1066 maris
3159 1012 3321 1067 siccis
3357 1014 3590 1083 pedibus
3613 1013 3750 1068 edu-

2169 1107 2359 1170 xisset,
2394 1105 2477 1160 vel
2503 1121 2624 1160 cum
2662 1119 2846 1160 arcam
2886 1103 3094 1158 Domini
3138 1103 3205 1157 de
3245 1104 3403 1157 domo
3437 1103 3750 1158 Aminadab

2171 1197 2224 1252 in
2251 1198 2525 1252 civitatem
2566 1212 2720 1252 suam
2765 1211 2857 1248 res
2902 1194 3070 1248 David
3104 1193 3445 1248 transferret.
3486 1196 3558 1248 At
3603 1196 3752 1250 cives

2169 1288 2508 1351 Cantuarini,
2536 1303 2659 1342 cum
2687 1287 2964 1342 audissent
2989 1289 3130 1356 quod
3159 1297 3312 1358 pater
3347 1289 3470 1343 vita:
3491 1299 3546 1344 et
3570 1290 3754 1344 socius

2171 1380 2364 1434 mortis
2409 1394 2596 1434 eorum
2629 1378 2956 1442 advenisset,
3006 1379 3147 1433 sicut
3188 1379 3353 1434 Jacob
3395 1388 3615 1450 propter
3655 1379 3754 1434 Jo-

2171 1473 2302 1542 seph
2333 1474 2398 1527 de
2430 1473 2579 1543 gravi
2611 1487 2802 1526 somno
2846 1473 2999 1541 quasi
3045 1473 3295 1538 excitati,
3327 1482 3381 1527 et
3411 1489 3520 1543 pra:
3553 1475 3755 1544 gaudio

2175 1562 2448 1633 lacrymas
2481 1562 2724 1627 resoluti,
2757 1563 2970 1616 obviam
3000 1565 3280 1632 prosiliunt
3311 1565 3574 1632 lmtantes,
3606 1568 3753 1635 quod

498 1681 611 1720 rem
635 1667 894 1734 susrepit,
931 1667 1128 1721 deinde
1180 1642 1434 1737 protensa
1487 1667 1712 1720 dextera
1757 1642 2068 1736 pontificem

2187 1653 2324 1706 illum
2355 1662 2576 1723 possent
2608 1654 2804 1708 iterum
2833 1654 3049 1719 videre,
3083 1654 3237 1722 cujus
3266 1657 3525 1709 beneficia
3559 1666 3667 1710 tam
3697 1657 3754 1712 in

499 1757 735 1810 induxit.
797 1757 918 1811 Mox
981 1769 1186 1814 remota
1250 1759 1446 1814 altiore
1496 1761 1642 1823 navi,
1711 1761 1934 1814 sedebat
1977 1776 2072 1815 rex

508 1849 935 1916 gubernaculum
991 1861 1202 1917 tenens,
1269 1853 1448 1906 navim
1503 1853 1570 1906 ad
1612 1851 1783 1922 ripam
1839 1852 2076 1908 fluminis

495 1945 831 1997 contrariam
887 1945 1144 2015 dirigens.
1215 1944 1437 2000 Videres
1495 1962 1625 2014 ergo
1680 1960 1931 2017 magnam
1981 1946 2074 2000 Dei

494 2036 795 2104 potentiam
852 2036 1116 2104 obsequio
1174 2037 1434 2106 martyris
1493 2036 1697 2099 favere,
1772 2036 1898 2089 dum
1951 2036 2078 2090 hinc

495 2138 716 2195 pontem
790 2135 844 2181 et
899 2136 1041 2182 totas
1091 2126 1328 2180 llutninis
1385 2127 1531 2196 ripas
1598 2125 1840 2180 loricatis
1875 2132 2076 2179 stratas

495 2218 758 2274 militibus
815 2221 1211 2289 conspiceres;
1270 2220 1416 2275 illinc
1470 2235 1568 2290 per
1597 2229 1868 2274 extremas
1925 2216 2077 2271 urbis

495 2321 683 2380 portas
740 2312 1110 2367 simulatorias
1153 2312 1451 2366 seditiones
1497 2311 1763 2366 excitatas
1815 2309 2073 2374 audires;

500 2404 811 2458 attenderes
839 2419 1020 2472 regem
1077 2419 1268 2458 navem
1299 2413 1598 2474 regentem,
1636 2401 1892 2471 remigem
1918 2401 2078 2455 nobi-

496 2494 602 2548 lcm
661 2511 840 2550 remos
892 2497 1221 2560 trahentem,
1282 2507 1531 2550 orantem
1589 2494 2076 2562 archiepiscopum,

494 2597 551 2640 et
576 2596 794 2640 sanctos
817 2587 1111 2641 monachos
1148 2587 1470 2655 obsequium
1502 2595 1851 2655 praestantes.

569 2677 622 2732 8.
651 2679 778 2732 lude
813 2678 1103 2732 confestim
1133 2680 1474 2747 apprehensa
1527 2677 1718 2732 tellure
1775 2677 1982 2745 primus
2013 2675 2080 2731 de

499 2771 624 2823 navi
651 2785 741 2823 rex
773 2771 1074 2839 egreditur,
1108 2780 1391 2840 acceptum
1442 2786 1640 2839 corpus
1695 2769 1948 2823 vehiculo
1975 2769 2079 2822 im-

499 2865 673 2934 ponit,
705 2873 824 2933 post
856 2864 971 2918 hare
1019 2863 1196 2917 valida
1227 2879 1346 2917 cutn
1378 2879 1540 2916 manu
1575 2862 1804 2916 militum
1837 2861 2078 2932 prannit-

504 2958 590 3009 tit.
630 2955 748 3025 Ipse
792 2970 921 3010 vero
955 2971 1077 3009 cum
1105 2953 1515 3024 archiepiscopo
1565 2953 1619 3006 in
1673 2954 1863 3006 ultimo
1902 2950 2081 3018 pontis
2108 2978 2153 3039 ρ

501 3047 755 3115 margine
821 3045 1066 3111 sedebat,
1097 3062 1206 3115 quo
1231 3060 1403 3114 usque
1426 3044 1478 3099 hi
1528 3043 1621 3114 qui
1655 3052 2080 3114 praecesserant,

504 3141 573 3194 ab
605 3137 738 3193 urbe
767 3139 980 3209 longius
1015 3138 1204 3192 remoti
1247 3137 1613 3200 exsisterent;
1659 3136 1888 3190 timebat
1932 3150 2086 3189 nam-

509 3247 615 3300 que
670 3231 872 3285 civium
906 3230 1254 3300 irruptiones.
1281 3229 1485 3285 Deinde
1509 3243 1760 3299 surgens,
1803 3237 1858 3283 et
1890 3227 2085 3282 liberae

503 3323 642 3377 libus
683 3324 825 3393 jocis
850 3324 1257 3394 archiepisc0po
1283 3321 1530 3376 alludens
1563 3339 1575 3375 :
1615 3339 1632 3371 ι
1665 3320 1951 3374 Liberatus
2003 3334 2087 3386 es,

504 3414 715 3484 inquit;
743 3424 797 3469 ct
825 3429 944 3468 meo
988 3429 1214 3468 munere
1252 3414 1319 3468 de
1349 3413 1596 3482 periculo
1634 3413 1848 3479 mortis,
1891 3413 1955 3468 de
1983 3426 2089 3480 qua

508 3514 561 3558 te
588 3505 805 3559 liberari
860 3522 964 3559 non
1002 3521 1161 3574 posse
1199 3504 1584 3568 arbitrabaris,
1608 3504 1722 3574 jam
1754 3519 1984 3557 securus
2016 3502 2085 3556 ad

507 3606 757 3650 sanctum
798 3597 1170 3666 proficiscere,
1207 3605 1374 3666 atque
1411 3605 1469 3650 ut
1510 3595 1714 3650 nostris
1745 3595 1926 3650 faveat
1955 3606 2093 3648 tem—

507 3685 730 3753 poribus
777 3685 1056 3737 humiliter
1116 3685 1433 3752 deprecarc.
1491 3683 1600 3751 Ego
1631 3684 1908 3738 vobiscum
1942 3684 2092 3752 pari-

510 3782 595 3826 ter
633 3774 792 3838 irem,
822 3773 866 3826 si
899 3773 1129 3842 magnis,
1165 3783 1223 3825 ut
1264 3773 1429 3837 nosti,
1455 3774 1604 3842 regni
1642 3774 1877 3844 negotiis
1925 3789 2090 3828 occu-

510 3874 671 3934 patus
696 3881 800 3919 non
829 3879 1025 3918 essent.
1073 3864 1276 3933 Regina
1307 3880 1427 3919 cum
1467 3863 1575 3918 lilio
1629 3880 1750 3919 meo
1777 3863 2096 3918 llardacnut

511 3954 760 4010 Cantiam
823 3955 1050 4008 incolit:
1084 3955 1159 4008 illi
1191 3963 1247 4007 ut
1287 3955 1437 4009 vobis
1468 3971 1590 4008 eum
1646 3964 1753 4009 tota
1816 3954 2097 4009 nobilitate

511 4056 767 4101 occurrat
835 4048 1123 4102 mandabo.
1174 4067 1192 4100 ι
1238 4048 1448 4102 Divisus
1481 4063 1611 4118 ergo
1661 4064 1690 4102 a
1733 4065 1858 4119 rege
1911 4049 2095 4103 archi-

516 4141 828 4210 episcopus,
861 4155 983 4193 cmn
1019 4139 1220 4209 ingenti
1251 4139 1578 4193 huscarliunt
1607 4139 1758 4192 turba
1785 4139 2094 4208 praeceden-

520 4245 606 4290 tcs
637 4236 1009 4304 subsequitur.
1049 4236 1292 4302 Cumque
1323 4235 1436 4304 jam
1487 4235 1560 4288 ita
1611 4250 1778 4304 prope
1821 4234 2013 4289 fuisset
2041 4241 2097 4286 ut

2175 1744 2286 1796 vita
2307 1781 2322 1807 ,
2352 1759 2511 1812 quam
2543 1743 2595 1796 in
2628 1752 2800 1798 morte
2826 1752 3079 1814 parentes
3107 1746 3191 1800 sui
3220 1746 3532 1816 multiplicia
3565 1762 3756 1801 seuse-

2180 1850 2258 1890 re.
2293 1834 2468 1904 Super
2487 1850 2676 1889 omnes
2702 1835 2948 1890 homines
2978 1837 3235 1907 majorem
3270 1839 3516 1893 monachi
3547 1838 3758 1895 Christi

2177 1925 2432 1981 Ecclesia:
2467 1925 2706 1980 lmtitiam
2734 1929 3014 1997 gerebant,
3047 1930 3172 1984 dum
3219 1929 3444 1984 solemni
3484 1932 3592 1987 ritu
3616 1938 3760 1985 temo

2177 2016 2323 2088 plum
2353 2027 2640 2082 ornarent,
2675 2018 2886 2073 levitica
2923 2035 2986 2075 ac
3026 2021 3382 2076 sacerdotalia
3434 2023 3759 2078 vestimenta

2179 2107 2462 2164 induerent
2495 2126 2508 2166 :
2541 2109 2594 2163 bi
2625 2110 2830 2165 crebris
2866 2111 3100 2167 motibus
3134 2113 3456 2182 crepitantia
3488 2114 3758 2168 tintinna-

2179 2196 2304 2251 bula
2331 2198 2683 2264 deducerent,
2708 2199 2781 2255 illi
2813 2200 3082 2267 lucernas,
3118 2203 3423 2275 Evangelia,
3455 2212 3760 2274 gemutatzts

2181 2291 2234 2346 in
2266 2291 2515 2347 manibus
2543 2307 2731 2348 cruces
2751 2301 3053 2360 gestarent,
3086 2304 3143 2350 et
3185 2297 3401 2350 canoris
3432 2296 3652 2351 vocibus
3679 2296 3763 2350 ul-

2183 2391 2266 2438 tra
2298 2383 2456 2455 longa
2486 2385 2721 2439 civitatis
2744 2383 3010 2456 'potnuaria
3040 2387 3182 2442 obvii
3219 2390 3594 2458 procederent.
3634 2388 3765 2444 inde

2181 2490 2306 2529 cum
2371 2473 2628 2531 incll‘abili
2701 2478 2865 2534 totius
2911 2478 3256 2535 Cautuarinte
3315 2481 3466 2536 urbis
3527 2482 3764 2550 tripudio

2182 2575 2488 2634 susceptus,
2521 2567 2588 2620 ad
2617 2566 2904 2622 ecclesiam
2935 2583 3041 2622 non
3077 2569 3324 2624 Doctoris
3353 2571 3591 2639 gentium
3619 2571 3767 2625 sicut

2181 2655 2336 2722 olim,
2379 2660 2472 2712 sed
2523 2657 2822 2715 Salvatoris
2867 2661 3107 2716 omnium
3163 2661 3298 2732 (li),
3356 2677 3516 2733 quam
3571 2664 3766 2718 vivens

2185 2762 2402 2818 semper
2437 2764 2624 2804 amore
2653 2750 2914 2818 coluerat,
2942 2753 3139 2806 virtute
3165 2752 3632 2816 corroboraverat,
3663 2769 3768 2822 pro

2184 2854 2288 2910 qua
2319 2841 2501 2903 etiam.
2537 2849 2589 2895 et
2615 2855 2846 2911 quacum
2874 2851 3104 2898 mortem
3136 2845 3494 2909 sustinuerat,
3529 2844 3771 2898 transla-

2187 2943 2292 2999 tus,
2325 2935 2378 2990 in
2418 2937 2609 2990 eadem
2652 2953 2758 2992 non
2799 2939 2953 3008 quasi
2999 2940 3210 3014 noviter
3238 2941 3624 3006 conclamatus,
3669 2939 3772 2995 sed

2183 3026 2339 3094 quasi
2369 3043 2492 3081 cum
2527 3028 2636 3084 Deo
2666 3028 2720 3082 in
2748 3037 3067 3099 perpetuum
3097 3030 3282 3085 vivens
3304 3029 3621 3096 honoratus,
3654 3030 3774 3085 col-

2185 3115 2390 3172 locatus
2419 3127 2522 3174 cst.

2259 3251 2345 3306 l0.
2377 3252 2548 3306 Clare:
2596 3255 2886 3310 miraculis.
2914 3255 3293 3311 Trauslatiouis
3320 3258 3774 3328 festum—Cum-

2189 3358 2294 3412 que
2320 3345 2506 3398 tertins
2528 3345 2864 3400 illuccsceret
2891 3347 3027 3411 dies,
3058 3348 3238 3416 regina
3265 3348 3449 3402 Emma
3477 3364 3599 3404 cum
3621 3350 3774 3404 omni

2191 3449 2311 3503 quae
2341 3450 2522 3489 secum
2555 3445 2672 3491 erat
2710 3437 2990 3492 nobilitate
3028 3439 3275 3503 advenit,
3319 3440 3620 3509 oblatisque
3656 3457 3776 3494 mu-

2192 3526 2416 3579 nerilms
2447 3526 2498 3578 in
2530 3527 2757 3581 diversis
2796 3542 3046 3582 cararum
3104 3546 3283 3584 rerum
3330 3534 3634 3600 speciebus,
3681 3533 3780 3587 be-

2193 3617 2397 3674 nedixit
2429 3616 2540 3671 Deo
2569 3617 2793 3681 viventi,
2829 3619 2918 3688 qui
2948 3621 3014 3673 ad
3041 3619 3303 3674 honorem
3332 3631 3386 3674 ct
3416 3621 3643 3692 gloriam
3670 3638 3777 3676 no-

2196 3708 2356 3762 minis
2383 3706 2463 3761 sui
2492 3707 2544 3760 in
2579 3715 2722 3760 tanta
2747 3709 3144 3775 magnificentia
3179 3709 3323 3762 illum
3356 3711 3588 3776 reduxit,
3611 3727 3778 3781 quem

2196 3800 2260 3852 ad
2290 3799 2406 3868 ejus
2439 3798 2823 3867 blasphemiam
2857 3810 2978 3854 cum
3016 3809 3164 3854 tanto
3191 3801 3479 3870 opprobrio
3525 3801 3782 3858 inimicus

2197 3888 2440 3942 abduxit.
2472 3889 2647 3958 Atque
2675 3897 2732 3942 ut
2763 3887 2996 3958 aliquam
3039 3889 3163 3942 filiis
3213 3892 3353 3945 idem
3399 3892 3783 3946 sanctissimus

2199 3989 2351 4050 pater
2395 3979 2582 4050 gratia:
2625 3994 2735 4034 suae
2782 3981 2976 4033 micam
3009 3980 3347 4045 ostenderet,
3395 3991 3518 4050 post
3567 3991 3781 4052 septem

2201 4070 2316 4123 dies
2346 4079 2495 4122 nmto
2534 4069 2746 4122 cuidam
2780 4069 3012 4122 reddidit
3041 4069 3328 4138 loquelam,
3358 4069 3632 4141 aliumque
3658 4081 3786 4141 post

2202 4159 2421 4213 Paulum
2481 4162 2625 4215 ferro
2665 4161 2924 4223 vinctum,
2957 4161 3235 4216 confracto
3276 4161 3423 4217 ferro
3473 4164 3649 4217 reddit
3692 4180 3788 4218 so-

2205 4250 2397 4305 ltttutn.
2435 4243 2557 4306 llmc
2585 4261 2708 4306 sunt
2745 4255 2940 4322 gaudia
2989 4253 3296 4309 festivitatis
3347 4254 3638 4316 hodiernae,
3674 4256 3784 4310 ista

520 4346 549 4383 a
606 4327 1062 4397 pra-t-cdentilms,
1108 4326 1407 4395 oculosque
1461 4339 1676 4394 semper
1715 4334 1834 4394 post
1887 4333 2083 4395 tergum

2200 4342 2515 4396 solemnitas
2549 4343 2675 4412 diei,
2704 4361 2824 4413 quae
2853 4345 3055 4401 idcirco
3081 4355 3281 4400 statuta
3313 4356 3397 4400 est
3425 4346 3655 4416 singulis
3682 4363 3785 4400 an-

518 4417 930 4472 dcﬂcctcntibus
962 4416 1138 4485 pulvis
1165 4416 1214 4467 in
1252 4415 1450 4469 cadum
1493 4415 1672 4470 elatus
1697 4415 1864 4469 videri
1889 4415 2098 4483 potuis—

522 4519 626 4570 set,
685 4507 941 4574 suspit-ati
984 4507 1122 4559 idem
1166 4506 1264 4574 ipsi
1297 4505 1386 4575 qui
1444 4505 1820 4574 praecedebant
1857 4505 2003 4558 cives
2033 4503 2098 4558 de

523 4598 746 4651 civitate
789 4613 1060 4663 egtcssos,
1110 4607 1321 4652 mature
1379 4613 1502 4650 cum
1561 4596 1748 4666 paucis
1804 4596 2102 4650 monachos

528 4685 833 4747 ministros,
863 4696 918 4738 et
950 4695 1240 4756 martyrem
1292 4686 1648 4756 pra-mittunt.
1697 4685 1795 4753 Ipsi
1831 4698 2009 4739 autem
2034 4686 2101 4738 ad

527 4776 705 4828 vicum
752 4775 1037 4827 l’lunstede
1070 4780 1366 4839 venientes,
1409 4778 1909 4846 obsitlcntangusta
1962 4775 2100 4840 loci,

532 4867 708 4920 tribus
777 4867 973 4918 turmis
1043 4868 1142 4920 tria
1218 4869 1398 4937 pra-lia
1444 4869 1810 4930 iustitueutcs,
1862 4867 2104 4920 animum

526 4977 626 5030 pro
663 4975 850 5013 amore
903 4959 1043 5014 beati
1098 4961 1351 5030 martyris
1383 4962 1519 5014 mori
1548 4970 1794 5031 paratum
1819 4959 2101 5014 habentes.

535 5053 665 5114 Sed,
692 5053 804 5104 viso
854 5053 1101 5106 cominus
1129 5055 1304 5107 crucis
1336 5054 1548 5119 vexillo,
1579 5063 1880 5122 agnoscunt
1930 5053 2109 5106 socios

532 5158 669 5210 quos
696 5141 960 5194 timebant
987 5143 1353 5207 adversarios,
1391 5152 1446 5196 et
1483 5143 1660 5213 majus
1688 5158 1851 5214 quam
1882 5153 2109 5213 putave-

532 5245 659 5288 runt
691 5234 944 5303 gaudium
979 5233 1329 5286 invenerunt.

2202 4434 2285 4488 nis
2313 4435 2365 4487 in
2398 4434 2639 4488 Ecclesia
2672 4435 2898 4500 Cantitc,
2917 4447 3067 4490 sexto
3093 4436 3214 4492 ldus
3243 4435 3385 4491 Junii
3413 4437 3699 4500 celebrari,
3728 4446 3789 4491 ut

2202 4522 2345 4577 nulla
2373 4523 2547 4578 valeat
2569 4524 2838 4579 oblivione
2867 4526 3055 4592 deleri,
3110 4527 3560 4596 quemadmodum
3595 4526 3790 4578 beatus

2204 4625 2416 4684 martyr
2443 4614 2709 4685 Elpbegus
2750 4614 2815 4669 de
2855 4615 3032 4668 alieno
3074 4615 3140 4668 ad
3186 4631 3282 4670 sua
3325 4617 3576 4686 dignatus
3621 4614 3792 4669 fuerit

2208 4702 2512 4757 transferri.
2559 4705 2627 4757 Et
2672 4706 2919 4774 quamvis
2965 4705 3107 4759 diem
3152 4705 3421 4775 passionis
3470 4705 3612 4758 illius
3662 4721 3788 4760 cuin

2205 4796 2458 4849 omnibus
2518 4802 2570 4849 In
2634 4811 2921 4850 commune
2980 4797 3350 4861 celebramus,
3410 4797 3550 4852 diem
3605 4806 3791 4851 tamen

2210 4883 2583 4938 translationis
2614 4885 2784 4954 ipsius
2814 4885 2911 4939 soli
2951 4901 3059 4954 pra:
3105 4886 3355 4939 omnibus
3383 4886 3663 4940 celebrare
3693 4887 3792 4938 de-

2210 4978 2418 5031 bemus.
2458 4977 2514 5030 ιιι
2563 4977 2653 5030 illo
2685 4992 2916 5049 namque
2947 4993 3106 5030 unam
3144 4991 3209 5030 ac
3243 4976 3539 5046 simplicem
3571 4975 3795 5029 la‘tandi

2211 5083 2430 5122 causam
2478 5068 2794 5132 habuimus;
2846 5069 2898 5121 in
2945 5065 3047 5124 isto
3096 5079 3275 5122 autem
3317 5067 3543 5136 duplicis
3590 5066 3798 5120 laetitia:

2213 5159 2354 5216 dona
2379 5162 2734 5230 suscepimus.
2768 5160 2842 5215 lbi
2870 5161 3017 5216 illum
3048 5163 3099 5214 in
3131 5161 3326 5216 coelum
3353 5159 3624 5215 sublatum
3658 5175 3799 5228 pra:-

2211 5252 2484 5316 dicamus;
2526 5255 2612 5307 hic
2658 5253 2810 5308 illum
2851 5252 2906 5306 in
2945 5252 3082 5307 uelo
3112 5262 3448 5314 coronatum,
3476 5251 3610 5302 etin
3649 5257 3800 5302 terra
