4018 5330
209 340 304 401 395

418 315 420 318 ’
507 339 563 392 n.
607 335 1192 395 murum-omam
1229 335 1453 391 ABBAS
1493 334 1763 391 MAIORIE

1867 333 2263 392 LONASTERII.
2301 367 2371 377 —
2411 335 2690 394 NOTITIA
2742 335 3132 394 IIISTORICA.

208 457 343 514 illum
369 451 500 509 etin
539 450 1008 514 cmlo,c0ronavit,
1040 459 1096 505 et
1144 449 1302 506 nobis
1347 449 1401 504 in
1449 458 1593 505 terra
1635 462 1765 519 pro-

207 547 352 620 pitius
380 543 622 610 donavit,
654 542 747 614 qui
787 557 909 599 cum
945 540 1106 598 Patre
1135 549 1190 597 et
1225 540 1432 613 Spiritu
1459 548 1651 598 sancto
1681 540 1764 594 vi-

3345 339 3453 398 ενι

1873 449 1950 504 vit
1989 458 2046 506 et
2085 459 2278 523 regnat
2321 451 2464 509 Deus
2507 467 2605 525 per
2643 452 2824 508 omnia
2871 452 3066 510 saecula
3110 452 3450 512 saeclorum.

1871 542 2063 599 Amen.

1381 745 1800 820 spirarum.“
1839 765 1899 821 s.
1941 765 2255 823 ELPllEGl.

1023 902 1232 958 Merum
1271 902 1526 959 nobilitas
1552 901 1701 958 claro
1731 901 1916 972 generi
1947 901 2197 972 copulata

1236 993 1441 1049 Nititur
1469 995 1616 1050 hunc
1642 1003 1892 1049 sanctum
1919 993 2209 1048 nobilitare
2236 993 2430 1049 virum.

1013 1086 1218 1143 Praesul
1247 1086 1337 1142 hic
1363 1102 1390 1140 a
1422 1101 1592 1156 puero
1617 1085 1816 1141 divinis
1841 1085 2053 1140 actibus
2075 1084 2306 1150 bmrens,

1239 1177 1590 1234 Commtare
1614 1191 1747 1233 sene
1764 1175 1854 1246 jus
1882 1175 2090 1246 puerile
2113 1177 2314 1231 studet.

1023 1269 1197 1328 Ictum
1223 1269 1432 1325 securis
1455 1277 1734 1340 expertus,
1759 1267 1956 1340 gaudia
1981 1266 2110 1323 οωιί

1232 1361 1424 1427 Intrat,
1452 1376 1576 1416 cum
1602 1361 1765 1432 justis
1795 1361 1994 1433 gaudet
2023 1359 2225 1416 habere
2251 1360 2452 1430 polum.
2487 1423 2492 1428 _

1024 1454 1172 1510 Laus
1199 1454 1464 1509 immensa
1495 1454 1627 1519 Deo,
1657 1453 1752 1524 qui
1783 1461 1863 1508 tot
1895 1451 2169 1524 tantisque
2206 1452 2494 1524 triumphis

1233 1545 1676 1616 Conregnaturos
1705 1545 1854 1601 ducit
1882 1542 1949 1598 ad
1985 1551 2130 1599 astra
2169 1559 2320 1600 suos.

209 1723 3445 1774 MM

1399 1885 1565 1932 ANNO
1610 1887 1839 1932 DOMINI
1886 1887 2110 1930 MLXXX
2124 1887 2206 1932 IV.

582 2061 1330 2224 BEATUS
1425 2059 3056 2332 aARTHOLOMzEUs

1342 2354 1568 2412 ABBAS
1599 2351 1891 2410 MAJORIS
1926 2351 2368 2410 MONASTERH.
2480 2345 2502 2434 τ’
2543 2357 2572 2433 ί
2613 2365 2622 2402 ἰ

1653 2515 1970 2534 Ψ

609 2659 1052 2744 ΝΟΤΙΤΙᾹ
1115 2655 1678 2740 HISTOBICA
1736 2657 1763 2736 l

1928 2657 2015 2733 B.
2078 2655 2810 2736 BA'BTHOLOMJE
2828 2659 3014 2738 Ulli:

3075 2375 3084 2390 '.
3109 2375 3118 2394 ι,
3173 2379 3200 2405 ι..
3225 2367 3275 2398 χι

3107 2459 3170 2530 [ut
3198 2489 3216 2526 ς
3249 2475 3302 2524 Γ
3369 2479 3382 2494 "

2973 2509 3025 2540 Γ,
3059 2511 3070 2529 λ
3110 2489 3128 2530 ι
3161 2491 3170 2516 ι
3198 2489 3216 2526 ς
3249 2489 3272 2524 1
3379 2491 3396 2544 ’ἰ

3025 2555 3138 2567 ,.
3367 2551 3432 2608 λ.

813 2837 1221 2907 (Mannum-tn
1253 2833 1354 2890 SS.
1389 2836 1506 2888 0rd.
1534 2833 1594 2890 S.
1631 2833 1856 2902 Bened.,
1891 2832 2032 2888 Smc.
2073 2831 2161 2898 VI,
2195 2843 2350 2902 parte
2383 2850 2443 2898 n,
2475 2849 2596 2906 pag.
2632 2834 2783 2907 384.)

261 3129 302 3183 l.
350 3127 683 3184 Restant-ala
730 3139 830 3198 per
884 3136 1132 3181 sanctum
1188 3122 1439 3178 Maiolum
1497 3122 1748 3176 abbatem
1781 3103 1823 3162 Α
1864 3136 2061 3193 scopus
2085 3121 2426 3178 Pictavensis
2453 3121 2507 3176 in
2535 3121 2725 3177 charta
2754 3138 2851 3193 pro
2879 3122 3068 3180 eodem
3099 3129 3449 3195 monasterio,

202 3220 580 3277 Cluniacensem
612 3216 849 3290 regulari
881 3215 1164 3287 disciplina
1206 3215 1258 3269 iu
1307 3214 1606 3286 percelebri
1650 3212 1761 3267 Ma-

200 3309 283 3376 iori
307 3312 630 3369 Monasterio
656 3310 986 3374 Turonensi,
1017 3309 1169 3362 locus
1195 3305 1281 3361 ille
1304 3306 1430 3360 olim
1459 3305 1595 3360 adeo
1621 3304 1761 3358 cele-

206 3404 314 3471 bris,
339 3405 423 3476 qui
451 3419 555 3477 per
582 3403 785 3459 multos
815 3418 987 3458 annos
1027 3401 1263 3458 incultus
1298 3402 1459 3473 plane
1490 3401 1760 3471 jacuerat,

204 3495 326 3551 brevi
371 3498 439 3551 ita
488 3494 788 3568 pristiam
834 3493 1174 3564 splendorem
1221 3493 1454 3563 recepit,
1511 3500 1570 3545 ut
1615 3489 1763 3544 nullo

207 3589 421 3659 deinceps
445 3589 558 3644 alio
589 3586 925 3642 monasterio
955 3593 1008 3640 et
1045 3584 1356 3642 sanctitatis
1387 3583 1529 3637 fama
1557 3590 1613 3636 et
1646 3595 1762 3635 mo-

207 3678 465 3733 uachorum
506 3691 742 3733 numero
772 3675 999 3732 inferius
1024 3684 1362 3732 censeretur.
1386 3673 1612 3741 Quanta:
1636 3685 1764 3727 vero

207 3768 506 3826 celebritatis
537 3769 705 3825 fuerit
733 3771 836 3826 sub
874 3770 1036 3840 hujus
1061 3768 1244 3824 saeculi
1270 3766 1542 3823 undecimi
1579 3765 1764 3830 finem,

209 3857 385 3913 discere
431 3874 735 3932 possumus
775 3874 842 3915 ex
885 3857 1136 3916 0rderici
1187 3856 1376 3913 Vitalis
1428 3857 1582 3912 initio
1639 3854 1766 3910 libri

208 3950 355 4016 quarti
384 3949 645 4006 Historia:
671 3948 1079 4015 ecclesiasticae,
1118 3948 1211 4003 ubi
1251 3949 1439 4020 paucis
1475 3947 1561 4003 his
1586 3945 1767 4002 verbis

207 4041 445 4110 egregium
477 4041 707 4112 Majoris
739 4039 1050 4096 Monasterii
1076 4040 1310 4112 elogium
1338 4039 1582 4093 absolvit.
1615 4057 1632 4089 ι
1662 4037 1768 4091 Ma-

205 4127 274 4194 jus
295 4133 447 4198 enim,
476 4133 680 4202 inquit,
718 4130 1110 4187 Monasterium
1137 4148 1166 4186 a
1197 4131 1544 4186 sanctissimo
1575 4128 1765 4184 Marti-

211 4235 264 4273 no
303 4219 640 4279 Turonorum
689 4223 1100 4294 archiepiscopo
1146 4231 1384 4293 emptum
1427 4233 1530 4289 est,
1584 4223 1765 4292 ibique

212 4314 437 4372 bonorum
463 4318 755 4374 hominum
784 4317 974 4388 religio
1001 4317 1175 4372 crevit
1218 4316 1519 4386 inspirante
1549 4317 1678 4380 Deo,
1712 4323 1766 4370 et

213 4408 527 4479 multiplicata
579 4420 686 4466 est.
736 4407 949 4464 Nostris
998 4406 1352 4478 temporibus,
1407 4407 1663 4462 Albertus
1711 4414 1766 4459 et

213 4495 624 4567 liartholommus,
653 4500 964 4556 Bernartius
989 4508 1044 4554 et
1073 4499 1321 4570 llilgotus
1352 4513 1415 4554 ac
1449 4497 1765 4553 Guillelmus

215 4586 522 4650 Naulicensis
567 4595 798 4649 abbates
847 4592 975 4646 huic
1026 4591 1356 4646 monasterio
1407 4589 1762 4659 pra-fuerunt,

214 4681 285 4746 qui
331 4685 614 4739 sanctitate
662 4692 719 4738 et
768 4682 1037 4752 probitate
1092 4680 1275 4735 multis
1319 4679 1660 4749 profuerunt,
1712 4687 1768 4734 et

216 4768 342 4843 longe
367 4775 576 4848 lateque
607 4774 823 4838 famosi,
847 4773 1044 4829 vicinis
1064 4781 1119 4828 et
1139 4773 1384 4829 externis
1400 4772 1632 4828 viriliter
1659 4771 1765 4826 mi-

216 4876 428 4923 cuerunt.
461 4890 478 4923 ι

271 4957 317 5014 2.
351 4960 464 5018 Non
492 4974 652 5018 vacat
677 4961 767 5017 hic
793 4961 861 5016 de
889 4960 1188 5016 innumeris
1213 4959 1606 5031 propemodum
1629 4959 1765 5015 locis

218 5057 360 5111 sacris
404 5058 721 5130 singillatim
771 5073 956 5124 agere,
1004 5071 1123 5126 quae
1173 5057 1239 5112 iis
1285 5057 1620 5127 temporibus
1669 5055 1768 5110 sub

217 5142 514 5209 prioratuum
546 5148 771 5204 nomine
797 5146 987 5218 Majori
1017 5145 1344 5204 Mouasterio
1371 5145 1613 5214 subjecta
1652 5148 1767 5203 fue-

369 5239 381 5251 ο
521 5242 532 5253 ο
909 5239 921 5251 ο
1112 5241 1123 5252 ο
1215 5239 1227 5252 ο
1421 5239 1432 5251 ο

219 5246 316 5266 ,ιη-ιι
369 5255 416 5266 ι-
451 5242 639 5266 ιιι-..ιι-ι-
672 5241 921 5266 manan|~a
957 5250 1226 5266 nnnAI.I-uln
1261 5239 1356 5266 ιιι-1-
1389 5240 1622 5266 -.ΙολαιΛοδδ
1654 5256 1736 5266 ama-

1865 3216 1988 3270 data
2017 3215 2120 3269 sub
2153 3215 2374 3271 Alberto
2405 3216 2620 3271 abbate.
2659 3215 2765 3272 Sed
2810 3218 3189 3276 observatione
3230 3222 3452 3294 dignum

1863 3316 1948 3363 est
1981 3307 2128 3378 quod
2178 3305 2472 3364 Orilericus
2520 3307 2712 3364 Vitatis
2753 3308 2890 3365 libro
2943 3311 3104 3366 tertio
3156 3322 3342 3367 narrat
3389 3315 3457 3369 de

1865 3399 2097 3455 llailull'o
2127 3401 2357 3470 quodam
2388 3402 2506 3456 viro
2537 3401 2702 3456 nobili
2732 3403 2935 3464 Geroii,
2965 3404 3035 3459 ob
3056 3406 3273 3474 egregia
3305 3405 3451 3461 facta

1865 3502 2228 3564 cognomento
2260 3492 2472 3560 Herois,
2500 3493 2629 3558 ﬁlio,
2665 3495 2758 3564 qui
2790 3504 2918 3550 tunc
2950 3497 3207 3566 temporis
3244 3498 3298 3552 in
3339 3498 3453 3553 Ma-

1861 3582 1968 3653 jori
2000 3584 2328 3640 Monasterio
2367 3586 2667 3640 monachus
2713 3585 2889 3641 factus
2920 3586 3240 3655 praeclarum
3283 3589 3456 3659 poeni-

1868 3679 2051 3733 tentize
2072 3679 2347 3749 specimen
2371 3678 2634 3734 exhibuit.
2666 3698 2685 3730 ‹
2714 3679 2998 3746 Radulfus,
3027 3680 3222 3752 inquit,
3253 3681 3457 3739 relictis

1868 3770 2053 3824 mundi
2102 3769 2388 3826 lenociniis
2431 3769 2499 3825 ad
2546 3770 2715 3840 Majus
2758 3770 3148 3828 Monasterium
3193 3774 3455 3844 confugit,

1869 3861 2051 3932 ibique
2093 3862 2192 3918 sub
2229 3862 2452 3918 Alberto
2488 3864 2684 3919 abbate
2721 3866 3018 3921 monachus
3064 3864 3239 3922 factus
3287 3866 3455 3922 Deum

1869 3957 2186 4028 suppliciter
2227 3958 2438 4028 rogavit
2487 3965 2548 4013 ut
2595 3958 2912 4015 insanabilis
2957 3959 3120 4030 lepra:
3164 3962 3352 4017 morbo
3402 3961 3455 4016 in

1867 4063 2095 4118 corpore
2123 4047 2445 4116 fmdaretur,
2473 4058 2742 4118 quatenus
2776 4065 2804 4103 a
2831 4059 3178 4120 peccatorum
3206 4051 3457 4105 sordibus

1869 4142 1925 4196 in
1974 4142 2158 4196 anima
2203 4141 2610 4197 emundaretur.
2664 4141 2816 4209 Quod
2869 4141 2957 4212 pie
3001 4143 3322 4212 deprecatus
3373 4153 3456 4198 est

1868 4233 2124 4298 obtinuit,
2161 4241 2214 4288 et
2246 4242 2367 4302 post
2393 4232 2765 4289 conversionis
2793 4247 2966 4287 annos
2998 4233 3107 4287 fere
3143 4247 3237 4286 sex
3283 4231 3455 4286 felici-

1871 4331 1952 4378 ter
1981 4323 2233 4378 decessit.
2293 4342 2312 4375 ι
2367 4322 2622 4378 Albertus
2671 4337 2800 4377 vero
2859 4321 3145 4376 defunctus
3190 4330 3273 4374 est
3312 4336 3454 4375 anno

1798 4449 1840 4506 Β
1872 4411 2028 4476 1065,
2064 4411 2217 4478 cujus
2247 4413 2507 4467 memoria
2540 4412 2593 4466 in
2624 4410 2958 4480 Nccrologiis
3009 4408 3190 4464 Sancti
3229 4408 3454 4479 Benigni

1873 4503 2236 4568 Divionensis,
2266 4512 2320 4557 et
2345 4502 2531 4558 Sancti
2563 4501 2818 4557 Germani
2848 4517 2876 4555 a
2910 4501 3091 4554 Pratis
3120 4509 3455 4555 memoratur

1870 4596 2079 4651 decimo
2107 4593 2266 4649 tertio
2293 4593 2560 4648 Kalendas
2587 4591 2749 4647 Junii.
2782 4593 2847 4646 Et
2874 4590 3299 4647 Barlholoma‘us
3328 4592 3454 4648 sub-

1869 4686 2090 4741 stitutus
2133 4693 2236 4752 est,
2267 4683 2357 4755 qui
2405 4699 2519 4756 pra:
2559 4684 2769 4742 cmteris
2813 4683 2972 4753 hujus
3019 4681 3122 4738 loci
3169 4681 3454 4739 abbatibus

1867 4777 2096 4834 celebris
2123 4777 2352 4833 exstitit.

1941 4873 1994 4928 5.
2035 4870 2418 4927 Bartholomaei
2457 4871 2576 4926 Vita
2622 4871 2676 4924 in
2726 4869 3099 4940 manuscripto
3127 4870 3311 4924 codice
3339 4868 3454 4924 Ma-

1863 4965 2001 5036 joris
2033 4963 2348 5020 Monasterii
2379 4963 2705 5030 habebatur,
2736 4971 2796 5016 ut
2826 4961 3117 5017 didicimus
3152 4977 3221 5017 ex-
3249 4961 3456 5030 aliquot

1870 5067 2178 5112 nostrorum
2226 5054 2441 5111 schedis
2489 5071 2501 5108 :
2548 5062 2603 5108 et
2649 5053 2866 5127 quidem
2908 5067 3212 5123 annnymus
3245 5061 3454 5113 auctor.

1869 5147 2088 5218 Majoris
2116 5145 2429 5203 Monasterii
2459 5144 2734 5217 alumnus,
2773 5144 2864 5214 qui
2892 5143 3130 5200 libellum
3162 5145 3227 5199 de
3249 5143 3458 5197 actibus

1869 5239 2242 5266 ΛιιειιΛη-αλυηενκ
2274 5234 2673 5264 τηε-ΑκΛιιΑῘ.--ι,
2713 5249 2753 5260 -·
2791 5235 3038 5260 ΑκΛ-ξίιιεα
3075 5235 3323 5258 »ιιικιηης
