4018 5330
517 280 628 376 sas

1310 320 1368 374 Β.
1397 319 1980 378 ΒΛΒΤΙΙΟΕΟΜᾸΞΠΒ
2005 323 2224 380 ABBAS
2251 325 2536 383 MAIORIS
2559 327 2994 386 MONASTERII.

3675 337 3783 395 596

523 433 797 505 supersint
823 440 1166 488 monumenta
1195 433 1387 490 idonea
1415 437 1480 490 ad
1523 452 1614 492 res
1643 437 1787 491 beati
1823 439 1982 508 hujus
2009 440 2105 493 ah-
2137 448 2174 502 Α
2209 440 2428 508 Maioris
2451 443 2760 500 Monasterii
2789 455 2948 517 atque
2977 447 3407 506 benedicdonem
3433 453 3780 512 sanctissime

525 526 664 582 batis
701 524 960 594 prmclare
987 533 1190 594 gestas,
1226 535 1484 594 quantum
1531 543 1616 583 res
1656 538 1908 597 poscunt,
1931 544 2098 599 espo-

523 617 744 671 nendas.
777 614 956 682 Quare
988 630 1053 669 ne
1081 615 1214 669 tanti
1251 617 1348 671 viri
1386 620 1644 673 memoria
1683 621 1733 673 in
1772 620 1855 674 his
1887 630 2101 676 sancto—

521 721 642 760 rum
675 705 825 760 Actis
863 705 1215 770 desideretur,
1247 706 1422 760 visum
1457 717 1539 762 est
1586 723 1649 762 ea
1699 709 1788 763 hic
1837 710 1889 764 in
1937 725 2098 764 unum

521 795 774 866 colligere
816 809 936 863 quae
967 793 1034 848 de
1061 807 1128 848 eo
1159 794 1212 847 in
1243 795 1406 849 variis
1436 797 1748 851 auctoribus
1773 805 1827 852 et
1861 798 1912 852 in
1943 807 2098 853 vetu-

523 887 622 942 stis
653 887 858 957 aliquot
899 885 1104 940 chartis
1133 886 1376 954 reperire
1409 886 1598 952 licuit;
1640 887 1834 958 quibus
1885 889 2098 944 tandem

521 975 866 1045 subjiciemus
932 975 1172 1031 historia:
1248 975 1464 1044 Majnris
1527 977 1834 1032 Monasterii
1895 980 2100 1049 insigne

521 1067 880 1137 fragmentum
906 1083 972 1122 ex
995 1066 1362 1138 manuscripto
1385 1068 1568 1124 codice
1597 1071 1908 1124 monasterii
1941 1070 2100 1125 Villa-

522 1160 714 1214 riensis
759 1160 964 1214 ordinis
1003 1159 1380 1216 Cisterciensis
1431 1161 1482 1214 in
1533 1159 1846 1228 Brabautia,
1895 1164 1946 1216 in
1991 1179 2098 1233 quo

511 1251 706 1317 multa,
739 1261 795 1306 et
835 1251 1050 1322 quidem
1082 1253 1458 1308 observatione
1488 1253 1822 1324 dignissima,
1849 1270 1969 1324 quae
1999 1257 2098 1310 sub

519 1343 912 1400 Bartholo‘maco
939 1347 1130 1401 abbate
1151 1346 1373 1417 ejusque
1397 1349 1801 1403 successoribus
1833 1349 1884 1402 iu
1909 1347 2094 1419 Majori

520 1434 846 1491 Monasterio
876 1439 1168 1509 contigere,
1199 1438 1370 1493 fusius
1397 1450 1706 1494 narrantur.
1733 1440 1848 1495 Hoc
1875 1455 2098 1509 epuscu-

517 1521 624 1576 lum
651 1524 883 1580 describi
919 1533 1110 1595 rogatu
1140 1535 1326 1580 nostro
1356 1527 1567 1580 curavit
1611 1528 1679 1582 It.
1728 1527 1789 1581 P.
1837 1529 2094 1584 Albertus

517 1614 584 1670 de
624 1612 940 1685 Chambley,
981 1617 1128 1684 prior
1160 1616 1514 1684 Villariensis,
1565 1620 1658 1688 qui
1709 1619 1836 1674 illud
1865 1621 1954 1689 _ad
2001 1635 2098 1675 nos

514 1719 658 1760 anno
683 1705 822 1760 1672
851 1708 1162 1763 transmisit.

2203 528 2396 584 factam
2443 533 2662 588 molitus
2695 545 2780 590 est
2830 537 3000 592 modis
3037 541 3235 608 quibus
3280 543 3454 612 potuit
3499 544 3779 603 infestare.

2201 618 2478 690 instigavit
2503 622 2664 692 igitur
2681 627 2930 680 comitem
2958 627 3371 697 Turonensinm,
3405 637 3622 692 nomine
3649 639 3784 694 Gef-

2200 706 2438 776 fridum,
2480 723 2834 783 cognomento
2878 715 3191 784 Barbatum,
3233 731 3290 774 ut
3341 723 3514 778 locum
3563 727 3784 798 Major-is

2200 795 2510 852 Mouasterii
2555 817 2653 856 suo
2699 803 2997 860 dominatni
3053 807 3392 880 snbjugarct,
3429 823 3484 868 et
3527 795 3778 874 abbatem

2199 884 2302 940 loci
2331 899 2550 957 cogeret
2577 901 2636 944 nt
2675 893 2740 944 de
2777 907 2937 948 manu
2981 895 3124 952 illius
3163 900 3414 954 baculum
3455 909 3782 972 pastoralem

2202 978 2484 1046 reciperet.
2529 981 2671 1036 Grex
2719 984 2882 1052 igitur
2917 986 3060 1040 beati
3095 987 3308 1043 Martini
3357 991 3572 1064 Majoris
3599 996 3784 1052 Mona-

2202 1068 2352 1122 sterii
2385 1072 2720 1138 stupefactus
2741 1089 2806 1128 ac
2833 1085 3012 1130 mente
3036 1077 3292 1134 confusus
3313 1097 3378 1134 ex
3407 1093 3514 1138 tam
3541 1085 3780 1142 inaudita

2203 1160 2468 1216 hactenus
2503 1165 2736 1230 ratione,
2769 1167 3007 1238 rogitare
3031 1171 3196 1241 erepit
3221 1187 3284 1227 ac
3315 1175 3498 1230 dicere
3527 1194 3638 1247 quo
3667 1179 3782 1236 fieri

2201 1262 2382 1322 posset
2431 1267 2488 1310 ut
2523 1267 2670 1313 tanta
2719 1271 2772 1316 et
2817 1270 2923 1316 tant
2977 1264 3132 1334 longa
3167 1267 3363 1335 regalis
3399 1277 3682 1338 potestas,
3729 1281 3784 1325 et

2201 1345 2455 1414 specialis
2483 1363 2696 1420 semper
2723 1353 2926 1408 domini
2957 1355 3169 1410 Martini
3199 1357 3372 1427 gloria
3393 1375 3458 1416 ex
3507 1362 3704 1432 priscis
3727 1372 3785 1418 et

2201 1449 2266 1488 ex
2300 1437 2416 1492 suis
2451 1441 2614 1494 etiam
2656 1441 2786 1510 ipsis
2825 1448 3174 1516 temporibus,
3203 1451 3294 1517 qui
3338 1452 3464 1506 dum
3503 1453 3784 1508 adviveret

2201 1528 2476 1595 proprium
2525 1531 2594 1585 ibi
2641 1534 2890 1588 abbatem
2919 1549 3040 1592 esse
3067 1541 3367 1606 constituit,
3404 1544 3622 1598 nomine
3647 1543 3780 1599 Gal-

2201 1615 2432 1679 berlum,
2467 1621 2558 1686 qui
2609 1635 2752 1676 nunc
2794 1623 2988 1678 ibidem
3023 1627 3275 1682 humatus
3297 1632 3544 1698 quiescit,
3577 1634 3648 1687 ab
3677 1634 3781 1687 im-

2200 1708 2536 1774 peratoribus
2567 1717 2620 1763 et
2661 1713 2874 1782 regibus
2911 1715 3014 1770 huc
3042 1732 3212 1786 usque
3241 1719 3625 1776 inviolabiliter
3651 1737 3784 1776 con-

584 1797 639 1850 4.
679 1796 904 1851 Fallitur
953 1806 1105 1853 actor
1148 1813 1452 1871 anonymus
1503 1801 1721 1870 Maioris
1781 1801 2087 1859 Mouasterii

2199 1805 2434 1862 servata,
2469 1799 2742 1856 modernis
2773 1806 3102 1873 temporibus
3127 1807 3356 1880 alicujus
3381 1810 3642 1878 dominio,
3673 1812 3778 1866 nisi

515 1887 813 1942 monachus
835 1903 995 1956 supra
1025 1888 1291 1956 laudatus,
1320 1893 1411 1960 qui
1447 1893 1900 1949 Bartholomceum
1929 1896 2094 1949 abba-

515 1985 624 2032 tem
647 1978 712 2032 ad
733 1977 813 2032 sui
837 1981 1150 2035 monasterii
1175 1982 1410 2053 regimen
1439 1999 1580 2038 anno
1601 1986 1734 2040 1004
1761 1998 2094 2058 assumptum

514 2065 702 2132 fuisse,
733 2069 890 2138 eique
916 2084 1088 2124 annos
1119 2071 1338 2140 viginti,
1365 2075 1428 2128 ad
1457 2067 1664 2128 annunf
1701 2077 1908 2134 scilicet
1939 2079 2093 2134 Chri-

513 2158 583 2212 sti
631 2158 792 2221 1024,
815 2159 1096 2229 praefuisse
1141 2164 1378 2234 scripsit.
1408 2166 1577 2232 Quem
1611 2167 1826 2236 quidem
1853 2185 2092 2227 errorem

505 2262 578 2302 ex
612 2249 935 2319 scriptorum
965 2252 1114 2319 vitio,
1166 2255 1383 2311 omissis
1439 2257 1690 2314 litterulis
1744 2260 1950 2316 duabus
1999 2279 2089 2328 ως,

513 2337 796 2408 irrepsisse
837 2338 994 2396 facile
1043 2342 1174 2397 mihi
1217 2344 1270 2397 in
1316 2346 1554 2400 animum
1607 2347 1960 2415 induxissent,
1989 2353 2090 2407 nisi

511 2426 600 2484 ille
633 2430 747 2500 ipse
775 2439 968 2486 auctor
1001 2447 1156 2488 suum
1189 2449 1428 2490 errorem
1472 2437 1578 2492 alio
1618 2439 1777 2494 simili
1818 2442 2090 2510 prodidis-

509 2531 633 2590 set,
681 2537 930 2578 asserens
971 2524 1446 2594 Bartholomacum,
1491 2539 1611 2599 post
1655 2541 2014 2588 restauratum
2061 2550 2091 2590 a

509 2625 703 2670 sancto
729 2615 922 2672 Maiolo
947 2619 999 2672 in
1031 2617 1216 2688 Majori
1239 2619 1568 2678 Monasterio
1595 2624 1898 2696 regularem
1923 2625 2091 2682 disci-

508 2711 731 2782 plinam,
766 2713 1012 2784 quintum
1054 2713 1300 2769 abbatem
1339 2715 1521 2772 fuisse.
1551 2717 1770 2773 Certum
1798 2728 1883 2776 est
1909 2729 2089 2777 autem

509 2817 576 2857 ex
609 2804 774 2859 variis
801 2805 1168 2860 monumentis
1195 2821 1389 2862 novem
1411 2807 1636 2865 abbatcs
1665 2810 1808 2866 inter
1837 2810 2090 2867 Maiolum

509 2895 1030 2953 etBartholomteum
1059 2898 1464 2968 intercessisse;
1494 2911 1548 2957 et
1568 2903 1786 2973 quidem
1813 2903 2090 2960 Bartholo-

515 3001 710 3042 mteum
735 3002 879 3042 anno
913 2987 1048 3043 1064
1071 2989 1302 3044 abbatiaa
1329 2991 1570 3062 regimen
1599 2993 1902 3063 suscepisse
1931 2994 2086 3050 eolli-

508 3079 653 3150 gitur
689 3093 754 3134 ex
799 3079 982 3136 multis
1003 3081 1355 3138 donationum
1379 3085 1584 3140 chartis
1629 3099 1750 3155 qua:
1777 3087 1832 3142 in
1871 3086 2087 3156 Majoris

507 3170 824 3226 Monasterii
851 3173 1088 3228 archivis
1117 3185 1420 3236 servantur.
1452 3177 1698 3245 quamvis
1725 3175 1886 3233 fateri
1917 3195 2081 3249 opor-

509 3271 620 3316 teat
666 3263 873 3332 aliquot
919 3263 1059 3320 inter
1101 3279 1195 3320 eas
1237 3266 1424 3322 haberi
1453 3283 1574 3338 quae
1605 3269 1725 3341 ejus
1763 3270 2084 3328 electionem

506 3367 649 3410 anno
672 3354 1002 3424 prtecedenti
1028 3354 1308 3410 videantur
1343 3357 1664 3428 consignare
1693 3375 1708 3413 :
1739 3363 1881 3431 quod
1907 3363 2082 3418 conti-

506 3448 650 3517 gisse
681 3447 1006 3504 crediderim
1034 3433 1318 3505 occasione
1361 3451 1638 3506 turbarum
1663 3468 1799 3523 quas
1823 3455 2083 3513 adversus

504 3539 955 3596 Bartholomaeum
991 3541 1160 3596 movit
1183 3539 1453 3598 Goﬂ‘ridus
1482 3553 1838 3614 cognomento
1875 3544 2081 3600 Barba-

507 3643 612 3701 tus,
643 3633 832 3689 consul
870 3631 1294 3703 Andegavensis,
1335 3635 1420 3690 cui
1453 3643 1581 3690 tunc
1611 3637 1868 3705 temporis
1910 3637 2084 3693 Turo-

506 3739 634 3776 num
665 3722 856 3776 civitas
887 3721 1129 3790 parebat.
1164 3723 1377 3778 Etenim
1414 3724 1501 3778 hic
1537 3739 1640 3779 non
1673 3725 1845 3780 solum
1892 3726 2081 3782 Mona-

505 3813 658 3868 sterii
697 3811 916 3879 Maioris
950 3819 1126 3868 terras
1157 3828 1256 3868 suo
1279 3813 1518 3870 dominio
1549 3815 1812 3885 subjicere
1844 3819 2078 3876 conaba-

505 3916 613 3971 tur,
661 3919 848 3960 verum
884 3905 1046 3960 etiam
1087 3905 1333 3976 exigebat
1374 3915 1430 3960 ut
1475 3905 1898 3965 Bartholomaaus
1946 3925 1977 3964 a
2021 3926 2079 3966 se

504 3995 710 4066 virgam
751 3993 1077 4063 pastoralem
1123 3995 1406 4064 reciperet.
1453 3995 1606 4062 Quod
1648 4013 1768 4052 cum
1818 3999 1906 4054 ille
1947 4016 2079 4056 con-

503 4085 665 4142 stanti
693 4085 876 4140 animo
915 4083 1094 4140 facere
1125 4086 1412 4152 renuisset,
1451 4086 1616 4140 multa
1654 4087 1721 4143 ab
1757 4102 1824 4144 eo
1863 4101 2076 4160 passus,

503 4178 705 4233 diutius
729 4185 883 4232 extra
911 4176 1146 4248 regionis
1169 4175 1302 4232 fines
1320 4178 1525 4232 versari
1541 4188 1759 4236 coactus
1780 4179 1898 4236 fuit.
1925 4179 2077 4239 Unde

501 4269 821 4340 conjicimus
846 4269 964 4324 fieri
987 4269 1226 4340 potuisse
1261 4278 1340 4336 ut,
1376 4269 1500 4325 licet
1521 4269 1637 4342 jam
1663 4271 1732 4326 ab
1755 4288 1898 4340 anno
1939 4273 2075 4328 1065

499 4358 928 4418 Bartbolomteus
975 4360 1028 4414 in
1074 4359 1321 4416 abbatem
1362 4361 1555 4417 fuisset
1598 4363 1822 4431 electus,
1860 4367 2072 4422 nonnisi

2201 1885 2369 1956 regio,
2399 1887 2539 1942 sicut
2583 1905 2826 1960 semper,
2853 1903 2946 1949 aut
2969 1897 3148 1951 abbati
3195 1901 3409 1970 proprio
3435 1903 3778 1956 subderetur.

2197 1977 2429 2032 Aiebant
2457 1980 2599 2034 enim
2630 1999 2642 2034 :
2677 2000 2694 2032 ι
2730 1982 3000 2041 llabemus
3033 2004 3264 2060 namque
3291 2007 3394 2046 non
3424 1993 3645 2049 minima
3677 1994 3780 2048 im-

2155 2089 2160 2094 ·
2201 2078 2514 2137 peratorunt
2543 2088 2839 2144 regumque
2865 2088 3152 2148 prmcepla,
3177 2097 3274 2136 nec
3303 2099 3406 2138 non
3434 2093 3486 2139 et
3513 2089 3778 2154 apostoli-

2197 2173 2380 2214 corum
2403 2164 2728 2234 perplurima
2754 2167 3050 2238 privilegia,
3071 2174 3268 2241 quibus
3283 2174 3370 2230 hic
3399 2185 3582 2232 noster
3601 2178 3776 2242 locus,

2199 2267 2297 2322 pro
2329 2258 2679 2313 veneratione
2717 2259 2789 2328 pii
2833 2259 3008 2315 Patris
3075 2265 3245 2318 nostri
3301 2268 3501 2322 domini
3555 2269 3776 2325 Martini

2195 2345 2284 2416 qui
2330 2361 2452 2402 eum
2499 2349 2764 2418 fundavit,
2837 2355 3122 2423 specialem
3187 2358 3394 2420 obtinet
3459 2361 3774 2433 dignitatem

2195 2449 2250 2495 et
2315 2441 2574 2512 gloriam,
2629 2455 2684 2501 et
2731 2462 3002 2517 nunquam
3055 2450 3246 2518 alicui,
3302 2455 3403 2508 nisi
3467 2463 3559 2508 aut
3614 2456 3774 2526 regi,

2196 2539 2289 2585 aut
2338 2531 2518 2588 abbati
2573 2537 2792 2604 proprio
2843 2539 3014 2593 sancti
3077 2539 3288 2596 Martini
3339 2541 3439 2597 fuit
3477 2545 3774 2614 subjectus,

2195 2619 2424 2688 qualiter
2458 2624 2621 2678 etiam
2659 2636 2744 2680 est
2783 2627 2850 2682 ab
2893 2629 3040 2684 omni
3076 2631 3362 2702 praesulum
3413 2633 3672 2702 dominio,
3718 2639 3774 2692 in

2194 2722 2456 2782 quantum
2507 2716 2561 2769 in
2609 2719 2928 2776 ordinandis
2972 2724 3252 2780 monachis
3297 2727 3593 2782 necessitas
3629 2731 3776 2801 cogit

2195 2800 2470 2868 Ecclesiae,
2517 2817 2920 2877 sequestratus;
2950 2825 3072 2866 cum
3102 2813 3300 2883 quibus
3335 2831 3402 2870 ne
3439 2817 3490 2870 id
3521 2816 3614 2872 fiat
3639 2800 3777 2876 satis

2193 2892 2483 2950 defendere
2505 2911 2812 2966 possumus.
2837 2899 2954 2956 Una
2980 2903 3142 2973 igitur
3165 2914 3346 2962 mente
3371 2917 3534 2978 atque
3555 2910 3773 2966 decreto

2193 2986 2341 3040 venit
2371 2987 2513 3042 idem
2542 3003 2670 3060 grex
2703 2992 2770 3046 ad
2797 2994 3110 3062 prredictum
3137 2997 3414 3066 comitem,
3448 3001 3630 3072 illique
3651 3005 3768 3059 iure

2191 3077 2371 3132 omnia
2402 3080 2726 3148 retulerunt,
2751 3094 2808 3138 ut
2835 3085 3043 3144 scilicet
3085 3089 3224 3146 hanc
3248 3091 3518 3148 abbatiam
3547 3093 3770 3164 Maioris

2147 3167 2159 3188 ‘
2191 3167 2523 3236 Monasterii,
2553 3189 2651 3230 nec
2687 3175 2861 3246 ipsum
2897 3181 3288 3236 monasterium
3317 3183 3370 3238 in
3401 3183 3629 3252 alicujus
3667 3188 3767 3242 do-

2188 3261 2439 3328 minium,
2473 3263 2573 3319 nisi
2603 3267 2655 3320 in
2684 3281 2839 3324 suum
2881 3272 3160 3340 proprium
3204 3272 3454 3330 abbatem
3501 3276 3770 3334 ullatenus

2187 3352 2440 3410 devenire
2466 3357 2746 3426 permittat
2774 3376 2790 3414 :
2819 3375 2886 3416 ne
2915 3361 3091 3418 honor
3117 3372 3172 3418 et
3193 3364 3363 3436 gloria
3395 3368 3528 3422 tanti
3561 3369 3766 3435 Patris,

2185 3461 2304 3514 qua:
2335 3462 2550 3517 semper
2585 3453 2786 3506 crescit
2827 3453 2880 3507 in
2921 3453 3098 3521 cmlis,
3133 3455 3474 3527 aliquatenus
3520 3461 3770 3517 videatur

2185 3541 2448 3596 minorari
2497 3542 2550 3596 in
2591 3545 2780 3610 terris,
2815 3561 2844 3599 a
2878 3547 3040 3602 tantis
3081 3547 3341 3606 hactenus
3387 3551 3768 3610 inviolabiliter

2183 3642 2504 3688 conservata
2538 3635 2777 3703 regibus,
2807 3633 3056 3694 Patribus
3095 3647 3256 3709 atque
3278 3641 3636 3712 principibus.
3665 3644 3766 3701 Co—

2183 3739 2301 3779 mes
2330 3735 2510 3782 autem
2537 3727 2830 3798 obstinate,
2863 3729 2972 3789 imo
3015 3731 3227 3794 fortiter
3263 3733 3318 3792 in
3353 3747 3450 3792 sua
3491 3737 3764 3796 sententia

2181 3817 2553 3886 permanebat,
2585 3829 2663 3886 et,
2685 3821 2730 3876 si
2757 3821 2860 3876 hoc
2887 3821 3054 3880 fieret.
3093 3824 3267 3882 locum
3293 3827 3570 3886 destruere
3592 3831 3765 3886 mina-

2181 3907 2362 3964 batur.
2389 3909 2640 3968 Monacbi
2671 3929 2802 3970 vero
2830 3917 3085 3972 comitem
3118 3933 3259 3989 stupe
3283 3930 3338 3976 et
3363 3923 3765 3981 rationabiliter

2181 4011 2570 4066 convenerunt,
2611 4011 2665 4058 et
2701 4020 2798 4075 per
2843 4021 3106 4076 personas
3147 4010 3550 4068 ecclesiasticas
3595 4023 3764 4086 atque

2137 4109 2148 4117 ’
2180 4093 2467 4150 saecularcs
2496 4096 2714 4151 discreti
2763 4099 2990 4169 sanique
3021 4103 3233 4158 consilii
3277 4106 3590 4162 nitebantur
3617 4123 3764 4164 com-

2179 4184 2470 4256 motionem
2496 4187 2709 4242 comitis
2733 4190 3106 4258 tranquillare.
3131 4191 3326 4249 Comes
3353 4205 3531 4252 autem
3557 4209 3762 4268 quanto

2179 4276 2350 4346 magis
2397 4277 2616 4332 videbat
2670 4281 2964 4337 monachos
3008 4283 3264 4340 resistere
3313 4303 3424 4342 suae
3473 4289 3758 4359 voluntati,

2180 4375 2329 4423 tanto
2357 4369 2730 4425 vehementius
2759 4371 3098 4440 turbabatur,
3127 4385 3383 4446 tantoque
3413 4378 3762 4438 indiscretius

501 4463 682 4509 tamen
717 4467 860 4508 anno
895 4450 1173 4523 sequenti,
1205 4451 1414 4507 scilicet
1455 4451 1613 4520 1064,
1642 4457 1956 4511 monasterii
1989 4458 2071 4512 sui
2104 4466 2149 4525 ι)
2177 4475 2282 4514 non
2316 4459 2429 4528 jam
2465 4459 2581 4516 loco
2621 4461 2998 4532 solummodo,
3045 4467 3139 4522 sed
3197 4477 3252 4522 ct
3305 4468 3437 4537 ipsis
3477 4472 3759 4530 monachis

499 4546 744 4616 regimen
779 4546 980 4600 inierit.
1013 4544 1119 4600 Sed
1149 4543 1237 4601 hic
1264 4545 1548 4602 referenda
1575 4556 1700 4602 sunt
1720 4563 1838 4619 qua:
1870 4549 1937 4606 de
1969 4551 2071 4606 hac

497 4652 560 4693 re
596 4636 866 4692 habentur
899 4637 952 4692 in
986 4635 1164 4693 Gestis
1205 4637 1485 4693 consulum
1529 4637 2015 4709 Andegavensium,
2038 4657 2069 4697 a

498 4729 768 4784 monacho
803 4731 1037 4797 quodam
1078 4743 1350 4800 anonymo
1383 4728 1600 4796 Majeris
1627 4730 1938 4787 Monasterii
1968 4748 2076 4800 sae:

495 4819 618 4875 culo
662 4819 905 4889 sequenti
941 4820 1292 4889 conscriptis,
1339 4821 1430 4890 qui
1479 4835 1614 4890 opus
1648 4838 1802 4877 suum
1839 4821 2070 4880 Henrico

494 4909 788 4982 Anglorum
813 4909 922 4980 regi
949 4910 1296 4979 nuncupavit.
1323 4909 1412 4966 Sic
1435 4926 1561 4966 vero
1591 4911 1754 4967 habet
1778 4912 1952 4983 capite
1979 4913 2068 4980 10,

499 5012 644 5060 tomo
672 5001 721 5057 Χ
751 5001 1022 5070 Spicilegii
1048 5001 1362 5069 Acheriani,
1393 5017 1516 5072 pag.
1549 5002 1673 5058 484.

2173 4549 2501 4618 minabatur,
2535 4561 2588 4606 et
2611 4553 2785 4608 minas
2809 4554 3058 4612 crudeles
3083 4558 3286 4614 crudeli
3314 4574 3476 4629 opere
3496 4562 3758 4634 adimple-

2171 4639 2289 4696 bat.
2321 4641 2522 4698 Locum
2551 4659 2789 4714 namque
2815 4643 3036 4715 Majoris
3065 4647 3376 4704 Monasterii
3403 4660 3458 4706 et
3493 4653 3610 4708 loca
3656 4669 3756 4726 ap-

2171 4735 2483 4803 pendentia,
2517 4735 2824 4806 ubicunque
2873 4747 3113 4809 potestas
3151 4739 3270 4810 ejus
3307 4743 3505 4813 attigit,
3537 4761 3754 4816 δεδι-θεν

2169 4837 2262 4880 sus
2290 4823 2526 4880 funditus
2556 4827 2854 4894 adnullare,
2885 4831 3252 4899 possessiones
3281 4836 3672 4892 monachorum
3698 4849 3754 4894 et

2170 4915 2501 4972 substantias
2525 4917 2804 4974 hominum
2837 4917 3152 4978 monasterii
3187 4939 3377 4994 rapere
3407 4927 3671 5006 violenter
3697 4939 3752 4986 et

2174 5016 2406 5072 Vastare,
2437 5017 2491 5063 et
2525 5010 2794 5079 quomodo
2826 5013 3085 5068 srevitiam
3113 5029 3266 5070 suam
3294 5017 3555 5082 expleret,
3581 5023 3747 5076 etiam
