4018 5330
230 177 341 235 537

1563 167 1838 224 NOTITIA
1879 163 2264 220 HISTORICA.

3418 157 3525 212 398

228 297 354 366 jam
384 299 610 362 possent
653 287 891 358 pericula
935 285 1275 342 imminentia
1313 285 1604 348 sustinere,
1637 283 1840 337 oratio-
1870 291 1914 347 Α
1945 280 2176 334 ειωνὶειις
2201 276 2473 331 nitebatur
2503 283 2698 330 mu.tos
2719 288 2905 329 servos
2933 272 3024 328 Dei
3050 271 3244 352 injusta
3265 274 3526 327 servitute

239 401 343 440 nes
391 397 534 454 quas
577 397 672 452 pro
715 381 826 434 suis
876 377 1315 449 persecutoribus
1353 374 1504 443 juxta
1563 374 1840 444 Evangelii

237 475 601 532 eﬂ‘undebant
649 483 975 544 praeceptum
1007 513 1022 538 ,
1077 477 1388 526 statuerunt
1434 469 1679 524 devotius
1727 483 1840 522 am-

236 568 445 638 pliare;
479 566 804 634 nudatisque
832 563 1062 633 pedibus
1092 563 1158 616 ad
1191 577 1390 630 corpus
1426 561 1567 616 beati
1618 560 1839 614 Martini

235 666 655 728 processerunt,
680 655 972 725 assumptis
1003 669 1187 709 secum
1215 653 1480 708 debilibus
1505 661 1559 705 et
1590 651 1838 720 lcprosis,

237 766 381 820 quos
417 749 487 803 de
513 750 660 803 victu
692 747 773 801 vel
805 746 1003 802 vestitu
1038 746 1352 802 monasterii
1393 745 1754 808 sustinebant,
1785 755 1840 799 et

237 855 480 910 quorum
529 854 719 909 preces
765 837 905 908 apud
953 837 1239 891 Dominum
1280 837 1461 892 valere
1500 835 1842 891 conﬁdebant

236 930 712 1000 quamplurimum
771 946 786 981 :
842 927 954 994 ubi,
1007 927 1338 982 unanimiter
1390 926 1444 981 in
1505 927 1841 980 orationibus

237 1024 626 1092 persistentes,
658 1020 1019 1092 implorabant
1053 1019 1221 1074 Deum
1250 1027 1304 1073 et
1330 1019 1506 1074 sancti
1538 1019 1755 1081 merita,
1783 1027 1842 1072 ιιι

237 1126 456 1186 pestem
509 1115 658 1169 illam
701 1107 821 1168 tam
876 1114 1231 1169 saevissimam
1303 1128 1402 1166 sua
1466 1111 1840 1166 misericordia

240 1217 611 1278 temperaret,
656 1223 725 1263 ne
772 1207 948 1262 locum
1003 1206 1215 1260 illorum
1261 1215 1578 1275 persecutor
1623 1204 1713 1258 illa
1749 1203 1841 1259 de-

238 1310 512 1363 strueret,
547 1303 692 1354 unde
721 1301 837 1370 ipse
870 1300 1210 1369 postmodum
1248 1299 1303 1352 in
1336 1297 1609 1353 infernum
1653 1312 1841 1366 poenas

239 1394 482 1448 luiturus
509 1393 882 1449 descenderet.
915 1392 1010 1448 llis
1037 1391 1293 1462 peractis,
1317 1391 1478 1445 etiam
1502 1390 1568 1444 ad
1590 1390 1839 1444 abbatem

237 1487 665 1541 Cluniacensem
698 1486 998 1541 recolendze
1025 1485 1302 1540 memoria:
1329 1487 1526 1545 virum,
1560 1483 1838 1554 llugonem

238 1579 492 1642 nomine,
555 1593 708 1632 suam
748 1577 1063 1647 petitionem
1119 1577 1468 1640 direxerunt,
1526 1574 1843 1644 suppliciter

236 1680 544 1725 exurantes
578 1679 638 1724 nt
682 1671 797 1740 ipse
825 1679 880 1725 et
922 1679 1108 1724 sancta
1142 1669 1514 1725 Cluniaeensis
1539 1683 1838 1739 congrega-

239 1760 318 1816 tio
343 1777 448 1830 pro
475 1771 625 1816 tanta
647 1763 1026 1832 persecutione
1056 1762 1350 1832 tnitiganda
1378 1763 1471 1818 Dei
1501 1762 1846 1818 clementiam

239 1867 650 1926 precarentur;
685 1859 909 1930 insuper
958 1868 1018 1913 ut
1057 1859 1173 1928 ipse
1203 1858 1370 1913 abbas
1404 1858 1582 1912 locum
1630 1857 1847 1926 Majoris

240 1952 568 2009 Monasterii
594 1953 867 2010 consolari
901 1970 999 2008 sua
1039 1953 1329 2024 praesentia
1369 1953 1714 2024 dignaretur;
1752 1953 1846 2022 qui

240 2049 524 2119 benignus
567 2058 630 2103 ut
672 2058 827 2115 erat,
871 2049 1118 2118 petitioni
1159 2062 1350 2103 eorum
1390 2048 1628 2118 benigno
1666 2047 1848 2100 animo

244 2141 553 2211 adquievit.
578 2141 823 2211 Cumque
857 2141 1028 2212 Majus
1070 2140 1457 2196 Monasterium
1489 2139 1844 2208 pervenisset,

242 2237 565 2293 consolatus
603 2247 688 2292 est
715 2238 931 2302 fratres,
977 2247 1032 2293 et
1075 2237 1308 2290 Turon's
1348 2236 1416 2290 ad
1443 2235 1696 2289 comitem
1721 2243 1850 2287 sunt

243 2327 482 2396 profecti
511 2346 525 2384 :
551 2327 708 2396 cujus
749 2328 974 2398 pedibus
1014 2327 1367 2398 prosternali,
1399 2341 1523 2380 eum
1555 2334 1613 2378 ut
1657 2325 1729 2378 ab
1760 2322 1848 2376 illa

245 2421 638 2488 persecutione
672 2421 787 2491 jam
829 2429 1069 2476 cessaret
1131 2419 1495 2490 precabantur
1550 2417 1847 2480 humiliter,

245 2509 348 2564 sed
378 2510 683 2565 incassum.
710 2509 843 2564 Nam
879 2521 1092 2574 comes,
1122 2511 1174 2563 in
1209 2524 1363 2563 suam
1393 2507 1657 2562 smvitiam
1683 2507 1850 2562 obsti-

248 2609 441 2667 natus,
488 2617 589 2657 nec
625 2602 882 2672 lacrymis
917 2600 1090 2656 flexus
1132 2611 1221 2656 est
1265 2600 1688 2665 monachorum,
1751 2615 1852 2653 nec

248 2691 472 2747 abbatis
521 2693 776 2763 precibus
816 2692 1133 2762 acquievit,
1189 2708 1289 2747 nec
1327 2707 1386 2747 se
1433 2691 1517 2744 vel
1571 2690 1783 2746 modice
1819 2706 1850 2745 a

249 2785 658 2855 persequendis
689 2786 972 2841 monachis
1019 2786 1360 2856 temperavit.
1395 2784 1602 2853 Quibus
1628 2785 1696 2839 ad
1730 2800 1848 2841 mo-

255 2879 565 2932 nasterium
607 2879 982 2943 redeuntibus,
1017 2879 1189 2933 abbas
1229 2893 1444 2948 quoque
1476 2893 1730 2934 reversus
1770 2887 1854 2934 est

256 2968 615 3036 Cluniacum,
654 2972 852 3026 abbate
895 2971 1114 3042 Majoris
1158 2972 1471 3027 Monasterii
1515 2974 1848 3040 comitante,

261 3151 388 3208 inde
433 3155 684 3221 rediret,
731 3156 970 3226 suscepit
1035 3171 1219 3212 sacros
1258 3157 1479 3212 ordines
1519 3158 1851 3225 sacerdotis;

263 3245 484 3311 quando
527 3245 672 3300 enim
715 3246 922 3301 electus
967 3256 1051 3302 est
1088 3249 1143 3313 in
1192 3247 1470 3311 abbatem,
1519 3248 1696 3302 adhuc
1742 3249 1859 3302 dia-

262 3340 388 3394 coni
428 3340 738 3396 ministerio
775 3340 1122 3412 fungebatur.
1171 3341 1343 3396 Porro
1381 3340 1524 3396 Deus
1569 3342 1661 3410 qui
1699 3341 1859 3411 erigit

262 3429 452 3495 elisos,
502 3440 558 3486 et
599 3440 885 3501 sperantes
931 3433 985 3486 in
1032 3448 1092 3488 se
1133 3448 1240 3489 non
1287 3433 1518 3498 deserit,
1584 3446 1690 3487 non
1735 3433 1860 3487 dor-

265 3524 501 3579 mitabat
561 3525 876 3581 custodiens
940 3525 1108 3582 lsrael
1187 3526 1557 3597 spiritualem,
1614 3534 1669 3581 et
1725 3526 1858 3582 allii-

265 3617 439 3671 ctioni
492 3632 778 3674 servorum
829 3633 1052 3673 suorum
1079 3659 1093 3684 ,
1138 3620 1230 3689 qui
1257 3661 1274 3686 ,
1331 3629 1390 3674 ut
1427 3620 1689 3689 scriptum
1735 3629 1854 3688 est,

261 3709 375 3780 jam
405 3710 643 3782 duplicia
679 3726 778 3782 pro
813 3715 1055 3782 peccatis
1096 3715 1210 3768 suis
1247 3723 1585 3783 receperant,
1615 3714 1862 3770 misereri

265 3804 409 3858 ultra
449 3820 558 3860 non
593 3805 845 3861 distulit:
877 3807 999 3876 qui,
1039 3822 1162 3861 cum
1200 3809 1274 3863 sit
1309 3810 1652 3878 omnipotens
1702 3819 1862 3878 atque

258 3893 469 3962 justus,
498 3897 552 3950 in
592 3905 755 3967 caput
787 3897 1006 3952 comitis
1037 3897 1185 3968 juste
1221 3899 1351 3954 fecit
1381 3899 1501 3968 ejus
1542 3899 1862 3968 injustitiatn

269 3988 606 4044 redundare.
633 3988 769 4044 Nam
801 3998 860 4043 ut
889 3988 1237 4044 tnanifestum
1267 3989 1419 4046 lieret
1446 4005 1604 4060 quam
1633 3991 1864 4061 injustus

271 4095 463 4136 comes
525 4080 615 4136 ille
671 4082 934 4136 adversus
985 4081 1236 4136 abbatem
1289 4089 1345 4136 et
1394 4081 1514 4138 illos
1568 4083 1864 4138 monachos

269 4171 601 4237 exstitisset,
637 4180 694 4227 et
731 4181 789 4226 ut
822 4182 1113 4244 appareret
1140 4188 1304 4244 quam
1335 4174 1482 4244 justa
1523 4173 1727 4229 ultione
1761 4189 1864 4243 pu-

270 4264 506 4319 niendus
528 4272 671 4329 erat,
701 4264 796 4333 qui
827 4273 1075 4319 sanctam
1107 4265 1252 4319 illam
1276 4264 1562 4320 ecclesiam
1587 4273 1695 4319 tam
1729 4265 1866 4318 irra-

274 4354 614 4409 tionabiliter
651 4353 965 4420 infestabat,
1007 4355 1168 4421 Deus,
1196 4355 1286 4424 qui
1317 4368 1534 4425 semper
1572 4354 1626 4408 in
1666 4354 1869 4410 sanctis
1897 4375 1946 4435 ι)
1973 4353 2192 4441 nimis,
2231 4391 2392 4446 quam
2427 4353 2958 4446 ευοηοίῙηὼέδηι,
2993 4381 3042 4434 Μ

270 4447 387 4503 suis
405 4448 700 4512 mirabilis,
722 4463 822 4518 pro
843 4449 958 4504 suis
983 4448 1232 4505 fidelibus
1261 4449 1516 4520 dignatus
1539 4457 1623 4504 est
1658 4447 1864 4520 insigne

275 4539 605 4595 miraculum
633 4540 872 4610 operari.
904 4539 1195 4611 Postquam
1231 4541 1375 4596 enim
1405 4555 1588 4596 comes
1618 4533 1864 4596 eontem-

276 4634 382 4702 psit
429 4632 687 4688 abbatem
730 4631 1216 4700 Bartbolomzeum,
1259 4643 1314 4692 et
1353 4635 1604 4691 abbatem
1651 4634 1868 4690 Clunia-

277 4737 526 4788 censent,
577 4732 636 4779 et
679 4726 981 4781 monachos
1023 4727 1316 4792 exaudire,
1369 4741 1540 4796 parvo
1585 4724 1868 4782 intervallo

279 4813 637 4887 interposito,
689 4815 862 4872 frater
901 4815 1046 4886 ejus,
1101 4818 1269 4873 Fulco
1307 4815 1560 4885 nomine,
1609 4818 1869 4874 adversus

279 4921 404 4961 cum
431 4922 560 4962 cum
585 4923 752 4963 manu
779 4908 955 4964 valida
987 4909 1298 4974 insurrexit,
1329 4922 1428 4964 nec
1447 4910 1517 4963 ab
1542 4908 1658 4978 ejus
1678 4923 1868 4979 perse-

279 5001 502 5056 mitione
543 5003 814 5067 cessavit,
845 5003 1017 5058 donec
1049 5020 1171 5060 eum
1207 5013 1426 5076 captum
1463 5014 1518 5061 et
1551 5006 1620 5061 ab
1665 5005 1871 5060 honore

277 5092 556 5160 privatum
591 5108 690 5162 per
727 5091 928 5150 multos
971 5109 1141 5152 annos
1185 5097 1237 5152 in
1271 5095 1580 5164 captionem
1619 5095 1868 5154 detinuit.

279 5181 472 5252 Ibique
527 5181 791 5260 amictus,
832 5193 887 5238 et
933 5185 1111 5243 divina
1153 5189 1357 5243 ultione
1401 5187 1560 5242 datus
1603 5187 1768 5243 etiam
1818 5191 1870 5242 in

285 5276 580 5330 reurobum
615 5290 874 5330 sensum.
903 5277 1034 5330 vixit
1077 5290 1262 5330 postea
1299 5277 1420 5330 nlus
1455 5295 1617 5330 atram
1655 5279 1872 5330 triginta

1943 369 2279 438 deprimere;
2312 366 2463 434 justo
2489 365 2696 433 judicio
2723 366 2904 420 atnisit
2931 365 2982 418 in
3009 375 3324 434 perpetuum
3356 367 3526 420 domi-

1943 461 2221 514 nationem
2257 474 2418 528 quam
2465 456 2696 519 tenebat,
2732 458 2821 526 qui
2851 457 2904 510 in
2937 457 3305 526 possessiones
3340 457 3523 512 Domi-

1943 551 2093 606 nieas
2116 551 2313 619 injusta
2347 549 2632 619 tyrannide
2663 549 2935 604 smviehat.

2014 641 2064 694 6.
2109 640 2307 694 Sedata
2337 641 2438 694 bac
2470 647 2789 709 tempestate
2821 639 3248 697 Bartholomaeus
3278 642 3526 697 Turonos

1947 748 2222 797 reversus,
2253 741 2426 787 totum
2464 746 2584 787 sese
2613 731 2760 786 dedit
2790 732 2843 785 in
2877 735 3266 801 componendis
3291 734 3529 789 dissidiis

1942 839 2064 892 qua:
2105 822 2245 877 inter
2283 824 2457 892 ipsum
2493 822 2881 876 monasterium
2921 831 2974 876 et
3012 823 3297 894 plerosque
3325 825 3532 880 vicinos

1945 923 2089 966 mota
2133 921 2307 968 erant.
2359 911 2677 982 Complures
2725 912 2791 966 de
2839 913 2907 967 iis
2946 914 3107 967 rebus
3146 915 3534 970 eonventiones

1944 1002 2101 1058 facta:
2142 1011 2298 1069 sunt,
2349 1003 2546 1072 quibus
2590 1001 3020 1058 Bartholomacus
3061 1003 3196 1058 alios
3243 1006 3530 1074 precibus,

1948 1095 2083 1150 alios
2129 1094 2383 1159 monitis,
2410 1092 2698 1148 nonnullos
2735 1094 2897 1147 etiam
2940 1103 3161 1161 erogata
3207 1096 3433 1164 pecunia
3466 1097 3535 1150 ad

1943 1204 2135 1259 pacem
2186 1186 2471 1240 invitabat.
2506 1185 2716 1239 lllustre
2746 1200 2856 1254 pra:
2887 1186 3096 1238 eceteris
3127 1183 3284 1253 hujus
3311 1185 3385 1239 rei
3421 1201 3536 1240 mo-

1952 1286 2268 1333 numentum
2331 1276 2632 1340 habemus,
2691 1273 2974 1344 epistolam
3030 1274 3240 1330 scilicet
3296 1276 3413 1345 ejus
3465 1276 3536 1329 ad

1942 1370 2262 1434 Ernaldum,
2282 1383 2440 1438 quem
2466 1367 2555 1420 alii
2580 1366 2872 1420 Arnaldum
2905 1365 3198 1435 appellant,
3222 1367 3533 1436 episcopum

1943 1459 2426 1520 Cenomanensem,
2477 1456 2766 1524 scriptam,
2800 1457 2888 1524 qui
2936 1455 3281 1510 donationem
3321 1455 3535 1511 Vivonii

1945 1550 2274 1605 Monasterio
2297 1548 2484 1617 Majori
2514 1564 2543 1601 a
2571 1545 2842 1618 Wilgtino
2871 1548 3159 1603 decessore
3187 1563 3287 1604 suo
3311 1548 3534 1614 factam,

1873 1650 2002 1727 Bet
2043 1657 2072 1694 a
2122 1640 2359 1711 capitulo
2433 1639 2832 1694 Cenomanensi
2884 1638 3173 1702 firmatam,
3226 1640 3539 1693 rescindere

1951 1730 2271 1786 conabatur.
2295 1730 2428 1784 Eam
2464 1730 2729 1800 integram
2759 1743 2823 1783 ex
2855 1727 3169 1783 authentico
3192 1727 3329 1782 infra
3359 1728 3539 1799 profe—

1951 1841 2154 1880 remus.

2021 1916 2118 1971 llis
2154 1916 2350 1971 litteris
2391 1931 2615 1970 munera
2659 1914 2854 1984 adjecit
2899 1913 3358 1979 Bartholomteus,
3388 1915 3541 1982 queis

1950 2010 2188 2080 episcopi
2237 2011 2479 2063 animum
2521 2011 2782 2064 adversus
2827 2007 3044 2078 Majoris
3077 2007 3389 2062 Monasterii
3429 2020 3544 2060 mo-

1953 2105 2158 2157 nachos
2173 2111 2506 2158 conunotum
2525 2102 2818 2170 mitigaret.
2838 2101 3044 2167 Quibus
3063 2100 3276 2154 tandem
3301 2099 3546 2153 devictus

1954 2193 2223 2247 Ernaldus
2248 2192 2316 2246 ab
2338 2191 2483 2246 omni
2510 2191 2881 2246 controversia
2911 2190 3162 2244 cessavit.

2025 2283 2080 2338 7.
2121 2282 2413 2338 Crescente
2455 2282 2872 2346 Barlholomzei,
2911 2282 3415 2350 monachorumque
3445 2281 3546 2334 sub

1954 2374 2070 2444 ejus
2099 2375 2359 2446 regimine
2387 2374 2709 2437 viventium,
2731 2372 3036 2428 sanctitatis
3062 2371 3223 2436 fama,
3248 2387 3344 2441 per
3365 2370 3545 2423 varias

1952 2465 2250 2521 Galliarum
2287 2465 2599 2535 provincias
2638 2464 2856 2534 Majoris
2892 2463 3208 2518 Monasterii
3239 2461 3546 2515 instittttum

1953 2568 2309 2630 propagatum
2338 2567 2442 2623 est,
2475 2557 2745 2627 episcopis
2773 2555 3010 2626 virisque
3035 2555 3156 2610 aliis
3182 2555 3451 2609 nobilibus
3478 2568 3549 2608 ex

1952 2662 2021 2702 eo
2053 2647 2171 2704 loco
2215 2649 2511 2703 monachos
2539 2644 2978 2718 elilagitantibus,
3009 2647 3100 2714 qui
3130 2654 3225 2698 aut
3252 2658 3386 2699 nova
3427 2658 3548 2697 mo-

1955 2737 2198 2792 nasteria
2232 2737 2557 2801 incolerent,
2582 2746 2676 2790 aut
2706 2746 2908 2800 vetera,
2949 2736 3000 2790 in
3030 2735 3228 2805 quibus
3260 2732 3546 2802 disciplina

1957 2829 2222 2898 regularis
2247 2830 2573 2898 intepuerat,
2594 2829 2661 2882 ad
2683 2827 2964 2883 meliorem
2983 2836 3181 2882 statum
3204 2834 3547 2881 revocarent.

1959 2918 2100 2986 Quin
2146 2929 2201 2975 et
2247 2922 2300 2974 in
2351 2931 2567 2975 exteras
2608 2921 2773 2975 eziam
2820 2921 3067 2976 nationes
3120 2936 3317 2976 nomen
3360 2935 3549 2974 eorum

259 3009 615 3074 ""f'"f"‘”,'"
654 3009 852 3026 “"”““‘
895 3009 1114 3075 ""f‘"f"
1158 3009 1471 3076 ""'""‘"‘",'f
1516 3009 1848 3040 """‘““"“”
1879 3023 1926 3084 (ζ
1958 3010 2219 3080 pervenit.
2253 3009 2404 3066 Unde
2440 3010 2763 3065 Guillelmus
2792 3011 3172 3081 Conquazstor,
3205 3020 3329 3081 post
3353 3011 3548 3066 llaral-

255 3075 352 3129 qut
389 3063 641 3118 Videlicet
681 3063 852 3118 abbas
894 3063 1114 3132 Majnrts
1156 3063 1466 3120 Monastch
1497 3104 1512 3130 ,
1557 3076 1851 3135 antequam
1961 3103 2086 3135 dum
2154 3102 2353 3135 Ληηηα,
2403 3103 2551 3135 mm,
2604 3103 2910 3135 nmmum,“
2962 3105 3232 3135 ΑΜΜΜ,
3321 3105 3373 3135 ε,-
3430 3105 3548 3135 LW.

1961 3103 2086 3156 dum
2145 3102 2354 3173 Anglia:
2403 3103 2551 3173 regni
2603 3103 2910 3158 invasorem
2961 3105 3264 3169 devictum,
3319 3105 3375 3159 in
3430 3105 3550 3174 ipso

1958 3209 2151 3266 pugnae
2192 3195 2311 3249 loco
2356 3195 2567 3264 insigne
2611 3196 2920 3257 emnobium
2973 3197 3026 3250 in
3066 3198 3329 3252 honorem
3374 3197 3553 3250 sancti

1963 3283 2179 3338 Martini
2212 3283 2472 3348 condidit,
2501 3285 2646 3353 quod
2673 3285 2742 3340 ob
2771 3300 2890 3340 eam
2917 3300 3135 3340 causam
3159 3285 3362 3339 Bellum
3386 3286 3556 3340 voluit

1961 3375 2252 3446 appellari;
2295 3387 2349 3430 et
2376 3390 2408 3429 e
2445 3374 2629 3443 Majori
2662 3375 2996 3432 Monasterio
3031 3378 3334 3433 Turonensi
3357 3378 3555 3434 accivit

1961 3465 2284 3532 monachos,
2313 3480 2452 3535 quos
2489 3466 2560 3519 ibi
2601 3466 2822 3534 locavit,
2855 3483 2964 3522 uno
2998 3482 3068 3524 ex
3103 3485 3294 3526 eorum
3326 3488 3554 3528 numero

1965 3557 2016 3612 in
2057 3559 2306 3612 abbatem
2352 3558 2554 3623 electo,
2595 3567 2652 3612 ut
2699 3569 2928 3614 narrant
2957 3560 3198 3618 historiae
3242 3564 3556 3632 Anglicant'e

1964 3650 2284 3720 scriptorcs.
2340 3650 2418 3705 De
2473 3649 2632 3720 hujus
2696 3653 3052 3720 monasterii,
3111 3656 3254 3726 quod
3313 3657 3365 3712 in
3425 3674 3556 3728 agro

1964 3738 2308 3795 Sussexiensi
2362 3741 2526 3795 situm
2576 3752 2730 3808 erat,
2779 3744 2978 3808 initiis,
3020 3748 3453 3815 possessionibus
3491 3765 3557 3805 ac

1965 3833 2134 3887 variis
2161 3833 2461 3904 privilegiis
2484 3834 2601 3890 fuse
2629 3837 2806 3906 agitur
2830 3837 2882 3891 in
2912 3837 3211 3895 Monastico
3232 3839 3554 3913 Anglicano.

1967 3931 2113 3976 tomo
2139 3921 2179 3985 I,
2203 3938 2328 3994 pag.
2357 3923 2482 3989 510,
2511 3924 2599 3978 ubi
2626 3925 2790 3980 etiam
2821 3926 3134 3983 referuntur
3154 3930 3358 4000 aliquot
3387 3933 3558 4004 ιιεριο‹

1965 4022 2112 4066 mata
2163 4022 2277 4066 tum
2343 4013 2595 4070 \Villelmi
2649 4017 2793 4087 regis
2849 4015 3020 4087 ipsius
3068 4020 3383 4081 conditoris.
3443 4032 3555 4080 tum

1968 4103 2199 4158 aliorum
2231 4102 2439 4173 Anglia:
2465 4119 2674 4176 regum,
2708 4122 2826 4175 qua:
2858 4108 2962 4163 huc
2990 4107 3196 4164 referre
3223 4111 3355 4165 nihil
3379 4113 3555 4181 juvat.

1966 4193 2123 4249 Circa
2176 4194 2317 4249 idem
2367 4203 2610 4264 tempus,
2661 4197 2711 4250 id
2761 4208 2846 4252 est
2893 4214 3034 4254 anno
3081 4201 3245 4266 1067,
3295 4203 3557 4259 Radnlfns

1969 4283 2316 4356 Paganellus,
2356 4286 2553 4341 nobilis
2587 4287 2821 4359 Anglus,
2864 4291 3147 4346 ecclesiam
3181 4292 3396 4349 Sanctae
3432 4295 3556 4350 Tri-

3048 4381 3213 4450 ajoris
3245 4386 3556 4443 Monasterii

1967 4465 2150 4521 abbati
2183 4476 2237 4521 et
2262 4467 2544 4523 monachis
2569 4488 2587 4521 ‹
2621 4471 2865 4535 tradidit,
2893 4474 3116 4542 cupiens
3135 4478 3415 4531 servitium
3440 4477 3555 4539 Dei.

1968 4558 2110 4626 quod
2136 4557 2187 4613 in
2205 4573 2272 4613 ea
2302 4559 2629 4629 deperierat,
2657 4559 3018 4617 reformare...
3045 4575 3335 4634 quatenus,
3364 4567 3558 4636 inquit.

1969 4647 2205 4703 assiduis
2248 4647 2486 4718 ipsorum
2523 4649 2862 4705 orationibus
2901 4662 3109 4721 partem
3162 4657 3336 4712 beata:
3377 4671 3560 4712 rrsnr-

1971 4740 2232 4796 rectiouis
2270 4739 2322 4794 in
2361 4739 2545 4796 futuro
2572 4742 2774 4796 habere
2816 4759 3048 4801 merear.
3091 4766 3111 4800 ι
3149 4748 3336 4806 Varias
3369 4748 3563 4803 deinde

1971 4832 2354 4900 possessiones
2374 4830 2573 4899 adjecit
2593 4834 2660 4887 ad
2679 4836 3068 4894 monachorum
3085 4840 3561 4900 sustentationem,

1971 4935 2093 4990 qua:
2137 4921 2318 4976 omnia
2366 4922 2674 4979 Alexander
2718 4923 2757 4978 ll
2809 4940 3053 4986 summus
3083 4932 3320 5003 pontifex
3365 4925 3569 4983 confir-

1974 5011 2166 5064 mavit.
2191 5009 2320 5078 Ejus
2355 5010 2591 5080 diploma
2625 5014 2679 5070 in
2708 5024 2854 5070 temo
2888 5017 3108 5077 laudato
3141 5019 3424 5080 Monas'ici
3458 5017 3571 5070 An-

1972 5101 2170 5172 glicani
2203 5101 2464 5168 refertur,
2497 5107 2693 5178 pagina
2730 5108 2858 5172 564,
2891 5113 2985 5167 ubi
3021 5115 3178 5186 plura
3206 5116 3482 5170 habentur
3508 5108 3574 5162 de

1973 5196 2164 5249 eodem
2197 5204 2397 5250 sancta:
2419 5194 2706 5255 Trinitatis
2734 5200 3001 5272 prioratn.

2045 5285 2099 5330 Ω-
2142 5284 2251 5330 Non
2286 5288 2584 5330 I‘tlllanrlnm
2628 5301 2703 5330 Im
2745 5292 2906 5330 polin:
2991 5313 3109 5330 num
3150 5308 3274 5330 mnn
3313 5287 3574 5330 mmnnrie
