  <div class='ocr_page' id='page_1' title='image "/cluster/home/n/w/nwhite01/storage/ocr_20150623/149/hvd.32044015473770/205.png"; bbox 0 0 4018 5330; ppageno 0'>
   <div class='ocr_carea' id='block_1_1' title="bbox 510 248 615 304">
    <p class='ocr_par' dir='ltr' id='par_1_1' title="bbox 510 248 615 304">
     <span class='ocr_line' id='line_1_1' title="bbox 510 248 615 304; baseline 0.019 -2"><span class='ocrx_word' id='word_1_1' title='bbox 510 248 615 304; x_wconf 73' lang='lat'><strong>599</strong></span> 
     </span>
    </p>
   </div>
   <div class='ocr_carea' id='block_1_2' title="bbox 1245 234 2946 298">
    <p class='ocr_par' dir='ltr' id='par_1_2' title="bbox 1245 234 2946 298">
     <span class='ocr_line' id='line_1_2' title="bbox 1245 234 2946 298; baseline -0.004 -1"><span class='ocrx_word' id='word_1_2' title='bbox 1245 242 1307 298; x_wconf 87' lang='lat' dir='ltr'><strong>B.</strong></span> <span class='ocrx_word' id='word_1_3' title='bbox 1327 234 1916 296; x_wconf 61' lang='lat' dir='ltr'><strong>BARTHOLOMJEUS</strong></span> <span class='ocrx_word' id='word_1_4' title='bbox 1939 234 2165 290; x_wconf 84' lang='lat' dir='ltr'><strong>ABBAS</strong></span> <span class='ocrx_word' id='word_1_5' title='bbox 2186 234 2475 294; x_wconf 63' lang='lat' dir='ltr'><strong>MAIORIS</strong></span> <span class='ocrx_word' id='word_1_6' title='bbox 2507 234 2694 292; x_wconf 78' lang='lat' dir='ltr'><strong>MONA</strong></span> <span class='ocrx_word' id='word_1_7' title='bbox 2704 236 2946 294; x_wconf 77' lang='lat' dir='ltr'><strong>STERII.</strong></span> 
     </span>
    </p>
   </div>
   <div class='ocr_carea' id='block_1_3' title="bbox 3670 238 3782 295">
    <p class='ocr_par' dir='ltr' id='par_1_3' title="bbox 3670 238 3782 295">
     <span class='ocr_line' id='line_1_3' title="bbox 3670 238 3782 295; baseline -0.009 0"><span class='ocrx_word' id='word_1_8' title='bbox 3670 238 3782 295; x_wconf 65' lang='lat'><strong>400</strong></span> 
     </span>
    </p>
   </div>
   <div class='ocr_carea' id='block_1_4' title="bbox 515 347 3782 426">
    <p class='ocr_par' dir='ltr' id='par_1_4' title="bbox 515 347 3782 426">
     <span class='ocr_line' id='line_1_4' title="bbox 515 347 3782 426; baseline -0.002 -10"><span class='ocrx_word' id='word_1_9' title='bbox 515 359 859 416; x_wconf 87' lang='lat' dir='ltr'><strong>cederentur.</strong></span> <span class='ocrx_word' id='word_1_10' title='bbox 885 353 942 411; x_wconf 86' lang='lat' dir='ltr'><strong>ld</strong></span> <span class='ocrx_word' id='word_1_11' title='bbox 974 353 1171 426; x_wconf 97' lang='lat' dir='ltr'><strong>quippe</strong></span> <span class='ocrx_word' id='word_1_12' title='bbox 1206 367 1394 409; x_wconf 92' lang='lat' dir='ltr'><strong>eorum</strong></span> <span class='ocrx_word' id='word_1_13' title='bbox 1425 351 1700 407; x_wconf 88' lang='lat' dir='ltr'><strong>sanctitati</strong></span> <span class='ocrx_word' id='word_1_14' title='bbox 1729 347 2097 416; x_wconf 80' lang='lat' dir='ltr'><strong>deferebatur,</strong></span> <span class='ocrx_word' id='word_1_15' title='bbox 2127 354 2168 412; x_wconf 76' lang='grc' dir='ltr'>Α</span> <span class='ocrx_word' id='word_1_16' title='bbox 2197 348 2381 404; x_wconf 84' lang='lat' dir='ltr'><strong>divino</strong></span> <span class='ocrx_word' id='word_1_17' title='bbox 2407 349 2570 405; x_wconf 79' lang='lat' dir='ltr'><strong>cultui</strong></span> <span class='ocrx_word' id='word_1_18' title='bbox 2595 350 2878 421; x_wconf 82' lang='lat' dir='ltr'><strong>diligenter</strong></span> <span class='ocrx_word' id='word_1_19' title='bbox 2905 350 3256 406; x_wconf 81' lang='lat' dir='ltr'><strong>deservirem.</strong></span> <span class='ocrx_word' id='word_1_20' title='bbox 3287 351 3440 420; x_wconf 83' lang='lat' dir='ltr'><strong>Quod</strong></span> <span class='ocrx_word' id='word_1_21' title='bbox 3464 367 3588 408; x_wconf 87' lang='lat' dir='ltr'><strong>cum</strong></span> <span class='ocrx_word' id='word_1_22' title='bbox 3613 397 3627 420; x_wconf 91' lang='lat'><strong>,</strong></span> <span class='ocrx_word' id='word_1_23' title='bbox 3667 357 3782 414; x_wconf 87' lang='lat' dir='ltr'><strong>Deo</strong></span> 
     </span>
    </p>
   </div>
   <div class='ocr_carea' id='block_1_5' title="bbox 509 444 2095 512">
    <p class='ocr_par' dir='ltr' id='par_1_5' title="bbox 509 444 2095 512">
     <span class='ocr_line' id='line_1_5' title="bbox 509 444 2095 512; baseline -0.008 -6"><span class='ocrx_word' id='word_1_24' title='bbox 509 461 570 506; x_wconf 90' lang='lat' dir='ltr'><strong>ut</strong></span> <span class='ocrx_word' id='word_1_25' title='bbox 611 465 678 505; x_wconf 81' lang='lat' dir='ltr'><strong>ex</strong></span> <span class='ocrx_word' id='word_1_26' title='bbox 724 447 908 504; x_wconf 91' lang='lat' dir='ltr'><strong>multis</strong></span> <span class='ocrx_word' id='word_1_27' title='bbox 953 447 1305 501; x_wconf 89' lang='lat' dir='ltr'><strong>donationum</strong></span> <span class='ocrx_word' id='word_1_28' title='bbox 1349 444 1587 509; x_wconf 87' lang='lat' dir='ltr'><strong>chartis,</strong></span> <span class='ocrx_word' id='word_1_29' title='bbox 1624 457 1744 512; x_wconf 78' lang='lat' dir='ltr'><strong>qua:</strong></span> <span class='ocrx_word' id='word_1_30' title='bbox 1774 449 2095 511; x_wconf 84' lang='lat' dir='ltr'><strong>supersunt,</strong></span> 
     </span>
    </p>
   </div>
   <div class='ocr_carea' id='block_1_6' title="bbox 507 534 2095 614">
    <p class='ocr_par' dir='ltr' id='par_1_6' title="bbox 507 534 2095 614">
     <span class='ocr_line' id='line_1_6' title="bbox 507 534 2095 614; baseline -0.006 -16"><span class='ocrx_word' id='word_1_31' title='bbox 507 541 728 614; x_wconf 87' lang='lat' dir='ltr'><strong>probari</strong></span> <span class='ocrx_word' id='word_1_32' title='bbox 763 549 971 611; x_wconf 83' lang='lat' dir='ltr'><strong>posset.</strong></span> <span class='ocrx_word' id='word_1_33' title='bbox 1015 537 1190 595; x_wconf 84' lang='lat' dir='ltr'><strong>Unam</strong></span> <span class='ocrx_word' id='word_1_34' title='bbox 1232 553 1298 594; x_wconf 81' lang='lat' dir='ltr'><strong>ex</strong></span> <span class='ocrx_word' id='word_1_35' title='bbox 1341 537 1431 592; x_wconf 90' lang='lat' dir='ltr'><strong>his</strong></span> <span class='ocrx_word' id='word_1_36' title='bbox 1475 537 1740 606; x_wconf 78' lang='lat' dir='ltr'><strong>integram</strong></span> <span class='ocrx_word' id='word_1_37' title='bbox 1791 534 1996 590; x_wconf 88' lang='lat' dir='ltr'><strong>referre</strong></span> <span class='ocrx_word' id='word_1_38' title='bbox 2042 535 2095 588; x_wconf 93' lang='lat' dir='ltr'><strong>in</strong></span> 
     </span>
    </p>
   </div>
   <div class='ocr_carea' id='block_1_7' title="bbox 509 625 2095 705">
    <p class='ocr_par' dir='ltr' id='par_1_7' title="bbox 509 625 2095 705">
     <span class='ocr_line' id='line_1_7' title="bbox 509 625 2095 705; baseline -0.008 -15"><span class='ocrx_word' id='word_1_39' title='bbox 509 634 785 705; x_wconf 77' lang='lat' dir='ltr'><strong>specimen</strong></span> <span class='ocrx_word' id='word_1_40' title='bbox 840 632 1016 687; x_wconf 89' lang='lat' dir='ltr'><strong>visum</strong></span> <span class='ocrx_word' id='word_1_41' title='bbox 1069 639 1178 693; x_wconf 90' lang='lat' dir='ltr'><strong>est,</strong></span> <span class='ocrx_word' id='word_1_42' title='bbox 1229 644 1351 699; x_wconf 75' lang='lat' dir='ltr'><strong>qua:</strong></span> <span class='ocrx_word' id='word_1_43' title='bbox 1397 635 1480 684; x_wconf 89' lang='lat' dir='ltr'><strong>est</strong></span> <span class='ocrx_word' id='word_1_44' title='bbox 1510 626 1752 682; x_wconf 84' lang='lat' dir='ltr'><strong>Gervasii</strong></span> <span class='ocrx_word' id='word_1_45' title='bbox 1794 625 2095 697; x_wconf 80' lang='lat' dir='ltr'><strong>cujusdam.</strong></span> 
     </span>
    </p>
   </div>
   <div class='ocr_carea' id='block_1_8' title="bbox 505 717 2097 788">
    <p class='ocr_par' dir='ltr' id='par_1_8' title="bbox 505 717 2097 788">
     <span class='ocr_line' id='line_1_8' title="bbox 505 717 2097 788; baseline -0.006 -7"><span class='ocrx_word' id='word_1_46' title='bbox 505 725 614 782; x_wconf 90' lang='lat' dir='ltr'><strong>viri</strong></span> <span class='ocrx_word' id='word_1_47' title='bbox 678 723 879 780; x_wconf 90' lang='lat' dir='ltr'><strong>nobilis</strong></span> <span class='ocrx_word' id='word_1_48' title='bbox 934 721 1396 788; x_wconf 85' lang='lat' dir='ltr'><strong>Cenomanensis,</strong></span> <span class='ocrx_word' id='word_1_49' title='bbox 1471 721 1537 776; x_wconf 92' lang='lat' dir='ltr'><strong>de</strong></span> <span class='ocrx_word' id='word_1_50' title='bbox 1599 719 1830 776; x_wconf 86' lang='lat' dir='ltr'><strong>ecclesia</strong></span> <span class='ocrx_word' id='word_1_51' title='bbox 1908 717 2097 772; x_wconf 87' lang='lat' dir='ltr'><strong>Sancti</strong></span> 
     </span>
    </p>
   </div>
   <div class='ocr_carea' id='block_1_9' title="bbox 505 810 2098 890">
    <p class='ocr_par' dir='ltr' id='par_1_9' title="bbox 505 810 2098 890">
     <span class='ocr_line' id='line_1_9' title="bbox 505 810 2098 890; baseline -0.006 -14"><span class='ocrx_word' id='word_1_52' title='bbox 505 818 828 890; x_wconf 84' lang='lat' dir='ltr'><strong>Guingaloei</strong></span> <span class='ocrx_word' id='word_1_53' title='bbox 871 817 1012 887; x_wconf 90' lang='lat' dir='ltr'><strong>apud</strong></span> <span class='ocrx_word' id='word_1_54' title='bbox 1056 814 1493 878; x_wconf 88' lang='lat' dir='ltr'><strong>Castrum-Ledi,</strong></span> <span class='ocrx_word' id='word_1_55' title='bbox 1531 828 1694 882; x_wconf 88' lang='lat' dir='ltr'><strong>quam</strong></span> <span class='ocrx_word' id='word_1_56' title='bbox 1729 810 1948 881; x_wconf 81' lang='lat' dir='ltr'><strong>Majoris</strong></span> <span class='ocrx_word' id='word_1_57' title='bbox 1985 810 2098 866; x_wconf 65' lang='lat' dir='ltr'><strong>Mo-</strong></span> 
     </span>
    </p>
   </div>
   <div class='ocr_carea' id='block_1_10' title="bbox 508 902 2096 975">
    <p class='ocr_par' dir='ltr' id='par_1_10' title="bbox 508 902 2096 975">
     <span class='ocr_line' id='line_1_10' title="bbox 508 902 2096 975; baseline -0.006 -9"><span class='ocrx_word' id='word_1_58' title='bbox 508 909 734 967; x_wconf 86' lang='lat' dir='ltr'><strong>nasterii</strong></span> <span class='ocrx_word' id='word_1_59' title='bbox 775 907 1059 963; x_wconf 80' lang='lat' dir='ltr'><strong>monachis</strong></span> <span class='ocrx_word' id='word_1_60' title='bbox 1093 905 1476 975; x_wconf 83' lang='lat' dir='ltr'><strong>possidendam</strong></span> <span class='ocrx_word' id='word_1_61' title='bbox 1507 902 1753 959; x_wconf 86' lang='lat' dir='ltr'><strong>contulit.</strong></span> <span class='ocrx_word' id='word_1_62' title='bbox 1799 903 1888 958; x_wconf 90' lang='lat' dir='ltr'><strong>Sic</strong></span> <span class='ocrx_word' id='word_1_63' title='bbox 1915 911 2096 956; x_wconf 88' lang='lat' dir='ltr'><strong>autem</strong></span> 
     </span>
    </p>
   </div>
   <div class='ocr_carea' id='block_1_11' title="bbox 510 1003 694 1058">
    <p class='ocr_par' dir='ltr' id='par_1_11' title="bbox 510 1003 694 1058">
     <span class='ocr_line' id='line_1_11' title="bbox 510 1003 694 1058; baseline -0.011 0"><span class='ocrx_word' id='word_1_64' title='bbox 510 1003 694 1058; x_wconf 88' lang='lat' dir='ltr'><strong>habet.</strong></span> 
     </span>
    </p>
   </div>
   <div class='ocr_carea' id='block_1_12' title="bbox 551 1088 2098 1166">
    <p class='ocr_par' dir='ltr' id='par_1_12' title="bbox 551 1088 2098 1166">
     <span class='ocr_line' id='line_1_12' title="bbox 551 1088 2098 1166; baseline -0.005 -15"><span class='ocrx_word' id='word_1_65' title='bbox 551 1115 602 1151; x_wconf 70' lang='lat' dir='ltr'><strong>.c</strong></span> <span class='ocrx_word' id='word_1_66' title='bbox 642 1095 753 1166; x_wconf 86' lang='lat' dir='ltr'><strong>Ego</strong></span> <span class='ocrx_word' id='word_1_67' title='bbox 786 1093 1106 1160; x_wconf 86' lang='lat' dir='ltr'><strong>Gervasius,</strong></span> <span class='ocrx_word' id='word_1_68' title='bbox 1134 1093 1297 1148; x_wconf 88' lang='lat' dir='ltr'><strong>homo</strong></span> <span class='ocrx_word' id='word_1_69' title='bbox 1335 1090 1543 1146; x_wconf 69' lang='lat' dir='ltr'><strong>militiae</strong></span> <span class='ocrx_word' id='word_1_70' title='bbox 1579 1089 1826 1145; x_wconf 60' lang='lat' dir='ltr'><strong>saeculari</strong></span> <span class='ocrx_word' id='word_1_71' title='bbox 1861 1088 2098 1156; x_wconf 87' lang='lat' dir='ltr'><strong>deditos,</strong></span> 
     </span>
    </p>
   </div>
   <div class='ocr_carea' id='block_1_13' title="bbox 506 1181 2098 1257">
    <p class='ocr_par' dir='ltr' id='par_1_13' title="bbox 506 1181 2098 1257">
     <span class='ocr_line' id='line_1_13' title="bbox 506 1181 2098 1257; baseline -0.004 -15"><span class='ocrx_word' id='word_1_72' title='bbox 506 1200 692 1242; x_wconf 88' lang='lat' dir='ltr'><strong>curam</strong></span> <span class='ocrx_word' id='word_1_73' title='bbox 722 1200 918 1257; x_wconf 79' lang='lat' dir='ltr'><strong>gerens</strong></span> <span class='ocrx_word' id='word_1_74' title='bbox 953 1185 1020 1240; x_wconf 92' lang='lat' dir='ltr'><strong>de</strong></span> <span class='ocrx_word' id='word_1_75' title='bbox 1053 1184 1228 1240; x_wconf 88' lang='lat' dir='ltr'><strong>salute</strong></span> <span class='ocrx_word' id='word_1_76' title='bbox 1261 1183 1457 1238; x_wconf 76' lang='lat' dir='ltr'><strong>anima:</strong></span> <span class='ocrx_word' id='word_1_77' title='bbox 1479 1197 1636 1248; x_wconf 77' lang='lat' dir='ltr'><strong>mezc,</strong></span> <span class='ocrx_word' id='word_1_78' title='bbox 1679 1191 1731 1236; x_wconf 92' lang='lat' dir='ltr'><strong>et</strong></span> <span class='ocrx_word' id='word_1_79' title='bbox 1759 1181 2098 1251; x_wconf 88' lang='lat' dir='ltr'><strong>perpendens</strong></span> 
     </span>
    </p>
   </div>
   <div class='ocr_carea' id='block_1_14' title="bbox 503 1271 2098 1348">
    <p class='ocr_par' dir='ltr' id='par_1_14' title="bbox 503 1271 2098 1348">
     <span class='ocr_line' id='line_1_14' title="bbox 503 1271 2098 1348; baseline -0.004 -15"><span class='ocrx_word' id='word_1_80' title='bbox 503 1294 592 1334; x_wconf 85' lang='lat' dir='ltr'><strong>me</strong></span> <span class='ocrx_word' id='word_1_81' title='bbox 613 1277 839 1348; x_wconf 88' lang='lat' dir='ltr'><strong>jejuniis</strong></span> <span class='ocrx_word' id='word_1_82' title='bbox 867 1285 923 1332; x_wconf 89' lang='lat' dir='ltr'><strong>et</strong></span> <span class='ocrx_word' id='word_1_83' title='bbox 960 1276 1302 1331; x_wconf 88' lang='lat' dir='ltr'><strong>orationibus</strong></span> <span class='ocrx_word' id='word_1_84' title='bbox 1341 1273 1477 1328; x_wconf 90' lang='lat' dir='ltr'><strong>meis</strong></span> <span class='ocrx_word' id='word_1_85' title='bbox 1513 1275 1578 1327; x_wconf 91' lang='lat' dir='ltr'><strong>ad</strong></span> <span class='ocrx_word' id='word_1_86' title='bbox 1619 1273 1788 1326; x_wconf 89' lang='lat' dir='ltr'><strong>Deum</strong></span> <span class='ocrx_word' id='word_1_87' title='bbox 1818 1271 2098 1342; x_wconf 87' lang='lat' dir='ltr'><strong>pervenire</strong></span> 
     </span>
    </p>
   </div>
   <div class='ocr_carea' id='block_1_15' title="bbox 506 1363 2098 1439">
    <p class='ocr_par' dir='ltr' id='par_1_15' title="bbox 506 1363 2098 1439">
     <span class='ocr_line' id='line_1_15' title="bbox 506 1363 2098 1439; baseline -0.004 -16"><span class='ocrx_word' id='word_1_88' title='bbox 506 1385 613 1423; x_wconf 90' lang='lat' dir='ltr'><strong>non</strong></span> <span class='ocrx_word' id='word_1_89' title='bbox 673 1383 869 1439; x_wconf 88' lang='lat' dir='ltr'><strong>posse.</strong></span> <span class='ocrx_word' id='word_1_90' title='bbox 925 1368 1154 1438; x_wconf 77' lang='lat' dir='ltr'><strong>cogitavi</strong></span> <span class='ocrx_word' id='word_1_91' title='bbox 1211 1366 1395 1434; x_wconf 86' lang='lat' dir='ltr'><strong>aliquo</strong></span> <span class='ocrx_word' id='word_1_92' title='bbox 1440 1365 1598 1419; x_wconf 91' lang='lat' dir='ltr'><strong>modo</strong></span> <span class='ocrx_word' id='word_1_93' title='bbox 1648 1379 1734 1418; x_wconf 90' lang='lat' dir='ltr'><strong>me</strong></span> <span class='ocrx_word' id='word_1_94' title='bbox 1785 1363 1892 1418; x_wconf 90' lang='lat' dir='ltr'><strong>illis</strong></span> <span class='ocrx_word' id='word_1_95' title='bbox 1951 1377 2098 1418; x_wconf 83' lang='lat' dir='ltr'><strong>com-</strong></span> 
     </span>
    </p>
   </div>
   <div class='ocr_carea' id='block_1_16' title="bbox 504 1456 2097 1530">
    <p class='ocr_par' dir='ltr' id='par_1_16' title="bbox 504 1456 2097 1530">
     <span class='ocr_line' id='line_1_16' title="bbox 504 1456 2097 1530; baseline -0.003 -17"><span class='ocrx_word' id='word_1_96' title='bbox 504 1462 763 1516; x_wconf 88' lang='lat' dir='ltr'><strong>mendare</strong></span> <span class='ocrx_word' id='word_1_97' title='bbox 815 1459 906 1530; x_wconf 87' lang='lat' dir='ltr'><strong>qui</strong></span> <span class='ocrx_word' id='word_1_98' title='bbox 957 1459 1069 1514; x_wconf 84' lang='lat' dir='ltr'><strong>Deo</strong></span> <span class='ocrx_word' id='word_1_99' title='bbox 1117 1459 1170 1512; x_wconf 92' lang='lat' dir='ltr'><strong>in</strong></span> <span class='ocrx_word' id='word_1_100' title='bbox 1211 1457 1408 1512; x_wconf 87' lang='lat' dir='ltr'><strong>talibus</strong></span> <span class='ocrx_word' id='word_1_101' title='bbox 1461 1457 1547 1513; x_wconf 90' lang='lat' dir='ltr'><strong>die</strong></span> <span class='ocrx_word' id='word_1_102' title='bbox 1588 1471 1652 1512; x_wconf 93' lang='lat' dir='ltr'><strong>ac</strong></span> <span class='ocrx_word' id='word_1_103' title='bbox 1705 1465 1862 1511; x_wconf 90' lang='lat' dir='ltr'><strong>nocte</strong></span> <span class='ocrx_word' id='word_1_104' title='bbox 1914 1456 2097 1510; x_wconf 88' lang='lat' dir='ltr'><strong>deser-</strong></span> 
     </span>
    </p>
   </div>
   <div class='ocr_carea' id='block_1_17' title="bbox 501 1552 2094 1622">
    <p class='ocr_par' dir='ltr' id='par_1_17' title="bbox 501 1552 2094 1622">
     <span class='ocr_line' id='line_1_17' title="bbox 501 1552 2094 1622; baseline -0.001 -15"><span class='ocrx_word' id='word_1_105' title='bbox 501 1555 688 1621; x_wconf 90' lang='lat' dir='ltr'><strong>viunt,</strong></span> <span class='ocrx_word' id='word_1_106' title='bbox 749 1563 810 1608; x_wconf 90' lang='lat' dir='ltr'><strong>ut</strong></span> <span class='ocrx_word' id='word_1_107' title='bbox 862 1569 1055 1609; x_wconf 90' lang='lat' dir='ltr'><strong>eorum</strong></span> <span class='ocrx_word' id='word_1_108' title='bbox 1103 1552 1619 1618; x_wconf 83' lang='lat' dir='ltr'><strong>intercessionibus,</strong></span> <span class='ocrx_word' id='word_1_109' title='bbox 1678 1567 1800 1622; x_wconf 73' lang='lat' dir='ltr'><strong>quze</strong></span> <span class='ocrx_word' id='word_1_110' title='bbox 1852 1567 1948 1622; x_wconf 92' lang='lat' dir='ltr'><strong>per</strong></span> <span class='ocrx_word' id='word_1_111' title='bbox 2006 1566 2094 1606; x_wconf 91' lang='lat' dir='ltr'><strong>me</strong></span> 
     </span>
    </p>
   </div>
   <div class='ocr_carea' id='block_1_18' title="bbox 500 1640 2093 1713">
    <p class='ocr_par' dir='ltr' id='par_1_18' title="bbox 500 1640 2093 1713">
     <span class='ocr_line' id='line_1_18' title="bbox 500 1640 2093 1713; baseline -0.001 -16"><span class='ocrx_word' id='word_1_112' title='bbox 500 1659 608 1698; x_wconf 87' lang='lat' dir='ltr'><strong>non</strong></span> <span class='ocrx_word' id='word_1_113' title='bbox 631 1652 905 1713; x_wconf 88' lang='lat' dir='ltr'><strong>poteram,</strong></span> <span class='ocrx_word' id='word_1_114' title='bbox 943 1642 1171 1697; x_wconf 87' lang='lat' dir='ltr'><strong>salutem</strong></span> <span class='ocrx_word' id='word_1_115' title='bbox 1209 1642 1353 1696; x_wconf 87' lang='lat' dir='ltr'><strong>illam</strong></span> <span class='ocrx_word' id='word_1_116' title='bbox 1383 1657 1625 1698; x_wconf 86' lang='lat' dir='ltr'><strong>mererer</strong></span> <span class='ocrx_word' id='word_1_117' title='bbox 1653 1641 1915 1698; x_wconf 88' lang='lat' dir='ltr'><strong>invenire.</strong></span> <span class='ocrx_word' id='word_1_118' title='bbox 1959 1640 2093 1697; x_wconf 90' lang='lat' dir='ltr'><strong>Cum</strong></span> 
     </span>
    </p>
   </div>
   <div class='ocr_carea' id='block_1_19' title="bbox 2201 445 3782 515">
    <p class='ocr_par' dir='ltr' id='par_1_19' title="bbox 2201 445 3782 515">
     <span class='ocr_line' id='line_1_19' title="bbox 2201 445 3782 515; baseline 0.004 -15"><span class='ocrx_word' id='word_1_119' title='bbox 2201 445 2434 500; x_wconf 91' lang='lat' dir='ltr'><strong>donante</strong></span> <span class='ocrx_word' id='word_1_120' title='bbox 2455 486 2469 509; x_wconf 90' lang='lat'><strong>,</strong></span> <span class='ocrx_word' id='word_1_121' title='bbox 2503 446 2644 515; x_wconf 89' lang='lat' dir='ltr'><strong>apud</strong></span> <span class='ocrx_word' id='word_1_122' title='bbox 2676 445 2822 499; x_wconf 89' lang='lat' dir='ltr'><strong>illum</strong></span> <span class='ocrx_word' id='word_1_123' title='bbox 2846 447 3092 502; x_wconf 90' lang='lat' dir='ltr'><strong>obtinere</strong></span> <span class='ocrx_word' id='word_1_124' title='bbox 3121 448 3438 503; x_wconf 88' lang='lat' dir='ltr'><strong>meruissem</strong></span> <span class='ocrx_word' id='word_1_125' title='bbox 3458 491 3473 512; x_wconf 92' lang='lat'><strong>,</strong></span> <span class='ocrx_word' id='word_1_126' title='bbox 3509 450 3703 505; x_wconf 89' lang='lat' dir='ltr'><strong>tradidl</strong></span> <span class='ocrx_word' id='word_1_127' title='bbox 3727 454 3782 507; x_wconf 81' lang='lat' dir='ltr'><strong>el</strong></span> 
     </span>
    </p>
   </div>
   <div class='ocr_carea' id='block_1_20' title="bbox 2200 538 3783 617">
    <p class='ocr_par' dir='ltr' id='par_1_20' title="bbox 2200 538 3783 617">
     <span class='ocr_line' id='line_1_20' title="bbox 2200 538 3783 617; baseline 0.007 -26"><span class='ocrx_word' id='word_1_128' title='bbox 2200 551 2340 606; x_wconf 58' lang='lat' dir='ltr'><strong>saepe</strong></span> <span class='ocrx_word' id='word_1_129' title='bbox 2375 538 2572 593; x_wconf 81' lang='lat' dir='ltr'><strong>dictam</strong></span> <span class='ocrx_word' id='word_1_130' title='bbox 2593 539 2877 594; x_wconf 85' lang='lat' dir='ltr'><strong>ecclesiam</strong></span> <span class='ocrx_word' id='word_1_131' title='bbox 2909 557 3031 596; x_wconf 91' lang='lat' dir='ltr'><strong>cum</strong></span> <span class='ocrx_word' id='word_1_132' title='bbox 3078 543 3330 598; x_wconf 89' lang='lat' dir='ltr'><strong>omnibus</strong></span> <span class='ocrx_word' id='word_1_133' title='bbox 3373 543 3472 599; x_wconf 90' lang='lat' dir='ltr'><strong>sibi</strong></span> <span class='ocrx_word' id='word_1_134' title='bbox 3519 547 3783 617; x_wconf 78' lang='lat' dir='ltr'><strong>subjectis</strong></span> 
     </span>
    </p>
   </div>
   <div class='ocr_carea' id='block_1_21' title="bbox 2200 627 3783 705">
    <p class='ocr_par' dir='ltr' id='par_1_21' title="bbox 2200 627 3783 705">
     <span class='ocr_line' id='line_1_21' title="bbox 2200 627 3783 705; baseline 0.005 -23"><span class='ocrx_word' id='word_1_135' title='bbox 2200 627 2390 694; x_wconf 86' lang='lat' dir='ltr'><strong>rebus,</strong></span> <span class='ocrx_word' id='word_1_136' title='bbox 2416 629 2483 683; x_wconf 92' lang='lat' dir='ltr'><strong>de</strong></span> <span class='ocrx_word' id='word_1_137' title='bbox 2515 630 2710 699; x_wconf 89' lang='lat' dir='ltr'><strong>quibus</strong></span> <span class='ocrx_word' id='word_1_138' title='bbox 2733 632 2926 685; x_wconf 90' lang='lat' dir='ltr'><strong>donata</strong></span> <span class='ocrx_word' id='word_1_139' title='bbox 2964 647 3134 702; x_wconf 89' lang='lat' dir='ltr'><strong>usque</strong></span> <span class='ocrx_word' id='word_1_140' title='bbox 3165 641 3294 687; x_wconf 91' lang='lat' dir='ltr'><strong>tunc</strong></span> <span class='ocrx_word' id='word_1_141' title='bbox 3337 636 3596 705; x_wconf 84' lang='lat' dir='ltr'><strong>temporis</strong></span> <span class='ocrx_word' id='word_1_142' title='bbox 3627 644 3783 704; x_wconf 87' lang='lat' dir='ltr'><strong>erat,</strong></span> 
     </span>
    </p>
   </div>
   <div class='ocr_carea' id='block_1_22' title="bbox 2201 720 3782 794">
    <p class='ocr_par' dir='ltr' id='par_1_22' title="bbox 2201 720 3782 794">
     <span class='ocr_line' id='line_1_22' title="bbox 2201 720 3782 794; baseline 0.007 -20"><span class='ocrx_word' id='word_1_143' title='bbox 2201 720 2358 775; x_wconf 90' lang='lat' dir='ltr'><strong>sicuti</strong></span> <span class='ocrx_word' id='word_1_144' title='bbox 2405 721 2548 777; x_wconf 91' lang='lat' dir='ltr'><strong>illius</strong></span> <span class='ocrx_word' id='word_1_145' title='bbox 2591 722 2692 777; x_wconf 91' lang='lat' dir='ltr'><strong>loci</strong></span> <span class='ocrx_word' id='word_1_146' title='bbox 2728 724 2973 780; x_wconf 88' lang='lat' dir='ltr'><strong>canonici</strong></span> <span class='ocrx_word' id='word_1_147' title='bbox 3029 724 3083 780; x_wconf 93' lang='lat' dir='ltr'><strong>in</strong></span> <span class='ocrx_word' id='word_1_148' title='bbox 3133 726 3220 781; x_wconf 91' lang='lat' dir='ltr'><strong>die</strong></span> <span class='ocrx_word' id='word_1_149' title='bbox 3269 726 3354 780; x_wconf 90' lang='lat' dir='ltr'><strong>illa</strong></span> <span class='ocrx_word' id='word_1_150' title='bbox 3405 730 3688 794; x_wconf 86' lang='lat' dir='ltr'><strong>tenebant,</strong></span> <span class='ocrx_word' id='word_1_151' title='bbox 3725 738 3782 785; x_wconf 83' lang='lat' dir='ltr'><strong>et</strong></span> 
     </span>
    </p>
   </div>
   <div class='ocr_carea' id='block_1_23' title="bbox 2199 815 3784 885">
    <p class='ocr_par' dir='ltr' id='par_1_23' title="bbox 2199 815 3784 885">
     <span class='ocr_line' id='line_1_23' title="bbox 2199 815 3784 885; baseline 0.008 -21"><span class='ocrx_word' id='word_1_152' title='bbox 2199 821 2392 866; x_wconf 64' lang='lat' dir='ltr'><strong>caetera</strong></span> <span class='ocrx_word' id='word_1_153' title='bbox 2428 821 2618 867; x_wconf 90' lang='lat' dir='ltr'><strong>cuncta</strong></span> <span class='ocrx_word' id='word_1_154' title='bbox 2649 829 2768 884; x_wconf 72' lang='lat' dir='ltr'><strong>qua:</strong></span> <span class='ocrx_word' id='word_1_155' title='bbox 2789 815 2944 884; x_wconf 86' lang='lat' dir='ltr'><strong>prius</strong></span> <span class='ocrx_word' id='word_1_156' title='bbox 2969 815 3022 869; x_wconf 86' lang='lat' dir='ltr'><strong>in</strong></span> <span class='ocrx_word' id='word_1_157' title='bbox 3049 831 3143 870; x_wconf 90' lang='lat' dir='ltr'><strong>sua</strong></span> <span class='ocrx_word' id='word_1_158' title='bbox 3176 825 3440 885; x_wconf 75' lang='lat' dir='ltr'><strong>potestate</strong></span> <span class='ocrx_word' id='word_1_159' title='bbox 3466 819 3696 885; x_wconf 87' lang='lat' dir='ltr'><strong>habuit,</strong></span> <span class='ocrx_word' id='word_1_160' title='bbox 3727 832 3784 876; x_wconf 82' lang='lat' dir='ltr'><strong>et</strong></span> 
     </span>
    </p>
   </div>
   <div class='ocr_carea' id='block_1_24' title="bbox 2198 903 3780 981">
    <p class='ocr_par' dir='ltr' id='par_1_24' title="bbox 2198 903 3780 981">
     <span class='ocr_line' id='line_1_24' title="bbox 2198 903 3780 981; baseline 0.011 -28"><span class='ocrx_word' id='word_1_161' title='bbox 2198 903 2396 972; x_wconf 79' lang='lat' dir='ltr'><strong>quibus</strong></span> <span class='ocrx_word' id='word_1_162' title='bbox 2451 919 2546 971; x_wconf 90' lang='lat' dir='ltr'><strong>per</strong></span> <span class='ocrx_word' id='word_1_163' title='bbox 2591 905 2853 960; x_wconf 88' lang='lat' dir='ltr'><strong>malorum</strong></span> <span class='ocrx_word' id='word_1_164' title='bbox 2899 907 3235 978; x_wconf 81' lang='lat' dir='ltr'><strong>tyrannidem</strong></span> <span class='ocrx_word' id='word_1_165' title='bbox 3288 909 3582 980; x_wconf 80' lang='lat' dir='ltr'><strong>despoliata</strong></span> <span class='ocrx_word' id='word_1_166' title='bbox 3629 925 3780 981; x_wconf 88' lang='lat' dir='ltr'><strong>erat,</strong></span> 
     </span>
    </p>
   </div>
   <div class='ocr_carea' id='block_1_25' title="bbox 2200 997 3784 1068">
    <p class='ocr_par' dir='ltr' id='par_1_25' title="bbox 2200 997 3784 1068">
     <span class='ocr_line' id='line_1_25' title="bbox 2200 997 3784 1068; baseline 0.009 -22"><span class='ocrx_word' id='word_1_167' title='bbox 2200 997 2522 1063; x_wconf 87' lang='lat' dir='ltr'><strong>promittens</strong></span> <span class='ocrx_word' id='word_1_168' title='bbox 2559 1013 2772 1068; x_wconf 83' lang='lat' dir='ltr'><strong>quoque</strong></span> <span class='ocrx_word' id='word_1_169' title='bbox 2824 1015 2910 1053; x_wconf 91' lang='lat' dir='ltr'><strong>me</strong></span> <span class='ocrx_word' id='word_1_170' title='bbox 2969 1000 3017 1053; x_wconf 93' lang='lat' dir='ltr'><strong>ei</strong></span> <span class='ocrx_word' id='word_1_171' title='bbox 3063 998 3486 1064; x_wconf 75' lang='lat' dir='ltr'><strong>rimlicaturum,</strong></span> <span class='ocrx_word' id='word_1_172' title='bbox 3538 1013 3593 1057; x_wconf 92' lang='lat' dir='ltr'><strong>et</strong></span> <span class='ocrx_word' id='word_1_173' title='bbox 3641 1005 3784 1060; x_wconf 82' lang='lat' dir='ltr'><strong>sicut</strong></span> 
     </span>
    </p>
   </div>
   <div class='ocr_carea' id='block_1_26' title="bbox 2199 1086 3783 1158">
    <p class='ocr_par' dir='ltr' id='par_1_26' title="bbox 2199 1086 3783 1158">
     <span class='ocr_line' id='line_1_26' title="bbox 2199 1086 3783 1158; baseline 0.009 -22"><span class='ocrx_word' id='word_1_174' title='bbox 2199 1093 2358 1138; x_wconf 84' lang='lat' dir='ltr'><strong>antea</strong></span> <span class='ocrx_word' id='word_1_175' title='bbox 2389 1086 2605 1150; x_wconf 85' lang='lat' dir='ltr'><strong>habuit,</strong></span> <span class='ocrx_word' id='word_1_176' title='bbox 2661 1089 2710 1142; x_wconf 90' lang='lat' dir='ltr'><strong>in</strong></span> <span class='ocrx_word' id='word_1_177' title='bbox 2749 1087 2838 1158; x_wconf 87' lang='lat' dir='ltr'><strong>jus</strong></span> <span class='ocrx_word' id='word_1_178' title='bbox 2876 1105 3030 1144; x_wconf 89' lang='lat' dir='ltr'><strong>suum</strong></span> <span class='ocrx_word' id='word_1_179' title='bbox 3065 1092 3408 1145; x_wconf 87' lang='lat' dir='ltr'><strong>traditurum.</strong></span> <span class='ocrx_word' id='word_1_180' title='bbox 3440 1093 3633 1148; x_wconf 85' lang='lat' dir='ltr'><strong>Omnia</strong></span> <span class='ocrx_word' id='word_1_181' title='bbox 3668 1097 3783 1151; x_wconf 70' lang='lat' dir='ltr'><strong>hmc</strong></span> 
     </span>
    </p>
   </div>
   <div class='ocr_carea' id='block_1_27' title="bbox 2199 1177 3785 1250">
    <p class='ocr_par' dir='ltr' id='par_1_27' title="bbox 2199 1177 3785 1250">
     <span class='ocr_line' id='line_1_27' title="bbox 2199 1177 3785 1250; baseline 0.008 -20"><span class='ocrx_word' id='word_1_182' title='bbox 2199 1178 2441 1232; x_wconf 84' lang='lat' dir='ltr'><strong>concessi</strong></span> <span class='ocrx_word' id='word_1_183' title='bbox 2494 1177 2659 1233; x_wconf 83' lang='lat' dir='ltr'><strong>libera</strong></span> <span class='ocrx_word' id='word_1_184' title='bbox 2714 1189 2769 1235; x_wconf 90' lang='lat' dir='ltr'><strong>et</strong></span> <span class='ocrx_word' id='word_1_185' title='bbox 2825 1182 3005 1250; x_wconf 84' lang='lat' dir='ltr'><strong>quieta</strong></span> <span class='ocrx_word' id='word_1_186' title='bbox 3054 1180 3123 1236; x_wconf 83' lang='lat' dir='ltr'><strong>ab</strong></span> <span class='ocrx_word' id='word_1_187' title='bbox 3177 1183 3324 1238; x_wconf 87' lang='lat' dir='ltr'><strong>omni</strong></span> <span class='ocrx_word' id='word_1_188' title='bbox 3389 1187 3785 1242; x_wconf 83' lang='lat' dir='ltr'><strong>consuetudine</strong></span> 
     </span>
    </p>
   </div>
   <div class='ocr_carea' id='block_1_28' title="bbox 2198 1271 3781 1349">
    <p class='ocr_par' dir='ltr' id='par_1_28' title="bbox 2198 1271 3781 1349">
     <span class='ocr_line' id='line_1_28' title="bbox 2198 1271 3781 1349; baseline 0.006 -25"><span class='ocrx_word' id='word_1_189' title='bbox 2198 1271 2496 1326; x_wconf 79' lang='lat' dir='ltr'><strong>exactionis</strong></span> <span class='ocrx_word' id='word_1_190' title='bbox 2525 1272 2608 1327; x_wconf 83' lang='lat' dir='ltr'><strong>vel</strong></span> <span class='ocrx_word' id='word_1_191' title='bbox 2638 1272 2875 1338; x_wconf 57' lang='lat' dir='ltr'><strong>vicariae,</strong></span> <span class='ocrx_word' id='word_1_192' title='bbox 2905 1290 2998 1329; x_wconf 90' lang='lat' dir='ltr'><strong>seu</strong></span> <span class='ocrx_word' id='word_1_193' title='bbox 3039 1276 3356 1331; x_wconf 73' lang='lat' dir='ltr'><strong>caetcrorum</strong></span> <span class='ocrx_word' id='word_1_194' title='bbox 3398 1279 3740 1349; x_wconf 70' lang='lat' dir='ltr'><strong>vectigalium</strong></span> <span class='ocrx_word' id='word_1_195' title='bbox 3765 1321 3781 1344; x_wconf 88' lang='lat'><strong>,</strong></span> 
     </span>
    </p>
   </div>
   <div class='ocr_carea' id='block_1_29' title="bbox 2199 1365 3784 1442">
    <p class='ocr_par' dir='ltr' id='par_1_29' title="bbox 2199 1365 3784 1442">
     <span class='ocr_line' id='line_1_29' title="bbox 2199 1365 3784 1442; baseline 0.008 -26"><span class='ocrx_word' id='word_1_196' title='bbox 2199 1365 2648 1432; x_wconf 82' lang='lat' dir='ltr'><strong>quemadmodum</strong></span> <span class='ocrx_word' id='word_1_197' title='bbox 2683 1366 2915 1436; x_wconf 84' lang='lat' dir='ltr'><strong>majores</strong></span> <span class='ocrx_word' id='word_1_198' title='bbox 2937 1370 3039 1424; x_wconf 87' lang='lat' dir='ltr'><strong>mei</strong></span> <span class='ocrx_word' id='word_1_199' title='bbox 3067 1370 3240 1425; x_wconf 88' lang='lat' dir='ltr'><strong>eidem</strong></span> <span class='ocrx_word' id='word_1_200' title='bbox 3271 1371 3510 1426; x_wconf 71' lang='lat' dir='ltr'><strong>ecclesia:</strong></span> <span class='ocrx_word' id='word_1_201' title='bbox 3541 1372 3784 1442; x_wconf 81' lang='lat' dir='ltr'><strong>legitime</strong></span> 
     </span>
    </p>
   </div>
   <div class='ocr_carea' id='block_1_30' title="bbox 2198 1457 3782 1535">
    <p class='ocr_par' dir='ltr' id='par_1_30' title="bbox 2198 1457 3782 1535">
     <span class='ocr_line' id='line_1_30' title="bbox 2198 1457 3782 1535; baseline 0.005 -23"><span class='ocrx_word' id='word_1_202' title='bbox 2198 1457 2561 1522; x_wconf 88' lang='lat' dir='ltr'><strong>contulerunt,</strong></span> <span class='ocrx_word' id='word_1_203' title='bbox 2587 1459 2658 1514; x_wconf 90' lang='lat' dir='ltr'><strong>ita</strong></span> <span class='ocrx_word' id='word_1_204' title='bbox 2684 1470 2743 1515; x_wconf 92' lang='lat' dir='ltr'><strong>ot</strong></span> <span class='ocrx_word' id='word_1_205' title='bbox 2770 1477 2913 1528; x_wconf 89' lang='lat' dir='ltr'><strong>eam,</strong></span> <span class='ocrx_word' id='word_1_206' title='bbox 2939 1463 3054 1517; x_wconf 89' lang='lat' dir='ltr'><strong>sine</strong></span> <span class='ocrx_word' id='word_1_207' title='bbox 3077 1463 3183 1517; x_wconf 89' lang='lat' dir='ltr'><strong>ulla</strong></span> <span class='ocrx_word' id='word_1_208' title='bbox 3214 1479 3330 1518; x_wconf 86' lang='lat' dir='ltr'><strong>mea</strong></span> <span class='ocrx_word' id='word_1_209' title='bbox 3355 1465 3436 1520; x_wconf 81' lang='lat' dir='ltr'><strong>vel</strong></span> <span class='ocrx_word' id='word_1_210' title='bbox 3460 1465 3782 1535; x_wconf 81' lang='lat' dir='ltr'><strong>cujusquam</strong></span> 
     </span>
    </p>
   </div>
   <div class='ocr_carea' id='block_1_31' title="bbox 2197 1546 3784 1627">
    <p class='ocr_par' dir='ltr' id='par_1_31' title="bbox 2197 1546 3784 1627">
     <span class='ocr_line' id='line_1_31' title="bbox 2197 1546 3784 1627; baseline 0.004 -24"><span class='ocrx_word' id='word_1_211' title='bbox 2197 1546 2564 1603; x_wconf 75' lang='lat' dir='ltr'><strong>successorem</strong></span> <span class='ocrx_word' id='word_1_212' title='bbox 2607 1565 2846 1605; x_wconf 89' lang='lat' dir='ltr'><strong>meorum</strong></span> <span class='ocrx_word' id='word_1_213' title='bbox 2871 1553 3301 1609; x_wconf 81' lang='lat' dir='ltr'><strong>contradictione</strong></span> <span class='ocrx_word' id='word_1_214' title='bbox 3325 1596 3338 1621; x_wconf 92' lang='lat'><strong>,</strong></span> <span class='ocrx_word' id='word_1_215' title='bbox 3375 1556 3784 1627; x_wconf 82' lang='lat' dir='ltr'><strong>congregationi</strong></span> 
     </span>
    </p>
   </div>
   <div class='ocr_carea' id='block_1_32' title="bbox 2197 1639 3786 1716">
    <p class='ocr_par' dir='ltr' id='par_1_32' title="bbox 2197 1639 3786 1716">
     <span class='ocr_line' id='line_1_32' title="bbox 2197 1639 3786 1716; baseline 0.008 -23"><span class='ocrx_word' id='word_1_216' title='bbox 2197 1639 2416 1709; x_wconf 82' lang='lat' dir='ltr'><strong>Majoris</strong></span> <span class='ocrx_word' id='word_1_217' title='bbox 2431 1643 2742 1698; x_wconf 84' lang='lat' dir='ltr'><strong>monasterii</strong></span> <span class='ocrx_word' id='word_1_218' title='bbox 2760 1643 2978 1715; x_wconf 88' lang='lat' dir='ltr'><strong>suisque</strong></span> <span class='ocrx_word' id='word_1_219' title='bbox 3006 1649 3437 1716; x_wconf 71' lang='lat' dir='ltr'><strong>successoribus,</strong></span> <span class='ocrx_word' id='word_1_220' title='bbox 3459 1665 3582 1704; x_wconf 90' lang='lat' dir='ltr'><strong>cum</strong></span> <span class='ocrx_word' id='word_1_221' title='bbox 3612 1652 3698 1704; x_wconf 89' lang='lat' dir='ltr'><strong>abl</strong></span> <span class='ocrx_word' id='word_1_222' title='bbox 3725 1663 3786 1706; x_wconf 61' lang='grc' dir='ltr'><strong>ας</strong></span> 
     </span>
    </p>
   </div>
   <div class='ocr_carea' id='block_1_33' title="bbox 500 1731 3784 1812">
    <p class='ocr_par' dir='ltr' id='par_1_33' title="bbox 500 1731 3784 1812">
     <span class='ocr_line' id='line_1_33' title="bbox 500 1731 3784 1812; baseline 0.002 -19"><span class='ocrx_word' id='word_1_223' title='bbox 500 1738 668 1808; x_wconf 79' lang='lat' dir='ltr'><strong>igitur</strong></span> <span class='ocrx_word' id='word_1_224' title='bbox 710 1735 913 1805; x_wconf 89' lang='lat' dir='ltr'><strong>aliquid</strong></span> <span class='ocrx_word' id='word_1_225' title='bbox 967 1733 1272 1804; x_wconf 88' lang='lat' dir='ltr'><strong>hujnsmodi</strong></span> <span class='ocrx_word' id='word_1_226' title='bbox 1321 1734 1631 1789; x_wconf 88' lang='lat' dir='ltr'><strong>hominibus</strong></span> <span class='ocrx_word' id='word_1_227' title='bbox 1675 1735 1741 1790; x_wconf 88' lang='lat' dir='ltr'><strong>ad</strong></span> <span class='ocrx_word' id='word_1_228' title='bbox 1785 1733 2086 1790; x_wconf 86' lang='lat' dir='ltr'><strong>subsidium</strong></span> <span class='ocrx_word' id='word_1_229' title='bbox 2120 1739 2164 1798; x_wconf 80' lang='grc' dir='ltr'><strong>Β</strong></span> <span class='ocrx_word' id='word_1_230' title='bbox 2196 1731 2336 1787; x_wconf 90' lang='lat' dir='ltr'><strong>tibus</strong></span> <span class='ocrx_word' id='word_1_231' title='bbox 2390 1734 2481 1802; x_wconf 90' lang='lat' dir='ltr'><strong>qui</strong></span> <span class='ocrx_word' id='word_1_232' title='bbox 2527 1735 2607 1789; x_wconf 91' lang='lat' dir='ltr'><strong>eis</strong></span> <span class='ocrx_word' id='word_1_233' title='bbox 2655 1751 2752 1806; x_wconf 91' lang='lat' dir='ltr'><strong>pro</strong></span> <span class='ocrx_word' id='word_1_234' title='bbox 2813 1744 3054 1807; x_wconf 89' lang='lat' dir='ltr'><strong>tempore</strong></span> <span class='ocrx_word' id='word_1_235' title='bbox 3105 1749 3373 1808; x_wconf 76' lang='lat' dir='ltr'><strong>przecrunt</strong></span> <span class='ocrx_word' id='word_1_236' title='bbox 3445 1741 3607 1797; x_wconf 89' lang='lat' dir='ltr'><strong>liceat</strong></span> <span class='ocrx_word' id='word_1_237' title='bbox 3655 1742 3784 1812; x_wconf 85' lang='lat' dir='ltr'><strong>jure</strong></span> 
     </span>
    </p>
   </div>
   <div class='ocr_carea' id='block_1_34' title="bbox 499 1824 2090 1897">
    <p class='ocr_par' dir='ltr' id='par_1_34' title="bbox 499 1824 2090 1897">
     <span class='ocr_line' id='line_1_34' title="bbox 499 1824 2090 1897; baseline -0.001 -15"><span class='ocrx_word' id='word_1_238' title='bbox 499 1829 627 1882; x_wconf 67' lang='lat' dir='ltr'><strong>vitae</strong></span> <span class='ocrx_word' id='word_1_239' title='bbox 672 1826 956 1897; x_wconf 71' lang='lat' dir='ltr'><strong>praesentis</strong></span> <span class='ocrx_word' id='word_1_240' title='bbox 1001 1825 1159 1880; x_wconf 90' lang='lat' dir='ltr'><strong>istius</strong></span> <span class='ocrx_word' id='word_1_241' title='bbox 1201 1824 1278 1880; x_wconf 87' lang='lat' dir='ltr'><strong>rei</strong></span> <span class='ocrx_word' id='word_1_242' title='bbox 1310 1825 1484 1894; x_wconf 90' lang='lat' dir='ltr'><strong>gratia</strong></span> <span class='ocrx_word' id='word_1_243' title='bbox 1515 1825 1706 1880; x_wconf 79' lang='lat' dir='ltr'><strong>vellem</strong></span> <span class='ocrx_word' id='word_1_244' title='bbox 1735 1825 2049 1896; x_wconf 80' lang='lat' dir='ltr'><strong>impendere</strong></span> <span class='ocrx_word' id='word_1_245' title='bbox 2073 1864 2090 1892; x_wconf 93' lang='lat'><strong>,</strong></span> 
     </span>
    </p>
   </div>
   <div class='ocr_carea' id='block_1_35' title="bbox 405 1917 2094 1989">
    <p class='ocr_par' dir='ltr' id='par_1_35' title="bbox 405 1917 2094 1989">
     <span class='ocr_line' id='line_1_35' title="bbox 405 1917 2094 1989; baseline -0.002 -12"><span class='ocrx_word' id='word_1_246' title='bbox 405 1964 408 1967; x_wconf 82' lang='grc'><strong>-</strong></span> <span class='ocrx_word' id='word_1_247' title='bbox 498 1936 600 1976; x_wconf 89' lang='lat' dir='ltr'><strong>nec</strong></span> <span class='ocrx_word' id='word_1_248' title='bbox 632 1920 761 1974; x_wconf 90' lang='lat' dir='ltr'><strong>mihi</strong></span> <span class='ocrx_word' id='word_1_249' title='bbox 795 1919 860 1974; x_wconf 91' lang='lat' dir='ltr'><strong>de</strong></span> <span class='ocrx_word' id='word_1_250' title='bbox 891 1919 1052 1974; x_wconf 87' lang='lat' dir='ltr'><strong>rebus</strong></span> <span class='ocrx_word' id='word_1_251' title='bbox 1073 1917 1211 1973; x_wconf 91' lang='lat' dir='ltr'><strong>meis</strong></span> <span class='ocrx_word' id='word_1_252' title='bbox 1237 1927 1551 1988; x_wconf 89' lang='lat' dir='ltr'><strong>suppeteret</strong></span> <span class='ocrx_word' id='word_1_253' title='bbox 1608 1918 1753 1988; x_wconf 90' lang='lat' dir='ltr'><strong>quod</strong></span> <span class='ocrx_word' id='word_1_254' title='bbox 1809 1918 1889 1974; x_wconf 92' lang='lat' dir='ltr'><strong>eis</strong></span> <span class='ocrx_word' id='word_1_255' title='bbox 1933 1918 2094 1989; x_wconf 85' lang='lat' dir='ltr'><strong>digne</strong></span> 
     </span>
    </p>
   </div>
   <div class='ocr_carea' id='block_1_36' title="bbox 497 2010 2090 2085">
    <p class='ocr_par' dir='ltr' id='par_1_36' title="bbox 497 2010 2090 2085">
     <span class='ocr_line' id='line_1_36' title="bbox 497 2010 2090 2085; baseline -0.003 -15"><span class='ocrx_word' id='word_1_256' title='bbox 497 2030 716 2085; x_wconf 87' lang='lat' dir='ltr'><strong>possem</strong></span> <span class='ocrx_word' id='word_1_257' title='bbox 749 2011 982 2080; x_wconf 74' lang='lat' dir='ltr'><strong>offerre,</strong></span> <span class='ocrx_word' id='word_1_258' title='bbox 1035 2011 1200 2067; x_wconf 90' lang='lat' dir='ltr'><strong>subiit</strong></span> <span class='ocrx_word' id='word_1_259' title='bbox 1247 2027 1372 2082; x_wconf 90' lang='lat' dir='ltr'><strong>spes</strong></span> <span class='ocrx_word' id='word_1_260' title='bbox 1418 2013 1486 2066; x_wconf 89' lang='lat' dir='ltr'><strong>de</strong></span> <span class='ocrx_word' id='word_1_261' title='bbox 1537 2011 1913 2067; x_wconf 88' lang='lat' dir='ltr'><strong>misericordia</strong></span> <span class='ocrx_word' id='word_1_262' title='bbox 1961 2010 2090 2078; x_wconf 86' lang='lat' dir='ltr'><strong>Dei,</strong></span> 
     </span>
    </p>
   </div>
   <div class='ocr_carea' id='block_1_37' title="bbox 499 2100 2088 2174">
    <p class='ocr_par' dir='ltr' id='par_1_37' title="bbox 499 2100 2088 2174">
     <span class='ocr_line' id='line_1_37' title="bbox 499 2100 2088 2174; baseline -0.002 -17"><span class='ocrx_word' id='word_1_263' title='bbox 499 2105 641 2174; x_wconf 88' lang='lat' dir='ltr'><strong>quod</strong></span> <span class='ocrx_word' id='word_1_264' title='bbox 664 2104 708 2159; x_wconf 91' lang='lat' dir='ltr'><strong>si</strong></span> <span class='ocrx_word' id='word_1_265' title='bbox 734 2119 799 2158; x_wconf 89' lang='lat' dir='ltr'><strong>ea</strong></span> <span class='ocrx_word' id='word_1_266' title='bbox 825 2117 945 2173; x_wconf 71' lang='lat' dir='ltr'><strong>qua:</strong></span> <span class='ocrx_word' id='word_1_267' title='bbox 975 2118 1006 2157; x_wconf 90' lang='lat' dir='ltr'><strong>a</strong></span> <span class='ocrx_word' id='word_1_268' title='bbox 1038 2101 1337 2172; x_wconf 86' lang='lat' dir='ltr'><strong>majoribus</strong></span> <span class='ocrx_word' id='word_1_269' title='bbox 1375 2101 1512 2157; x_wconf 91' lang='lat' dir='ltr'><strong>meis</strong></span> <span class='ocrx_word' id='word_1_270' title='bbox 1543 2100 1655 2156; x_wconf 85' lang='lat' dir='ltr'><strong>Deo</strong></span> <span class='ocrx_word' id='word_1_271' title='bbox 1685 2101 1750 2156; x_wconf 90' lang='lat' dir='ltr'><strong>ad</strong></span> <span class='ocrx_word' id='word_1_272' title='bbox 1787 2112 1942 2156; x_wconf 88' lang='lat' dir='ltr'><strong>nsum</strong></span> <span class='ocrx_word' id='word_1_273' title='bbox 1970 2115 2088 2156; x_wconf 89' lang='lat' dir='ltr'><strong>ser-</strong></span> 
     </span>
    </p>
   </div>
   <div class='ocr_carea' id='block_1_38' title="bbox 497 2192 2091 2265">
    <p class='ocr_par' dir='ltr' id='par_1_38' title="bbox 497 2192 2091 2265">
     <span class='ocr_line' id='line_1_38' title="bbox 497 2192 2091 2265; baseline -0.001 -18"><span class='ocrx_word' id='word_1_274' title='bbox 497 2211 687 2252; x_wconf 89' lang='lat' dir='ltr'><strong>vorum</strong></span> <span class='ocrx_word' id='word_1_275' title='bbox 717 2194 838 2265; x_wconf 86' lang='lat' dir='ltr'><strong>ejus</strong></span> <span class='ocrx_word' id='word_1_276' title='bbox 860 2194 1054 2250; x_wconf 89' lang='lat' dir='ltr'><strong>collata</strong></span> <span class='ocrx_word' id='word_1_277' title='bbox 1085 2192 1331 2259; x_wconf 80' lang='lat' dir='ltr'><strong>fuerant,</strong></span> <span class='ocrx_word' id='word_1_278' title='bbox 1381 2193 1474 2248; x_wconf 91' lang='lat' dir='ltr'><strong>sed</strong></span> <span class='ocrx_word' id='word_1_279' title='bbox 1513 2195 1672 2249; x_wconf 92' lang='lat' dir='ltr'><strong>modo</strong></span> <span class='ocrx_word' id='word_1_280' title='bbox 1713 2193 1926 2250; x_wconf 88' lang='lat' dir='ltr'><strong>deserta</strong></span> <span class='ocrx_word' id='word_1_281' title='bbox 1963 2201 2091 2248; x_wconf 84' lang='lat' dir='ltr'><strong>sunt</strong></span> 
     </span>
    </p>
   </div>
   <div class='ocr_carea' id='block_1_39' title="bbox 497 2286 2087 2359">
    <p class='ocr_par' dir='ltr' id='par_1_39' title="bbox 497 2286 2087 2359">
     <span class='ocr_line' id='line_1_39' title="bbox 497 2286 2087 2359; baseline -0.002 -16"><span class='ocrx_word' id='word_1_282' title='bbox 497 2304 563 2344; x_wconf 81' lang='lat' dir='ltr'><strong>ac</strong></span> <span class='ocrx_word' id='word_1_283' title='bbox 587 2296 829 2353; x_wconf 89' lang='lat' dir='ltr'><strong>vastata,</strong></span> <span class='ocrx_word' id='word_1_284' title='bbox 878 2288 935 2342; x_wconf 88' lang='lat' dir='ltr'><strong>in</strong></span> <span class='ocrx_word' id='word_1_285' title='bbox 989 2286 1281 2354; x_wconf 90' lang='lat' dir='ltr'><strong>pristinum</strong></span> <span class='ocrx_word' id='word_1_286' title='bbox 1309 2295 1512 2342; x_wconf 88' lang='lat' dir='ltr'><strong>statum</strong></span> <span class='ocrx_word' id='word_1_287' title='bbox 1538 2303 1802 2343; x_wconf 89' lang='lat' dir='ltr'><strong>revocare</strong></span> <span class='ocrx_word' id='word_1_288' title='bbox 1831 2301 2048 2359; x_wconf 88' lang='lat' dir='ltr'><strong>possem</strong></span> <span class='ocrx_word' id='word_1_289' title='bbox 2071 2327 2087 2354; x_wconf 91' lang='lat'><strong>,</strong></span> 
     </span>
    </p>
   </div>
   <div class='ocr_carea' id='block_1_40' title="bbox 499 2383 2090 2453">
    <p class='ocr_par' dir='ltr' id='par_1_40' title="bbox 499 2383 2090 2453">
     <span class='ocr_line' id='line_1_40' title="bbox 499 2383 2090 2453; baseline 0.001 -15"><span class='ocrx_word' id='word_1_290' title='bbox 499 2389 555 2438; x_wconf 87' lang='lat' dir='ltr'><strong>et</strong></span> <span class='ocrx_word' id='word_1_291' title='bbox 609 2389 954 2453; x_wconf 90' lang='lat' dir='ltr'><strong>peccatorum</strong></span> <span class='ocrx_word' id='word_1_292' title='bbox 1015 2395 1257 2436; x_wconf 90' lang='lat' dir='ltr'><strong>meorum</strong></span> <span class='ocrx_word' id='word_1_293' title='bbox 1309 2396 1678 2451; x_wconf 88' lang='lat' dir='ltr'><strong>consequerer</strong></span> <span class='ocrx_word' id='word_1_294' title='bbox 1729 2383 1977 2448; x_wconf 83' lang='lat' dir='ltr'><strong>veniam,</strong></span> <span class='ocrx_word' id='word_1_295' title='bbox 2035 2395 2090 2439; x_wconf 91' lang='lat' dir='ltr'><strong>et</strong></span> 
     </span>
    </p>
   </div>
   <div class='ocr_carea' id='block_1_41' title="bbox 499 2473 2090 2549">
    <p class='ocr_par' dir='ltr' id='par_1_41' title="bbox 499 2473 2090 2549">
     <span class='ocr_line' id='line_1_41' title="bbox 499 2473 2090 2549; baseline 0.002 -19"><span class='ocrx_word' id='word_1_296' title='bbox 499 2475 697 2531; x_wconf 68' lang='lat' dir='ltr'><strong>animae</strong></span> <span class='ocrx_word' id='word_1_297' title='bbox 734 2491 869 2531; x_wconf 71' lang='lat' dir='ltr'><strong>mea:</strong></span> <span class='ocrx_word' id='word_1_298' title='bbox 905 2473 1134 2531; x_wconf 89' lang='lat' dir='ltr'><strong>salutem</strong></span> <span class='ocrx_word' id='word_1_299' title='bbox 1180 2485 1518 2546; x_wconf 88' lang='lat' dir='ltr'><strong>perpetuam.</strong></span> <span class='ocrx_word' id='word_1_300' title='bbox 1561 2477 1658 2532; x_wconf 85' lang='lat' dir='ltr'><strong>Est</strong></span> <span class='ocrx_word' id='word_1_301' title='bbox 1683 2492 1813 2547; x_wconf 79' lang='lat' dir='ltr'><strong>ergo</strong></span> <span class='ocrx_word' id='word_1_302' title='bbox 1856 2477 1909 2531; x_wconf 91' lang='lat' dir='ltr'><strong>in</strong></span> <span class='ocrx_word' id='word_1_303' title='bbox 1950 2494 2090 2549; x_wconf 90' lang='lat' dir='ltr'><strong>pago</strong></span> 
     </span>
    </p>
   </div>
   <div class='ocr_carea' id='block_1_42' title="bbox 497 2564 2086 2638">
    <p class='ocr_par' dir='ltr' id='par_1_42' title="bbox 497 2564 2086 2638">
     <span class='ocr_line' id='line_1_42' title="bbox 497 2564 2086 2638; baseline 0.001 -18"><span class='ocrx_word' id='word_1_304' title='bbox 497 2564 890 2622; x_wconf 84' lang='lat' dir='ltr'><strong>Cenomanensi</strong></span> <span class='ocrx_word' id='word_1_305' title='bbox 946 2565 1001 2620; x_wconf 90' lang='lat' dir='ltr'><strong>in</strong></span> <span class='ocrx_word' id='word_1_306' title='bbox 1062 2564 1480 2621; x_wconf 77' lang='lat' dir='ltr'><strong>CaStello-l.edi</strong></span> <span class='ocrx_word' id='word_1_307' title='bbox 1532 2566 2086 2638; x_wconf 75' lang='lat' dir='ltr'><strong>(Clidteau-du-Loir)</strong></span> 
     </span>
    </p>
   </div>
   <div class='ocr_carea' id='block_1_43' title="bbox 497 2655 2086 2730">
    <p class='ocr_par' dir='ltr' id='par_1_43' title="bbox 497 2655 2086 2730">
     <span class='ocr_line' id='line_1_43' title="bbox 497 2655 2086 2730; baseline 0.001 -19"><span class='ocrx_word' id='word_1_308' title='bbox 497 2656 724 2714; x_wconf 90' lang='lat' dir='ltr'><strong>ecclesia</strong></span> <span class='ocrx_word' id='word_1_309' title='bbox 768 2657 821 2712; x_wconf 90' lang='lat' dir='ltr'><strong>in</strong></span> <span class='ocrx_word' id='word_1_310' title='bbox 876 2658 1135 2713; x_wconf 80' lang='lat' dir='ltr'><strong>honorem</strong></span> <span class='ocrx_word' id='word_1_311' title='bbox 1166 2656 1340 2730; x_wconf 84' lang='lat' dir='ltr'><strong>sancti</strong></span> <span class='ocrx_word' id='word_1_312' title='bbox 1389 2655 1708 2727; x_wconf 88' lang='lat' dir='ltr'><strong>Guingaloei</strong></span> <span class='ocrx_word' id='word_1_313' title='bbox 1751 2665 2086 2722; x_wconf 85' lang='lat' dir='ltr'><strong>constructa,</strong></span> 
     </span>
    </p>
   </div>
   <div class='ocr_carea' id='block_1_44' title="bbox 498 2749 2088 2821">
    <p class='ocr_par' dir='ltr' id='par_1_44' title="bbox 498 2749 2088 2821">
     <span class='ocr_line' id='line_1_44' title="bbox 498 2749 2088 2821; baseline -0.001 -15"><span class='ocrx_word' id='word_1_314' title='bbox 498 2751 586 2806; x_wconf 89' lang='lat' dir='ltr'><strong>cui</strong></span> <span class='ocrx_word' id='word_1_315' title='bbox 624 2751 790 2805; x_wconf 87' lang='lat' dir='ltr'><strong>multa</strong></span> <span class='ocrx_word' id='word_1_316' title='bbox 825 2750 1059 2821; x_wconf 85' lang='lat' dir='ltr'><strong>majores</strong></span> <span class='ocrx_word' id='word_1_317' title='bbox 1104 2750 1210 2806; x_wconf 90' lang='lat' dir='ltr'><strong>mei</strong></span> <span class='ocrx_word' id='word_1_318' title='bbox 1255 2749 1602 2805; x_wconf 89' lang='lat' dir='ltr'><strong>contulerunt</strong></span> <span class='ocrx_word' id='word_1_319' title='bbox 1651 2749 1717 2804; x_wconf 84' lang='lat' dir='ltr'><strong>ad</strong></span> <span class='ocrx_word' id='word_1_320' title='bbox 1771 2764 1928 2803; x_wconf 88' lang='lat' dir='ltr'><strong>usum</strong></span> <span class='ocrx_word' id='word_1_321' title='bbox 1979 2749 2088 2805; x_wconf 88' lang='lat' dir='ltr'><strong>Deo</strong></span> 
     </span>
    </p>
   </div>
   <div class='ocr_carea' id='block_1_45' title="bbox 497 2840 2088 2913">
    <p class='ocr_par' dir='ltr' id='par_1_45' title="bbox 497 2840 2088 2913">
     <span class='ocr_line' id='line_1_45' title="bbox 497 2840 2088 2913; baseline 0 -14"><span class='ocrx_word' id='word_1_322' title='bbox 497 2843 628 2899; x_wconf 90' lang='lat' dir='ltr'><strong>inibi</strong></span> <span class='ocrx_word' id='word_1_323' title='bbox 655 2842 1003 2898; x_wconf 81' lang='lat' dir='ltr'><strong>servientium</strong></span> <span class='ocrx_word' id='word_1_324' title='bbox 1026 2884 1040 2909; x_wconf 92' lang='lat'><strong>,</strong></span> <span class='ocrx_word' id='word_1_325' title='bbox 1071 2842 1138 2897; x_wconf 92' lang='lat' dir='ltr'><strong>ad</strong></span> <span class='ocrx_word' id='word_1_326' title='bbox 1177 2841 1319 2913; x_wconf 91' lang='lat' dir='ltr'><strong>quod</strong></span> <span class='ocrx_word' id='word_1_327' title='bbox 1351 2841 1443 2896; x_wconf 92' lang='lat' dir='ltr'><strong>Dei</strong></span> <span class='ocrx_word' id='word_1_328' title='bbox 1472 2840 1755 2896; x_wconf 85' lang='lat' dir='ltr'><strong>servitium</strong></span> <span class='ocrx_word' id='word_1_329' title='bbox 1791 2841 2088 2899; x_wconf 88' lang='lat' dir='ltr'><strong>canonicos</strong></span> 
     </span>
    </p>
   </div>
   <div class='ocr_carea' id='block_1_46' title="bbox 497 2930 2088 2989">
    <p class='ocr_par' dir='ltr' id='par_1_46' title="bbox 497 2930 2088 2989">
     <span class='ocr_line' id='line_1_46' title="bbox 497 2930 2088 2989; baseline -0.002 0"><span class='ocrx_word' id='word_1_330' title='bbox 497 2932 920 2989; x_wconf 91' lang='lat' dir='ltr'><strong>constituerunt.</strong></span> <span class='ocrx_word' id='word_1_331' title='bbox 954 2931 1095 2988; x_wconf 90' lang='lat' dir='ltr'><strong>Orto</strong></span> <span class='ocrx_word' id='word_1_332' title='bbox 1111 2939 1292 2986; x_wconf 91' lang='lat' dir='ltr'><strong>autem</strong></span> <span class='ocrx_word' id='word_1_333' title='bbox 1325 2930 1465 2985; x_wconf 90' lang='lat' dir='ltr'><strong>bello</strong></span> <span class='ocrx_word' id='word_1_334' title='bbox 1490 2931 1631 2986; x_wconf 89' lang='lat' dir='ltr'><strong>inter</strong></span> <span class='ocrx_word' id='word_1_335' title='bbox 1661 2930 1916 2986; x_wconf 92' lang='lat' dir='ltr'><strong>comitem</strong></span> <span class='ocrx_word' id='word_1_336' title='bbox 1944 2930 2088 2986; x_wconf 82' lang='lat' dir='ltr'><strong>Gau-</strong></span> 
     </span>
    </p>
   </div>
   <div class='ocr_carea' id='block_1_47' title="bbox 495 3021 2086 3085">
    <p class='ocr_par' dir='ltr' id='par_1_47' title="bbox 495 3021 2086 3085">
     <span class='ocr_line' id='line_1_47' title="bbox 495 3021 2086 3085; baseline -0.001 -6"><span class='ocrx_word' id='word_1_337' title='bbox 495 3024 706 3080; x_wconf 79' lang='lat' dir='ltr'><strong>fredum</strong></span> <span class='ocrx_word' id='word_1_338' title='bbox 730 3033 784 3080; x_wconf 92' lang='lat' dir='ltr'><strong>et</strong></span> <span class='ocrx_word' id='word_1_339' title='bbox 823 3021 1099 3079; x_wconf 89' lang='lat' dir='ltr'><strong>dominum</strong></span> <span class='ocrx_word' id='word_1_340' title='bbox 1122 3021 1264 3075; x_wconf 91' lang='lat' dir='ltr'><strong>illius</strong></span> <span class='ocrx_word' id='word_1_341' title='bbox 1292 3021 1498 3075; x_wconf 91' lang='lat' dir='ltr'><strong>castelli</strong></span> <span class='ocrx_word' id='word_1_342' title='bbox 1525 3061 1540 3085; x_wconf 91' lang='lat'><strong>,</strong></span> <span class='ocrx_word' id='word_1_343' title='bbox 1581 3036 1706 3076; x_wconf 90' lang='lat' dir='ltr'><strong>eum</strong></span> <span class='ocrx_word' id='word_1_344' title='bbox 1734 3021 1873 3076; x_wconf 86' lang='lat' dir='ltr'><strong>idem</strong></span> <span class='ocrx_word' id='word_1_345' title='bbox 1902 3038 2086 3078; x_wconf 91' lang='lat' dir='ltr'><strong>comes</strong></span> 
     </span>
    </p>
   </div>
   <div class='ocr_carea' id='block_1_48' title="bbox 2194 1827 3786 1901">
    <p class='ocr_par' dir='ltr' id='par_1_48' title="bbox 2194 1827 3786 1901">
     <span class='ocr_line' id='line_1_48' title="bbox 2194 1827 3786 1901; baseline 0.011 -26"><span class='ocrx_word' id='word_1_346' title='bbox 2194 1832 2453 1893; x_wconf 87' lang='lat' dir='ltr'><strong>perpetuo</strong></span> <span class='ocrx_word' id='word_1_347' title='bbox 2468 1827 2777 1895; x_wconf 89' lang='lat' dir='ltr'><strong>possidere;</strong></span> <span class='ocrx_word' id='word_1_348' title='bbox 2805 1837 2859 1882; x_wconf 93' lang='lat' dir='ltr'><strong>et</strong></span> <span class='ocrx_word' id='word_1_349' title='bbox 2878 1830 3137 1900; x_wconf 85' lang='lat' dir='ltr'><strong>quidquid</strong></span> <span class='ocrx_word' id='word_1_350' title='bbox 3163 1831 3288 1887; x_wconf 88' lang='lat' dir='ltr'><strong>inde</strong></span> <span class='ocrx_word' id='word_1_351' title='bbox 3302 1835 3564 1901; x_wconf 80' lang='lat' dir='ltr'><strong>agendum</strong></span> <span class='ocrx_word' id='word_1_352' title='bbox 3591 1836 3786 1892; x_wconf 82' lang='lat' dir='ltr'><strong>decre-</strong></span> 
     </span>
    </p>
   </div>
   <div class='ocr_carea' id='block_1_49' title="bbox 2193 1915 3783 1993">
    <p class='ocr_par' dir='ltr' id='par_1_49' title="bbox 2193 1915 3783 1993">
     <span class='ocr_line' id='line_1_49' title="bbox 2193 1915 3783 1993; baseline 0.009 -26"><span class='ocrx_word' id='word_1_353' title='bbox 2193 1915 2401 1980; x_wconf 87' lang='lat' dir='ltr'><strong>verint,</strong></span> <span class='ocrx_word' id='word_1_354' title='bbox 2455 1915 2680 1971; x_wconf 90' lang='lat' dir='ltr'><strong>liberam</strong></span> <span class='ocrx_word' id='word_1_355' title='bbox 2710 1929 3030 1987; x_wconf 81' lang='lat' dir='ltr'><strong>potestatem</strong></span> <span class='ocrx_word' id='word_1_356' title='bbox 3063 1921 3297 1977; x_wconf 82' lang='lat' dir='ltr'><strong>habeant</strong></span> <span class='ocrx_word' id='word_1_357' title='bbox 3328 1923 3588 1993; x_wconf 79' lang='lat' dir='ltr'><strong>faciendi,</strong></span> <span class='ocrx_word' id='word_1_358' title='bbox 3634 1927 3783 1982; x_wconf 87' lang='lat' dir='ltr'><strong>ordi-</strong></span> 
     </span>
    </p>
   </div>
   <div class='ocr_carea' id='block_1_50' title="bbox 2193 2005 3784 2087">
    <p class='ocr_par' dir='ltr' id='par_1_50' title="bbox 2193 2005 3784 2087">
     <span class='ocr_line' id='line_1_50' title="bbox 2193 2005 3784 2087; baseline 0.008 -28"><span class='ocrx_word' id='word_1_359' title='bbox 2193 2005 2356 2060; x_wconf 89' lang='lat' dir='ltr'><strong>nandi</strong></span> <span class='ocrx_word' id='word_1_360' title='bbox 2402 2014 2481 2073; x_wconf 87' lang='lat' dir='ltr'><strong>et,</strong></span> <span class='ocrx_word' id='word_1_361' title='bbox 2531 2008 2981 2080; x_wconf 82' lang='lat' dir='ltr'><strong>qualitercnnque</strong></span> <span class='ocrx_word' id='word_1_362' title='bbox 3031 2012 3111 2067; x_wconf 93' lang='lat' dir='ltr'><strong>eis</strong></span> <span class='ocrx_word' id='word_1_363' title='bbox 3157 2013 3423 2083; x_wconf 81' lang='lat' dir='ltr'><strong>placuerit</strong></span> <span class='ocrx_word' id='word_1_364' title='bbox 3479 2017 3784 2087; x_wconf 89' lang='lat' dir='ltr'><strong>meliusque</strong></span> 
     </span>
    </p>
   </div>
   <div class='ocr_carea' id='block_1_51' title="bbox 2192 2096 3780 2179">
    <p class='ocr_par' dir='ltr' id='par_1_51' title="bbox 2192 2096 3780 2179">
     <span class='ocr_line' id='line_1_51' title="bbox 2192 2096 3780 2179; baseline 0.009 -29"><span class='ocrx_word' id='word_1_365' title='bbox 2192 2096 2367 2152; x_wconf 81' lang='lat' dir='ltr'><strong>visum</strong></span> <span class='ocrx_word' id='word_1_366' title='bbox 2417 2097 2613 2165; x_wconf 90' lang='lat' dir='ltr'><strong>fuerit,</strong></span> <span class='ocrx_word' id='word_1_367' title='bbox 2657 2100 3005 2170; x_wconf 85' lang='lat' dir='ltr'><strong>disponendi,</strong></span> <span class='ocrx_word' id='word_1_368' title='bbox 3061 2113 3170 2158; x_wconf 90' lang='lat' dir='ltr'><strong>tam</strong></span> <span class='ocrx_word' id='word_1_369' title='bbox 3215 2107 3573 2174; x_wconf 66' lang='lat' dir='ltr'><strong>praesentibus</strong></span> <span class='ocrx_word' id='word_1_370' title='bbox 3610 2124 3780 2179; x_wconf 71' lang='lat' dir='ltr'><strong>quam</strong></span> 
     </span>
    </p>
   </div>
   <div class='ocr_carea' id='block_1_52' title="bbox 2192 2189 3781 2268">
    <p class='ocr_par' dir='ltr' id='par_1_52' title="bbox 2192 2189 3781 2268">
     <span class='ocr_line' id='line_1_52' title="bbox 2192 2189 3781 2268; baseline 0.008 -25"><span class='ocrx_word' id='word_1_371' title='bbox 2192 2189 2389 2264; x_wconf 82' lang='lat' dir='ltr'><strong>futuris</strong></span> <span class='ocrx_word' id='word_1_372' title='bbox 2416 2191 2748 2262; x_wconf 85' lang='lat' dir='ltr'><strong>temporibus</strong></span> <span class='ocrx_word' id='word_1_373' title='bbox 2771 2207 2787 2246; x_wconf 87' lang='lat'><strong>:</strong></span> <span class='ocrx_word' id='word_1_374' title='bbox 2819 2203 2873 2249; x_wconf 92' lang='lat' dir='ltr'><strong>et</strong></span> <span class='ocrx_word' id='word_1_375' title='bbox 2898 2195 2949 2249; x_wconf 91' lang='lat' dir='ltr'><strong>in</strong></span> <span class='ocrx_word' id='word_1_376' title='bbox 2975 2196 3202 2252; x_wconf 86' lang='lat' dir='ltr'><strong>arbitrio</strong></span> <span class='ocrx_word' id='word_1_377' title='bbox 3223 2199 3518 2268; x_wconf 87' lang='lat' dir='ltr'><strong>supradicti</strong></span> <span class='ocrx_word' id='word_1_378' title='bbox 3542 2201 3781 2268; x_wconf 88' lang='lat' dir='ltr'><strong>abbatis,</strong></span> 
     </span>
    </p>
   </div>
   <div class='ocr_carea' id='block_1_53' title="bbox 2191 2283 3781 2361">
    <p class='ocr_par' dir='ltr' id='par_1_53' title="bbox 2191 2283 3781 2361">
     <span class='ocr_line' id='line_1_53' title="bbox 2191 2283 3781 2361; baseline 0.008 -24"><span class='ocrx_word' id='word_1_379' title='bbox 2191 2290 2246 2337; x_wconf 91' lang='lat' dir='ltr'><strong>et</strong></span> <span class='ocrx_word' id='word_1_380' title='bbox 2271 2297 2456 2337; x_wconf 88' lang='lat' dir='ltr'><strong>eorum</strong></span> <span class='ocrx_word' id='word_1_381' title='bbox 2480 2283 2570 2352; x_wconf 87' lang='lat' dir='ltr'><strong>qui</strong></span> <span class='ocrx_word' id='word_1_382' title='bbox 2598 2284 2645 2338; x_wconf 91' lang='lat' dir='ltr'><strong>ei</strong></span> <span class='ocrx_word' id='word_1_383' title='bbox 2679 2287 2983 2342; x_wconf 83' lang='lat' dir='ltr'><strong>successuri</strong></span> <span class='ocrx_word' id='word_1_384' title='bbox 3009 2298 3134 2342; x_wconf 91' lang='lat' dir='ltr'><strong>sunt</strong></span> <span class='ocrx_word' id='word_1_385' title='bbox 3151 2330 3167 2354; x_wconf 94' lang='lat'><strong>,</strong></span> <span class='ocrx_word' id='word_1_386' title='bbox 3193 2291 3283 2359; x_wconf 89' lang='lat' dir='ltr'><strong>qui</strong></span> <span class='ocrx_word' id='word_1_387' title='bbox 3308 2290 3531 2346; x_wconf 89' lang='lat' dir='ltr'><strong>abbatcs</strong></span> <span class='ocrx_word' id='word_1_388' title='bbox 3555 2291 3781 2361; x_wconf 67' lang='lat' dir='ltr'><strong>Majoris</strong></span> 
     </span>
    </p>
   </div>
   <div class='ocr_carea' id='block_1_54' title="bbox 2193 2365 3782 2453">
    <p class='ocr_par' dir='ltr' id='par_1_54' title="bbox 2193 2365 3782 2453">
     <span class='ocr_line' id='line_1_54' title="bbox 2193 2365 3782 2453; baseline 0.009 -27"><span class='ocrx_word' id='word_1_389' title='bbox 2193 2372 2501 2429; x_wconf 83' lang='lat' dir='ltr'><strong>Monasterii</strong></span> <span class='ocrx_word' id='word_1_390' title='bbox 2531 2373 2760 2440; x_wconf 85' lang='lat' dir='ltr'><strong>fuerint,</strong></span> <span class='ocrx_word' id='word_1_391' title='bbox 2806 2378 3035 2448; x_wconf 82' lang='lat' dir='ltr'><strong>pendeat</strong></span> <span class='ocrx_word' id='word_1_392' title='bbox 3060 2380 3125 2435; x_wconf 92' lang='lat' dir='ltr'><strong>de</strong></span> <span class='ocrx_word' id='word_1_393' title='bbox 3156 2398 3381 2437; x_wconf 80' lang='lat' dir='ltr'><strong>numero</strong></span> <span class='ocrx_word' id='word_1_394' title='bbox 3403 2365 3463 2437; x_wconf 82' lang='lat' dir='ltr'><strong>et</strong></span> <span class='ocrx_word' id='word_1_395' title='bbox 3515 2386 3782 2453; x_wconf 86' lang='lat' dir='ltr'><strong>qualitate</strong></span> 
     </span>
    </p>
   </div>
   <div class='ocr_carea' id='block_1_55' title="bbox 2191 2463 3780 2540">
    <p class='ocr_par' dir='ltr' id='par_1_55' title="bbox 2191 2463 3780 2540">
     <span class='ocr_line' id='line_1_55' title="bbox 2191 2463 3780 2540; baseline 0.01 -24"><span class='ocrx_word' id='word_1_396' title='bbox 2191 2463 2401 2518; x_wconf 88' lang='lat' dir='ltr'><strong>illorum</strong></span> <span class='ocrx_word' id='word_1_397' title='bbox 2433 2465 2658 2521; x_wconf 83' lang='lat' dir='ltr'><strong>fratrum</strong></span> <span class='ocrx_word' id='word_1_398' title='bbox 2692 2469 2780 2537; x_wconf 91' lang='lat' dir='ltr'><strong>qui</strong></span> <span class='ocrx_word' id='word_1_399' title='bbox 2806 2469 2870 2524; x_wconf 84' lang='lat' dir='ltr'><strong>a-l</strong></span> <span class='ocrx_word' id='word_1_400' title='bbox 2901 2471 3218 2540; x_wconf 66' lang='lat' dir='ltr'><strong>praedictum</strong></span> <span class='ocrx_word' id='word_1_401' title='bbox 3245 2475 3418 2528; x_wconf 82' lang='lat' dir='ltr'><strong>locum</strong></span> <span class='ocrx_word' id='word_1_402' title='bbox 3447 2486 3569 2530; x_wconf 87' lang='lat' dir='ltr'><strong>sunt</strong></span> <span class='ocrx_word' id='word_1_403' title='bbox 3598 2484 3780 2532; x_wconf 88' lang='lat' dir='ltr'><strong>trans-</strong></span> 
     </span>
    </p>
   </div>
   <div class='ocr_carea' id='block_1_56' title="bbox 2190 2555 3779 2622">
    <p class='ocr_par' dir='ltr' id='par_1_56' title="bbox 2190 2555 3779 2622">
     <span class='ocr_line' id='line_1_56' title="bbox 2190 2555 3779 2622; baseline 0.009 -14"><span class='ocrx_word' id='word_1_404' title='bbox 2190 2555 2458 2610; x_wconf 90' lang='lat' dir='ltr'><strong>mittendi.</strong></span> <span class='ocrx_word' id='word_1_405' title='bbox 2515 2555 2667 2612; x_wconf 81' lang='lat' dir='ltr'><strong>Hanc</strong></span> <span class='ocrx_word' id='word_1_406' title='bbox 2705 2569 2885 2614; x_wconf 89' lang='lat' dir='ltr'><strong>autem</strong></span> <span class='ocrx_word' id='word_1_407' title='bbox 2915 2561 3261 2618; x_wconf 87' lang='lat' dir='ltr'><strong>donationem</strong></span> <span class='ocrx_word' id='word_1_408' title='bbox 3295 2563 3397 2619; x_wconf 89' lang='lat' dir='ltr'><strong>feci</strong></span> <span class='ocrx_word' id='word_1_409' title='bbox 3429 2580 3698 2621; x_wconf 75' lang='lat' dir='ltr'><strong>coriscnsu</strong></span> <span class='ocrx_word' id='word_1_410' title='bbox 3724 2578 3779 2622; x_wconf 86' lang='lat' dir='ltr'><strong>ct</strong></span> 
     </span>
    </p>
   </div>
   <div class='ocr_carea' id='block_1_57' title="bbox 2190 2648 3779 2723">
    <p class='ocr_par' dir='ltr' id='par_1_57' title="bbox 2190 2648 3779 2723">
     <span class='ocr_line' id='line_1_57' title="bbox 2190 2648 3779 2723; baseline 0.008 -23"><span class='ocrx_word' id='word_1_411' title='bbox 2190 2648 2515 2704; x_wconf 87' lang='lat' dir='ltr'><strong>auctoritate</strong></span> <span class='ocrx_word' id='word_1_412' title='bbox 2545 2650 2736 2705; x_wconf 88' lang='lat' dir='ltr'><strong>matris</strong></span> <span class='ocrx_word' id='word_1_413' title='bbox 2764 2665 2924 2717; x_wconf 78' lang='lat' dir='ltr'><strong>meze,</strong></span> <span class='ocrx_word' id='word_1_414' title='bbox 2963 2654 3310 2723; x_wconf 85' lang='lat' dir='ltr'><strong>omniumque</strong></span> <span class='ocrx_word' id='word_1_415' title='bbox 3351 2656 3580 2710; x_wconf 85' lang='lat' dir='ltr'><strong>fratrum</strong></span> <span class='ocrx_word' id='word_1_416' title='bbox 3627 2673 3779 2712; x_wconf 88' lang='lat' dir='ltr'><strong>meo-</strong></span> 
     </span>
    </p>
   </div>
   <div class='ocr_carea' id='block_1_58' title="bbox 2190 2742 3780 2814">
    <p class='ocr_par' dir='ltr' id='par_1_58' title="bbox 2190 2742 3780 2814">
     <span class='ocr_line' id='line_1_58' title="bbox 2190 2742 3780 2814; baseline 0.006 -22"><span class='ocrx_word' id='word_1_417' title='bbox 2190 2754 2340 2803; x_wconf 87' lang='lat' dir='ltr'><strong>rum,</strong></span> <span class='ocrx_word' id='word_1_418' title='bbox 2371 2747 2426 2794; x_wconf 90' lang='lat' dir='ltr'><strong>et</strong></span> <span class='ocrx_word' id='word_1_419' title='bbox 2465 2742 2846 2796; x_wconf 73' lang='lat' dir='ltr'><strong>canoniCzirum</strong></span> <span class='ocrx_word' id='word_1_420' title='bbox 2895 2743 3064 2813; x_wconf 43' lang='lat' dir='ltr'><strong>ipsius</strong></span> <span class='ocrx_word' id='word_1_421' title='bbox 3114 2744 3216 2799; x_wconf 91' lang='lat' dir='ltr'><strong>loci</strong></span> <span class='ocrx_word' id='word_1_422' title='bbox 3257 2747 3519 2800; x_wconf 85' lang='lat' dir='ltr'><strong>omnium.</strong></span> <span class='ocrx_word' id='word_1_423' title='bbox 3559 2747 3691 2814; x_wconf 76' lang='lat' dir='ltr'><strong>Quze</strong></span> <span class='ocrx_word' id='word_1_424' title='bbox 3720 2757 3780 2802; x_wconf 88' lang='lat' dir='ltr'><strong>ut</strong></span> 
     </span>
    </p>
   </div>
   <div class='ocr_carea' id='block_1_59' title="bbox 2189 2830 3779 2906">
    <p class='ocr_par' dir='ltr' id='par_1_59' title="bbox 2189 2830 3779 2906">
     <span class='ocr_line' id='line_1_59' title="bbox 2189 2830 3779 2906; baseline 0.008 -22"><span class='ocrx_word' id='word_1_425' title='bbox 2189 2830 2396 2886; x_wconf 87' lang='lat' dir='ltr'><strong>stabilis</strong></span> <span class='ocrx_word' id='word_1_426' title='bbox 2422 2841 2476 2887; x_wconf 88' lang='lat' dir='ltr'><strong>et</strong></span> <span class='ocrx_word' id='word_1_427' title='bbox 2506 2832 2822 2889; x_wconf 80' lang='lat' dir='ltr'><strong>inconvulsa</strong></span> <span class='ocrx_word' id='word_1_428' title='bbox 2880 2836 2932 2889; x_wconf 94' lang='lat' dir='ltr'><strong>in</strong></span> <span class='ocrx_word' id='word_1_429' title='bbox 2967 2846 3288 2906; x_wconf 88' lang='lat' dir='ltr'><strong>perpetuum</strong></span> <span class='ocrx_word' id='word_1_430' title='bbox 3333 2838 3626 2906; x_wconf 79' lang='lat' dir='ltr'><strong>existeret,</strong></span> <span class='ocrx_word' id='word_1_431' title='bbox 3675 2857 3779 2896; x_wconf 86' lang='lat' dir='ltr'><strong>nec</strong></span> 
     </span>
    </p>
   </div>
   <div class='ocr_carea' id='block_1_60' title="bbox 2188 2923 3778 3000">
    <p class='ocr_par' dir='ltr' id='par_1_60' title="bbox 2188 2923 3778 3000">
     <span class='ocr_line' id='line_1_60' title="bbox 2188 2923 3778 3000; baseline 0.006 -22"><span class='ocrx_word' id='word_1_432' title='bbox 2188 2923 2443 2994; x_wconf 89' lang='lat' dir='ltr'><strong>deinceps</strong></span> <span class='ocrx_word' id='word_1_433' title='bbox 2485 2925 2585 2979; x_wconf 86' lang='lat' dir='ltr'><strong>sibi</strong></span> <span class='ocrx_word' id='word_1_434' title='bbox 2623 2927 2691 2979; x_wconf 90' lang='lat' dir='ltr'><strong>ab</strong></span> <span class='ocrx_word' id='word_1_435' title='bbox 2721 2926 2901 2996; x_wconf 90' lang='lat' dir='ltr'><strong>aliquo</strong></span> <span class='ocrx_word' id='word_1_436' title='bbox 2939 2929 3267 2982; x_wconf 83' lang='lat' dir='ltr'><strong>calumniam</strong></span> <span class='ocrx_word' id='word_1_437' title='bbox 3301 2930 3483 2985; x_wconf 90' lang='lat' dir='ltr'><strong>inferri</strong></span> <span class='ocrx_word' id='word_1_438' title='bbox 3515 2933 3778 3000; x_wconf 86' lang='lat' dir='ltr'><strong>pertime-</strong></span> 
     </span>
    </p>
   </div>
   <div class='ocr_carea' id='block_1_61' title="bbox 2189 3018 3776 3090">
    <p class='ocr_par' dir='ltr' id='par_1_61' title="bbox 2189 3018 3776 3090">
     <span class='ocr_line' id='line_1_61' title="bbox 2189 3018 3776 3090; baseline 0.007 -20"><span class='ocrx_word' id='word_1_439' title='bbox 2189 3024 2402 3081; x_wconf 85' lang='lat' dir='ltr'><strong>sceret,</strong></span> <span class='ocrx_word' id='word_1_440' title='bbox 2451 3033 2551 3087; x_wconf 85' lang='lat' dir='ltr'><strong>ego</strong></span> <span class='ocrx_word' id='word_1_441' title='bbox 2586 3018 2878 3075; x_wconf 82' lang='lat' dir='ltr'><strong>Gervasius</strong></span> <span class='ocrx_word' id='word_1_442' title='bbox 2925 3029 3159 3090; x_wconf 85' lang='lat' dir='ltr'><strong>quatuor</strong></span> <span class='ocrx_word' id='word_1_443' title='bbox 3205 3023 3372 3078; x_wconf 79' lang='lat' dir='ltr'><strong>millia</strong></span> <span class='ocrx_word' id='word_1_444' title='bbox 3432 3025 3728 3080; x_wconf 83' lang='lat' dir='ltr'><strong>solidorum</strong></span> <span class='ocrx_word' id='word_1_445' title='bbox 3760 3071 3776 3090; x_wconf 90' lang='lat'><strong>,</strong></span> 
     </span>
    </p>
   </div>
   <div class='ocr_carea' id='block_1_62' title="bbox 496 3088 3779 3185">
    <p class='ocr_par' dir='ltr' id='par_1_62' title="bbox 496 3088 3779 3185">
     <span class='ocr_line' id='line_1_62' title="bbox 496 3088 3779 3185; baseline 0.001 -14"><span class='ocrx_word' id='word_1_446' title='bbox 496 3124 692 3171; x_wconf 89' lang='lat' dir='ltr'><strong>cuncta</strong></span> <span class='ocrx_word' id='word_1_447' title='bbox 715 3129 812 3185; x_wconf 91' lang='lat' dir='ltr'><strong>per</strong></span> <span class='ocrx_word' id='word_1_448' title='bbox 840 3113 1126 3168; x_wconf 89' lang='lat' dir='ltr'><strong>circuitum</strong></span> <span class='ocrx_word' id='word_1_449' title='bbox 1153 3109 1364 3166; x_wconf 88' lang='lat' dir='ltr'><strong>castelli</strong></span> <span class='ocrx_word' id='word_1_450' title='bbox 1387 3111 1532 3167; x_wconf 85' lang='lat' dir='ltr'><strong>ferro</strong></span> <span class='ocrx_word' id='word_1_451' title='bbox 1560 3121 1613 3166; x_wconf 92' lang='lat' dir='ltr'><strong>et</strong></span> <span class='ocrx_word' id='word_1_452' title='bbox 1633 3110 1848 3166; x_wconf 76' lang='lat' dir='ltr'><strong>flanima</strong></span> <span class='ocrx_word' id='word_1_453' title='bbox 1871 3112 2082 3182; x_wconf 81' lang='lat' dir='ltr'><strong>disper-</strong></span> <span class='ocrx_word' id='word_1_454' title='bbox 2111 3088 2156 3151; x_wconf 81' lang='lat' dir='ltr'><strong><em>C</em></strong></span> <span class='ocrx_word' id='word_1_455' title='bbox 2190 3117 2363 3161; x_wconf 89' lang='lat' dir='ltr'><strong>tnaler</strong></span> <span class='ocrx_word' id='word_1_456' title='bbox 2394 3124 2512 3162; x_wconf 84' lang='lat' dir='ltr'><strong>mea</strong></span> <span class='ocrx_word' id='word_1_457' title='bbox 2545 3109 2823 3165; x_wconf 81' lang='lat' dir='ltr'><strong>Elizabeth</strong></span> <span class='ocrx_word' id='word_1_458' title='bbox 2861 3088 3075 3168; x_wconf 81' lang='lat' dir='ltr'><strong>centum</strong></span> <span class='ocrx_word' id='word_1_459' title='bbox 3107 3115 3308 3170; x_wconf 85' lang='lat' dir='ltr'><strong>solidos</strong></span> <span class='ocrx_word' id='word_1_460' title='bbox 3328 3157 3342 3182; x_wconf 92' lang='lat'><strong>,</strong></span> <span class='ocrx_word' id='word_1_461' title='bbox 3377 3117 3548 3171; x_wconf 78' lang='lat' dir='ltr'><strong>Adam</strong></span> <span class='ocrx_word' id='word_1_462' title='bbox 3580 3119 3779 3175; x_wconf 81' lang='lat' dir='ltr'><strong>decem</strong></span> 
     </span>
    </p>
   </div>
   <div class='ocr_carea' id='block_1_63' title="bbox 499 3201 2084 3276">
    <p class='ocr_par' dir='ltr' id='par_1_63' title="bbox 499 3201 2084 3276">
     <span class='ocr_line' id='line_1_63' title="bbox 499 3201 2084 3276; baseline -0.004 -12"><span class='ocrx_word' id='word_1_463' title='bbox 499 3210 684 3273; x_wconf 89' lang='lat' dir='ltr'><strong>deret,</strong></span> <span class='ocrx_word' id='word_1_464' title='bbox 735 3221 824 3261; x_wconf 87' lang='lat' dir='ltr'><strong>res</strong></span> <span class='ocrx_word' id='word_1_465' title='bbox 852 3217 1068 3276; x_wconf 89' lang='lat' dir='ltr'><strong>quoque</strong></span> <span class='ocrx_word' id='word_1_466' title='bbox 1107 3201 1285 3271; x_wconf 88' lang='lat' dir='ltr'><strong>hujus,</strong></span> <span class='ocrx_word' id='word_1_467' title='bbox 1343 3218 1504 3272; x_wconf 89' lang='lat' dir='ltr'><strong>quam</strong></span> <span class='ocrx_word' id='word_1_468' title='bbox 1536 3202 1801 3267; x_wconf 89' lang='lat' dir='ltr'><strong>dicimus,</strong></span> <span class='ocrx_word' id='word_1_469' title='bbox 1839 3203 2084 3258; x_wconf 61' lang='lat' dir='ltr'><strong>ecclesia</strong></span> 
     </span>
    </p>
   </div>
   <div class='ocr_carea' id='block_1_64' title="bbox 495 3292 2084 3371">
    <p class='ocr_par' dir='ltr' id='par_1_64' title="bbox 495 3292 2084 3371">
     <span class='ocr_line' id='line_1_64' title="bbox 495 3292 2084 3371; baseline -0.004 -16"><span class='ocrx_word' id='word_1_470' title='bbox 495 3299 644 3371; x_wconf 82' lang='lat' dir='ltr'><strong>ipsas</strong></span> <span class='ocrx_word' id='word_1_471' title='bbox 668 3311 858 3368; x_wconf 90' lang='lat' dir='ltr'><strong>rapere</strong></span> <span class='ocrx_word' id='word_1_472' title='bbox 882 3309 946 3350; x_wconf 85' lang='lat' dir='ltr'><strong>ac</strong></span> <span class='ocrx_word' id='word_1_473' title='bbox 967 3301 1179 3348; x_wconf 87' lang='lat' dir='ltr'><strong>vastare</strong></span> <span class='ocrx_word' id='word_1_474' title='bbox 1195 3293 1334 3348; x_wconf 90' lang='lat' dir='ltr'><strong>sicut</strong></span> <span class='ocrx_word' id='word_1_475' title='bbox 1355 3300 1410 3347; x_wconf 87' lang='lat' dir='ltr'><strong>et</strong></span> <span class='ocrx_word' id='word_1_476' title='bbox 1433 3300 1628 3348; x_wconf 78' lang='lat' dir='ltr'><strong>czetera</strong></span> <span class='ocrx_word' id='word_1_477' title='bbox 1653 3293 1874 3348; x_wconf 90' lang='lat' dir='ltr'><strong>minimc</strong></span> <span class='ocrx_word' id='word_1_478' title='bbox 1896 3292 2084 3348; x_wconf 83' lang='lat' dir='ltr'><strong>formi-</strong></span> 
     </span>
    </p>
   </div>
   <div class='ocr_carea' id='block_1_65' title="bbox 495 3385 2082 3458">
    <p class='ocr_par' dir='ltr' id='par_1_65' title="bbox 495 3385 2082 3458">
     <span class='ocr_line' id='line_1_65' title="bbox 495 3385 2082 3458; baseline -0.003 -11"><span class='ocrx_word' id='word_1_479' title='bbox 495 3391 644 3448; x_wconf 88' lang='lat' dir='ltr'><strong>davit</strong></span> <span class='ocrx_word' id='word_1_480' title='bbox 668 3432 684 3458; x_wconf 96' lang='lat'><strong>,</strong></span> <span class='ocrx_word' id='word_1_481' title='bbox 745 3392 818 3446; x_wconf 92' lang='lat' dir='ltr'><strong>ita</strong></span> <span class='ocrx_word' id='word_1_482' title='bbox 875 3397 936 3442; x_wconf 92' lang='lat' dir='ltr'><strong>ut</strong></span> <span class='ocrx_word' id='word_1_483' title='bbox 993 3386 1238 3458; x_wconf 89' lang='lat' dir='ltr'><strong>plerique</strong></span> <span class='ocrx_word' id='word_1_484' title='bbox 1276 3387 1341 3441; x_wconf 90' lang='lat' dir='ltr'><strong>de</strong></span> <span class='ocrx_word' id='word_1_485' title='bbox 1373 3387 1654 3441; x_wconf 89' lang='lat' dir='ltr'><strong>canonicis</strong></span> <span class='ocrx_word' id='word_1_486' title='bbox 1692 3385 1872 3457; x_wconf 91' lang='lat' dir='ltr'><strong>inopia</strong></span> <span class='ocrx_word' id='word_1_487' title='bbox 1905 3386 2082 3442; x_wconf 85' lang='lat' dir='ltr'><strong>coacti</strong></span> 
     </span>
    </p>
   </div>
   <div class='ocr_carea' id='block_1_66' title="bbox 495 3476 2086 3554">
    <p class='ocr_par' dir='ltr' id='par_1_66' title="bbox 495 3476 2086 3554">
     <span class='ocr_line' id='line_1_66' title="bbox 495 3476 2086 3554; baseline -0.006 -14"><span class='ocrx_word' id='word_1_488' title='bbox 495 3482 818 3554; x_wconf 79' lang='lat' dir='ltr'><strong>dill‘ugerent</strong></span> <span class='ocrx_word' id='word_1_489' title='bbox 841 3521 858 3547; x_wconf 86' lang='lat'><strong>,</strong></span> <span class='ocrx_word' id='word_1_490' title='bbox 897 3487 952 3534; x_wconf 90' lang='lat' dir='ltr'><strong>et</strong></span> <span class='ocrx_word' id='word_1_491' title='bbox 977 3477 1268 3533; x_wconf 90' lang='lat' dir='ltr'><strong>ecclesiam</strong></span> <span class='ocrx_word' id='word_1_492' title='bbox 1309 3477 1394 3530; x_wconf 91' lang='lat' dir='ltr'><strong>cui</strong></span> <span class='ocrx_word' id='word_1_493' title='bbox 1445 3476 1827 3532; x_wconf 83' lang='lat' dir='ltr'><strong>deserviebant</strong></span> <span class='ocrx_word' id='word_1_494' title='bbox 1864 3476 2086 3532; x_wconf 82' lang='lat' dir='ltr'><strong>descre-</strong></span> 
     </span>
    </p>
   </div>
   <div class='ocr_carea' id='block_1_67' title="bbox 494 3565 2082 3640">
    <p class='ocr_par' dir='ltr' id='par_1_67' title="bbox 494 3565 2082 3640">
     <span class='ocr_line' id='line_1_67' title="bbox 494 3565 2082 3640; baseline -0.006 -10"><span class='ocrx_word' id='word_1_495' title='bbox 494 3584 637 3630; x_wconf 88' lang='lat' dir='ltr'><strong>rent.</strong></span> <span class='ocrx_word' id='word_1_496' title='bbox 667 3573 744 3627; x_wconf 75' lang='lat' dir='ltr'><strong>Ex</strong></span> <span class='ocrx_word' id='word_1_497' title='bbox 771 3587 837 3628; x_wconf 90' lang='lat' dir='ltr'><strong>eo</strong></span> <span class='ocrx_word' id='word_1_498' title='bbox 870 3569 985 3640; x_wconf 90' lang='lat' dir='ltr'><strong>jam</strong></span> <span class='ocrx_word' id='word_1_499' title='bbox 1021 3577 1262 3639; x_wconf 86' lang='lat' dir='ltr'><strong>tempore</strong></span> <span class='ocrx_word' id='word_1_500' title='bbox 1291 3575 1346 3622; x_wconf 93' lang='lat' dir='ltr'><strong>et</strong></span> <span class='ocrx_word' id='word_1_501' title='bbox 1379 3565 1623 3621; x_wconf 86' lang='lat' dir='ltr'><strong>divinum</strong></span> <span class='ocrx_word' id='word_1_502' title='bbox 1651 3567 1883 3622; x_wconf 87' lang='lat' dir='ltr'><strong>ollicium</strong></span> <span class='ocrx_word' id='word_1_503' title='bbox 1916 3568 2082 3637; x_wconf 89' lang='lat' dir='ltr'><strong>coepit</strong></span> 
     </span>
    </p>
   </div>
   <div class='ocr_carea' id='block_1_68' title="bbox 495 3658 2083 3736">
    <p class='ocr_par' dir='ltr' id='par_1_68' title="bbox 495 3658 2083 3736">
     <span class='ocr_line' id='line_1_68' title="bbox 495 3658 2083 3736; baseline -0.004 -15"><span class='ocrx_word' id='word_1_504' title='bbox 495 3663 859 3736; x_wconf 86' lang='lat' dir='ltr'><strong>ncgligcntius</strong></span> <span class='ocrx_word' id='word_1_505' title='bbox 901 3663 954 3716; x_wconf 90' lang='lat' dir='ltr'><strong>in</strong></span> <span class='ocrx_word' id='word_1_506' title='bbox 985 3662 1101 3731; x_wconf 85' lang='lat' dir='ltr'><strong>ipsa</strong></span> <span class='ocrx_word' id='word_1_507' title='bbox 1127 3658 1356 3716; x_wconf 87' lang='lat' dir='ltr'><strong>ecclesia</strong></span> <span class='ocrx_word' id='word_1_508' title='bbox 1386 3659 1696 3724; x_wconf 87' lang='lat' dir='ltr'><strong>celebrari,</strong></span> <span class='ocrx_word' id='word_1_509' title='bbox 1731 3669 1786 3714; x_wconf 91' lang='lat' dir='ltr'><strong>et</strong></span> <span class='ocrx_word' id='word_1_510' title='bbox 1829 3675 1917 3715; x_wconf 91' lang='lat' dir='ltr'><strong>res</strong></span> <span class='ocrx_word' id='word_1_511' title='bbox 1965 3659 2083 3728; x_wconf 91' lang='lat' dir='ltr'><strong>ejus</strong></span> 
     </span>
    </p>
   </div>
   <div class='ocr_carea' id='block_1_69' title="bbox 497 3748 2083 3827">
    <p class='ocr_par' dir='ltr' id='par_1_69' title="bbox 497 3748 2083 3827">
     <span class='ocr_line' id='line_1_69' title="bbox 497 3748 2083 3827; baseline -0.003 -18"><span class='ocrx_word' id='word_1_512' title='bbox 497 3754 740 3827; x_wconf 84' lang='lat' dir='ltr'><strong>quotidie</strong></span> <span class='ocrx_word' id='word_1_513' title='bbox 776 3752 1029 3807; x_wconf 88' lang='lat' dir='ltr'><strong>decidere</strong></span> <span class='ocrx_word' id='word_1_514' title='bbox 1086 3759 1142 3806; x_wconf 90' lang='lat' dir='ltr'><strong>et</strong></span> <span class='ocrx_word' id='word_1_515' title='bbox 1193 3751 1244 3805; x_wconf 91' lang='lat' dir='ltr'><strong>in</strong></span> <span class='ocrx_word' id='word_1_516' title='bbox 1292 3749 1532 3804; x_wconf 90' lang='lat' dir='ltr'><strong>deterius</strong></span> <span class='ocrx_word' id='word_1_517' title='bbox 1581 3748 1858 3804; x_wconf 79' lang='lat' dir='ltr'><strong>devenire.</strong></span> <span class='ocrx_word' id='word_1_518' title='bbox 1927 3749 2083 3816; x_wconf 83' lang='lat' dir='ltr'><strong>Quod</strong></span> 
     </span>
    </p>
   </div>
   <div class='ocr_carea' id='block_1_70' title="bbox 496 3841 2080 3920">
    <p class='ocr_par' dir='ltr' id='par_1_70' title="bbox 496 3841 2080 3920">
     <span class='ocr_line' id='line_1_70' title="bbox 496 3841 2080 3920; baseline -0.002 -20"><span class='ocrx_word' id='word_1_519' title='bbox 496 3863 598 3920; x_wconf 87' lang='lat' dir='ltr'><strong>ego</strong></span> <span class='ocrx_word' id='word_1_520' title='bbox 635 3845 1024 3910; x_wconf 88' lang='lat' dir='ltr'><strong>considerans,</strong></span> <span class='ocrx_word' id='word_1_521' title='bbox 1069 3852 1122 3899; x_wconf 92' lang='lat' dir='ltr'><strong>et</strong></span> <span class='ocrx_word' id='word_1_522' title='bbox 1172 3841 1408 3898; x_wconf 75' lang='lat' dir='ltr'><strong>maxime</strong></span> <span class='ocrx_word' id='word_1_523' title='bbox 1457 3842 1645 3898; x_wconf 84' lang='lat' dir='ltr'><strong>dolens</strong></span> <span class='ocrx_word' id='word_1_524' title='bbox 1697 3859 1804 3897; x_wconf 89' lang='lat' dir='ltr'><strong>non</strong></span> <span class='ocrx_word' id='word_1_525' title='bbox 1854 3858 1920 3898; x_wconf 90' lang='lat' dir='ltr'><strong>ea</strong></span> <span class='ocrx_word' id='word_1_526' title='bbox 1974 3859 2080 3913; x_wconf 89' lang='lat' dir='ltr'><strong>qua</strong></span> 
     </span>
    </p>
   </div>
   <div class='ocr_carea' id='block_1_71' title="bbox 495 3934 2081 4010">
    <p class='ocr_par' dir='ltr' id='par_1_71' title="bbox 495 3934 2081 4010">
     <span class='ocr_line' id='line_1_71' title="bbox 495 3934 2081 4010; baseline -0.003 -16"><span class='ocrx_word' id='word_1_527' title='bbox 495 3939 715 4010; x_wconf 85' lang='lat' dir='ltr'><strong>dignum</strong></span> <span class='ocrx_word' id='word_1_528' title='bbox 736 3946 854 3994; x_wconf 91' lang='lat' dir='ltr'><strong>erat</strong></span> <span class='ocrx_word' id='word_1_529' title='bbox 874 3937 1158 3992; x_wconf 86' lang='lat' dir='ltr'><strong>honestate</strong></span> <span class='ocrx_word' id='word_1_530' title='bbox 1183 3950 1248 3988; x_wconf 91' lang='lat' dir='ltr'><strong>ac</strong></span> <span class='ocrx_word' id='word_1_531' title='bbox 1271 3937 1571 3990; x_wconf 82' lang='lat' dir='ltr'><strong>reverentia</strong></span> <span class='ocrx_word' id='word_1_532' title='bbox 1616 3934 1932 3990; x_wconf 81' lang='lat' dir='ltr'><strong>famulatum</strong></span> <span class='ocrx_word' id='word_1_533' title='bbox 1970 3935 2081 3990; x_wconf 88' lang='lat' dir='ltr'><strong>Deo</strong></span> 
     </span>
    </p>
   </div>
   <div class='ocr_carea' id='block_1_72' title="bbox 495 4025 2082 4101">
    <p class='ocr_par' dir='ltr' id='par_1_72' title="bbox 495 4025 2082 4101">
     <span class='ocr_line' id='line_1_72' title="bbox 495 4025 2082 4101; baseline -0.003 -15"><span class='ocrx_word' id='word_1_534' title='bbox 495 4029 550 4086; x_wconf 86' lang='lat' dir='ltr'><strong>in</strong></span> <span class='ocrx_word' id='word_1_535' title='bbox 577 4045 717 4101; x_wconf 67' lang='lat' dir='ltr'><strong>sepe</strong></span> <span class='ocrx_word' id='word_1_536' title='bbox 744 4029 888 4086; x_wconf 89' lang='lat' dir='ltr'><strong>dicta</strong></span> <span class='ocrx_word' id='word_1_537' title='bbox 915 4026 1142 4083; x_wconf 87' lang='lat' dir='ltr'><strong>ecclesia</strong></span> <span class='ocrx_word' id='word_1_538' title='bbox 1173 4025 1450 4090; x_wconf 79' lang='lat' dir='ltr'><strong>exhiberi,</strong></span> <span class='ocrx_word' id='word_1_539' title='bbox 1477 4026 1614 4095; x_wconf 58' lang='lat' dir='ltr'><strong>carpi</strong></span> <span class='ocrx_word' id='word_1_540' title='bbox 1643 4041 1855 4081; x_wconf 92' lang='lat' dir='ltr'><strong>mecum</strong></span> <span class='ocrx_word' id='word_1_541' title='bbox 1887 4028 2082 4082; x_wconf 81' lang='lat' dir='ltr'><strong>anxius</strong></span> 
     </span>
    </p>
   </div>
   <div class='ocr_carea' id='block_1_73' title="bbox 464 4117 2083 4195">
    <p class='ocr_par' dir='ltr' id='par_1_73' title="bbox 464 4117 2083 4195">
     <span class='ocr_line' id='line_1_73' title="bbox 464 4117 2083 4195; baseline -0.004 -16"><span class='ocrx_word' id='word_1_542' title='bbox 464 4129 833 4195; x_wconf 83' lang='lat' dir='ltr'><strong>pertractare</strong></span> <span class='ocrx_word' id='word_1_543' title='bbox 862 4121 908 4174; x_wconf 85' lang='lat' dir='ltr'><strong>si</strong></span> <span class='ocrx_word' id='word_1_544' title='bbox 940 4119 1078 4174; x_wconf 88' lang='lat' dir='ltr'><strong>forte</strong></span> <span class='ocrx_word' id='word_1_545' title='bbox 1118 4132 1332 4188; x_wconf 89' lang='lat' dir='ltr'><strong>possem</strong></span> <span class='ocrx_word' id='word_1_546' title='bbox 1375 4117 1618 4172; x_wconf 81' lang='lat' dir='ltr'><strong>invenire</strong></span> <span class='ocrx_word' id='word_1_547' title='bbox 1655 4117 1791 4172; x_wconf 85' lang='lat' dir='ltr'><strong>tales</strong></span> <span class='ocrx_word' id='word_1_548' title='bbox 1831 4117 2083 4172; x_wconf 84' lang='lat' dir='ltr'><strong>homines</strong></span> 
     </span>
    </p>
   </div>
   <div class='ocr_carea' id='block_1_74' title="bbox 495 4206 2076 4282">
    <p class='ocr_par' dir='ltr' id='par_1_74' title="bbox 495 4206 2076 4282">
     <span class='ocr_line' id='line_1_74' title="bbox 495 4206 2076 4282; baseline -0.002 -17"><span class='ocrx_word' id='word_1_549' title='bbox 495 4212 585 4282; x_wconf 82' lang='lat' dir='ltr'><strong>qui</strong></span> <span class='ocrx_word' id='word_1_550' title='bbox 614 4221 669 4267; x_wconf 91' lang='lat' dir='ltr'><strong>et</strong></span> <span class='ocrx_word' id='word_1_551' title='bbox 694 4213 918 4268; x_wconf 88' lang='lat' dir='ltr'><strong>honeste</strong></span> <span class='ocrx_word' id='word_1_552' title='bbox 944 4209 1182 4263; x_wconf 79' lang='lat' dir='ltr'><strong>divinum</strong></span> <span class='ocrx_word' id='word_1_553' title='bbox 1230 4206 1431 4262; x_wconf 92' lang='lat' dir='ltr'><strong>cultum</strong></span> <span class='ocrx_word' id='word_1_554' title='bbox 1469 4209 1523 4260; x_wconf 88' lang='lat' dir='ltr'><strong>in</strong></span> <span class='ocrx_word' id='word_1_555' title='bbox 1561 4207 1674 4277; x_wconf 88' lang='lat' dir='ltr'><strong>ipsa</strong></span> <span class='ocrx_word' id='word_1_556' title='bbox 1711 4207 1938 4262; x_wconf 89' lang='lat' dir='ltr'><strong>ecclesia</strong></span> <span class='ocrx_word' id='word_1_557' title='bbox 1965 4207 2076 4262; x_wconf 84' lang='lat' dir='ltr'><strong>fre-</strong></span> 
     </span>
    </p>
   </div>
   <div class='ocr_carea' id='block_1_75' title="bbox 494 4298 2078 4375">
    <p class='ocr_par' dir='ltr' id='par_1_75' title="bbox 494 4298 2078 4375">
     <span class='ocr_line' id='line_1_75' title="bbox 494 4298 2078 4375; baseline -0.001 -19"><span class='ocrx_word' id='word_1_558' title='bbox 494 4311 852 4375; x_wconf 91' lang='lat' dir='ltr'><strong>quentarent,</strong></span> <span class='ocrx_word' id='word_1_559' title='bbox 897 4309 952 4355; x_wconf 92' lang='lat' dir='ltr'><strong>et</strong></span> <span class='ocrx_word' id='word_1_560' title='bbox 996 4315 1084 4354; x_wconf 88' lang='lat' dir='ltr'><strong>res</strong></span> <span class='ocrx_word' id='word_1_561' title='bbox 1127 4298 1195 4353; x_wconf 90' lang='lat' dir='ltr'><strong>ad</strong></span> <span class='ocrx_word' id='word_1_562' title='bbox 1245 4313 1363 4353; x_wconf 89' lang='lat' dir='ltr'><strong>eam</strong></span> <span class='ocrx_word' id='word_1_563' title='bbox 1407 4298 1910 4369; x_wconf 89' lang='lat' dir='ltr'><strong>pertinentes,jam</strong></span> <span class='ocrx_word' id='word_1_564' title='bbox 1941 4313 2078 4369; x_wconf 69' lang='lat' dir='ltr'><strong>pene</strong></span> 
     </span>
    </p>
   </div>
   <div class='ocr_carea' id='block_1_76' title="bbox 2186 3200 3779 3273">
    <p class='ocr_par' dir='ltr' id='par_1_76' title="bbox 2186 3200 3779 3273">
     <span class='ocr_line' id='line_1_76' title="bbox 2186 3200 3779 3273; baseline 0.009 -19"><span class='ocrx_word' id='word_1_565' title='bbox 2186 3200 2384 3266; x_wconf 84' lang='lat' dir='ltr'><strong>libras,</strong></span> <span class='ocrx_word' id='word_1_566' title='bbox 2413 3203 2705 3257; x_wconf 80' lang='lat' dir='ltr'><strong>Rotbertus</strong></span> <span class='ocrx_word' id='word_1_567' title='bbox 2741 3205 2924 3260; x_wconf 86' lang='lat' dir='ltr'><strong>decem</strong></span> <span class='ocrx_word' id='word_1_568' title='bbox 2958 3207 3160 3273; x_wconf 82' lang='lat' dir='ltr'><strong>libras,</strong></span> <span class='ocrx_word' id='word_1_569' title='bbox 3207 3209 3498 3265; x_wconf 78' lang='lat' dir='ltr'><strong>Gen&#39;asius</strong></span> <span class='ocrx_word' id='word_1_570' title='bbox 3539 3213 3779 3269; x_wconf 85' lang='lat' dir='ltr'><strong>clericus</strong></span> 
     </span>
    </p>
   </div>
   <div class='ocr_carea' id='block_1_77' title="bbox 2185 3293 3776 3374">
    <p class='ocr_par' dir='ltr' id='par_1_77' title="bbox 2185 3293 3776 3374">
     <span class='ocr_line' id='line_1_77' title="bbox 2185 3293 3776 3374; baseline 0.008 -28"><span class='ocrx_word' id='word_1_571' title='bbox 2185 3301 2239 3346; x_wconf 89' lang='lat' dir='ltr'><strong>et</strong></span> <span class='ocrx_word' id='word_1_572' title='bbox 2269 3301 2483 3346; x_wconf 85' lang='lat' dir='ltr'><strong>centum</strong></span> <span class='ocrx_word' id='word_1_573' title='bbox 2507 3293 2707 3348; x_wconf 87' lang='lat' dir='ltr'><strong>solidos</strong></span> <span class='ocrx_word' id='word_1_574' title='bbox 2728 3335 2743 3359; x_wconf 91' lang='lat'><strong>,</strong></span> <span class='ocrx_word' id='word_1_575' title='bbox 2775 3295 2945 3352; x_wconf 85' lang='lat' dir='ltr'><strong>Ursus</strong></span> <span class='ocrx_word' id='word_1_576' title='bbox 2971 3300 3266 3354; x_wconf 84' lang='lat' dir='ltr'><strong>cauonicus</strong></span> <span class='ocrx_word' id='word_1_577' title='bbox 3287 3303 3645 3374; x_wconf 79' lang='lat' dir='ltr'><strong>quadraginta</strong></span> <span class='ocrx_word' id='word_1_578' title='bbox 3687 3321 3776 3359; x_wconf 65' lang='lat' dir='ltr'><strong>soJ</strong></span> 
     </span>
    </p>
   </div>
   <div class='ocr_carea' id='block_1_78' title="bbox 2187 3379 3776 3458">
    <p class='ocr_par' dir='ltr' id='par_1_78' title="bbox 2187 3379 3776 3458">
     <span class='ocr_line' id='line_1_78' title="bbox 2187 3379 3776 3458; baseline 0.009 -23"><span class='ocrx_word' id='word_1_579' title='bbox 2187 3379 2348 3446; x_wconf 83' lang='lat' dir='ltr'><strong>lidos,</strong></span> <span class='ocrx_word' id='word_1_580' title='bbox 2380 3381 2571 3438; x_wconf 88' lang='lat' dir='ltr'><strong>llaimo</strong></span> <span class='ocrx_word' id='word_1_581' title='bbox 2593 3385 2888 3441; x_wconf 88' lang='lat' dir='ltr'><strong>canonicos</strong></span> <span class='ocrx_word' id='word_1_582' title='bbox 2931 3388 3150 3457; x_wconf 83' lang='lat' dir='ltr'><strong>triginta</strong></span> <span class='ocrx_word' id='word_1_583' title='bbox 3191 3392 3422 3458; x_wconf 88' lang='lat' dir='ltr'><strong>solidos,</strong></span> <span class='ocrx_word' id='word_1_584' title='bbox 3464 3394 3776 3452; x_wconf 78' lang='lat' dir='ltr'><strong>Rannulfus</strong></span> 
     </span>
    </p>
   </div>
   <div class='ocr_carea' id='block_1_79' title="bbox 2186 3475 3776 3548">
    <p class='ocr_par' dir='ltr' id='par_1_79' title="bbox 2186 3475 3776 3548">
     <span class='ocr_line' id='line_1_79' title="bbox 2186 3475 3776 3548; baseline 0.01 -21"><span class='ocrx_word' id='word_1_585' title='bbox 2186 3475 2480 3529; x_wconf 87' lang='lat' dir='ltr'><strong>canonicos</strong></span> <span class='ocrx_word' id='word_1_586' title='bbox 2525 3476 2883 3548; x_wconf 87' lang='lat' dir='ltr'><strong>quadraginta</strong></span> <span class='ocrx_word' id='word_1_587' title='bbox 2925 3479 3153 3547; x_wconf 88' lang='lat' dir='ltr'><strong>solidos,</strong></span> <span class='ocrx_word' id='word_1_588' title='bbox 3201 3483 3431 3540; x_wconf 77' lang='lat' dir='ltr'><strong>Odricus</strong></span> <span class='ocrx_word' id='word_1_589' title='bbox 3476 3488 3776 3543; x_wconf 83' lang='lat' dir='ltr'><strong>canonicos</strong></span> 
     </span>
    </p>
   </div>
   <div class='ocr_carea' id='block_1_80' title="bbox 2187 3563 3770 3646">
    <p class='ocr_par' dir='ltr' id='par_1_80' title="bbox 2187 3563 3770 3646">
     <span class='ocr_line' id='line_1_80' title="bbox 2187 3563 3770 3646; baseline 0.01 -29"><span class='ocrx_word' id='word_1_590' title='bbox 2187 3563 2404 3634; x_wconf 86' lang='lat' dir='ltr'><strong>triginta</strong></span> <span class='ocrx_word' id='word_1_591' title='bbox 2436 3565 2660 3632; x_wconf 92' lang='lat' dir='ltr'><strong>solidos,</strong></span> <span class='ocrx_word' id='word_1_592' title='bbox 2677 3567 2849 3624; x_wconf 87' lang='lat' dir='ltr'><strong>Guido</strong></span> <span class='ocrx_word' id='word_1_593' title='bbox 2863 3571 3156 3627; x_wconf 88' lang='lat' dir='ltr'><strong>canonicos</strong></span> <span class='ocrx_word' id='word_1_594' title='bbox 3170 3575 3526 3646; x_wconf 66' lang='lat' dir='ltr'><strong>quadraginta</strong></span> <span class='ocrx_word' id='word_1_595' title='bbox 3544 3578 3770 3644; x_wconf 82' lang='lat' dir='ltr'><strong>solidos,</strong></span> 
     </span>
    </p>
   </div>
   <div class='ocr_carea' id='block_1_81' title="bbox 2184 3658 3774 3734">
    <p class='ocr_par' dir='ltr' id='par_1_81' title="bbox 2184 3658 3774 3734">
     <span class='ocr_line' id='line_1_81' title="bbox 2184 3658 3774 3734; baseline 0.008 -21"><span class='ocrx_word' id='word_1_596' title='bbox 2184 3658 2475 3714; x_wconf 85' lang='lat' dir='ltr'><strong>Fulcodius</strong></span> <span class='ocrx_word' id='word_1_597' title='bbox 2526 3662 2820 3716; x_wconf 82' lang='lat' dir='ltr'><strong>canonicos</strong></span> <span class='ocrx_word' id='word_1_598' title='bbox 2865 3665 3148 3734; x_wconf 81' lang='lat' dir='ltr'><strong>sexaginta</strong></span> <span class='ocrx_word' id='word_1_599' title='bbox 3189 3665 3389 3720; x_wconf 85' lang='lat' dir='ltr'><strong>solidos</strong></span> <span class='ocrx_word' id='word_1_600' title='bbox 3416 3708 3430 3734; x_wconf 92' lang='lat'><strong>,</strong></span> <span class='ocrx_word' id='word_1_601' title='bbox 3455 3667 3774 3725; x_wconf 83' lang='lat' dir='ltr'><strong>Gualterios</strong></span> 
     </span>
    </p>
   </div>
   <div class='ocr_carea' id='block_1_82' title="bbox 2184 3751 3771 3829">
    <p class='ocr_par' dir='ltr' id='par_1_82' title="bbox 2184 3751 3771 3829">
     <span class='ocr_line' id='line_1_82' title="bbox 2184 3751 3771 3829; baseline 0.006 -24"><span class='ocrx_word' id='word_1_602' title='bbox 2184 3751 2479 3806; x_wconf 85' lang='lat' dir='ltr'><strong>canonicos</strong></span> <span class='ocrx_word' id='word_1_603' title='bbox 2506 3751 2693 3823; x_wconf 84' lang='lat' dir='ltr'><strong>viginti</strong></span> <span class='ocrx_word' id='word_1_604' title='bbox 2725 3755 2924 3808; x_wconf 80' lang='lat' dir='ltr'><strong>solidos</strong></span> <span class='ocrx_word' id='word_1_605' title='bbox 2942 3796 2956 3817; x_wconf 92' lang='lat'><strong>,</strong></span> <span class='ocrx_word' id='word_1_606' title='bbox 2992 3755 3286 3812; x_wconf 90' lang='lat' dir='ltr'><strong>Herbertus</strong></span> <span class='ocrx_word' id='word_1_607' title='bbox 3313 3760 3605 3814; x_wconf 88' lang='lat' dir='ltr'><strong>canonicos</strong></span> <span class='ocrx_word' id='word_1_608' title='bbox 3632 3776 3771 3829; x_wconf 80' lang='lat' dir='ltr'><strong>qna-</strong></span> 
     </span>
    </p>
   </div>
   <div class='ocr_carea' id='block_1_83' title="bbox 2183 3839 3768 3920">
    <p class='ocr_par' dir='ltr' id='par_1_83' title="bbox 2183 3839 3768 3920">
     <span class='ocr_line' id='line_1_83' title="bbox 2183 3839 3768 3920; baseline 0.009 -28"><span class='ocrx_word' id='word_1_609' title='bbox 2183 3839 2431 3910; x_wconf 83' lang='lat' dir='ltr'><strong>draginta</strong></span> <span class='ocrx_word' id='word_1_610' title='bbox 2466 3841 2700 3907; x_wconf 88' lang='lat' dir='ltr'><strong>solidos,</strong></span> <span class='ocrx_word' id='word_1_611' title='bbox 2751 3843 3027 3899; x_wconf 83' lang='lat' dir='ltr'><strong>Teduinus</strong></span> <span class='ocrx_word' id='word_1_612' title='bbox 3067 3847 3362 3902; x_wconf 87' lang='lat' dir='ltr'><strong>canonicos</strong></span> <span class='ocrx_word' id='word_1_613' title='bbox 3403 3851 3768 3920; x_wconf 83' lang='lat' dir='ltr'><strong>quadraginta</strong></span> 
     </span>
    </p>
   </div>
   <div class='ocr_carea' id='block_1_84' title="bbox 2181 3930 3769 4006">
    <p class='ocr_par' dir='ltr' id='par_1_84' title="bbox 2181 3930 3769 4006">
     <span class='ocr_line' id='line_1_84' title="bbox 2181 3930 3769 4006; baseline 0.008 -22"><span class='ocrx_word' id='word_1_614' title='bbox 2181 3930 2384 3986; x_wconf 87' lang='lat' dir='ltr'><strong>solidos</strong></span> <span class='ocrx_word' id='word_1_615' title='bbox 2415 3970 2430 3995; x_wconf 96' lang='lat'><strong>,</strong></span> <span class='ocrx_word' id='word_1_616' title='bbox 2485 3931 2766 3989; x_wconf 80' lang='lat' dir='ltr'><strong>Witernus</strong></span> <span class='ocrx_word' id='word_1_617' title='bbox 2813 3937 3110 3992; x_wconf 89' lang='lat' dir='ltr'><strong>canonicos</strong></span> <span class='ocrx_word' id='word_1_618' title='bbox 3176 3937 3481 4006; x_wconf 85' lang='lat' dir='ltr'><strong>quindecim</strong></span> <span class='ocrx_word' id='word_1_619' title='bbox 3527 3941 3769 4006; x_wconf 88' lang='lat' dir='ltr'><strong>solidos,</strong></span> 
     </span>
    </p>
   </div>
   <div class='ocr_carea' id='block_1_85' title="bbox 2182 4022 3769 4098">
    <p class='ocr_par' dir='ltr' id='par_1_85' title="bbox 2182 4022 3769 4098">
     <span class='ocr_line' id='line_1_85' title="bbox 2182 4022 3769 4098; baseline 0.007 -21"><span class='ocrx_word' id='word_1_620' title='bbox 2182 4022 2514 4079; x_wconf 85' lang='lat' dir='ltr'><strong>Guaruerius</strong></span> <span class='ocrx_word' id='word_1_621' title='bbox 2532 4027 2830 4082; x_wconf 81' lang='lat' dir='ltr'><strong>canonicos</strong></span> <span class='ocrx_word' id='word_1_622' title='bbox 2864 4028 3050 4098; x_wconf 80' lang='lat' dir='ltr'><strong>viginti</strong></span> <span class='ocrx_word' id='word_1_623' title='bbox 3073 4029 3290 4085; x_wconf 92' lang='lat' dir='ltr'><strong>solidos.</strong></span> <span class='ocrx_word' id='word_1_624' title='bbox 3330 4030 3442 4086; x_wconf 85' lang='lat' dir='ltr'><strong>Hoc</strong></span> <span class='ocrx_word' id='word_1_625' title='bbox 3465 4041 3647 4087; x_wconf 83' lang='lat' dir='ltr'><strong>autem</strong></span> <span class='ocrx_word' id='word_1_626' title='bbox 3673 4049 3769 4088; x_wconf 82' lang='lat' dir='ltr'><strong>nc-</strong></span> 
     </span>
    </p>
   </div>
   <div class='ocr_carea' id='block_1_86' title="bbox 2184 4119 3763 4192">
    <p class='ocr_par' dir='ltr' id='par_1_86' title="bbox 2184 4119 3763 4192">
     <span class='ocr_line' id='line_1_86' title="bbox 2184 4119 3763 4192; baseline 0.007 -23"><span class='ocrx_word' id='word_1_627' title='bbox 2184 4127 2296 4171; x_wconf 83' lang='lat' dir='ltr'><strong>tum</strong></span> <span class='ocrx_word' id='word_1_628' title='bbox 2321 4119 2393 4173; x_wconf 92' lang='lat' dir='ltr'><strong>sit</strong></span> <span class='ocrx_word' id='word_1_629' title='bbox 2413 4119 2694 4184; x_wconf 81' lang='lat' dir='ltr'><strong>ontnibus,</strong></span> <span class='ocrx_word' id='word_1_630' title='bbox 2727 4121 2869 4190; x_wconf 90' lang='lat' dir='ltr'><strong>quod</strong></span> <span class='ocrx_word' id='word_1_631' title='bbox 2898 4123 2966 4175; x_wconf 87' lang='lat' dir='ltr'><strong>de</strong></span> <span class='ocrx_word' id='word_1_632' title='bbox 2996 4122 3236 4178; x_wconf 87' lang='lat' dir='ltr'><strong>denariis</strong></span> <span class='ocrx_word' id='word_1_633' title='bbox 3266 4123 3445 4178; x_wconf 87' lang='lat' dir='ltr'><strong>donmi</strong></span> <span class='ocrx_word' id='word_1_634' title='bbox 3472 4124 3719 4180; x_wconf 71' lang='lat' dir='ltr'><strong>Gerrasii</strong></span> <span class='ocrx_word' id='word_1_635' title='bbox 3748 4168 3763 4192; x_wconf 93' lang='lat'><strong>,</strong></span> 
     </span>
    </p>
   </div>
   <div class='ocr_carea' id='block_1_87' title="bbox 2181 4209 3765 4286">
    <p class='ocr_par' dir='ltr' id='par_1_87' title="bbox 2181 4209 3765 4286">
     <span class='ocr_line' id='line_1_87' title="bbox 2181 4209 3765 4286; baseline 0.006 -25"><span class='ocrx_word' id='word_1_636' title='bbox 2181 4223 2320 4278; x_wconf 87' lang='lat' dir='ltr'><strong>quos</strong></span> <span class='ocrx_word' id='word_1_637' title='bbox 2337 4210 2385 4264; x_wconf 91' lang='lat' dir='ltr'><strong>ei</strong></span> <span class='ocrx_word' id='word_1_638' title='bbox 2410 4209 2656 4266; x_wconf 87' lang='lat' dir='ltr'><strong>dedimus</strong></span> <span class='ocrx_word' id='word_1_639' title='bbox 2674 4252 2690 4278; x_wconf 88' lang='lat'><strong>,</strong></span> <span class='ocrx_word' id='word_1_640' title='bbox 2717 4226 2844 4266; x_wconf 89' lang='lat' dir='ltr'><strong>suos</strong></span> <span class='ocrx_word' id='word_1_641' title='bbox 2863 4213 3109 4268; x_wconf 82' lang='lat' dir='ltr'><strong>canonici</strong></span> <span class='ocrx_word' id='word_1_642' title='bbox 3133 4214 3387 4269; x_wconf 79' lang='lat' dir='ltr'><strong>denarios</strong></span> <span class='ocrx_word' id='word_1_643' title='bbox 3417 4226 3765 4286; x_wconf 84' lang='lat' dir='ltr'><strong>acceperunt.</strong></span> 
     </span>
    </p>
   </div>
   <div class='ocr_carea' id='block_1_88' title="bbox 2256 4300 3762 4380">
    <p class='ocr_par' dir='ltr' id='par_1_88' title="bbox 2256 4300 3762 4380">
     <span class='ocr_line' id='line_1_88' title="bbox 2256 4300 3762 4380; baseline 0.011 -28"><span class='ocrx_word' id='word_1_644' title='bbox 2256 4321 2274 4352; x_wconf 75' lang='grc' dir='ltr'>ι</span> <span class='ocrx_word' id='word_1_645' title='bbox 2318 4300 2546 4358; x_wconf 87' lang='lat' dir='ltr'><strong>Nomina</strong></span> <span class='ocrx_word' id='word_1_646' title='bbox 2590 4306 2980 4360; x_wconf 83' lang='lat' dir='ltr'><strong>monachorum</strong></span> <span class='ocrx_word' id='word_1_647' title='bbox 3022 4307 3114 4376; x_wconf 85' lang='lat' dir='ltr'><strong>qui</strong></span> <span class='ocrx_word' id='word_1_648' title='bbox 3168 4307 3339 4364; x_wconf 91' lang='lat' dir='ltr'><strong>locum</strong></span> <span class='ocrx_word' id='word_1_649' title='bbox 3399 4320 3762 4380; x_wconf 80' lang='lat' dir='ltr'><strong>receperunt:</strong></span> 
     </span>
    </p>
   </div>
   <div class='ocr_carea' id='block_1_89' title="bbox 495 4389 2086 4491">
    <p class='ocr_par' dir='ltr' id='par_1_89' title="bbox 495 4389 2074 4461">
     <span class='ocr_line' id='line_1_89' title="bbox 495 4389 2074 4461; baseline -0.004 -11"><span class='ocrx_word' id='word_1_650' title='bbox 495 4394 799 4450; x_wconf 84' lang='lat' dir='ltr'><strong>annullatas</strong></span> <span class='ocrx_word' id='word_1_651' title='bbox 829 4435 843 4458; x_wconf 95' lang='lat'><strong>,</strong></span> <span class='ocrx_word' id='word_1_652' title='bbox 881 4393 932 4445; x_wconf 90' lang='lat' dir='ltr'><strong>in</strong></span> <span class='ocrx_word' id='word_1_653' title='bbox 956 4390 1242 4461; x_wconf 79' lang='lat' dir='ltr'><strong>pristinum</strong></span> <span class='ocrx_word' id='word_1_654' title='bbox 1272 4389 1509 4460; x_wconf 85' lang='lat' dir='ltr'><strong>vigorem</strong></span> <span class='ocrx_word' id='word_1_655' title='bbox 1557 4399 1903 4459; x_wconf 88' lang='lat' dir='ltr'><strong>repararent;</strong></span> <span class='ocrx_word' id='word_1_656' title='bbox 1935 4405 2074 4459; x_wconf 86' lang='lat' dir='ltr'><strong>quo-</strong></span> 
     </span>
    </p>
   </div>
   <div class='ocr_carea' id='block_1_90' title="bbox 2191 4389 3763 4491">
    <p class='ocr_par' dir='ltr' id='par_1_90' title="bbox 2191 4393 3763 4467">
     <span class='ocr_line' id='line_1_90' title="bbox 2191 4393 3763 4467; baseline 0.007 -21"><span class='ocrx_word' id='word_1_657' title='bbox 2191 4393 2604 4450; x_wconf 70' lang='lat' dir='ltr'><strong>ltartholomwus</strong></span> <span class='ocrx_word' id='word_1_658' title='bbox 2632 4397 2829 4460; x_wconf 91' lang='lat' dir='ltr'><strong>abbas,</strong></span> <span class='ocrx_word' id='word_1_659' title='bbox 2862 4397 3202 4454; x_wconf 81' lang='lat' dir='ltr'><strong>Fulchardus</strong></span> <span class='ocrx_word' id='word_1_660' title='bbox 3239 4403 3564 4467; x_wconf 85' lang='lat' dir='ltr'><strong>monachus,</strong></span> <span class='ocrx_word' id='word_1_661' title='bbox 3595 4402 3763 4458; x_wconf 82' lang='lat' dir='ltr'><strong>Gnal-</strong></span> 
     </span>
    </p>
   </div>
   <div class='ocr_carea' id='block_1_91' title="bbox 496 4479 2073 4550">
    <p class='ocr_par' dir='ltr' id='par_1_91' title="bbox 496 4479 2073 4550">
     <span class='ocr_line' id='line_1_91' title="bbox 496 4479 2073 4550; baseline -0.003 -11"><span class='ocrx_word' id='word_1_662' title='bbox 496 4498 616 4540; x_wconf 86' lang='lat' dir='ltr'><strong>rum</strong></span> <span class='ocrx_word' id='word_1_663' title='bbox 643 4483 804 4538; x_wconf 90' lang='lat' dir='ltr'><strong>etiam</strong></span> <span class='ocrx_word' id='word_1_664' title='bbox 828 4480 1025 4537; x_wconf 80' lang='lat' dir='ltr'><strong>suﬂ‘olti</strong></span> <span class='ocrx_word' id='word_1_665' title='bbox 1059 4479 1426 4546; x_wconf 86' lang='lat' dir='ltr'><strong>orationibus,</strong></span> <span class='ocrx_word' id='word_1_666' title='bbox 1471 4493 1573 4550; x_wconf 88' lang='lat' dir='ltr'><strong>ego</strong></span> <span class='ocrx_word' id='word_1_667' title='bbox 1618 4480 1828 4536; x_wconf 90' lang='lat' dir='ltr'><strong>scilicet</strong></span> <span class='ocrx_word' id='word_1_668' title='bbox 1865 4480 2073 4536; x_wconf 73' lang='lat' dir='ltr'><strong>Gerra-</strong></span> 
     </span>
    </p>
   </div>
   <div class='ocr_carea' id='block_1_92' title="bbox 497 4569 2078 4645">
    <p class='ocr_par' dir='ltr' id='par_1_92' title="bbox 497 4569 2078 4645">
     <span class='ocr_line' id='line_1_92' title="bbox 497 4569 2078 4645; baseline -0.003 -14"><span class='ocrx_word' id='word_1_669' title='bbox 497 4579 641 4641; x_wconf 87' lang='lat' dir='ltr'><strong>sius,</strong></span> <span class='ocrx_word' id='word_1_670' title='bbox 670 4583 724 4629; x_wconf 91' lang='lat' dir='ltr'><strong>et</strong></span> <span class='ocrx_word' id='word_1_671' title='bbox 754 4585 907 4645; x_wconf 87' lang='lat' dir='ltr'><strong>pater</strong></span> <span class='ocrx_word' id='word_1_672' title='bbox 929 4587 1080 4627; x_wconf 90' lang='lat' dir='ltr'><strong>mens</strong></span> <span class='ocrx_word' id='word_1_673' title='bbox 1103 4569 1398 4626; x_wconf 76' lang='lat' dir='ltr'><strong>llotbertus</strong></span> <span class='ocrx_word' id='word_1_674' title='bbox 1423 4610 1440 4637; x_wconf 89' lang='lat'><strong>,</strong></span> <span class='ocrx_word' id='word_1_675' title='bbox 1488 4581 1542 4626; x_wconf 90' lang='lat' dir='ltr'><strong>et</strong></span> <span class='ocrx_word' id='word_1_676' title='bbox 1593 4582 1766 4628; x_wconf 87' lang='lat' dir='ltr'><strong>mater</strong></span> <span class='ocrx_word' id='word_1_677' title='bbox 1815 4588 1930 4628; x_wconf 89' lang='lat' dir='ltr'><strong>mea</strong></span> <span class='ocrx_word' id='word_1_678' title='bbox 1967 4573 2078 4627; x_wconf 85' lang='lat' dir='ltr'><strong>Eli-</strong></span> 
     </span>
    </p>
   </div>
   <div class='ocr_carea' id='block_1_93' title="bbox 494 4663 2077 4733">
    <p class='ocr_par' dir='ltr' id='par_1_93' title="bbox 494 4663 2077 4733">
     <span class='ocr_line' id='line_1_93' title="bbox 494 4663 2077 4733; baseline -0.002 -10"><span class='ocrx_word' id='word_1_679' title='bbox 494 4667 720 4732; x_wconf 69' lang='lat' dir='ltr'><strong>zabeth,</strong></span> <span class='ocrx_word' id='word_1_680' title='bbox 774 4674 830 4720; x_wconf 91' lang='lat' dir='ltr'><strong>et</strong></span> <span class='ocrx_word' id='word_1_681' title='bbox 859 4681 991 4720; x_wconf 80' lang='lat' dir='ltr'><strong>uxor</strong></span> <span class='ocrx_word' id='word_1_682' title='bbox 1017 4680 1137 4718; x_wconf 90' lang='lat' dir='ltr'><strong>mea</strong></span> <span class='ocrx_word' id='word_1_683' title='bbox 1176 4663 1532 4733; x_wconf 80' lang='lat' dir='ltr'><strong>Aremburgis</strong></span> <span class='ocrx_word' id='word_1_684' title='bbox 1555 4704 1569 4730; x_wconf 85' lang='lat'><strong>,</strong></span> <span class='ocrx_word' id='word_1_685' title='bbox 1618 4681 1823 4721; x_wconf 88' lang='lat' dir='ltr'><strong>necnon</strong></span> <span class='ocrx_word' id='word_1_686' title='bbox 1863 4674 1916 4721; x_wconf 89' lang='lat' dir='ltr'><strong>et</strong></span> <span class='ocrx_word' id='word_1_687' title='bbox 1945 4680 2077 4720; x_wconf 83' lang='lat' dir='ltr'><strong>avus</strong></span> 
     </span>
    </p>
   </div>
   <div class='ocr_carea' id='block_1_94' title="bbox 495 4758 2076 4831">
    <p class='ocr_par' dir='ltr' id='par_1_94' title="bbox 495 4758 2076 4831">
     <span class='ocr_line' id='line_1_94' title="bbox 495 4758 2076 4831; baseline -0.005 -10"><span class='ocrx_word' id='word_1_688' title='bbox 495 4782 650 4821; x_wconf 88' lang='lat' dir='ltr'><strong>meus</strong></span> <span class='ocrx_word' id='word_1_689' title='bbox 676 4764 982 4825; x_wconf 82' lang='lat' dir='ltr'><strong>Amelinus,</strong></span> <span class='ocrx_word' id='word_1_690' title='bbox 1008 4769 1063 4814; x_wconf 93' lang='lat' dir='ltr'><strong>ct</strong></span> <span class='ocrx_word' id='word_1_691' title='bbox 1083 4759 1202 4814; x_wconf 90' lang='lat' dir='ltr'><strong>avia</strong></span> <span class='ocrx_word' id='word_1_692' title='bbox 1232 4775 1349 4814; x_wconf 91' lang='lat' dir='ltr'><strong>mea</strong></span> <span class='ocrx_word' id='word_1_693' title='bbox 1381 4758 1749 4831; x_wconf 86' lang='lat' dir='ltr'><strong>llildeburgis,</strong></span> <span class='ocrx_word' id='word_1_694' title='bbox 1796 4770 1851 4817; x_wconf 91' lang='lat' dir='ltr'><strong>ct</strong></span> <span class='ocrx_word' id='word_1_695' title='bbox 1875 4761 2076 4817; x_wconf 74' lang='lat' dir='ltr'><strong>Gerra-</strong></span> 
     </span>
    </p>
   </div>
   <div class='ocr_carea' id='block_1_95' title="bbox 493 4850 2076 4921">
    <p class='ocr_par' dir='ltr' id='par_1_95' title="bbox 493 4850 2076 4921">
     <span class='ocr_line' id='line_1_95' title="bbox 493 4850 2076 4921; baseline -0.007 -7"><span class='ocrx_word' id='word_1_696' title='bbox 493 4859 610 4916; x_wconf 15' lang='lat' dir='ltr'><strong>si‘us</strong></span> <span class='ocrx_word' id='word_1_697' title='bbox 633 4855 932 4911; x_wconf 78' lang='lat' dir='ltr'><strong>Remorum</strong></span> <span class='ocrx_word' id='word_1_698' title='bbox 958 4851 1398 4921; x_wconf 87' lang='lat' dir='ltr'><strong>archiepiscopus</strong></span> <span class='ocrx_word' id='word_1_699' title='bbox 1415 4891 1429 4916; x_wconf 85' lang='lat'><strong>,</strong></span> <span class='ocrx_word' id='word_1_700' title='bbox 1456 4850 1545 4921; x_wconf 91' lang='lat' dir='ltr'><strong>qui</strong></span> <span class='ocrx_word' id='word_1_701' title='bbox 1578 4850 1754 4905; x_wconf 83' lang='lat' dir='ltr'><strong>locum</strong></span> <span class='ocrx_word' id='word_1_702' title='bbox 1779 4851 1926 4906; x_wconf 90' lang='lat' dir='ltr'><strong>illum</strong></span> <span class='ocrx_word' id='word_1_703' title='bbox 1955 4851 2076 4904; x_wconf 63' lang='lat' dir='ltr'><strong>{uno</strong></span> 
     </span>
    </p>
   </div>
   <div class='ocr_carea' id='block_1_96' title="bbox 498 4943 2074 5016">
    <p class='ocr_par' dir='ltr' id='par_1_96' title="bbox 498 4943 2074 5016">
     <span class='ocr_line' id='line_1_96' title="bbox 498 4943 2074 5016; baseline -0.006 -8"><span class='ocrx_word' id='word_1_704' title='bbox 498 4953 796 5012; x_wconf 84' lang='lat' dir='ltr'><strong>daverunt,</strong></span> <span class='ocrx_word' id='word_1_705' title='bbox 831 4952 1172 5016; x_wconf 88' lang='lat' dir='ltr'><strong>peccatorum</strong></span> <span class='ocrx_word' id='word_1_706' title='bbox 1199 4943 1412 4997; x_wconf 89' lang='lat' dir='ltr'><strong>veniam</strong></span> <span class='ocrx_word' id='word_1_707' title='bbox 1450 4959 1479 4997; x_wconf 93' lang='lat' dir='ltr'><strong>a</strong></span> <span class='ocrx_word' id='word_1_708' title='bbox 1517 4943 1746 5000; x_wconf 89' lang='lat' dir='ltr'><strong>Domino</strong></span> <span class='ocrx_word' id='word_1_709' title='bbox 1773 4960 2074 5015; x_wconf 86' lang='lat' dir='ltr'><strong>consequa-</strong></span> 
     </span>
    </p>
   </div>
   <div class='ocr_carea' id='block_1_97' title="bbox 495 5035 2072 5106">
    <p class='ocr_par' dir='ltr' id='par_1_97' title="bbox 495 5035 2072 5106">
     <span class='ocr_line' id='line_1_97' title="bbox 495 5035 2072 5106; baseline -0.004 -6"><span class='ocrx_word' id='word_1_710' title='bbox 495 5059 620 5100; x_wconf 89' lang='lat' dir='ltr'><strong>mur</strong></span> <span class='ocrx_word' id='word_1_711' title='bbox 649 5051 704 5094; x_wconf 84' lang='lat' dir='ltr'><strong>ct</strong></span> <span class='ocrx_word' id='word_1_712' title='bbox 736 5037 986 5094; x_wconf 86' lang='lat' dir='ltr'><strong>salutem.</strong></span> <span class='ocrx_word' id='word_1_713' title='bbox 1016 5035 1203 5106; x_wconf 82' lang='lat' dir='ltr'><strong>itaque</strong></span> <span class='ocrx_word' id='word_1_714' title='bbox 1239 5037 1481 5092; x_wconf 86' lang='lat' dir='ltr'><strong>adhibito</strong></span> <span class='ocrx_word' id='word_1_715' title='bbox 1514 5052 1797 5105; x_wconf 86' lang='lat' dir='ltr'><strong>procerum</strong></span> <span class='ocrx_word' id='word_1_716' title='bbox 1829 5054 2072 5094; x_wconf 88' lang='lat' dir='ltr'><strong>meorum</strong></span> 
     </span>
    </p>
   </div>
   <div class='ocr_carea' id='block_1_98' title="bbox 492 5127 2078 5198">
    <p class='ocr_par' dir='ltr' id='par_1_98' title="bbox 492 5127 2078 5198">
     <span class='ocr_line' id='line_1_98' title="bbox 492 5127 2078 5198; baseline -0.003 -8"><span class='ocrx_word' id='word_1_717' title='bbox 492 5144 544 5192; x_wconf 91' lang='lat' dir='ltr'><strong>et</strong></span> <span class='ocrx_word' id='word_1_718' title='bbox 592 5131 889 5186; x_wconf 89' lang='lat' dir='ltr'><strong>amicorum</strong></span> <span class='ocrx_word' id='word_1_719' title='bbox 916 5169 931 5198; x_wconf 90' lang='lat'><strong>,</strong></span> <span class='ocrx_word' id='word_1_720' title='bbox 982 5142 1082 5182; x_wconf 91' lang='lat' dir='ltr'><strong>nec</strong></span> <span class='ocrx_word' id='word_1_721' title='bbox 1123 5141 1228 5183; x_wconf 91' lang='lat' dir='ltr'><strong>non</strong></span> <span class='ocrx_word' id='word_1_722' title='bbox 1276 5136 1331 5184; x_wconf 92' lang='lat' dir='ltr'><strong>et</strong></span> <span class='ocrx_word' id='word_1_723' title='bbox 1369 5127 1608 5197; x_wconf 91' lang='lat' dir='ltr'><strong>episcopi</strong></span> <span class='ocrx_word' id='word_1_724' title='bbox 1653 5129 2078 5186; x_wconf 88' lang='lat' dir='ltr'><strong>Cenomanensis</strong></span> 
     </span>
    </p>
   </div>
   <div class='ocr_carea' id='block_1_99' title="bbox 493 5219 2074 5288">
    <p class='ocr_par' dir='ltr' id='par_1_99' title="bbox 493 5219 2074 5288">
     <span class='ocr_line' id='line_1_99' title="bbox 493 5219 2074 5288; baseline -0.003 -7"><span class='ocrx_word' id='word_1_725' title='bbox 493 5224 680 5281; x_wconf 88' lang='lat' dir='ltr'><strong>domui</strong></span> <span class='ocrx_word' id='word_1_726' title='bbox 742 5221 958 5276; x_wconf 81' lang='lat' dir='ltr'><strong>Ernaldi</strong></span> <span class='ocrx_word' id='word_1_727' title='bbox 1005 5219 1280 5282; x_wconf 84' lang='lat' dir='ltr'><strong>consilio.</strong></span> <span class='ocrx_word' id='word_1_728' title='bbox 1359 5220 1543 5288; x_wconf 85' lang='lat' dir='ltr'><strong>rogavi</strong></span> <span class='ocrx_word' id='word_1_729' title='bbox 1616 5221 1804 5278; x_wconf 84' lang='lat' dir='ltr'><strong>venire</strong></span> <span class='ocrx_word' id='word_1_730' title='bbox 1863 5222 1930 5275; x_wconf 91' lang='lat' dir='ltr'><strong>ad</strong></span> <span class='ocrx_word' id='word_1_731' title='bbox 1989 5236 2074 5276; x_wconf 86' lang='lat' dir='ltr'><strong>me</strong></span> 
     </span>
    </p>
   </div>
   <div class='ocr_carea' id='block_1_100' title="bbox 2186 4485 3764 4557">
    <p class='ocr_par' dir='ltr' id='par_1_100' title="bbox 2186 4485 3764 4557">
     <span class='ocr_line' id='line_1_100' title="bbox 2186 4485 3764 4557; baseline 0.006 -19"><span class='ocrx_word' id='word_1_732' title='bbox 2186 4485 2351 4539; x_wconf 91' lang='lat' dir='ltr'><strong>terius</strong></span> <span class='ocrx_word' id='word_1_733' title='bbox 2401 4488 2729 4552; x_wconf 88' lang='lat' dir='ltr'><strong>monachus,</strong></span> <span class='ocrx_word' id='word_1_734' title='bbox 2783 4488 3050 4545; x_wconf 87' lang='lat' dir='ltr'><strong>Ernaldus</strong></span> <span class='ocrx_word' id='word_1_735' title='bbox 3105 4486 3434 4557; x_wconf 84' lang='lat' dir='ltr'><strong>monachus,</strong></span> <span class='ocrx_word' id='word_1_736' title='bbox 3493 4493 3764 4548; x_wconf 85' lang='lat' dir='ltr'><strong>Adraldus</strong></span> 
     </span>
    </p>
   </div>
   <div class='ocr_carea' id='block_1_101' title="bbox 2179 4579 3763 4651">
    <p class='ocr_par' dir='ltr' id='par_1_101' title="bbox 2179 4579 3763 4651">
     <span class='ocr_line' id='line_1_101' title="bbox 2179 4579 3763 4651; baseline 0.006 -19"><span class='ocrx_word' id='word_1_737' title='bbox 2179 4579 2478 4634; x_wconf 83' lang='lat' dir='ltr'><strong>monachus</strong></span> <span class='ocrx_word' id='word_1_738' title='bbox 2495 4620 2510 4643; x_wconf 80' lang='lat'><strong>,</strong></span> <span class='ocrx_word' id='word_1_739' title='bbox 2538 4581 2832 4651; x_wconf 83' lang='lat' dir='ltr'><strong>Ansegisus</strong></span> <span class='ocrx_word' id='word_1_740' title='bbox 2856 4583 3152 4639; x_wconf 86' lang='lat' dir='ltr'><strong>monachus</strong></span> <span class='ocrx_word' id='word_1_741' title='bbox 3168 4625 3188 4649; x_wconf 89' lang='lat'><strong>,</strong></span> <span class='ocrx_word' id='word_1_742' title='bbox 3228 4583 3544 4641; x_wconf 87' lang='lat' dir='ltr'><strong>Guillelmus</strong></span> <span class='ocrx_word' id='word_1_743' title='bbox 3569 4602 3763 4642; x_wconf 81' lang='lat' dir='ltr'><strong>mona-</strong></span> 
     </span>
    </p>
   </div>
   <div class='ocr_carea' id='block_1_102' title="bbox 2179 4669 3760 4742">
    <p class='ocr_par' dir='ltr' id='par_1_102' title="bbox 2179 4669 3760 4742">
     <span class='ocr_line' id='line_1_102' title="bbox 2179 4669 3760 4742; baseline 0.005 -17"><span class='ocrx_word' id='word_1_744' title='bbox 2179 4669 2338 4735; x_wconf 85' lang='lat' dir='ltr'><strong>clms,</strong></span> <span class='ocrx_word' id='word_1_745' title='bbox 2375 4670 2618 4727; x_wconf 87' lang='lat' dir='ltr'><strong>Girull&#39;us</strong></span> <span class='ocrx_word' id='word_1_746' title='bbox 2660 4673 2727 4728; x_wconf 90' lang='lat' dir='ltr'><strong>de</strong></span> <span class='ocrx_word' id='word_1_747' title='bbox 2761 4672 2998 4729; x_wconf 78' lang='lat' dir='ltr'><strong>Bellian</strong></span> <span class='ocrx_word' id='word_1_748' title='bbox 3026 4675 3278 4742; x_wconf 89' lang='lat' dir='ltr'><strong>clericus,</strong></span> <span class='ocrx_word' id='word_1_749' title='bbox 3334 4676 3608 4733; x_wconf 85' lang='lat' dir='ltr'><strong>Guarinus</strong></span> <span class='ocrx_word' id='word_1_750' title='bbox 3652 4678 3760 4733; x_wconf 54' lang='lat' dir='ltr'><strong>cie.</strong></span> 
     </span>
    </p>
   </div>
   <div class='ocr_carea' id='block_1_103' title="bbox 2180 4761 3017 4826">
    <p class='ocr_par' dir='ltr' id='par_1_103' title="bbox 2180 4761 3017 4826">
     <span class='ocr_line' id='line_1_103' title="bbox 2180 4761 3017 4826; baseline 0.005 -11"><span class='ocrx_word' id='word_1_751' title='bbox 2180 4762 2323 4816; x_wconf 71' lang='lat' dir='ltr'><strong>riuus</strong></span> <span class='ocrx_word' id='word_1_752' title='bbox 2348 4801 2363 4826; x_wconf 93' lang='lat'><strong>,</strong></span> <span class='ocrx_word' id='word_1_753' title='bbox 2398 4761 2679 4818; x_wconf 90' lang='lat' dir='ltr'><strong>Doseliuus</strong></span> <span class='ocrx_word' id='word_1_754' title='bbox 2711 4763 2960 4820; x_wconf 89' lang='lat' dir='ltr'><strong>clericus.</strong></span> <span class='ocrx_word' id='word_1_755' title='bbox 2996 4785 3017 4819; x_wconf 70' lang='grc' dir='ltr'>ι</span> 
     </span>
    </p>
   </div>
   <div class='ocr_carea' id='block_1_104' title="bbox 2246 4853 3758 4931">
    <p class='ocr_par' dir='ltr' id='par_1_104' title="bbox 2246 4853 3758 4931">
     <span class='ocr_line' id='line_1_104' title="bbox 2246 4853 3758 4931; baseline 0.005 -23"><span class='ocrx_word' id='word_1_756' title='bbox 2246 4855 2300 4908; x_wconf 85' lang='lat'><strong>9.</strong></span> <span class='ocrx_word' id='word_1_757' title='bbox 2341 4853 2614 4910; x_wconf 79' lang='lat' dir='ltr'><strong>Habemus</strong></span> <span class='ocrx_word' id='word_1_758' title='bbox 2639 4855 2919 4926; x_wconf 91' lang='lat' dir='ltr'><strong>epistolam</strong></span> <span class='ocrx_word' id='word_1_759' title='bbox 2953 4857 3019 4913; x_wconf 72' lang='grc' dir='ltr'><strong>ϐ.</strong></span> <span class='ocrx_word' id='word_1_760' title='bbox 3056 4857 3430 4930; x_wconf 83' lang='lat' dir='ltr'><strong>Lugdunensis</strong></span> <span class='ocrx_word' id='word_1_761' title='bbox 3461 4861 3758 4931; x_wconf 77' lang='lat' dir='ltr'><strong>presbyteri</strong></span> 
     </span>
    </p>
   </div>
   <div class='ocr_carea' id='block_1_105' title="bbox 2176 4947 3760 5024">
    <p class='ocr_par' dir='ltr' id='par_1_105' title="bbox 2176 4947 3760 5024">
     <span class='ocr_line' id='line_1_105' title="bbox 2176 4947 3760 5024; baseline 0.005 -24"><span class='ocrx_word' id='word_1_762' title='bbox 2176 4948 2242 5001; x_wconf 89' lang='lat' dir='ltr'><strong>ad</strong></span> <span class='ocrx_word' id='word_1_763' title='bbox 2274 4947 2563 5002; x_wconf 81' lang='lat' dir='ltr'><strong>Rodulfum</strong></span> <span class='ocrx_word' id='word_1_764' title='bbox 2615 4949 2983 5005; x_wconf 88' lang='lat' dir='ltr'><strong>Turonensem</strong></span> <span class='ocrx_word' id='word_1_765' title='bbox 3034 4954 3379 5024; x_wconf 87' lang='lat' dir='ltr'><strong>episcopum.</strong></span> <span class='ocrx_word' id='word_1_766' title='bbox 3432 4970 3462 5008; x_wconf 90' lang='lat' dir='ltr'><strong>a</strong></span> <span class='ocrx_word' id='word_1_767' title='bbox 3501 4953 3760 5009; x_wconf 88' lang='lat' dir='ltr'><strong>Cordesio</strong></span> 
     </span>
    </p>
   </div>
   <div class='ocr_carea' id='block_1_106' title="bbox 2177 5038 3760 5115">
    <p class='ocr_par' dir='ltr' id='par_1_106' title="bbox 2177 5038 3760 5115">
     <span class='ocr_line' id='line_1_106' title="bbox 2177 5038 3760 5115; baseline 0.007 -23"><span class='ocrx_word' id='word_1_768' title='bbox 2177 5047 2298 5107; x_wconf 87' lang='lat' dir='ltr'><strong>post</strong></span> <span class='ocrx_word' id='word_1_769' title='bbox 2326 5038 2600 5094; x_wconf 77' lang='lat' dir='ltr'><strong>&quot;hiemari</strong></span> <span class='ocrx_word' id='word_1_770' title='bbox 2621 5040 2878 5110; x_wconf 85' lang='lat' dir='ltr'><strong>epistolas</strong></span> <span class='ocrx_word' id='word_1_771' title='bbox 2901 5043 3098 5097; x_wconf 92' lang='lat' dir='ltr'><strong>editam</strong></span> <span class='ocrx_word' id='word_1_772' title='bbox 3125 5085 3140 5110; x_wconf 90' lang='lat'><strong>,</strong></span> <span class='ocrx_word' id='word_1_773' title='bbox 3191 5061 3294 5115; x_wconf 85' lang='lat' dir='ltr'><strong>qua</strong></span> <span class='ocrx_word' id='word_1_774' title='bbox 3338 5046 3586 5102; x_wconf 76' lang='lat' dir='ltr'><strong>eumdem</strong></span> <span class='ocrx_word' id='word_1_775' title='bbox 3611 5049 3760 5102; x_wconf 79' lang='lat' dir='ltr'><strong>anti-</strong></span> 
     </span>
    </p>
   </div>
   <div class='ocr_carea' id='block_1_107' title="bbox 2177 5127 3754 5205">
    <p class='ocr_par' dir='ltr' id='par_1_107' title="bbox 2177 5127 3754 5205">
     <span class='ocr_line' id='line_1_107' title="bbox 2177 5127 3754 5205; baseline 0.007 -24"><span class='ocrx_word' id='word_1_776' title='bbox 2177 5128 2357 5182; x_wconf 88' lang='lat' dir='ltr'><strong>stitem</strong></span> <span class='ocrx_word' id='word_1_777' title='bbox 2386 5127 2693 5184; x_wconf 89' lang='lat' dir='ltr'><strong>obtestatur</strong></span> <span class='ocrx_word' id='word_1_778' title='bbox 2716 5142 2774 5186; x_wconf 87' lang='lat' dir='ltr'><strong>ut</strong></span> <span class='ocrx_word' id='word_1_779' title='bbox 2803 5147 2832 5185; x_wconf 92' lang='lat' dir='ltr'><strong>a</strong></span> <span class='ocrx_word' id='word_1_780' title='bbox 2867 5133 3260 5190; x_wconf 75' lang='lat' dir='ltr'><strong>Bartholomzeo</strong></span> <span class='ocrx_word' id='word_1_781' title='bbox 3284 5175 3298 5199; x_wconf 84' lang='lat'><strong>,</strong></span> <span class='ocrx_word' id='word_1_782' title='bbox 3328 5135 3545 5205; x_wconf 83' lang='lat' dir='ltr'><strong>Majoris</strong></span> <span class='ocrx_word' id='word_1_783' title='bbox 3567 5137 3754 5192; x_wconf 79' lang='lat' dir='ltr'><strong>Mona-</strong></span> 
     </span>
    </p>
   </div>
   <div class='ocr_carea' id='block_1_108' title="bbox 2177 5215 3752 5296">
    <p class='ocr_par' dir='ltr' id='par_1_108' title="bbox 2177 5215 3752 5296">
     <span class='ocr_line' id='line_1_108' title="bbox 2177 5215 3752 5296; baseline 0.006 -25"><span class='ocrx_word' id='word_1_784' title='bbox 2177 5216 2325 5271; x_wconf 90' lang='lat' dir='ltr'><strong>sterii</strong></span> <span class='ocrx_word' id='word_1_785' title='bbox 2353 5215 2580 5282; x_wconf 87' lang='lat' dir='ltr'><strong>abbate,</strong></span> <span class='ocrx_word' id='word_1_786' title='bbox 2606 5221 2849 5275; x_wconf 90' lang='lat' dir='ltr'><strong>obtineat</strong></span> <span class='ocrx_word' id='word_1_787' title='bbox 2876 5238 2906 5277; x_wconf 92' lang='lat' dir='ltr'><strong>e</strong></span> <span class='ocrx_word' id='word_1_788' title='bbox 2930 5223 3041 5278; x_wconf 91' lang='lat' dir='ltr'><strong>suis</strong></span> <span class='ocrx_word' id='word_1_789' title='bbox 3077 5224 3312 5292; x_wconf 91' lang='lat' dir='ltr'><strong>aliquem</strong></span> <span class='ocrx_word' id='word_1_790' title='bbox 3357 5227 3447 5296; x_wconf 89' lang='lat' dir='ltr'><strong>qui</strong></span> <span class='ocrx_word' id='word_1_791' title='bbox 3483 5226 3752 5281; x_wconf 83' lang='lat' dir='ltr'><strong>Sabiniaci</strong></span> 
     </span>
    </p>
   </div>
   <div class='ocr_carea' id='block_1_109' title="bbox 2177 5307 3482 5330">
    <p class='ocr_par' dir='ltr' id='par_1_109' title="bbox 2177 5307 3482 5330">
     <span class='ocr_line' id='line_1_109' title="bbox 2177 5307 3482 5330; baseline 0 0"><span class='ocrx_word' id='word_1_792' title='bbox 2177 5307 2402 5330; x_wconf 71' lang='lat' dir='ltr'><strong>-l.l-..n!....</strong></span> <span class='ocrx_word' id='word_1_793' title='bbox 2434 5309 2612 5330; x_wconf 63' lang='grc' dir='ltr'><strong>...υ-.-.ει</strong></span> <span class='ocrx_word' id='word_1_794' title='bbox 2734 5311 2830 5330; x_wconf 68' lang='grc' dir='ltr'><strong>ἢ-..</strong></span> <span class='ocrx_word' id='word_1_795' title='bbox 2889 5328 2894 5330; x_wconf 94' lang='grc'>.</span> <span class='ocrx_word' id='word_1_796' title='bbox 2923 5328 2931 5330; x_wconf 97' lang='lat'><strong>_</strong></span> <span class='ocrx_word' id='word_1_797' title='bbox 3088 5323 3099 5330; x_wconf 59' lang='grc' dir='ltr'><strong>Α</strong></span> <span class='ocrx_word' id='word_1_798' title='bbox 3162 5316 3172 5330; x_wconf 79' lang='grc' dir='ltr'><strong><em>ι</em></strong></span> <span class='ocrx_word' id='word_1_799' title='bbox 3442 5315 3482 5330; x_wconf 69' lang='grc' dir='ltr'><strong>σι</strong></span> 
     </span>
    </p>
   </div>
  </div>
