4018 5330
245 120 324 176 ιοι

1511 118 1784 176 ΝΟΤΙΤΙΔ
1827 117 2204 177 lllSTORlCA.

3364 125 3470 181 409

245 232 394 288 llittal
435 227 690 298 Putrem,
746 233 926 288 mittat
979 240 1278 302 pastorem,
1324 230 1414 302 qui
1473 247 1595 286 cum
1643 240 1786 285 tanta
1819 233 2096 292 Anotitiae
2144 232 2418 288 declarare
2467 232 2681 288 decrevi
2733 236 2874 303 quod
2922 233 3154 304 plurium
3211 236 3472 293 relatione

243 322 419 381 cautela
463 334 684 396 gregem
736 341 889 380 suum
927 325 1229 391 custodiat,
1277 339 1346 379 ne
1398 325 1620 394 antiquo
1649 324 1792 379 hosti

244 431 296 470 ex
324 412 498 486 aliqua
547 426 700 487 parte
743 416 922 471 aditus
951 423 1152 485 pateat,
1204 429 1302 484 per
1326 430 1486 485 quem
1515 415 1582 469 ad
1619 415 1792 484 ipsum

242 518 442 574 gregum
515 521 752 576 unquam
807 507 1106 575 irrumpere
1183 505 1375 560 valeat.
1417 523 1434 556 ο
1502 505 1672 559 Porro
1728 519 1792 558 ea

243 596 347 666 ipsa
404 599 711 654 sanctitatis
772 597 914 652 fama
961 613 1082 668 qua:
1130 596 1326 651 multos
1375 596 1675 651 adducebat
1734 602 1793 648 ut

241 689 592 757 possessiones
643 703 769 743 suas
819 686 1009 756 Majori
1075 687 1400 742 Monasterio
1447 686 1791 752 conferrent,

243 780 505 836 nonnullos
533 781 695 834 etiam
715 820 730 844 ,
757 780 1045 849 etquidem
1077 795 1143 833 ex
1170 779 1302 834 viris
1334 778 1632 844 nobilibus,
1681 792 1795 832 Ino-

241 875 313 928 vit
335 883 386 927 ut
411 889 514 928 non
536 889 634 927 sua
662 873 870 938 solum,
924 873 1017 927 sed
1057 881 1110 926 et
1163 886 1220 926 se
1275 872 1419 940 ipsos
1467 871 1796 925 monasterio

251 965 514 1019 traderent.
567 964 644 1017 Ex
675 964 758 1018 bis
780 962 929 1017 fuere
957 961 1121 1016 Fulco
1150 964 1216 1018 de
1242 961 1462 1024 Boeria,
1502 961 1591 1029 qui
1623 959 1798 1016 cccle-

247 1057 362 1111 siam
379 1056 696 1111 Sanctorum
719 1055 894 1124 Cyrici
915 1065 969 1109 et
994 1051 1195 1108 Julitta:
1235 1055 1334 1108 sub
1361 1053 1582 1107 Alberto
1605 1051 1796 1106 abbate

247 1150 434 1218 aliaque
467 1149 607 1203 bene
639 1147 803 1200 multa
831 1145 1161 1200 monasterio
1185 1145 1516 1208 tradiderat,
1541 1141 1795 1198 Salomon

245 1244 300 1295 de
327 1239 591 1304 Sablolio,
632 1237 977 1307 Beringerius
1020 1237 1088 1292 de
1137 1244 1328 1290 sancto
1368 1234 1548 1304 Lupo,
1597 1235 1798 1303 aliique

245 1348 334 1386 non
357 1332 540 1400 pauci,
572 1331 662 1400 qui
692 1329 855 1384 variis
879 1329 930 1382 in
956 1327 1162 1383 chartis
1193 1339 1583 1382 memorantur.

305 1421 380 1473 l0.
421 1419 546 1472 "me
569 1435 632 1472 ex
667 1417 908 1486 pluribus
937 1415 1184 1486 proferre
1215 1417 1391 1471 visum
1436 1426 1520 1471 est
1565 1415 1632 1469 de
1669 1415 1799 1468 Bar-

244 1509 509 1564 lliolomzeo
530 1510 758 1573 abbate,
810 1506 964 1575 cujus
997 1523 1081 1561 res
1118 1517 1301 1576 gestas
1343 1506 1514 1560 fusius
1546 1503 1797 1573 prosequi

245 1599 514 1666 aliquando
561 1571 798 1653 fortasse
846 1571 1058 1662 licebit,
1106 1571 1151 1651 si
1201 1611 1435 1665 unquam
1476 1571 1593 1662 ejus
1625 1571 1800 1648 Vitam
1837 1571 1876 1628 Β

242 1692 513 1746 virtutibus
542 1700 597 1746 et
635 1689 913 1744 miraculis
941 1690 1174 1754 claram,
1220 1704 1340 1758 quae
1369 1689 1420 1742 in
1454 1689 1640 1742 codice
1692 1703 1806 1741 ma-

245 1784 502 1854 nuscripto
524 1824 539 1848 ,
574 1794 634 1837 ut
659 1784 772 1854 jam
797 1784 1064 1848 diximus,
1099 1784 1432 1846 habebatur,
1480 1794 1806 1850 recuperare

244 1875 405 1928 liceat.
451 1874 662 1929 Nomen
690 1873 807 1943 ejus
839 1874 892 1928 in
929 1873 1366 1945 Martyrologium
1401 1872 1804 1926 Benedictiuum

245 1969 318 2022 die
338 1967 405 2021 23
431 1966 717 2021 Februarii
759 1967 1029 2021 invectum
1059 1975 1141 2022 est
1171 1967 1237 2020 ab
1267 1966 1487 2034 llugone
1512 1964 1766 2018 Menardo
1788 2003 1804 2029 ,

243 2075 384 2129 quem
425 2069 613 2130 postea
669 2068 796 2113 sunt
849 2058 1018 2114 secuti
1068 2057 1160 2127 qui
1209 2057 1377 2112 fastos
1428 2055 1808 2110 Benedictinos

242 2150 578 2204 adornarunt.
639 2149 738 2202 Die
781 2149 1025 2219 sequenti
1070 2149 1322 2203 laudatur
1373 2165 1402 2203 a
1444 2147 1810 2203 Bolla‘ndianis

244 2245 369 2300 inter
393 2247 836 2316 praetermissos,
885 2253 942 2299 et
977 2245 1195 2314 quidem
1239 2253 1418 2310 recte;
1483 2260 1606 2298 nam
1655 2252 1809 2298 sexto

242 2334 502 2391 Kalendas
528 2335 706 2391 Martii
734 2337 932 2391 obiisse
954 2335 1154 2391 dicitur
1177 2336 1231 2390 in
1258 2335 1438 2391 libello
1455 2334 1566 2406 jam
1597 2350 1624 2387 a
1655 2333 1811 2388 nobis

244 2425 440 2481 laudato
474 2427 734 2498 anonymi
768 2428 842 2482 De
866 2426 1078 2483 actibus
1113 2427 1488 2498 episcoporum
1527 2425 1813 2482 Turonen-

243 2519 364 2574 siam
393 2531 450 2575 et
508 2521 764 2592 operibus
804 2520 1056 2576 abbatum
1096 2520 1315 2590 Majoris
1348 2519 1690 2586 Monasterii,
1722 2518 1812 2574 ubi

244 2609 422 2665 dicitur
450 2630 472 2662 ι
523 2613 779 2666 humatus
820 2613 871 2666 in
915 2612 1137 2668 sinistra
1167 2622 1324 2685 parte
1365 2613 1433 2668 ad
1465 2612 1634 2667 altare
1666 2613 1815 2682 Apo-

243 2702 491 2757 stolarum
534 2723 595 2766 ι,
671 2711 728 2758 et
779 2703 1067 2759 ecclesiam
1129 2719 1282 2759 suam
1317 2746 1335 2771 ,
1415 2723 1434 2757 α
1493 2703 1818 2760 obedientiis

244 2793 409 2849 multis
440 2813 459 2846 ι
504 2794 814 2864 ampliasse.
854 2793 1055 2850 Mutato
1083 2795 1269 2850 altaris
1297 2794 1450 2849 titulo
1471 2838 1484 2860 ,
1508 2795 1816 2866 sepulcrum

1895 327 2071 380 audivi
2106 335 2160 380 et
2182 327 2376 392 didici,
2410 327 2615 382 scilicet
2637 329 2778 396 quod
2808 328 3017 394 Maiuo,
3069 330 3208 385 filius
3237 330 3471 386 Theoni-

1894 428 2034 489 gete,
2072 419 2219 474 dedit
2247 419 2354 474 Deo
2383 427 2436 475 et
2458 421 2618 474 beato
2643 419 2872 475 Martino
2891 420 3106 492 Majoris
3133 420 3470 490 Monasterii,

1893 518 1947 562 et
1972 507 2150 562 abbati
2183 507 2607 575 Bartholomazo,
2659 519 2713 565 et
2763 512 3042 567 monachis
3079 512 3318 580 ejusdem
3361 528 3474 570 cm-

1895 599 2038 654 nobii
2076 600 2214 668 apud
2259 599 2646 656 Comburnium
2696 603 3157 659 commorantibus
3190 604 3475 659 ecclesiam

1897 675 2081 747 sancti
2111 692 2322 747 Martini
2354 695 2419 748 de
2444 693 2670 764 Gugnen
2693 695 2789 766 [αι.
2818 695 3087 769 ngnen].
3112 707 3166 754 et
3187 698 3474 753 ecclesiam

1897 782 2080 839 Sancti
2099 783 2308 838 Martini
2332 784 2398 840 de
2416 784 2566 851 Voel,
2586 800 2708 841 eum
2726 788 2978 844 omnibus
2992 789 3324 857 appendiciis
3340 788 3475 854 suis,

1897 885 2155 944 perpetuo
2166 870 2288 942 jure
2301 875 2670 944 possidendas.
2695 876 3056 933 Descenderat
3075 879 3216 934 enim
3229 878 3477 948 aliquan-

1897 963 1966 1018 do
1987 963 2152 1017 isdem
2168 964 2491 1019 venerabilis
2507 963 2670 1019 abbas
2693 963 2745 1018 in
2777 965 3132 1030 Britanniam,
3165 983 3328 1022 causa
3353 967 3481 1023 visi-

1900 1051 2045 1106 tandi
2075 1054 2266 1107 domos
2285 1066 2421 1122 quas
2450 1051 2680 1108 habebat
2707 1053 2759 1107 in
2788 1053 3080 1111 Britanniae
3119 1056 3391 1126 partibus,
3425 1066 3483 1110 et

1898 1141 2207 1211 hospitandi
2264 1143 2437 1214 gratia
2490 1142 2638 1198 venit
2677 1141 3088 1200 Comburnium.
3135 1146 3286 1201 Tunc
3334 1147 3486 1206 venit

1899 1233 1966 1286 ad
1988 1249 2110 1287 eum
2159 1233 2503 1302 supradictus
2532 1231 2738 1299 Maino,
2787 1249 2982 1305 rogans
3024 1250 3144 1290 eum
3174 1245 3230 1290 ut
3260 1238 3485 1292 descen-

1899 1324 2054 1380 deret
2078 1324 2218 1393 apud
2241 1323 2468 1395 Gugnen
2490 1324 2715 1380 visitare
2753 1324 2891 1380 ﬁlios
2921 1340 3048 1381 suos
3075 1325 3391 1382 llaimonem
3431 1337 3490 1386 et

1900 1414 2236 1479 Cauterium,
2265 1415 2354 1484 qui
2385 1415 2533 1486 gravi
2561 1405 3487 1481 tenebanturinﬁrmitate.Deseen»

1904 1507 1981 1562 dit
2006 1547 2021 1572 ,
2056 1515 2112 1562 et
2135 1508 2347 1578 signum
2378 1509 2556 1564 crucis
2595 1509 2862 1564 frontibus
2887 1523 3074 1565 eorum
3108 1510 3390 1579 imposuit,
3435 1519 3494 1566 et

1905 1598 2087 1653 statim
2117 1598 2559 1665 obdormierunt,
2601 1607 2656 1654 et
2687 1607 2809 1669 post
2837 1613 3084 1656 somnum
3133 1601 3357 1672 integra:
3396 1615 3488 1656 sa-

1905 1686 2061 1741 nitati
2122 1686 2355 1742 restituti
2413 1699 2558 1744 sunt.
2624 1687 2742 1755 Quo
2790 1689 2946 1754 viso,
3001 1699 3058 1746 ct
3115 1692 3300 1746 audito
3347 1692 3491 1762 quod

1905 1779 2174 1850 leprosum
2215 1781 2402 1836 osculo
2447 1794 2741 1837 sanaverat
2789 1783 3134 1854 supradictus
3177 1785 3383 1852 abbas,
3438 1793 3495 1840 et

1905 1887 2100 1943 aquam
2134 1874 2186 1928 in
2219 1875 2401 1928 vinum
2429 1882 2814 1939 converterat,
2861 1875 3206 1944 supradictus
3234 1876 3412 1930 lllaino
3439 1884 3501 1939 et

1907 1965 2162 2020 'l‘heonus
2192 1973 2348 2036 pater
2381 1964 2498 2035 ejus
2540 1965 2723 2021 senior
2769 1965 3110 2036 supradictas
3152 1967 3416 2024 ecclesias
3443 1970 3495 2023 ei

1907 2057 2204 2119 dederunt,
2241 2057 2666 2112 concedentibus
2697 2056 2823 2112 ﬁliis
2851 2057 2966 2113 suis
2987 2057 3250 2113 Haimone
3273 2068 3328 2114 et
3351 2057 3496 2114 Gau-

1909 2156 2086 2222 terio;
2141 2165 2196 2210 et
2245 2156 2448 2211 Alanus
2500 2154 2641 2210 ﬁlius
2678 2153 2903 2208 Floaudi
2946 2151 3206 2222 quidquid
3251 2150 3396 2220 juris
3441 2151 3497 2206 in

1911 2245 2142 2302 ecclesia
2170 2247 2237 2302 de
2263 2247 2488 2319 Gugnen
2514 2250 2778 2314 habebat,
2809 2247 2985 2303 eidem
3017 2243 3197 2300 abbati
3227 2240 3503 2298 concessit

1910 2349 1965 2393 et
1993 2339 2278 2394 monachis
2321 2340 2657 2396 Comburnii.
2699 2338 2946 2396 Monachi
3001 2351 3133 2392 vero
3177 2330 3496 2390 Cauterium

1912 2429 2287 2500 presbyterum
2321 2429 2392 2485 ibi
2419 2430 2848 2494 constituerunt,
2899 2436 2953 2483 et
2994 2423 3294 2481 Brandrico
3321 2419 3502 2476 archi-

1913 2519 2168 2590 episcopo
2223 2528 2683 2590 praesentaverunt
2714 2559 2728 2584 ,
2794 2527 2850 2575 et
2903 2518 2958 2572 in
3024 2526 3265 2584 tempore
3334 2510 3516 2581 ipsius.

1915 2612 2157 2668 Cauterii
2195 2613 2408 2670 tertiam
2452 2621 2662 2683 partem
2695 2613 2919 2667 decimae
2949 2611 3018 2666 de
3039 2607 3265 2678 Gugnen
3297 2603 3505 2659 habueo

1916 2712 2064 2759 runt.
2099 2703 2223 2759 llaec
2267 2717 2366 2774 ego
2389 2701 2626 2758 Joannes
2660 2718 2689 2756 a
2722 2701 2967 2772 pluribus
3009 2697 3227 2761 audivi,
3279 2702 3334 2750 et
3383 2707 3523 2762 quae.

1919 2802 2219 2863 sequuntur
2253 2792 2389 2856 vidi,
2441 2792 2646 2848 scilicet
2689 2792 2832 2860 quod
2875 2791 3068 2845 llaimo
3108 2787 3391 2858 presbyter
3437 2783 3505 2837 de

243 2882 346 2950 ejus
372 2886 547 2940 etiam
583 2900 730 2940 nunc
776 2886 968 2974 visitur
1025 2887 1077 2942 in
1135 2885 1333 2941 sacello
1376 2885 1818 2940 Annuntiationis
1847 2925 1891 2985 Ο
1921 2882 2146 2953 Gugnen
2179 2882 2231 2936 in
2260 2881 2543 2985 praesentia
2576 2881 2819 2952 Hugonis
2847 2876 3234 2985 archiepiscopi
3265 2874 3508 2985 serdepo-

241 2974 400 3030 beatae
456 2975 649 3032 Maria:
706 2963 810 3033 sub
859 2978 1054 3050 exiguo
1106 2977 1282 3048 lapide
1335 2978 1401 3032 ad
1452 2978 1817 3048 pavimentum

244 3075 434 3133 strato,
467 3068 566 3122 ubi
595 3068 710 3123 haec
735 3068 912 3124 brevis
939 3069 1222 3140 inscriptio
1249 3069 1482 3124 habetur
1510 3087 1522 3124 :
1556 3068 1658 3122 llic
1678 3069 1820 3139 jacet

243 3156 660 3213 Bartholomwus
687 3161 952 3230 quondam
983 3160 1142 3215 abbas
1170 3161 1271 3216 ιυεὶ
1298 3162 1467 3216 istius.
1511 3160 1658 3216 Obiit
1679 3174 1824 3216 anno

245 3247 390 3302 l08l.
423 3248 593 3304 Nullo
637 3249 789 3305 cultu
834 3250 1051 3320 publico
1080 3249 1425 3316 celebratur;
1481 3265 1652 3320 quare
1691 3249 1825 3303 satis

243 3336 333 3393 fuit
351 3354 482 3394 eum
529 3340 666 3394 beati
698 3342 913 3396 nomine
957 3341 1261 3412 designare.
1312 3339 1628 3394 Miraculum
1659 3339 1726 3393 ab
1759 3352 1826 3393 eo

244 3429 434 3484 editum
454 3471 475 3496 ,
509 3431 655 3500 quod
674 3429 910 3486 Joannes
937 3430 1212 3494 Dolensis,
1259 3429 1575 3485 Comburnii
1629 3429 1680 3483 in
1708 3427 1828 3482 Bri-

245 3523 418 3576 tannia
442 3522 648 3577 Minori
675 3522 926 3577 dominus
951 3563 967 3589 ,
997 3523 1214 3593 scriptis
1245 3523 1554 3587 mandavit,
1588 3521 1677 3576 hic
1703 3519 1829 3576 sub-

239 3611 546 3686 jungimus,
577 3615 736 3684 quale
753 3631 828 3670 ex
859 3613 1072 3685 Majoris
1103 3615 1412 3670 Monasterii
1439 3616 1608 3671 veteri
1638 3629 1829 3670 exem-

244 3705 369 3774 plari
404 3716 630 3762 erutum
663 3717 769 3762 est.
811 3707 1136 3763 Brandricus
1181 3721 1310 3763 vero
1337 3716 1392 3764 et
1420 3707 1602 3778 Hugo,
1653 3705 1743 3776 qui
1775 3705 1828 3758 in

243 3811 302 3850 eo
326 3797 734 3867 archiepiscopi
753 3799 1020 3864 dicuntur,
1045 3799 1290 3854 Dolensis
1311 3797 1552 3854 ecclesiae
1574 3795 1832 3867 praesules

246 3886 408 3942 fuere.
455 3887 636 3942 Nemo
669 3887 868 3958 quippe
912 3889 1089 3945 nescit
1131 3888 1387 3944 Dolenses
1431 3887 1713 3957 episcopos
1764 3884 1833 3940 ad

245 3980 542 4036 Innocentii
574 3981 640 4037 Ill
686 3989 924 4051 tempora
955 3983 1056 4037 hoc
1099 3997 1292 4037 nomen
1341 3981 1442 4038 sibi
1489 3979 1831 4044 attribuisse,

249 4072 675 4128 reclamantibus
730 4071 858 4128 licet
909 4072 1310 4128 Turonensibns
1367 4070 1832 4140 metropolitanis;

246 4173 298 4217 at
339 4167 566 4222 tandem
614 4168 714 4223 sub
745 4165 1058 4222 lnnoceutio
1094 4167 1157 4221 ΙΙΙ
1205 4167 1462 4223 Dolenses
1494 4181 1657 4221 causa
1692 4165 1835 4221 ceci-

1924 2972 2064 3037 suit,
2090 2980 2145 3025 et
2171 2971 2237 3026 ad
2255 2969 2686 3041 jurisdictionem
2716 2969 3108 3024 monachorum
3137 2964 3507 3035 supradictam

1925 3063 2210 3120 ecclesiam
2241 3061 2524 3132 pertinere
2545 3061 2857 3130 recognovit
2883 3100 2902 3126 ,
2937 3068 2992 3114 et
3030 3059 3096 3114 de
3141 3071 3304 3111 manu
3349 3052 3505 3109 Guil-

1925 3154 2071 3208 lelmi
2113 3152 2310 3223 prioris
2341 3151 2454 3220 ipse
2482 3150 2674 3206 llaimo
2699 3150 2984 3205 ecclesiam
3016 3147 3260 3216 recepit,
3303 3153 3357 3200 et
3395 3144 3508 3197 Huc

1926 3247 2051 3318 κοιιί
2067 3245 2476 3313 archiepiscopo
2490 3257 2612 3298 eum
2637 3244 2787 3313 prior
2806 3241 3125 3297 Guillclmus
3140 3236 3511 3310 praesentavit,

1927 3348 1983 3394 et
2014 3336 2168 3408 Hugo
2199 3335 2302 3390 hoc
2321 3336 2630 3401 concessit,
2671 3343 2726 3390 et
2765 3333 3173 3389 concessionem
3205 3327 3382 3400 sigillo
3413 3342 3514 3384 suo

1929 3428 2290 3488 conﬁrmavit.
2331 3427 2441 3483 Nec
2473 3442 2581 3482 non
2637 3427 2812 3483 sciant
2861 3439 3052 3480 onmes
3081 3423 3226 3494 quod
3277 3421 3512 3484 Alanus,

1929 3521 2074 3577 ﬁlius
2102 3519 2324 3576 Jordani
2345 3560 2360 3585 ,
2399 3527 2455 3574 et
2485 3519 2818 3588 Eudo—spina
2858 3516 3181 3573 donationes
3209 3522 3518 3568 antecesso-

1931 3626 2054 3666 rum
2083 3625 2302 3667 suorum
2350 3616 2737 3666 concesserunt
2777 3608 2844 3664 de
2884 3606 3116 3662 ecclesia
3145 3605 3211 3662 de
3245 3604 3473 3672 Gugnen
3499 3640 3515 3665 ,

1931 3713 1987 3759 et
2017 3705 2411 3758 innovaverunt
2431 3701 2486 3756 in
2514 3700 2798 3772 praesentia
2823 3699 3067 3770 Hugouis
3097 3691 3517 3764 archiepiscopi,

1935 3797 2240 3852 videntibus
2266 3794 2422 3861 istis;
2457 3792 2746 3850 Guillelmo
2772 3791 2956 3862 priore
2980 3832 2996 3856 ,
3043 3787 3373 3859 Turpino‘et
3409 3785 3519 3837 Du-

1935 3887 2106 3943 rando
2134 3885 2412 3941 monachis
2435 3926 2450 3950 ,
2481 3885 2742 3955 magistro
2769 3882 3060 3938 Guillelmo
3088 3875 3469 3935 Suessionensi
3498 3915 3533 3947 ,ί

1935 3978 2286 4035 Evano—Cato
2312 4019 2327 4043 ,
2383 3976 2699 4033 Normanno
2753 3974 2821 4030 de
2860 3973 3065 4028 Litreio
3091 4012 3110 4037 ,
3165 3978 3218 4025 et
3257 3968 3368 4023 ﬁlio
3404 3966 3522 4035 ejus

1935 4069 2231 4134 Gaufredo,
2265 4067 2510 4138 Philippo
2527 4068 2595 4123 de
2614 4063 2929 4137 Boteniguel
2948 4072 3002 4118 et
3017 4061 3274 4132 magistro
3287 4058 3520 4120 Herveo,

1937 4162 2178 4220 Gaulero
2202 4162 2424 4216 Brasart
2449 4171 2506 4215 et
2533 4159 2720 4214 multis
2740 4157 2882 4213 aliis.
2907 4153 3064 4211 Dedit
3087 4153 3306 4222 insuper
3331 4162 3519 4203 coram

248 4257 472 4322 derunt,
545 4257 750 4314 relictis
797 4257 1134 4314 solummodo
1186 4258 1506 4314 Dolensibus
1569 4255 1836 4327 episcopis
1867 4268 1914 4326 ι)
1941 4253 2060 4309 istis
2095 4252 2386 4323 praedictus
2412 4250 2619 4305 Alanus
2647 4265 2745 4320 per
2768 4261 2958 4304 manus
2989 4243 3229 4315 l‘lugonis
3251 4237 3522 4318 archiepi:

250 4362 407 4404 cruce
433 4358 494 4405 et
516 4350 638 4404 aliis
667 4349 1198 4420 archiepiscoporum
1228 4351 1550 4421 insignibus.

317 4439 406 4495 Η.
437 4461 457 4494 ι
488 4441 727 4498 Joannes
753 4440 928 4497 dictus
954 4441 1217 4507 Dolensis,
1240 4440 1548 4496 Comburnii
1567 4439 1838 4500 dominus,

253 4533 504 4592 omnibus
523 4534 770 4592 ﬁdelibus
789 4534 1016 4592 salutem
1045 4534 1100 4590 in
1128 4534 1373 4589 Domino.
1410 4534 1520 4606 Ego
1535 4532 1838 4588 futurorum

1943 4345 2090 4414 scopi
2127 4343 2414 4398 ecclesiam
2459 4341 2527 4397 de
2560 4340 2840 4395 Trunchct
2871 4351 2992 4391 cum
3040 4331 3290 4389 omnibus
3319 4343 3527 4402 appen-

1943 4443 2100 4497 dieiis
2125 4441 2272 4508 suis,
2319 4440 2652 4495 concedente
2677 4435 2937 4492 Gauterio
2965 4430 3206 4501 ejusdem
3253 4426 3357 4484 loci
3407 4439 3526 4480 ma-

1944 4535 2117 4604 gistro
2150 4544 2206 4589 et
2240 4533 2496 4589 omnibus
2527 4529 2789 4586 fratribus
2815 4525 2951 4597 ejus.
2992 4543 3017 4577 ι
