4018 5330
497 312 603 366 ωδ

1495 303 1840 362 APPENDIX
1874 303 1971 359 AD
2003 303 2064 356 Β.
2105 297 2730 356 BARTHOLOMAEUM.

3649 271 3772 398 £04;

1119 591 1690 718 ΒΕΔΤῙ
1759 581 3138 716 ΒΔΒΤΠοῙΑΟΜΕῙ

1555 797 1852 854 ABBATIS
1891 795 2183 866 MAIORIS
2228 793 2647 862 MONASTERII

729 977 1198 1092 EPISTOLA
1259 977 1399 1094 AD.
1441 973 1981 1116 ERNALDUM
2037 971 2576 1074 EPISGOPUM
2655 963 3566 1071 CENOMANNENSEH.

1597 1199 1842 1273 (illirium.
1877 1198 1994 1252 Act.
2030 1206 2159 1254 tom.
2191 1197 2284 1259 IX,
2307 1213 2431 1280 pag.
2473 1196 2626 1266 587.)

579 1515 806 1571 Domino
829 1529 890 1571 ac
917 1514 1209 1571 venerabili
1233 1511 1756 1569 Cenomannensium
1785 1509 1875 1566 Dei
1905 1511 2078 1582 gratia
2109 1498 2153 1557 Α
2183 1511 2483 1567 evidentem
2500 1511 2748 1580 iniuriam
2770 1509 3026 1567 fratribus
3039 1511 3234 1568 vestris
3251 1511 3568 1568 excellentia
3589 1521 3776 1568 vestra

507 1605 763 1676 episcopo
789 1606 851 1660 Ε.
886 1615 940 1661 et
971 1615 1168 1660 cuncto
1201 1604 1500 1661 beatissimi
1537 1602 1860 1658 confessoris
1887 1601 2090 1658 Juliani

510 1697 715 1768 inclyte
767 1697 951 1768 gregi,
1003 1697 1220 1768 Majoris
1271 1694 1582 1750 Monasterii
1647 1693 1867 1748 humilis
1923 1693 2090 1749 abbas

510 1787 682 1842 frater
715 1789 774 1842 Β.
809 1803 930 1844 cum
967 1787 1226 1843 fratribus
1257 1787 1368 1842 suis
1398 1785 1583 1840 ﬁdeles
1615 1785 1910 1841 orationes.

583 1877 845 1933 Miramur
879 1877 1055 1944 valde,
1101 1877 1316 1931 domine
1352 1876 1660 1930 venerande
1699 1874 1921 1940 Prtesul,
1955 1889 2089 1944 pru-

510 1971 750 2026 dentiam
777 1981 1014 2026 vestram
1044 1971 1170 2041 quid
1195 1969 1294 2024 sibi
1321 1967 1466 2037 velit,
1496 1975 1553 2021 ut
1583 1966 1738 2020 nobis
1765 1966 2088 2020 calumniam

511 2063 580 2118 de
599 2062 756 2118 altari
783 2064 848 2118 de
892 2060 1354 2128 Vivonioinferat,
1385 2062 1475 2131 qui
1513 2061 1616 2116 hoc
1641 2059 1706 2113 de
1733 2067 1910 2113 vestra
1941 2057 2092 2114 boni-

509 2163 621 2208 tate
648 2156 1019 2223 sperabamus,
1060 2154 1230 2224 quod,
1274 2153 1318 2208 si
1364 2151 1576 2206 aliunde
1619 2150 1775 2207 nobis
1823 2148 2089 2206 calumnia

511 2244 817 2314 insurgeret
843 2245 911 2299 de
958 2243 1050 2298 illo
1085 2245 1272 2306 altari,
1305 2259 1401 2298 vos
1436 2251 1623 2298 contra
1656 2257 1845 2298 omnes
1887 2241 2091 2296 calum-

510 2335 751 2394 niatores
806 2334 1065 2389 invictum
1127 2335 1463 2390 defensorem
1519 2334 1864 2389 haberemus.
1928 2331 2091 2386 Scitis

515 2421 659 2484 enim
684 2423 827 2491 quod
859 2433 1170 2480 antecessor
1199 2433 1398 2490 vester,
1433 2425 1520 2494 pie
1543 2437 1757 2493 semper
1777 2437 2088 2478 memoran-

513 2511 615 2566 dus
639 2511 918 2582 ngrinus
940 2514 1245 2584 episc0pus,
1273 2514 1402 2570 illud
1432 2514 1604 2569 altare
1631 2514 1788 2568 nobis
1818 2513 1872 2566 in
1901 2527 2092 2582 perpe-

517 2609 668 2655 tuum
713 2604 914 2672 absque
963 2603 1328 2662 relevamento
1369 2605 1656 2660 tenendum
1707 2605 1929 2659 donavit
1967 2621 2090 2660 cum

513 2705 735 2746 assensu
759 2693 998 2746 omnium
1037 2694 1326 2762 primatum
1355 2695 1608 2750 Ecclesiae
1639 2705 1862 2761 vestrae,
1894 2695 2005 2750 imo
2037 2703 2092 2750 et

513 2784 676 2838 totius
705 2785 1245 2853 capituli‘beatissimi
1279 2787 1498 2841 Juliani.
1531 2785 1696 2856 Cujus
1725 2789 1888 2842 etiam
1919 2787 2092 2842 dona-

2191 1601 2372 1658 facere
2403 1617 2508 1658 non
2554 1611 2758 1658 metuat
2785 1604 2810 1657 ’ἱ
2837 1604 2990 1671 Quod
3031 1605 3073 1659 si
3118 1621 3214 1660 vos
3259 1604 3514 1660 fraternae
3555 1605 3778 1674 injuriae

2193 1702 2472 1761 respectus
2507 1707 2611 1746 non
2654 1701 2850 1757 movet,
2899 1693 3138 1763 nunquid
3169 1709 3266 1764 pro
3300 1693 3472 1748 nihilo
3508 1703 3603 1748 aut
3646 1693 3774 1747 leve

2193 1785 2413 1849 ducitis,
2444 1785 2585 1856 quod
2612 1784 3076 1842 Cenomannensis
3104 1785 3356 1842 Ecelcsim
3377 1796 3429 1840 et
3449 1785 3782 1856 episcopalis

2193 1880 2427 1952 dignitas
2460 1891 2514 1936 et
2554 1879 2886 1936 canonicalis
2916 1881 3217 1935 auctoritas
3255 1881 3372 1950 pari
3415 1879 3639 1935 consilio
3680 1878 3779 1932 lir-

2193 1971 2392 2048 mavit,
2419 1971 2521 2026 hoc
2556 1971 2760 2026 violare
2789 1969 2896 2025 ullo
2931 1971 3089 2025 modo
3122 1985 3184 2024 ac
3219 1969 3498 2026 destruere
3523 1971 3545 2023 ἲ
3569 1969 3623 2024 ln
3663 1983 3781 2038 quo

2195 2071 2302 2117 tam
2337 2063 2475 2116 male
2503 2063 2568 2118 de
2596 2063 2749 2118 vobis
2776 2063 2972 2117 meruit
2998 2071 3183 2117 saneta
3213 2062 3442 2117 ecclesia
3465 2059 3778 2117 beatissimi

2190 2153 2414 2222 Juliaui,
2440 2171 2558 2228 qum
2586 2171 2680 2212 vos
2713 2155 2818 2213 sibi
2849 2162 3112 2224 rectorem
3147 2163 3308 2224 atque
3335 2161 3604 2224 pastorem
3635 2168 3782 2222 prae-

2191 2249 2346 2326 fecit,
2394 2266 2556 2324 quam
2611 2265 2708 2306 vos
2757 2249 2883 2304 totis
2920 2249 3127 2304 viribus
3169 2246 3361 2304 vestris
3399 2247 3668 2302 honorare
3717 2253 3780 2298 et

2192 2343 2437 2398 exaltare
2464 2342 2792 2404 debueratis,
2818 2339 2944 2410 quia
2974 2349 3029 2396 et
3051 2340 3164 2416 ipsa
3187 2339 3334 2410 prior
3359 2354 3458 2406 vos
3488 2337 3781 2392 honoravit

2192 2433 2370 2502 gratis.
2410 2441 2465 2488 et
2507 2432 2764 2492 exaltavit
2790 2433 2817 2485 ’ἔ
2857 2431 2994 2510 Quid
3040 2431 3256 2496 meruit,
3299 2439 3375 2496 ut,
3413 2446 3535 2484 cum
3585 2444 3782 2482 omnes

2191 2525 2448 2580 Ecclesize
2479 2525 2642 2580 totius
2669 2523 2910 2580 Francia:
2941 2533 2995 2579 et
3033 2523 3358 2592 Aquitaniae,
3393 2523 3498 2576 imo
3533 2530 3586 2575 et
3611 2520 3782 2584 totius

2193 2615 2381 2672 Galliae
2411 2618 2553 2673 hanc
2581 2619 2864 2673 obtineant
2895 2617 3233 2688 dignitatem,
3267 2624 3322 2668 ut
3348 2613 3488 2684 quod
3521 2611 3684 2674 semel
3721 2612 3779 2680 in

2195 2707 2431 2777 capitulo
2476 2723 2662 2764 earum
2712 2708 2984 2763 ﬁrmatum
3039 2717 3154 2770 est,
3205 2705 3382 2761 nullus
3435 2713 3780 2774 posterorum

2195 2799 2400 2853 violare
2445 2808 2757 2870 praesumat,
2800 2813 2898 2854 vos
2941 2797 3439 2853 Cenomannensem
3476 2793 3780 2850 Ecclesiam

500 2876 674 2932 tionis
701 2891 864 2931 causa
894 2879 970 2932 ita
1003 2879 1060 2934 in
1093 2879 1308 2934 Christo
1335 2881 1597 2937 charitate
1633 2879 1874 2936 ftederati
1902 2895 2090 2938 sumus
2118 2885 2163 2944 B
2195 2892 2297 2946 hac
2328 2891 2614 2962 dignitate,
2647 2907 2807 2962 quam
2834 2906 2932 2960 per
2955 2899 3030 2945 tot
3061 2889 3255 2944 saecula
3290 2902 3459 2958 usque
3492 2886 3558 2940 ad
3597 2895 3780 2944 vestra

509 2975 568 3020 et
597 2963 749 3027 uniti,
781 2977 878 3020 nos
904 2963 1108 3021 scilicet
1137 2965 1388 3021 monachi
1415 2965 1600 3022 Sancti
1637 2965 1850 3022 Martini
1870 3007 1883 3032 ,
1914 2977 1964 3022 et
1995 2983 2094 3024 vos

517 3055 766 3117 canonici
808 3055 958 3111 Beati
993 3057 1214 3122 Iuliani,
1255 3067 1314 3114 ut
1347 3074 1446 3114 vos
1478 3061 1529 3113 in
1573 3059 1886 3114 societatem
1925 3061 2091 3117 totius

511 3147 784 3204 benefacti
841 3151 1010 3204 nostri
1071 3161 1354 3221 receptos,
1408 3152 1664 3222 quidquid
1725 3153 1976 3222 deinceps
2035 3151 2092 3206 in

511 3239 851 3295 orationibus
873 3241 956 3296 vel
987 3241 1344 3314 eleemosynis
1367 3243 1508 3312 apud
1529 3245 1694 3299 Deum
1727 3245 1850 3299 boni
1876 3259 2090 3314 prome-

511 3344 781 3396 renemur,
819 3331 981 3387 totius
1019 3333 1286 3388 mercedis
1314 3345 1512 3389 nostra?
1531 3347 1602 3390 ac
1625 3335 2000 3390 retributionis
2029 3335 2084 3389 iu

490 3433 772 3501 aeternum
809 3433 1090 3479 consortes
1123 3425 1466 3489 haberemus,
1499 3425 1712 3480 firmato
1750 3427 1892 3480 inter
1911 3441 2010 3480 nos
2039 3434 2096 3480 et

490 3527 614 3574 _vos
649 3523 838 3582 pacto.
870 3516 1010 3586 quod
1045 3532 1144 3571 nos
1181 3533 1280 3587 pro
1305 3518 1503 3572 vestris
1541 3518 1816 3573 canonicis
1856 3517 1908 3571 i—n
1941 3517 2092 3572 obi'u

513 3603 848 3671 singulorum
895 3607 1077 3661 facere
1127 3609 1449 3673 debeamus,
1495 3618 1546 3663 et
1597 3623 1696 3663 ros
1747 3625 1845 3678 pro
1893 3609 2093 3664 nostris

514 3694 814 3748 monachis.
856 3694 1026 3759 Quam
1073 3699 1335 3752 unitatem
1379 3708 1617 3753 nostram
1659 3701 1712 3754 in
1761 3701 1990 3755 Domino
2025 3717 2096 3755 ne

518 3783 642 3851 quis
701 3792 1038 3850 posterorum
1095 3803 1191 3856 per
1243 3790 1600 3857 ignorantiam
1666 3793 1914 3848 scindere
1985 3795 2089 3848 ulla

512 3875 800 3931 occasione
835 3885 1088 3942 tentaret,
1127 3881 1388 3946 scriptum
1427 3883 1492 3937 de
1527 3884 1628 3938 hac
1661 3899 1720 3939 re
1747 3885 2032 3956 diligenter
2061 3901 2088 3940 a

511 3965 1046 4035 vobiscompositnm
1074 3978 1179 4036 est;
1199 3974 1340 4042 quod
1365 3981 1422 4026 ut
1445 3973 1802 4030 inviolabilem
1825 3979 2094 4035 obtineret

515 4055 861 4125 firmitatem,
915 4061 1082 4130 ipsius
1128 4066 1314 4119 domui
1363 4065 1602 4137 ngrini
1649 4070 1926 4139 episcopi,
1978 4085 2093 4125 om-

510 4146 770 4216 niumque
829 4157 1024 4214 vestra:
1081 4151 1336 4208 Ecclesiae
1407 4156 1701 4224 primorum
1772 4160 2094 4215 auctoritate

2198 2991 2441 3051 tempora
2465 2981 2718 3045 obtinuit,
2751 2981 2988 3051 spoliare
3013 2995 3117 3034 non
3141 2978 3434 3034 vereamini
3457 2978 3482 3046 ἲ
3502 2976 3611 3030 Cur
3637 2977 3784 3042 inter

2193 3085 2382 3126 omnes
2427 3073 2591 3126 totius
2634 3071 2822 3128 Gallia:
2859 3070 3131 3127 Ecclesias
3176 3071 3401 3125 inferior
3443 3069 3546 3126 erit
3587 3077 3780 3132 sancta

2195 3169 2370 3214 mater
2390 3160 2631 3215 Ecclesia
2669 3159 3156 3226 Ceuomanncnsis,
3185 3168 3241 3213 ut
3274 3174 3394 3213 cum
3425 3157 3528 3212 illa:
3553 3171 3782 3218 omnes,

2195 3260 2250 3330 et
2277 3251 2514 3320 majores
2540 3259 2595 3305 et
2623 3251 2881 3316 minores,
2911 3251 3121 3305 firmam
3149 3249 3364 3320 capituli
3393 3247 3780 3302 auctoritatem

2193 3343 2466 3408 habeant,
2522 3351 2696 3397 mater
2752 3342 2991 3396 Ecclesia
3050 3339 3511 3397 Ccnomannensis
3573 3337 3778 3392 nullam

2195 3431 2393 3485 habeat
2436 3431 2862 3485 auctoritatem?
2905 3431 2962 3484 Si
3006 3429 3182 3500 aliqua
3229 3427 3504 3484 smcularis
3543 3441 3780 3496 persona

2195 3523 2494 3591 quamlibet
2543 3533 2734 3591 potens
2775 3524 2878 3578 hoc
2922 3521 3101 3578 facere
3146 3528 3517 3592 praesumeret,
3555 3520 3780 3589 dignum

2193 3613 2410 3681 quidem
2437 3613 2612 3668 fuerat
2637 3615 2946 3683 episcopum
2965 3629 3085 3668 cum
3111 3621 3224 3669 toto
3245 3612 3394 3667 clero
3415 3625 3534 3676 suo,
3553 3618 3780 3688 propter

2194 3719 2432 3759 amorem
2459 3705 2554 3759 Dei
2579 3714 2632 3760 et
2655 3705 2908 3766 Ecclesia:
2929 3721 3062 3770 suae,
3086 3713 3313 3759 mortem
3343 3705 3520 3774 potius
3543 3701 3780 3756 libenter

2193 3807 2479 3868 appetere,
2523 3813 2682 3867 quam
2723 3797 3015 3853 Ecclesiam
3048 3813 3198 3852 suam
3245 3794 3592 3851 dehonestari
3643 3793 3782 3846 ulla-

2196 3899 2352 3942 tenus
2379 3887 2710 3943 consentire.
2743 3887 2937 3942 Verum
2969 3887 3083 3942 haec
3115 3901 3219 3956 quo
3247 3885 3406 3940 modo
3433 3899 3491 3939 se
3520 3883 3781 3948 habeant,

2191 3996 2311 4046 vos,
2345 3981 2644 4036 beatissimi
2699 3981 2896 4037 Juliani
2953 3996 3081 4056 grex
3141 3980 3372 4053 inclyte,
3431 3989 3786 4046 summepere

2195 4073 2552 4127 admonemus
2601 4090 2666 4129 ne
2717 4091 2812 4128 vos
2853 4075 3072 4148 antiqua
3123 4085 3300 4128 vestra
3348 4070 3613 4142 dignitate
3673 4067 3783 4120 ulla

2195 4169 2406 4222 ratione
2437 4167 2702 4222 denudari
2729 4168 3030 4238 patiamini.
3063 4167 3340 4222 Postremo
3363 4173 3421 4218 ut
3447 4172 3688 4218 nostram
3715 4162 3786 4216 de

515 4237 784 4298 munitum
835 4249 891 4294 el
939 4243 1349 4299 COI‘I'OIJOralIlm
1407 4257 1510 4302 ρει.
1571 4247 1702 4304 Cum
1755 4251 1871 4304 hinc
1927 4235 2164 4321 igiturc
2197 4257 2373 4312 ltacre
2393 4235 2951 4324 sententiam—sciatis,
2975 4257 3040 4311 de
3066 4273 3123 4312 re
3146 4267 3252 4312 tam
3277 4255 3513 4323 legitime
3538 4269 3600 4305 ac
3627 4261 3784 4310 tanta,

517 4329 696 4390 omnia
735 4330 872 4385 bene
908 4334 1427 4404 noverit'prudentia
1457 4349 1658 4406 vestra,
1687 4340 1904 4395 domine
1932 4357 2094 4396 vene-

513 4420 684 4473 rande
734 4420 921 4490 Pater,
975 4427 1246 4494 quomodo
1289 4437 1398 4482 tam
1449 4431 1716 4499 profunde
1767 4433 2096 4488 obdormivit

517 4507 658 4574 ratio
703 4511 868 4565 animi
918 4516 1082 4570 vestri
1124 4526 1178 4571 et
1226 4519 1448 4587 antiqua
1492 4521 1824 4589 benignitas,
1873 4533 1931 4576 ut
1983 4531 2090 4576 tam

519 4669 603 4690 ..-

609 4676 1766 4704 mp...

2197 4351 2520 4403 auctoritate
2571 4350 2781 4403 firmata
2844 4365 3118 4421 nunquam
3169 4349 3222 4403 in
3268 4347 3533 4418 judicmm
3593 4344 3785 4418 venire

2197 4441 2550 4496 decrevimus.
2580 4440 2724 4496 Bene
2752 4440 2942 4498 valete,

1748 4849 2530 4976 APPENDIX

1174 5077 1264 5132 DE
1295 5078 1520 5136 REBUS
1547 5081 1792 5138 GESTIS
1821 5082 1885 5138 IN
1927 5083 2174 5140 MAJOlll
2205 5083 2646 5150 MONASTEIHO
2675 5085 2966 5142 SJECULO
2996 5085 3084 5140 XI.

589 5255 634 5305 i.
667 5252 932 5306 Caeterum
961 5263 1037 5317 ut,
1058 5255 1122 5306 ad
1149 5266 1332 5308 nostra
1361 5269 1710 5326 revertentes,
1736 5262 1846 5330 jam
1876 5279 1936 5317 ea
1967 5279 2090 5330 qua:

2198 5267 2286 5314 tur
2311 5273 2584 5330 expetere,
2637 5261 2688 5313 in
2733 5275 2840 5330 quo
2880 5269 3026 5314 tanta
3067 5268 3174 5314 tam
3205 5275 3305 5330 pro
3337 5263 3474 5316 vivis
3506 5279 3668 5330 quam
3723 5273 3780 5320 et
