4018 5330
220 335 326 390 ωδ

1093 345 1179 400 DE
1211 344 1437 404 REBUS
1459 348 1702 406 GESTIS
1731 349 1796 405 IN
1831 350 2074 409 MAIOR]
2113 353 2418 413 MONAST.
2461 357 2631 416 SEC.
2664 359 2753 416 ΧΙ.

3357 368 3470 424 406

219 451 387 508 matis
407 451 638 518 meritis,
667 461 722 508 et
746 469 1035 524 perennem
1067 459 1308 529 ejusdem
1337 461 1437 516 loci
1472 464 1556 518 sui
1583 465 1787 518 sancti-
1811 468 1860 526 Α
1887 465 2102 535 plenum
2144 469 2249 525 fide
2291 471 2544 541 quiddam
2587 475 2985 544 comperimus;
3036 479 3192 548 quod'
3228 481 3459 552 scilicet,

217 544 522 600 ficationem
568 554 624 601 et
671 547 841 612 verbi,
891 548 1124 607 fideliter
1175 563 1390 610 oratum
1447 557 1789 613 venientibus

215 633 462 688 oblinere
487 643 665 704 potest
692 651 721 690 a
743 638 981 706 peccatis
1005 641 1436 698 absolutionem?
1464 645 1574 701 Nec
1605 647 1790 701 incon-

215 737 341 792 grue
390 722 556 777 etiam
607 725 876 780 revelante
921 727 1032 784 Deo
1073 732 1360 800 praedictus
1401 733 1674 790 solitarius
1721 735 1789 791 de

213 813 386 868 studio
412 823 473 868 et
496 812 732 870 efﬁcacia
761 815 990 872 fratrum
1017 817 1257 888 ejusdem
1296 825 1609 880 monasterii
1640 825 1787 881 circa

211 904 411 960 cultum
459 915 513 961 et
551 905 1042 979 frequentationem
1098 903 1564 971 sacramentorum
1594 959 1610 983 ,
1666 934 1788 990 quae

210 1010 364 1064 supra
399 997 706 1064 retulimus,
735 999 819 1055 vel
851 1001 1001 1067 vidit,
1032 1003 1118 1058 vel
1146 1002 1364 1073 effudit;
1405 1009 1684 1076 quoniam,
1724 1018 1786 1065 ut

211 1085 303 1154 ipsi
343 1087 742 1156 perspeximus,
798 1105 913 1146 mos
971 1101 1087 1147 erat
1150 1093 1320 1164 ipsius
1365 1096 1599 1152 emnobii
1645 1108 1708 1157 ut
1754 1114 1785 1154 a

206 1173 373 1245 prima
395 1189 593 1230 aurora
618 1192 788 1247 usque
810 1178 864 1233 in
889 1180 1078 1235 horam
1103 1184 1332 1252 prandii,
1354 1195 1575 1255 propter
1600 1201 1783 1243 sacer-

208 1265 384 1319 dotum
417 1267 658 1336 copiam,
696 1269 950 1326 continua
995 1271 1284 1328 missarum
1321 1275 1616 1332 celebratio
1660 1293 1787 1348 pro-

207 1357 534 1412 tralieretur.
565 1358 699 1426 Quae
731 1369 840 1415 tam
875 1362 1036 1434 digne
1061 1379 1126 1420 ac
1169 1377 1479 1424 reverenter
1510 1368 1693 1436 fiebat,
1727 1381 1785 1426 nt

207 1448 373 1516 magis
401 1449 650 1520 angelica
690 1467 854 1521 quam
904 1455 1138 1510 humana
1173 1459 1436 1517 exbibitio
1477 1471 1780 1533 putaretur.

208 1537 352 1594 Uade
399 1555 502 1594 nec
557 1535 881 1599 laudabilem
931 1555 984 1601 et
1030 1548 1346 1606 imitandam
1395 1568 1582 1610 eorum
1633 1557 1782 1614 circa

203 1630 392 1686 fratres
427 1632 718 1689 defunctos
738 1637 1036 1707 antiquitus
1065 1640 1412 1699 observatam
1435 1649 1783 1704 consuetudi-

203 1737 316 1775 nem
363 1725 804 1791 praatereundam
857 1742 1158 1786 censemus.
1211 1731 1345 1788 Cum
1393 1736 1536 1791 enim
1586 1737 1782 1808 aliquis

202 1810 424 1868 fratrum
469 1828 643 1884 nuper
673 1816 919 1884 obiisset,
951 1819 1232 1877 confessor
1273 1823 1388 1892 ejus
1419 1826 1472 1880 in
1503 1829 1778 1884 communi

202 1915 353 1971 super
383 1903 592 1958 indicta
635 1906 954 1974 pcenitentia
1000 1910 1393 1981 inquirebatur,
1436 1932 1542 1986 qua
1574 1919 1776 1985 audita,

200 1993 329 2045 mira
383 1996 772 2064 compassione
816 1997 1032 2056 videres
1080 2005 1375 2059 cunctatim
1427 2021 1455 2059 a
1517 2008 1779 2065 fratribus

203 2081 381 2139 fratris
416 2101 559 2141 onus
589 2087 794 2158 suscipi
823 2108 838 2144 :
870 2091 956 2146 hic
983 2092 1218 2163 psalmos
1279 2095 1369 2152 ille
1398 2099 1591 2154 missas
1643 2100 1779 2158 alius

193 2171 411 2241 jejunis,
443 2177 694 2248 aliusque
723 2180 1033 2252 disciplinas
1065 2184 1349 2241 verberum
1382 2190 1481 2245 sibi
1509 2191 1772 2262 rapiebat.

199 2265 517 2336 lmplebatur
544 2270 794 2340 profecto
824 2275 962 2330 miro
991 2278 1181 2334 ordine
1215 2283 1569 2351 apostolicum
1601 2286 1728 2341 illud
1762 2307 1773 2341 :

202 2376 219 2409 t
250 2359 405 2414 Alter
444 2362 672 2418 alterius
714 2379 876 2420 onera
907 2378 1121 2438 portate
1154 2369 1298 2440 (Cat.
1344 2389 1418 2440 vi,
1445 2375 1522 2446 ἓ).
1570 2396 1588 2430 ι
1627 2376 1779 2434 Tunc

199 2451 428 2522 denique
479 2464 810 2511 exoneratus
857 2457 1144 2516 defunctus
1199 2464 1265 2518 ab
1313 2463 1563 2534 imposita
1613 2470 1776 2524 satis-

199 2543 428 2600 factione
471 2546 826 2614 ptenitentiaa,
871 2549 1027 2616 liber,
1074 2562 1132 2607 ut
1177 2555 1471 2622 credimus,
1517 2560 1779 2615 transibat

199 2637 256 2688 ad
305 2637 580 2705 requiem,
638 2647 696 2694 et
738 2651 1040 2699 conventus
1080 2649 1470 2718 assequebatur
1515 2652 1772 2722 gratiam.

197 2725 382 2788 Amen.

258 2819 310 2874 2.
350 2820 529 2891 Hujus
557 2825 726 2880 etiam
757 2829 989 2884 coanobii
1019 2831 1206 2898 abbas,
1245 2835 1467 2890 nomine
1495 2836 1778 2894 Bartholo—
1804 2815 1814 2826 .

200 2925 378 2978 nimus,
425 2915 655 2982 privatis
699 2919 1034 2976 orationibus
1095 2923 1430 2994 frequentius
1473 2927 1774 2986 insistebat.

199 2998 283 3054 Cui
308 3003 604 3072 aliquando
623 3007 679 3062 in
701 3011 946 3063 oratione
974 3012 1147 3080 posito
1169 3013 1274 3070 duo
1292 3016 1507 3086 fratres,
1541 3021 1631 3090 qui
1659 3020 1777 3091 ejus

1890 558 2015 614 dum
2043 560 2164 630 quis
2205 577 2392 618 eorum
2431 563 2485 618 in
2516 567 2773 622 extremis
2814 569 2942 639 agit,
2990 585 3178 627 omnes
3212 576 3463 632 omnibus

1889 650 2119 719 negotiis
2183 651 2510 710 intermissis
2560 666 2855 711 accurrunt
2909 673 2923 711 :
2983 673 3089 714 non
3144 665 3462 721 comedendi

1889 742 2139 806 aviditas,
2168 760 2274 800 non
2303 746 2606 802 dormiendi
2638 749 2954 815 necessitas,
2979 766 3087 806 non
3118 753 3212 808 Dei
3237 754 3465 812 familia-

1889 833 1966 889 ris
2019 837 2342 906 occupatio,
2400 854 2508 894 non
2558 839 2788 910 publicre
2833 841 3084 898 utilitatis
3136 845 3465 917 dispensatio

1887 932 2089 993 quanta
2132 936 2333 996 quanta
2360 968 2375 994 ,
2420 929 2642 984 omnino
2690 930 2775 984 vel
2825 942 3041 988 revocat
3087 934 3172 990 vel
3225 937 3469 994 retardat

1887 1017 2176 1086 quominus
2201 1020 2527 1076 conveniant
2559 1023 2795 1080 universi
2831 1033 2884 1080 et
2914 1026 3109 1098 singuli
3147 1028 3214 1084 ad
3240 1028 3464 1086 ferenda

1887 1109 2161 1181 suffragia.
2183 1112 2355 1168 Porro
2385 1129 2544 1169 nemo
2566 1129 2766 1171 vacuus
2787 1116 2870 1171 vel
2893 1118 3142 1175 manibus
3165 1121 3343 1186 nudis,
3368 1123 3466 1177 sed

1887 1203 2082 1258 armati
2131 1218 2320 1260 omnes
2372 1205 2680 1262 accelerant
2743 1207 2809 1262 ad
2869 1209 3150 1267 morientis
3218 1211 3460 1279 tutelam,

1887 1294 2058 1349 armis
2098 1293 2315 1364 quidem
2364 1294 2510 1362 fidei,
2559 1306 2614 1352 et
2661 1296 2838 1368 gladio
2882 1301 3135 1370 spiritus,
3188 1302 3331 1372 quod
3377 1312 3464 1358 est

1885 1386 2108 1441 verbum
2137 1386 2252 1442 Dei.
2288 1385 2385 1444 Ubi
2415 1388 2559 1442 enim
2580 1388 2789 1458 signum
2819 1400 3076 1448 extremae
3106 1392 3248 1448 illius
3271 1408 3464 1450 neces-

1887 1474 2063 1529 sitatis
2092 1476 2335 1531 auditum
2378 1476 2568 1544 fuerit,
2611 1478 2795 1534 statim
2845 1480 3151 1550 symbolum
3176 1481 3459 1540 catholica:

1886 1565 2008 1620 tilei
2037 1566 2088 1621 in
2118 1582 2349 1637 persona
2379 1568 2657 1625 morientis
2690 1585 2880 1626 omnes
2906 1571 3197 1641 incipiunt,
3225 1573 3275 1628 ei
3306 1573 3467 1630 δοίη-κ

1885 1669 1966 1714 cet
1993 1660 2335 1729 perliibentes
2358 1662 2725 1719 teStimonium
2751 1666 2894 1734 quod
2920 1665 2972 1721 in
2995 1666 3097 1722 bac
3122 1669 3224 1723 fide
3246 1668 3478 1734 vixerit,,

1884 1761 1938 1805 et
1963 1751 2015 1805 in
2043 1751 2143 1806 hac
2169 1751 2274 1806 fide
2296 1767 2326 1806 a
2357 1766 2583 1823 corpore
2611 1754 2839 1809 discedit
2869 1772 2882 1808 :
2915 1771 2984 1810 ne
3006 1754 3258 1812 videlicet
3285 1756 3461 1812 hostis

1883 1843 2138 1910 antiquus
2167 1842 2234 1896 ad
2267 1841 2580 1898 Creatorem
2615 1859 2769 1898 suum
2808 1846 3099 1900 revertenti
3131 1847 3327 1902 audeat
3362 1861 3460 1902 oc-

1882 1945 2128 1996 cursare,
2170 1931 2257 1986 cui
2301 1931 2452 1986 audit
2499 1933 2622 1987 fidei
2656 1934 3020 1990 testimonium
3051 1935 3287 2006 undique
3316 1951 3463 1992 reso-

1882 2038 2034 2078 nare.
2073 2022 2228 2090 Quod
2252 2038 2414 2094 quam
2443 2025 2733 2082 salubriter
2754 2027 2824 2084 sit
2858 2027 3161 2083 institutum
3191 2029 3244 2082 in
3276 2042 3462 2084 cuino-

1880 2111 1970 2168 bio
1998 2111 2219 2181 Majoris
2246 2113 2574 2180 Monasterii,
2602 2113 2835 2171 evidenti
2869 2114 3072 2176 indicio
3103 2115 3353 2185 dignatus
3377 2125 3462 2172 est

1881 2202 2142 2258 Dominus
2181 2204 2486 2258 ostendere.
2528 2203 2793 2270 Quoniam
2842 2203 2969 2258 dum
3011 2204 3233 2273 quidam
3284 2203 3457 2261 frater

1881 2303 2063 2364 ageret
2090 2295 2143 2348 in
2168 2295 2450 2358 extremis,
2475 2311 2572 2365 pro
2597 2295 2823 2354 solemni
2850 2310 3001 2362 more
3026 2296 3170 2353 illius
3196 2296 3476 2368 ecclesiae,”

1879 2386 2118 2442 nonnulli
2145 2403 2210 2442 ex
2237 2387 2498 2442 fratribus
2532 2388 2957 2442 circumstabant
2986 2388 3184 2442 lectum
3216 2390 3454 2450 morien-

1883 2477 1972 2543 tis,
1998 2476 2249 2546 precibus
2282 2485 2338 2531 et
2377 2476 2713 2534 orationibus
2747 2477 2862 2547 ejus
2891 2476 3097 2532 exitum
3130 2479 3468 2544 munientes.

1885 2569 2052 2627 Unius
2080 2570 2262 2640 itaque
2286 2569 2455 2640 aperti
2479 2568 2784 2636 suntoculi,
2815 2579 2864 2626 et
2892 2584 3016 2628 ecce
3043 2569 3170 2632 vidit
3201 2571 3474 2640 angelum.

1879 2659 2092 2715 Domini
2123 2661 2448 2715 residentem
2479 2660 2544 2715 ad
2573 2660 2818 2737 altareet
2843 2660 3028 2717 fratris
3050 2663 3286 2717 animam
3315 2678 3454 2734 pra:-

1881 2751 2171 2806 stolantem
2227 2769 2240 2804 :
2291 2751 2427 2806 vidit
2463 2761 2517 2807 et
2564 2751 2831 2806 diabolum
2884 2768 3048 2824 prope
3077 2754 3371 2821 assistere,
3402 2763 3461 2810 ut

1881 2843 2076 2899 animae
2100 2844 2322 2900 exeunti
2366 2843 2520 2899 fieret
2562 2844 2967 2914 impedimento.
3012 2846 3209 2904 Anima
3241 2860 3458 2918 quoque

1882 2934 2069 2990 fratris
2102 2936 2168 2990 de
2195 2949 2422 3005 corpore
2456 2950 2692 3006 egressa,
2739 2935 2792 2990 in
2831 2936 3010 3005 specie
3053 2936 3303 2994 infantuli
3345 2938 3458 2999 visa

1879 3035 1965 3083 est
1991 3041 2155 3098 super
2183 3027 2456 3098 proprium
2493 3043 2690 3098 corpus
2727 3029 3012 3095 resedisse,
3050 3038 3107 3086 et
3151 3029 3310 3102 quasi
3348 3040 3457 3090 tre-

202 3101 433 3165 tempore
469 3098 741 3164 obierant,
773 3102 1059 3158 visibiliter
1095 3117 1419 3176 apparentes
1461 3112 1715 3170 dixerunt
1759 3133 1773 3169 :
1807 3142 1852 3205 ο
1884 3118 2150 3178 mebunda
2175 3117 2392 3190 maligni
2423 3118 2715 3173 formidare
2737 3119 3101 3188 praesentiam.
3125 3098 3262 3175 Tum
3279 3121 3460 3177 subito

205 3202 221 3234 ι
263 3185 410 3241 Bene
440 3190 681 3260 quidem,
713 3191 891 3258 Pater,
927 3205 1035 3250 tam
1071 3214 1170 3268 pro
1213 3208 1265 3256 te
1293 3213 1455 3271 quam
1487 3221 1585 3274 pro
1613 3222 1769 3277 grege

202 3281 484 3336 commisso
519 3283 574 3337 in
609 3284 820 3340 orando
865 3288 1176 3356 pervigiles,
1224 3293 1316 3347 sed
1358 3295 1593 3350 noveris-
1613 3298 1776 3352 etiam

201 3370 532 3426 correctione
583 3375 854 3442 agendum
903 3377 1048 3433 circa
1092 3395 1204 3434 eos.
1266 3380 1405 3437 Sunt
1448 3385 1593 3438 enim
1639 3387 1771 3442 inter

203 3459 330 3525 illos,
365 3463 458 3530 qui
494 3478 594 3533 pro
619 3463 881 3523 fratribus
909 3470 1023 3524 suis
1053 3470 1325 3528 defunctis
1360 3491 1465 3529 non
1501 3477 1635 3532 satis
1672 3477 1776 3533 sol-

205 3549 322 3607 liciti
354 3565 502 3623 sunt,
532 3558 623 3612 ille
645 3558 854 3614 scilicet
875 3568 928 3614 et
951 3560 1060 3626 ille,
1088 3571 1142 3616 et
1169 3565 1586 3620 nominaverunt
1614 3584 1779 3637 quos-

205 3642 334 3698 dam.
369 3647 486 3717 Age
516 3664 670 3719 ergo,
703 3657 758 3705 et
791 3651 843 3704 in
885 3654 1156 3707 communi
1189 3665 1460 3713 conventu
1488 3673 1649 3727 super
1680 3660 1776 3714 de-

204 3733 390 3794 functis
435 3743 773 3798 mentionem
827 3744 1054 3814 faciens,
1108 3748 1389 3805 universos
1432 3759 1487 3805 et
1534 3753 1778 3823 singulos

206 3829 483 3884 cxhortare
533 3849 600 3888 ne
641 3833 984 3890 dissimulent
1024 3850 1159 3892 neve
1201 3837 1452 3894 differant
1513 3841 1776 3897 fratribus

205 3920 303 3974 suis
333 3922 605 3979 defunctis
655 3927 948 3981 constituta
982 3944 1010 3982 a
1058 3931 1263 3985 sanctis
1299 3931 1548 3987 Patribus
1593 3935 1776 3990 debita

205 4015 520 4080 persolvere.
558 4017 672 4074 lloc
697 4020 843 4073 enim
875 4022 968 4077 tibi
995 4023 1225 4077 dicimus
1258 4024 1310 4078 in
1348 4025 1512 4081 verbo
1540 4026 1776 4096 Domini,

208 4105 317 4172 quia
343 4109 436 4176 qui
480 4109 744 4164 fratribus
772 4113 885 4166 suis
917 4113 1041 4167 dum
1074 4115 1203 4168 vivit
1241 4131 1343 4170 non
1379 4118 1606 4173 exsolvit
1635 4121 1780 4189 quod

209 4197 374 4264 debet,
423 4202 568 4270 quod
601 4202 651 4254 ei
689 4201 944 4257 defuncto
973 4205 1040 4258 ab
1069 4205 1193 4258 aliis
1221 4207 1551 4275 exsolvetur,
1583 4226 1688 4266 non
1722 4213 1776 4266 in

209 4302 345 4343 suam
377 4292 569 4362 ipsius,
606 4293 702 4348 sed
741 4295 795 4348 in
818 4309 1004 4350 eorum
1037 4297 1284 4366 proficiet
1313 4299 1619 4367 utilitatem,
1654 4303 1777 4371 qui-

209 4378 296 4436 bus
328 4397 427 4452 per
467 4400 621 4440 suam
659 4385 1046 4456 negligentiam
1081 4373 1294 4444 tenetur
1323 4389 1610 4446 obnoxius.
1655 4392 1781 4448 lllos

1884 3225 1988 3265 vox
2015 3216 2312 3265 conventus
2333 3209 2672 3268 advenientis
2702 3211 2942 3277 auditur,
2973 3210 3326 3266 clamantium
3358 3227 3459 3282 pro

1883 3303 2052 3358 fratre
2080 3311 2135 3357 et
2159 3300 2452 3358 dicentium
2484 3317 2496 3354 :
2532 3298 2700 3354 Credo
2726 3302 2780 3354 in
2811 3317 2970 3354 unum
2996 3300 3185 3354 Deum.
3215 3302 3298 3357 Ad
3322 3318 3460 3372 qun-

1884 3407 2002 3446 rum
2037 3390 2406 3448 testimonium
2444 3388 2703 3445 confusus
2731 3389 2899 3446 hostis
2925 3392 3208 3456 abscessit,
3246 3401 3301 3447 et
3332 3407 3458 3448 san-

1881 3493 2001 3539 ctus
2036 3482 2260 3556 angelus
2303 3481 2368 3534 ad
2404 3497 2591 3538 vocem
2626 3482 2864 3538 cantoris
2899 3483 3302 3552 responsorium
3336 3499 3456 3554 pro-

1882 3577 2184 3630 nuntiantis
2225 3593 2236 3628 :
2272 3572 2565 3639 Subvenite,
2596 3576 2764 3628 sancti
2806 3573 2935 3639 Dei;
2975 3575 3247 3637 occurrite,
3289 3575 3464 3661 angeli

1882 3666 2132 3732 Domini;
2169 3667 2498 3736 praevidente
2539 3680 2604 3720 eo
2650 3667 2736 3720 cui
2788 3666 3047 3721 divinitus
3083 3667 3262 3720 luerat
3306 3679 3460 3721 reve-

1882 3759 2075 3825 latum,
2112 3759 2350 3814 animam
2391 3757 2576 3812 fratris
2628 3757 2926 3828 suscipiens
2967 3757 3020 3812 in
3063 3756 3262 3812 coelum
3294 3771 3463 3828 usque

1883 3849 2126 3905 deduxit.

1952 3943 2004 3997 4.
2049 3942 2178 3996 Erat
2223 3944 2275 3997 in
2316 3943 2505 3999 eodem
2537 3942 2787 3999 cmuobio
2825 3941 2906 3996 vir
2940 3940 3245 4012 religiosus,
3280 3938 3460 3994 llilde-

1882 4034 2121 4088 brantlus
2162 4033 2236 4104 (l)
2279 4033 2518 4099 nomine,
2553 4035 2638 4088 cui
2684 4048 2782 4104 pro
2831 4032 2958 4088 vita:
2997 4047 3110 4092 sua:
3155 4031 3352 4091 merito,
3391 4031 3460 4086 ab

1883 4125 2077 4178 abbate
2113 4133 2512 4179 sacramentum
2549 4124 2906 4179 confessionis
2945 4122 3294 4178 commissum
3345 4121 3462 4176 fue-

1885 4225 1987 4269 rat.
2023 4214 2250 4282 Quidam
2281 4223 2462 4270 autem
2490 4214 2555 4268 de
2583 4214 2840 4268 fratribus
2867 4213 2934 4267 ad
2961 4220 3204 4267 extrema
3234 4212 3459 4266 veniens

1883 4305 2195 4374 supradicto
2225 4304 2476 4375 religioso
2509 4305 2855 4360 conscientiae
2878 4318 2988 4358 suae
3016 4300 3273 4372 patefecit
3302 4316 3458 4355 area-

1886 4413 2037 4462 num,
2079 4404 2133 4450 et
2162 4396 2235 4450 ita
2265 4395 2497 4450 decessit
2530 4411 2559 4449 e
2593 4395 2723 4449 vita.
2756 4393 2882 4449 Post
2912 4407 3016 4446 non
3049 4390 3243 4444 multos
3277 4399 3456 4444 autem

211 4481 370 4528 autem
399 4489 536 4544 quos
571 4477 898 4531 nominatim
938 4481 1327 4548 expressimus,
1362 4482 1614 4547 privatim
1646 4499 1778 4539 con-
1805 4499 1856 4558 ι)
1883 4490 2014 4552 dies,
2045 4489 2232 4544 media:
2258 4489 2432 4542 noctis
2457 4487 2768 4550 libramine,
2794 4481 3194 4555 quiescentibus
3217 4481 3282 4536 de
3309 4495 3457 4535 more

212 4567 396 4630 venies,
433 4568 737 4638 duriusque
776 4569 1085 4640 increpabis
1113 4574 1179 4627 ad
1210 4575 1678 4641 emendationem,
1709 4578 1777 4633 de

211 4664 389 4709 (λειειό
427 4657 805 4712 admonitione
845 4662 1048 4728 pariter
1080 4673 1134 4716 et
1183 4678 1452 4733 praecepto
1491 4680 1584 4720 eos
1623 4667 1781 4721 insti-

214 4751 376 4810 tuens;
401 4749 544 4816 quod
571 4750 618 4802 si
650 4749 1011 4818 neglexerint,
1041 4753 1368 4807 horrendum
1393 4754 1494 4808 sibi
1528 4757 1780 4812 noverint

215 4834 781 4907 imminerejudiciutn.
815 4861 832 4892 ›
861 4841 955 4895 llis
979 4843 1136 4897 dictis
1160 4844 1563 4914 disparuerunt.
1594 4847 1778 4903 Abbas

216 4939 374 4984 autem
415 4931 684 4987 sollicitus
724 4931 964 5000 injuncta
994 4935 1095 4989 sibi
1119 4938 1470 5006 exsequitur;
1508 4941 1778 5010 negligen-

217 5028 284 5075 tes
321 5033 543 5080 eatenus
595 5028 664 5082 ad
713 5027 980 5098 cautelam
1021 5030 1296 5100 evigilant,
1354 5031 1482 5087 boni
1525 5034 1777 5089 meliores

219 5113 512 5172 redduntur.

1885 4582 2141 4636 fratribus
2165 4582 2218 4635 in
2248 4581 2479 4646 lectulis,
2508 4595 2634 4634 ecce
2663 4578 2834 4638 frater
2867 4575 2956 4628 ille
2991 4574 3081 4644 qui
3113 4588 3283 4642 nuper
3309 4573 3458 4626 obie-

1884 4681 1984 4735 rat,
2040 4688 2202 4742 super
2250 4672 2447 4727 lectum
2497 4669 2788 4724 llildeberti
2843 4666 3112 4737 vigilantis
3162 4665 3354 4729 astitit,
3408 4675 3476 4725 et,

1883 4763 2094 4832 ninguis
2134 4777 2254 4817 cum
2295 4761 2517 4816 vocibus
2561 4761 2723 4828 cmpit
2758 4757 3075 4824 inclamare,
3109 4756 3334 4811 dicens:
3362 4774 3379 4805 ι
3416 4755 3458 4808 Ο

1883 4853 2043 4908 Pater
2074 4853 2403 4919 l‘lildebertc,
2439 4855 2556 4919 tibi,
2595 4852 2747 4923 quasi
2774 4849 2974 4906 Christi
3011 4849 3214 4904 vicario
3238 4858 3465 4917 peccata

1886 4963 2004 5004 mea
2033 4948 2333 5012 confessus,
2358 4948 2653 5003 secundum
2679 4947 2836 5000 fidem
2863 4944 3118 4999 Ecclesiae
3145 4958 3230 4997 me
3257 4940 3484 4996 salvum.

1887 5043 1957 5096 ab
1984 5041 2062 5096 eis
2092 5040 2412 5104 credebam;
2446 5050 2502 5094 et
2540 5053 2665 5094 ecce
2696 5039 2966 5093 daemones
2993 5050 3184 5106 poenas
3214 5047 3401 5088 eorum
3434 5048 3490 5094 ag

1886 5148 1973 5188 me
2007 5133 2318 5186 terribiliter
2342 5131 2588 5192 exigunt.
2627 5149 2645 5181 ›
2695 5131 2760 5184 Et
2789 5129 2878 5184 ille
2925 5147 2938 5182 :
2983 5146 3002 5180 ι
3050 5125 3118 5187 Et
3161 5125 3326 5189 mihi,
3368 5123 3491 5188 ait,
