4018 5330
505 319 614 376 £07

1559 321 1903 388 APPEN-DIX
1948 324 2039 388 AD
2078 323 2139 378 B.
2174 321 2787 390 BARTHOLOMIEUM.

3655 315 3762 391 tos

507 447 562 492 et
591 438 660 491 ab
692 434 929 490 hostium
961 435 1210 492 manibus
1246 435 1384 492 liber
1412 437 1604 492 evasit.
1643 437 1700 491 ln
1733 453 1840 508 quo
1871 437 2082 493 scilicet
2109 439 2158 496 Δ
2186 435 2416 501 caeteris,
2469 443 2697 496 stratum
2746 433 2864 504 ejus
2910 431 3230 494 ascendens,
3275 435 3392 494 toto
3433 441 3495 482 se
3531 441 3767 496 corpore

509 524 655 578 facto
688 524 827 577 Deus
855 523 1010 577 nobis
1055 533 1111 578 et
1152 523 1354 580 inimici
1395 538 1522 594 erga
1559 541 1659 581 nos
1698 525 1985 593 malitiam,
2029 535 2084 581 et

508 624 708 668 sanctae
740 612 1100 670 confessionis
1125 616 1382 671 virtutem
1412 617 1832 687 iusuperabilcm
1862 617 2083 674 demou-

508 706 718 762 stravit.

581 794 632 849 5.
675 793 966 864 Presbyter
992 795 1214 864 quidam
1245 796 1520 851 Stecularis
1551 797 1602 852 in
1634 800 1887 857 cmnobio
1914 798 2083 870 Majo-

509 885 586 938 ris
630 872 939 939 menasterii
979 877 1301 958 monachum
1335 887 1614 958 professus
1641 892 1895 946 sarculum
1929 893 2086 948 dere-

510 973 712 1039 liquit;
761 975 872 1044 qui,
922 977 1186 1045 susceptis
1237 979 1644 1034 monachalibus
1700 983 2082 1048 sacramentis,

511 1063 636 1116 dum
672 1064 898 1131 quadam
939 1065 1023 1117 die
1053 1065 1104 1118 in
1134 1065 1293 1119 domo
1326 1065 1666 1121 inﬁrmorum
1695 1068 1893 1127 lectulo
1922 1071 2084 1126 decu-

509 1154 684 1217 baret,
739 1152 960 1211 lratrem
1004 1157 1070 1211 ad
1113 1172 1172 1212 se
1215 1167 1373 1214 vocat
1412 1161 1498 1214 cui
1541 1161 1724 1215 talium
1772 1179 1900 1218 cura
1938 1179 2086 1231 come

511 1244 672 1297 missa
719 1254 858 1310 erat,
899 1256 951 1300 et
989 1247 1065 1300 ait
1103 1247 1169 1301 ad
1209 1263 1332 1302 eum
1373 1266 1386 1302 :
1433 1269 1450 1300 ι
1497 1249 1784 1306 Dominum
1833 1252 2084 1309 abbatem

508 1339 762 1398 exhibete
803 1340 957 1405 mihi,
993 1340 1118 1410 quia
1163 1342 1402 1412 pristinae
1442 1345 1874 1399 conversationis
1903 1346 2081 1416 aliqua

511 1429 682 1500 ipsam
715 1431 783 1487 ad
814 1431 1133 1484 memoriam
1178 1432 1389 1496 reduxi,
1430 1449 1548 1502 quae
1585 1434 1659 1488 illi
1707 1436 1949 1495 confiteri
1989 1437 2088 1490 Ita-

513 1519 686 1571 beam.
738 1538 756 1570 ι
811 1520 907 1575 Cui
960 1519 1096 1574 ille:
1161 1538 1180 1570 ‹
1235 1520 1537 1586 Meridiani,
1588 1523 1781 1592 inquit,
1829 1524 2085 1594 temporis

511 1619 704 1660 somno
733 1623 831 1676 pro
870 1623 1018 1662 more
1049 1607 1273 1682 solemni
1313 1609 1565 1664 dominus
1590 1611 1756 1665 abbas
1788 1623 2084 1668 nocturnas

510 1698 669 1753 modo
709 1709 1083 1768 recompensat
1120 1701 1352 1771 vigilias,
1383 1716 1483 1757 nec
1512 1704 1799 1774 quisquam
1828 1721 1951 1760 eum
1998 1707 2086 1774 his

2185 539 2347 594 super
2370 539 2494 580 cum
2521 525 2784 588 extendit,
2818 525 2892 578 ita
2931 532 2990 576 ut
3031 519 3194 576 etiam
3233 534 3298 574 os
3337 533 3498 584 suum
3526 518 3614 572 uri
3651 517 3769 587 ejus

2185 616 2500 686 applicaret.
2538 615 2631 670 llle
2672 629 2798 671 vero
2827 629 2951 670 eum
2987 627 3098 683 prae
3125 611 3365 680 pondere
3395 609 3769 664 incumbentis

2185 719 2242 759 sc
2267 689 2484 760 movere
2513 704 2728 774 penitus
2763 719 2868 758 non
2907 708 3114 773 posset,
3145 701 3288 771 quod
3320 700 3491 770 potuit
3523 698 3678 761 fecit,
3711 705 3769 764 et

2185 803 2400 864 sputum
2432 795 2498 849 de
2524 809 2618 850 ore
2647 808 2748 860 suo,
2781 794 2834 848 in
2861 793 3056 862 faciem
3082 791 3344 849 daemonis
3371 805 3430 846 se
3457 789 3770 860 prementis

2186 882 2388 953 injecit.
2421 883 2572 952 Quod
2600 884 2845 951 diabolus
2876 899 2980 949 non
3009 883 3210 946 ferens,
3245 893 3394 938 retro
3419 881 3680 944 resilivit,
3716 889 3771 935 et

2186 979 2338 1047 quasi
2382 978 2658 1048 propriam
2703 976 2892 1032 volens
2939 975 3128 1038 ulcisci
3172 974 3448 1046 injuriam,
3501 973 3570 1028 ad
3618 981 3774 1040 artes

2187 1067 2408 1121 callidas
2447 1081 2505 1121 se
2534 1065 2820 1121 convertit.
2859 1065 3099 1136 Denique
3128 1080 3312 1120 eorum
3349 1078 3420 1118 eo
3455 1061 3673 1133 argenti
3712 1069 3770 1118 et

2187 1156 2302 1214 auri
2337 1157 2574 1228 pondera
2605 1157 2886 1223 immensa,
2916 1167 3199 1226 vestesque
3233 1155 3497 1224 pretiosas
3519 1153 3771 1224 exponit,

2187 1249 2380 1304 choros
2405 1249 2723 1318 puellarum,
2746 1249 3104 1319 equitantium
3132 1249 3426 1302 viventium
3457 1261 3687 1313 cuneos,
3713 1255 3773 1299 ttt

2187 1353 2325 1410 quos
2361 1339 2523 1393 etiam
2565 1337 2894 1407 agnoscebat
2925 1338 3027 1393 sibi
3070 1337 3252 1398 videre
3290 1337 3588 1391 videretur.
3621 1336 3775 1390 Inter

2189 1442 2308 1496 quae
2361 1427 2514 1496 quasi
2567 1427 2846 1486 exsultans
2890 1425 3157 1503 diabolus,
3213 1425 3396 1489 aiebat
3446 1423 3513 1490 ad
3571 1438 3699 1479 eum
3755 1441 3770 1477 :

2193 1533 2210 1566 ι
2265 1515 2423 1581 Ecce,
2467 1517 2655 1578 miser,
2684 1516 2853 1585 gloria
2897 1530 3060 1584 quam
3090 1515 3352 1585 reliquisti
3383 1522 3511 1568 ante
3555 1523 3779 1584 tempus

2190 1607 2552 1670 miseriarum,
2600 1608 2909 1677 spontaneis
2960 1617 3011 1662 te
3054 1607 3290 1662 subdens
3334 1606 3591 1670 miseriis,
3644 1622 3771 1660 cum

2191 1699 2306 1753 istis
2342 1708 2556 1768 poteras
2596 1701 2774 1754 adhuc
2814 1699 3028 1763 ﬂorere,
3064 1697 3108 1762 si
3155 1707 3341 1752 nostra
3387 1696 3616 1772 consilia
3664 1712 3773 1752 non

513 1787 665 1841 horis
690 1787 926 1842 excitare
957 1791 1119 1858 audet
1153 1807 1166 1842 :
1212 1805 1365 1843 nonre
1406 1806 1536 1846 vero
1585 1793 1733 1846 horae
1777 1794 1930 1861 signo
1972 1795 2082 1864 pttl-
2125 1775 2164 1831 Β
2194 1777 2510 1859 sprevisscs.
2559 1809 2580 1841 ι
2631 1788 2700 1846 At
2731 1789 2817 1844 ille
2851 1796 3162 1844 constanter
3204 1797 3423 1846 econtra
3480 1787 3777 1855 respondeo

513 1888 651 1943 sato,
683 1879 906 1935 licenter
929 1881 993 1934 ad
1017 1896 1136 1935 eum
1163 1881 1429 1953 iutroiens
1451 1883 1732 1952 adducam.
1767 1904 1783 1936 ι
1816 1885 1882 1938 Ει
1903 1901 2082 1954 teger:

518 1988 537 2025 ‹
571 1969 893 2034 Necessitas,
919 1971 1111 2041 inquit,
1136 1972 1305 2045 legem
1333 1990 1436 2028 non
1471 1960 1660 2040 habet,
1687 1977 1776 2032 sed
1808 1993 1872 2033 ve
1899 1977 1962 2050 [Ῑ.
1997 1978 2086 2050 ne]

514 2061 599 2116 cui
628 2063 806 2132 gravis
846 2063 1095 2126 existant,
1127 2062 1244 2117 loco
1282 2072 1336 2118 et
1369 2065 1486 2120 vice
1520 2064 1655 2133 ejus,
1691 2067 1860 2132 vobis,
1901 2068 1986 2122 cui
2018 2070 2086 2124 ab

517 2165 582 2205 eo
603 2165 718 2228 sum
752 2151 1089 2216 commissus,
1123 2151 1448 2227 confitebor;
1476 2163 1633 2225 urget
1661 2156 1805 2210 cnim
1837 2167 2086 2213 extrema

517 2230 832 2298 necessitas.
881 2263 898 2296 ι
950 2243 1059 2298 Nec
1107 2260 1282 2308 mora,
1326 2261 1468 2316 inger
1509 2247 1574 2302 de
1613 2247 1768 2318 culpa
1817 2250 2087 2319 pmniteus

514 2332 725 2403 cuipam
775 2332 1083 2397 confitetur,
1141 2334 1566 2402 satisfactionem
1629 2338 1730 2401 sibi
1790 2337 2084 2406 injunctam

511 2420 701 2497 devote
741 2422 1113 2500 amplectitur;
1167 2439 1263 2492 pro
1305 2439 1455 2480 more
1497 2427 1822 2481 sacramenti
1863 2443 1892 2480 a
1935 2438 2086 2482 reatu

512 2511 830 2567 absolvitur.
857 2505 1060 2583 llisque
1082 2515 1270 2584 gestis,
1296 2516 1532 2585 ipsisque
1557 2517 1942 2584 residentibus,
1969 2519 2045 2572 ait
2069 2537 2084 2574 :

509 2600 626 2656 Jam
677 2619 818 2657 nunc
851 2619 1090 2674 pugnare
1136 2592 1470 2660 habeo'cum
1525 2592 1966 2662 hostibtts'feris.
2006 2608 2086 2662 Ttt

518 2693 682 2765 igitur
712 2679 976 2764 nusquam
1001 2695 1318 2762 abscedens,
1341 2700 1626 2768 prmsentia
1650 2699 1850 2765 solare,
1884 2701 2086 2756 oratio-

512 2785 672 2837 nibus
701 2801 847 2840 vaca.
877 2786 1062 2855 Neque
1088 2790 1230 2860 enim
1265 2780 1478 2844 visurus
1501 2807 1560 2846 es
1583 2779 1705 2856 cunt
1735 2793 1930 2864 quibus
1953 2810 2089 2866 prae-

513 2874 706 2956 liablor,
743 2876 850 2954 imo
877 2878 1096 2940 horrido
1125 2890 1343 2950 aspectu
1386 2882 1613 2936 formam
1656 2885 1759 2939 sibi
1796 2887 1927 2942 satis
1961 2903 2090 2943 con-

514 2981 728 3034 grtiam,
771 2970 1043 3024 rorvinam
1080 2971 1312 3038 scilicet,
1344 2974 1652 3029 induerunt.
1701 2997 1718 3028 ι
1763 2977 2004 3043 Dixerat,
2036 2988 2091 3034 et

513 3056 691 3124 subito
721 3057 836 3127 ejus
873 3058 1038 3113 facies
1069 3069 1177 3113 tota
1210 3054 1542 3127 immutatur,
1571 3064 1711 3118 oculi
1753 3065 1904 3122 venis
1940 3056 2086 3122 intu-

514 3154 758 3222 ntescunt
804 3149 1134 3222 sanguineis,
1177 3159 1230 3203 et
1278 3151 1475 3205 versati
1516 3153 1809 3209 terribilem
1847 3157 2090 3226 praebent

516 3239 802 3306 intuitum;
847 3257 908 3296 os
935 3240 1218 3296 distortum
1265 3242 1318 3297 in
1359 3254 1539 3312 partes
1575 3253 1794 3316 sp'tnnas
1831 3249 2091 3320 sanguine

519 3331 748 3411 infectas
784 3335 1002 3399 evomit,
1035 3351 1158 3408 cum
1191 3323 1431 3392 membra
1462 3338 1700 3407 ejusdem
1739 3342 1884 3396 nulla
1909 3343 2090 3413 quiete

516 3421 782 3497 fruantur.
811 3423 1016 3479 Interea
1048 3425 1216 3480 frater
1236 3427 1326 3496 qui
1353 3428 1563 3495 aderat,
1591 3430 1756 3500 etrapit
1783 3433 2086 3502 trepidare;

513 3513 635 3590 quis
678 3505 832 3586 enim
871 3531 976 3576 non
1013 3504 1206 3586 paveat
1247 3518 1312 3572 ad
1354 3521 1496 3575 hoc?
1543 3520 1668 3576 Solo
1709 3534 1891 3580 autem
1944 3534 2089 3580 metu

509 3602 744 3656 orationi
781 3604 1098 3672 procubuit;
1136 3615 1354 3677 tamque
1389 3607 1478 3662 diu
1521 3614 1861 3679 protrahitur
1896 3615 2088 3685 agonia

512 3698 817 3766 pugnantis,
857 3699 980 3752 dum
1014 3700 1104 3768 qui
1144 3702 1357 3755 astabat
1390 3714 1595 3771 septem
1639 3690 1875 3773 psalmos
1913 3707 2090 3776 paeni-

516 3776 764 3865 ietttiales
793 3798 845 3841 et
868 3789 1119 3843 letaniatn
1140 3792 1399 3858 expleret.
1425 3784 1684 3862 Tuncque
1707 3799 1921 3850 tandem
1949 3813 2091 3869 aeger

518 3880 677 3954 rediit
707 3881 758 3933 itt
789 3881 1047 3950 seipsum,
1075 3893 1130 3936 et
1165 3884 1266 3937 sibi
1307 3886 1502 3940 astanti
1537 3887 1608 3939 ait
1641 3907 1652 3941 :
1693 3906 1710 3938 ι
1749 3889 1847 3957 En,
1880 3891 2084 3961 inqttit;

514 3969 704 4032 frater,
731 3971 841 4024 Deo
865 3981 1201 4042 protegente,
1228 3974 1409 4030 hostes
1429 3977 1611 4043 evasi;
1638 3987 1714 4044 tu,
1736 3981 1826 4048 qui
1853 3981 1982 4035 mihi
2011 3975 2096 4035 laé’

515 4052 727 4112 boranti
779 4061 932 4130 quasi
969 4049 1305 4118 collaborans
1353 4067 1594 4132 astitisti,
1639 4069 1752 4138 jam
1798 4087 2091 4141 parumper

516 4148 732 4218 indulge
759 4149 944 4218 quieti.
981 4149 1146 4207 Nocte
1182 4154 1326 4208 enim
1362 4156 1662 4214 imminenti
1702 4177 1911 4217 mecum
1952 4143 2088 4232 vigié

514 4241 626 4295 lare
676 4243 858 4306 habes,
904 4243 1210 4301 discessuro
1253 4263 1282 4301 a
1333 4248 1503 4305 vobis.
1551 4243 1572 4302 i
1635 4252 1804 4307 Verba
1843 4254 2090 4322 sequitur

513 4331 755 4401 elfectus,
790 4335 1012 4404 ipsaque
1050 4347 1225 4400 nocte,
1259 4347 1318 4391 ιιι
1347 4335 2034 4407 prtedixerat,‘dissolvitur
2059 4360 2088 4396 a

2189 1877 2317 1933 bat:
2353 1897 2372 1930 ‹
2404 1879 2512 1935 Nos
2541 1895 2752 1949 quoque
2774 1879 3075 1942 floruimus,
3108 1877 3202 1933 sed
3231 1877 3328 1949 llos
3355 1876 3454 1930 fuit
3478 1878 3580 1931 iste
3607 1877 3776 1946 cadu-

2189 1984 2302 2024 cus.
2345 1968 2464 2023 iam
2499 1986 2639 2025 nunc
2668 1971 2811 2025 absit
2845 1970 2975 2026 mihi
3002 1969 3218 2038 gloriari
3249 1969 3349 2024 uisi
3382 1969 3436 2023 in
3469 1983 3635 2023 cruce
3667 1967 3773 2035 Do;-

2191 2062 2318 2114 mini
2364 2063 2536 2118 nostri
2577 2062 2702 2118 Jesu
2752 2063 2992 2119 Christi!
3028 2083 3046 2114 ι
3097 2062 3179 2118 Ad
3229 2063 3343 2122 haec
3387 2061 3554 2118 verba
3614 2061 3779 2122 turba

2189 2151 2493 2205 d:ctuonum
2527 2161 2785 2222 tanquam
2824 2153 3005 2208 fumus
3042 2141 3292 2216 evanuit;
3335 2161 3389 2207 et
3425 2166 3554 2208 ecce
3581 2151 3785 2211 beatus.

2191 2241 2451 2298 Martinus
2476 2243 2874 2312 pontiﬁcalibus
2896 2245 3175 2300 redimitus
3205 2245 3391 2300 infulis
3419 2260 3606 2300 coram
3627 2261 3788 2316 nigro

2189 2334 2487 2389 assistens:
2525 2353 2544 2386 ι
2578 2335 2696 2399 Eia,
2728 2335 2920 2401 frater,
2951 2337 3047 2410 ait,
3083 2337 3394 2410 confutare
3422 2338 3476 2392 in
3518 2339 3780 2403 Domino,

2191 2441 2290 2481 nec
2339 2436 2390 2482 te
2442 2428 2714 2498 decipiant
2765 2429 2973 2484 insidia:
3019 2431 3397 2502 malignorum.
3445 2430 3785 2485 Ceciderunt

2190 2520 2332 2576 enim
2363 2536 2394 2573 a
2439 2520 2607 2586 latere
2651 2530 2762 2584 tuo.
2791 2531 2844 2578 et
2879 2537 2908 2576 a
2941 2523 3148 2578 dextris
3188 2523 3316 2586 tuis,
3351 2523 3590 2592 amplius
3620 2523 3688 2576 ad
3723 2533 3782 2576 te

2191 2626 2296 2664 non
2333 2609 2858 2680 appropinqttalmnt.
2896 2630 2913 2660 ι
2957 2612 3021 2666 Εῑ
3054 2611 3259 2681 addidit
3289 2627 3304 2666 :
3350 2631 3368 2663 ι
3401 2611 3784 2682 Cognoscisne

2191 2701 2486 2767 melQuod
2507 2719 2627 2755 cum
2665 2704 2752 2758 ille
2783 2715 3023 2775 negaret,
3050 2705 3125 2759 ait
3152 2723 3166 2759 :
3204 2724 3222 2756 ‹
3261 2706 3371 2776 Ego
3401 2720 3544 2770 sum,
3574 2705 3786 2782 inquit,

2192 2789 2475 2854 Martinus,
2523 2793 2681 2863 hujus
2730 2793 2834 2849 loci
2887 2805 3033 2850 tutor
3077 2805 3134 2850 et
3161 2797 3425 2867 provisor,
3468 2797 3570 2851 sub
3619 2795 3788 2864 cujus

2194 2882 2451 2936 auxilium
2484 2884 2792 2954 confugisti.
2827 2902 2846 2936 ι
2891 2885 2971 2941 Ad
3001 2901 3163 2957 quam
3202 2901 3388 2942 vocem
3423 2887 3642 2942 enitens
3694 2885 3794 2954 ilic,

2193 2973 2441 3042 prosilire
2469 2973 2534 3028 de
2565 2973 2777 3040 lectulo,
2809 2983 2932 3048 post
2962 2985 3121 3032 tanta:
3146 2976 3372 3031 visionis
3397 2976 3720 3054 abscessum
3751 2991 3785 3030 a

2193 3063 2554 3132 servientibus
2599 3065 2701 3120 sibi
2751 3077 2995 3136 repertus
3037 3075 3120 3122 est
3163 3068 3354 3138 pedem
3402 3067 3673 3133 exterius,
3725 3077 3790 3122 ttt

2195 3156 2365 3210 sancti
2393 3155 2558 3226 pedes
2577 3156 2830 3228 amplecti
2858 3157 3122 3213 voluerat.
3152 3159 3278 3212 Inde
3299 3159 3473 3214 accito
3488 3174 3792 3228 teconomo

2194 3249 2572 3321 decttbantium
2621 3267 2634 3305 :
2687 3268 2705 3300 ι
2759 3249 2961 3316 Sacrae,
3003 3251 3099 3316 ait,
3139 3251 3411 3306 ttuctiouis
3447 3251 3784 3323 mysterium

2195 3341 2322 3398 mihi
2377 3343 2704 3412 quantocius
2752 3343 2994 3398 exhiberi
3042 3343 3295 3414 satagite,
3346 3341 3470 3412 quia
3524 3342 3794 3421 dominus

2195 3450 2346 3488 meus
2387 3433 2652 3490 Martinus
2683 3435 2755 3489 ita
2792 3434 2922 3489 mihi
2966 3423 3242 3503 prmcepit.
3289 3433 3441 3500 Quod
3484 3442 3787 3502 postquam

2195 3542 2505 3595 suscepero,
2536 3527 2602 3581 de
2621 3536 2822 3583 cancro
2849 3541 2943 3592 me
2962 3525 3146 3580 sciatis
3168 3539 3270 3580 nec
3293 3525 3592 3594 quidquam
3625 3524 3792 3599 loena

2196 3623 2369 3668 turum
2400 3630 2499 3669 nec
2531 3615 2806 3684 quidpiam
2839 3624 3202 3684 gustaturum.
3241 3615 3387 3670 Satis
3414 3614 3559 3669 enim
3603 3613 3794 3699 fidelis!

2193 3713 2276 3758 est
2301 3720 2329 3758 a
2361 3720 2467 3774 quo
2493 3705 2606 3760 haec
2643 3706 2845 3760 audivi.
2886 3724 2904 3757 ι
2944 3705 3054 3761 Nec
3093 3721 3266 3772 mora,
3310 3721 3407 3774 pro
3449 3720 3602 3760 more
3651 3705 3790 3759 fide-

2194 3795 2322 3849 lium
2357 3796 2652 3866 inungitur,
2691 3805 2764 3859 et,
2798 3806 2856 3851 ut
2878 3798 3221 3867 pratdixerat,
3258 3797 3496 3866 quandiu
3529 3798 3788 3866 supervi-

2195 3886 2297 3957 xit,
2328 3900 2425 3940 nec
2474 3887 2767 3957 quidquam
2818 3887 3028 3966 loeutus
3077 3897 3182 3955 est,
3229 3903 3331 3944 nec
3367 3887 3646 3958 quidpiam
3685 3905 3791 3959 gu-

2193 3979 2373 4047 stavit.

2263 4069 2316 4123 7.
2357 4069 2415 4123 in
2437 4069 2626 4126 eodem
2654 4071 2906 4126 ccenobio
2934 4086 3070 4141 puer
3091 4072 3308 4142 quidam
3339 4072 3480 4126 intra
3503 4071 3785 4125 decimum

2193 4162 2292 4218 aevi
2324 4177 2546 4229 annum,
2577 4163 2795 4218 nomine
2823 4162 3082 4232 Joannes,
3112 4164 3177 4219 de
3206 4173 3385 4240 castro
3419 4164 3607 4218 Sancti
3637 4162 3789 4216 Mar-

2197 4256 2292 4313 tini
2320 4273 2351 4312 a
2395 4259 2710 4328 parentibus
2751 4259 2992 4330 religioni
3027 4261 3184 4316 datus
3213 4269 3317 4316 est.
3361 4260 3528 4330 Cujus
3568 4261 3623 4315 in
3663 4276 3788 4314 arvo

2190 4351 2386 4422 puerili
2415 4351 2700 4427 maturitas
2730 4354 2956 4407 maturis
2981 4353 3143 4408 etiam
3166 4354 3415 4409 sensibus
3439 4353 3793 4430 admirabilis

513 4441 757 4495 corpore.
804 4427 847 4481 Ο
886 4437 1083 4495 quanta
1127 4427 1220 4482 Dei
1253 4429 1576 4485 clementia!
1626 4448 1730 4502 qua
1770 4435 1822 4488 in
1864 4449 2086 4502 corpore

2198 4427 2332 4499 erat.
2374 4444 2543 4500 Nemo
2589 4461 2712 4501 eum
2765 4446 3060 4501 resolutum
3112 4448 3246 4512 risu,
3291 4462 3452 4502 nemo
3490 4462 3784 4502 censuram

511 4518 689 4584 posito
734 4525 789 4572 et
826 4533 1062 4589 pugnare
1093 4520 1237 4573 dedit
1272 4513 1461 4593 contra
1491 4523 1764 4579 daemones
1795 4525 2087 4591 hominem,

511 4616 566 4663 ct
589 4597 914 4679 pugnantem
940 4612 1157 4666 vincere
1182 4629 1195 4665 :
1224 4623 1282 4667 ut
1305 4623 1358 4667 ct
1389 4613 1568 4668 labore
1600 4631 1790 4687 pugna:
1817 4620 2088 4688 praeterita

511 4711 690 4752 errata
741 4711 1027 4769 purgaret,
1085 4703 1277 4757 animat
1333 4713 1516 4758 autem
1577 4721 1686 4760 suae
1735 4708 2088 4765 absolutionis

518 4792 704 4844 horam
738 4801 916 4844 notam
947 4793 1167 4848 faceret.
1625 4791 1627 4793 ’
1768 4789 1772 4793 ”

580 4865 652 4934 6.
674 4881 781 4933 Per
809 4883 946 4934 idem
979 4883 1087 4936 fere
1119 4894 1326 4953 tempus
1359 4885 1577 4955 qttidattt
1609 4886 1775 4943 laicus
1813 4890 1879 4944 de
1907 4901 2086 4956 castro

511 4973 660 5028 Beati
692 4974 904 5028 Martini
947 4975 1000 5028 in
1027 4976 1217 5030 eodem
1243 4979 1492 5033 coenobio
1525 4995 1842 5047 conversus,
1877 4984 1944 5037 ad
1975 4985 2086 5038 exi-

2194 4539 2396 4594 silentii
2437 4540 2813 4604 excedentem,
2856 4555 3018 4596 nemo
3053 4541 3180 4595 dum
3220 4539 3418 4610 vigilia:
3460 4550 3782 4610 agerentur,

2152 4687 2156 4692 ,
2193 4644 2314 4694 cum
2345 4629 2538 4683 coaevis
2563 4645 2753 4685 somno
2777 4630 2945 4695 vidit,
2975 4639 3034 4685 ut
3058 4630 3226 4685 moris
3248 4639 3352 4695 est,
3384 4629 3780 4698 indulgentem.

2192 4708 2512 4790 ilefulgebat
2569 4722 2623 4776 in
2670 4721 2819 4776 vultu
2866 4723 2983 4791 ejus
3031 4722 3280 4793 quaedam
3333 4737 3456 4778 cum
3506 4720 3786 4791 gravitate

2190 4810 2527 4880 simplicitas,
2556 4812 2781 4883 ejusque
2811 4815 3045 4883 pueriles
3071 4815 3260 4871 oculos
3296 4815 3468 4884 pudor
3511 4814 3785 4868 innocen-

2191 4903 2278 4957 tiae
2298 4901 2637 4968 confovebat,
2669 4911 2728 4958 ut
2757 4905 2811 4958 in
2836 4920 2893 4959 se
2916 4906 3303 4976 aSpieientibus
3328 4906 3512 4960 divino
3533 4904 3780 4973 quodam

2190 4993 2387 5048 intuitu
2438 4995 2731 5064 castigaret
2773 4995 3070 5063 levitatem,
3122 5012 3188 5052 ac
3233 4998 3474 5053 divinum
3523 4995 3782 5050 timerent
