4018 5330
265 290 370 350 409

1037 257 1042 262 ’
1119 289 1206 344 ne
1245 285 1470 344 uenus
1491 283 1736 343 αδετις
1773 271 2130 340 ιΝΜέυοῐιι
2168 279 2470 340 ΜοΝΑετ.
2509 281 2681 338 suae.
2711 281 2798 338 xt.

3427 283 3534 340 MO

263 407 332 464 ad
373 421 436 461 se
463 405 656 460 venire
689 413 862 474 rogat,
893 401 1182 458 conﬁtetur
1211 403 1488 457 humiliter
1523 403 1686 456 cor-.le
1719 417 1851 456 con-
1879 407 1923 464 Α
1955 415 2060 452 non
2109 399 2420 452 incredulus
2465 397 2660 460 existo,
2692 397 2881 452 osculo
2925 405 3116 452 sancto
3142 397 3290 468 pacis
3330 409 3384 456 et
3409 403 3534 460 fidei

265 495 394 551 trito
426 495 494 550 de
531 493 810 558 admissis,
845 492 1276 548 benedictionem
1317 493 1567 548 monachi
1611 491 1850 559 postulat

263 587 516 650 ﬁdeliter,
557 586 756 642 devote
798 584 1043 654 suscipit.
1085 583 1212 638 Inde
1257 585 1554 638 secundum
1601 581 1850 638 traditio-

263 693 386 732 nem
413 677 774 748 apostolicam
807 675 1100 748 inungitur.
1149 675 1268 742 Quo
1311 675 1453 730 facto
1497 673 1724 729 vivificis
1761 689 1850 729 sa-

263 771 560 824 cramentis
595 778 866 834 munitur;
899 776 1012 822 tum
1037 781 1168 822 vero
1189 767 1370 822 crucis
1395 765 1688 820 Dominicte
1713 779 1852 834 pra:-

262 869 482 916 sentato
503 859 607 914 sibi
633 859 850 923 vexillo,
873 857 1008 912 nihil
1023 856 1136 926 jam
1159 857 1438 920 pueriliter
1457 867 1654 928 prtcter
1677 871 1850 913 annos

263 955 316 1008 in
353 955 474 1024 ipso
513 954 790 1024 apparuit.
825 952 1040 1019 Quanta
1077 952 1364 1008 dev0tione
1409 953 1580 1024 ipsam
1625 967 1846 1008 crucem

263 1047 632 1115 amplectitur,
667 1061 831 1116 quam
871 1045 974 1116 piis
1009 1059 1128 1102 eam
1171 1047 1423 1118 lacrymis
1457 1047 1621 1118 rigat,
1651 1047 1848 1117 quibus

261 1136 590 1204 singultibus
619 1137 812 1192 videns
839 1136 1052 1191 Domini
1077 1137 1362 1205 pendentis
1389 1137 1706 1208 imaginem,
1729 1138 1848 1208 ejus

263 1227 502 1296 passioui
529 1227 830 1283 conformis
859 1228 1120 1284 ellleitur!
1155 1228 1252 1283 llis
1289 1230 1354 1286 de
1389 1245 1542 1286 more
1587 1233 1846 1300 peractis,

263 1316 320 1368 in
359 1315 562 1370 lectum
599 1317 842 1386 ponitur,
873 1318 1082 1387 positus
1118 1318 1170 1372 in
1213 1319 1446 1374 ecclesia
1489 1320 1638 1375 Beati
1675 1321 1851 1375 Bene-

261 1407 412 1471 dicti,
443 1416 504 1460 ut
523 1419 608 1462 est
629 1410 966 1464 consuetudo
987 1410 1132 1466 illius
1153 1411 1418 1477 ecclesiae,
1445 1413 1708 1480 defertur,
1733 1416 1846 1479 ubi,

261 1495 560 1566 requisitas
601 1516 634 1555 a
676 1503 1037 1558 servientibus
1071 1505 1116 1559 si
1162 1505 1370 1576 aliquid
1409 1507 1512 1562 sibi
1546 1508 1846 1562 ministrari

259 1601 358 1656 pro
391 1603 658 1658 corporea
697 1593 1022 1649 necessitate
1059 1596 1400 1666 deposceret,
1447 1598 1580 1652 nihil
1625 1615 1849 1669 prorsus

259 1678 492 1734 mortale
516 1683 736 1748 sonuit;
763 1685 858 1739 sed
891 1701 1108 1757 pueros,
1149 1690 1240 1760 qui
1276 1691 1441 1746 stolas
1469 1707 1598 1748 suas
1636 1695 1691 1747 in
1727 1709 1850 1748 san-

1951 499 2168 562 peracta
2219 490 2332 546 solo
2389 489 2690 544 firmentur.
2737 507 2756 540 ι
2789 489 2944 556 Quod
2999 489 3088 546 ille
3141 491 3374 548 libenter
3421 509 3533 550 am-

1951 581 2140 650 plexus
2161 581 2260 636 sub
2289 579 2412 635 fidei
2437 594 2549 634 sua:
2574 589 2628 634 et
2651 579 2794 634 sacri
2817 579 3026 634 ordinis
3057 581 3215 652 signo
3248 583 3536 652 pollicetur

1951 689 2012 730 se
2039 675 2141 742 eis,
2187 674 2414 743 quibus,
2445 681 2501 728 et
2529 687 2636 742 quo
2665 673 2970 730 decreverit
2999 683 3260 746 tempore,
3295 677 3531 734 debitum

1951 765 2273 820 soluturum.
2341 765 2596 835 Assignat
2649 779 2778 834 ergo
2835 765 3064 822 debitori
3121 769 3408 842 presbyter
3473 779 3534 826 ut

1951 858 2068 914 vice
2091 859 2175 914 sui
2206 858 2467 912 fratribus
2507 857 2728 926 Majoris
2757 857 3071 914 Monasterii
3097 859 3228 916 illud
3259 862 3532 928 restituat,

1954 951 2352 1021 terminnmque
2381 949 2640 1006 reddendi
2686 951 2848 1007 unius
2878 953 3006 1007 anni
3039 951 3284 1024 indulget
3315 955 3363 1010 ei
3409 971 3535 1028 spa-

1953 1041 2104 1097 tium.
2137 1041 2232 1096 ilis
2257 1041 2328 1096 ita
2373 1041 2606 1110 peractis
2627 1081 2644 1106 ,
2696 1041 2940 1097 induitur
2964 1044 3138 1100 sacris
3165 1045 3406 1101 vestibus
3449 1063 3535 1102 re-

1952 1131 2186 1203 ligionis,
2238 1139 2294 1186 et
2341 1131 2552 1186 delatus
2601 1131 2667 1186 ad
2717 1134 3144 1200 monasterium,
3196 1137 3531 1194 monachalia

1951 1231 2290 1278 sacramenta
2345 1239 2441 1292 pro
2495 1223 2599 1277 ritu
2649 1223 2923 1294 religionis
2977 1227 3296 1298 suscipiens,
3351 1229 3532 1300 pravis

1953 1323 2243 1370 transacta:
2301 1316 2424 1369 vita:
2485 1317 2628 1370 bono
2683 1317 2790 1370 line
2844 1317 3222 1374 condemnatis
3283 1321 3532 1388 actibus,

1951 1403 2154 1474 quievit
2182 1405 2234 1458 in
2265 1419 2418 1474 pace.
2443 1404 2564 1460 Jam
2597 1421 2772 1460 annus
2797 1417 3024 1461 exactus
3050 1417 3192 1474 erat,
3234 1425 3358 1465 cum
3384 1411 3534 1466 debi-

1955 1508 2038 1552 tor
2069 1497 2156 1552 ille
2189 1513 2288 1554 nec
2333 1498 2575 1554 debitum
2608 1499 2878 1566 exsolvit,
2931 1517 3032 1558 nec
3075 1503 3390 1572 patientiam
3417 1521 3535 1576 prc-

1951 1601 2126 1646 catur.
2177 1589 2400 1647 Nemine
2448 1591 2656 1648 scilicet
2703 1602 2862 1658 teste,
2895 1603 3016 1664 post
3065 1606 3334 1652 mortuum
3383 1597 3534 1654 lucro

1953 1681 2052 1736 sibi
2081 1689 2248 1735 totum
2281 1691 2437 1751 putat
2464 1683 2814 1739 remansisse.
2845 1683 2914 1739 At
2953 1684 3268 1752 defunctus,
3292 1687 3378 1742 cui
3420 1704 3535 1742 mo-

259 1769 420 1838 guine
451 1771 588 1843 Agni
617 1773 886 1842 laverunt,
914 1777 1167 1834 Davidica
1191 1797 1324 1837 voce
1347 1781 1412 1836 ad
1445 1782 1655 1840 Iaudem
1680 1785 1842 1842 area-
1879 1787 1921 1846 Β
1952 1775 2110 1830 nachi
2147 1776 2386 1830 debitum
2418 1775 2784 1833 fraternitatis
2828 1793 2936 1833 non
2980 1779 3331 1835 exsolvet-unt
3373 1779 3538 1850 negli-

261 1859 396 1914 toris
426 1862 690 1919 invitabat
727 1865 912 1922 dicens
939 1885 952 1924 :
989 1889 1006 1920 ι
1047 1869 1308 1935 Laudate,
1336 1875 1510 1943 pueri,
1535 1875 1842 1942 Demittunt,

259 1949 478 2008 laudate
513 1970 714 2012 nomen
759 1958 990 2014 Domini.
1033 1959 1116 2016 Sit
1151 1977 1346 2018 nomen
1381 1963 1598 2022 Domini
1627 1968 1848 2024 benedi-

257 2051 428 2109 ctum,
461 2060 530 2100 ex
569 2047 670 2102 hoc
705 2065 850 2105 nunc
883 2059 938 2106 et
977 2067 1148 2123 usque
1195 2055 1248 2110 in
1293 2057 1571 2112 saeculum.
1613 2079 1633 2112 ι
1682 2057 1848 2129 Cujus

252 2133 450 2206 psalmi
513 2138 650 2194 duos
715 2155 902 2199 versus
965 2145 1152 2202 ilidem
1209 2147 1507 2220 itidemque
1571 2163 1842 2222 repetens,

255 2237 562 2283 extremum
615 2233 862 2302 spiritum
907 2239 1240 2308 exspiravit;
1293 2242 1530 2310 illorum,
1572 2253 1630 2300 ut
1669 2247 1846 2302 credi-

255 2331 400 2382 mus,
441 2331 768 2392 aggregatus
813 2329 1090 2384 consortio
1117 2345 1254 2400 quos
1298 2332 1367 2388 ad
1417 2333 1508 2388 Dei
1558 2333 1748 2390 laudes
1789 2335 1844 2390 in

255 2415 522 2471 extremis
549 2417 835 2474 invitabat.

323 2505 380 2560 8.
427 2503 723 2580 Presbyter
769 2512 986 2580 quidam
1023 2515 1088 2570 de
1129 2515 1328 2574 Sancto
1361 2518 1574 2590 Spano,
1603 2521 1845 2580 Hervcus

255 2595 495 2663 nomine,
525 2601 824 2668 postposita
861 2605 946 2658 sui
973 2605 1234 2675 dignitate
1269 2611 1498 2678 ordinis,
1531 2622 1638 2668 tam
1670 2629 1842 2684 saecu-

251 2683 462 2758 laribus
512 2691 749 2759 negouis
797 2709 960 2762 quam
1013 2695 1380 2766 voluptatibus
1435 2702 1649 2757 deditus
1703 2683 1840 2759 erat.

251 2777 548 2836 Crescebat
587 2781 640 2835 in
693 2781 1015 2840 inuncnsum
1063 2790 1290 2858 pecunia
1339 2791 1494 2860 ejus,
1551 2795 1738 2863 positis
1789 2797 1843 2850 in

253 2867 442 2936 fenore
487 2875 744 2940 nummis,
779 2892 897 2947 qum
943 2879 1150 2936 scilicet
1197 2897 1303 2952 quo
1347 2883 1468 2954 plus
1523 2888 1842 2954 crescebat,

253 2971 406 3018 tanto
443 2967 616 3035 magis
663 2968 810 3024 hunc
857 2972 1127 3040 capiebat.
1171 2973 1285 3030 Hoc
1327 2975 1504 3030 solum
1557 2987 1736 3034 tamen
1788 2977 1842 3033 in

251 3067 316 3110 eo
345 3071 496 3124 spem
544 3057 740 3114 futurae
784 3060 1013 3130 salutis,
1052 3063 1154 3120 etsi
1201 3067 1479 3138 segniter,
1523 3071 1842 3136 nutriebat,

250 3148 506 3214 quoniam
540 3151 686 3207 viros
735 3153 1036 3225 religiosos,
1064 3166 1120 3212 et
1158 3161 1432 3230 praecipue
1479 3160 1696 3230 Majoris
1729 3161 1842 3218 Mo-

251 3241 478 3295 nasterti
537 3244 834 3300 monachos
903 3249 1143 3304 maxime
1196 3255 1560 3308 venerabatur
1609 3255 1836 3310 honore.

255 3328 494 3400 Denique
521 3347 688 3390 sanus
712 3345 768 3390 et
789 3337 962 3394 adhuc
982 3339 1180 3397 florens
1203 3343 1254 3397 in
1275 3339 1612 3402 sreculo'sese
1632 3363 1836 3417 suaque

251 3422 330 3476 eis
360 3425 602 3482 donavit.
631 3426 743 3483 Nec
777 3439 952 3485 tamen
981 3441 1108 3488 tunc
1130 3433 1412 3501 mundum,
1447 3438 1600 3508 cujus
1632 3441 1837 3494 catenis

253 3516 498 3574 irretitus
517 3527 658 3585 erat,
679 3521 940 3578 deseruit.
963 3523 1200 3581 Tandem
1224 3529 1414 3582 mortis
1434 3544 1595 3584 avara
1621 3546 1834 3599 manus,

253 3623 370 3677 qua:
388 3626 548 3681 aequo
568 3613 746 3681 pulsat
773 3615 908 3685 pede
935 3631 1233 3688 pauperum
1265 3620 1522 3678 tabernas
1540 3639 1836 3695 regumque

255 3710 430 3758 turres
453 3703 616 3775 (llos.
635 3705 814 3762 Carm.
835 3724 874 3770 ι,
899 3708 949 3774 ι,
967 3709 1074 3782 15),
1093 3711 1392 3780 corporalis
1415 3713 1672 3770 molestia)
1692 3725 1834 3774 tactu

253 3809 370 3872 eum
381 3797 624 3866 graviter
635 3799 938 3871 adegit.Qui
954 3804 1142 3859 mortis
1155 3805 1340 3860 horam
1353 3807 1584 3864 vicinam
1597 3811 1835 3868 sentiens

253 3878 452 3958 pariter
480 3899 538 3944 et
565 3892 904 3958 tremiscens,
935 3897 1274 3959 supradictus
1313 3897 1532 3968 Majoris
1563 3901 1834 3959 Monaste-

253 3983 313 4036 rii
345 3982 548 4038 fratres
589 3987 656 4040 ad
694 4001 752 4040 se
780 3987 1036 4044 festinato
1059 3991 1248 4048 venire
1284 3995 1536 4061 mandat;
1583 3995 1834 4067 factaque

151 4129 160 4136 ,
251 4075 482 4142 primum
537 4076 606 4130 de
653 4079 895 4146 peccatis
951 4081 1170 4142 humili.
1202 4084 1398 4152 vivaci,
1451 4087 1784 4155 gemebunda
1816 4128 1832 4155 ,

251 4165 400 4230 plena
430 4167 638 4221 amaris
659 4166 933 4240 lacrymis,
963 4179 1022 4224 ut
1049 4172 1270 4242 dignum
1299 4185 1440 4242 erat,
1465 4178 1830 4244 confessione,

249 4255 618 4312 confratribus
649 4261 802 4330 prius
848 4270 904 4316 et
948 4266 1276 4334 pauperibus
1311 4278 1520 4338 partem
1553 4287 1663 4326 sua:
1701 4274 1832 4327 sub-

249 4351 458 4405 stantia:
488 4351 702 4419 divisit;
737 4354 945 4425 reliqua
977 4371 1106 4413 vero
1152 4361 1335 4415 omnia
1367 4362 1590 4418 mobilia
1640 4365 1833 4420 immo-

245 4438 478 4512 biliaque
507 4446 812 4514 saepedictis
837 4446 1095 4504 fratribus
1123 4467 1348 4523 seseque
1381 4454 1554 4522 ipsum
1587 4457 1826 4512 tradiiit.

247 4531 468 4602 Insuper
502 4546 558 4590 et
597 4539 871 4596 debitores
905 4557 1032 4598 suos
1079 4545 1438 4616 undequaqne
1466 4549 1652 4604 venire
1679 4550 1827 4618 fecit,

248 4642 471 4698 tutaeque
522 4631 622 4686 sibi
674 4633 1030 4700 debebantur,
1071 4637 1310 4694 debenda
1365 4639 1482 4695 fore
1529 4644 1828 4712 monachis,

249 4725 301 4768 et
353 4720 648 4777 nominatis
699 4727 1032 4796 temporibus
1065 4730 1334 4786 reddenda
1389 4733 1642 4788 sancivit.
1685 4735 1832 4792 lnter

253 4809 480 4880 reliquos
508 4825 690 4870 autem
721 4819 868 4873 venit
890 4819 1114 4888 quidam
1145 4831 1426 4893 compater
1462 4834 1516 4880 et
1545 4826 1831 4886 fan'iiliaris

251 4898 381 4968 ejus,
411 4904 496 4959 cui
545 4907 762 4962 nemine
804 4910 1049 4976 conscio,
1103 4915 1349 4985 exceptis
1391 4913 1522 4985 ip'sis
1576 4919 1825 4990 duobus,

253 5007 316 5047 ιι
361 4993 528 5052 libras
579 5003 1045 5059 commodaverat.
1097 5003 1198 5071 Qui
1244 5006 1452 5078 jacenti
1505 5007 1722 5068 locutus
1773 5015 1826 5071 in

253 5084 368 5140 dolo
401 5105 416 5142 :
447 5106 468 5139 ι
500 5087 744 5161 Domine,
773 5096 976 5168 inquit,
1006 5095 1170 5152 timeo
1199 5099 1332 5155 mihi
1353 5100 1422 5156 ab
1443 5101 1628 5159 auditu
1661 5113 1828 5166 tanta:

251 5180 505 5246 pecuniae,
537 5193 588 5238 et
617 5190 860 5255 quamvis
885 5203 992 5260 per
1016 5195 1255 5243 vestram
1277 5192 1528 5262 gratiam,
1555 5198 1824 5256 nominent

274 5287 422 5300 IIMA-t
479 5278 658 5300 ..-ΙΙ-η-
749 5297 756 5299 .
875 5284 886 5294 ³
951 5297 958 5299 .
1043 5289 1158 5300 ..-δι

1947 1877 2160 1940 genter,
2187 1869 2454 1924 sollicitus
2485 1867 2588 1925 fuit
2617 1886 2682 1926 ne
2709 1869 2902 1927 fraude
2927 1871 3190 1928 debitoris
3219 1872 3536 1928 amitterent

1949 1959 2094 2030 quod
2123 1961 2204 2016 eis
2233 1960 2566 2016 reddendum
2593 1962 2966 2016 mandaverat.
2986 1961 3230 2030 Quadam
3256 1963 3420 2032 igitur
3449 1962 3536 2016 die

1947 2051 2230 2122 capellano
2258 2053 2505 2110 ecclesiae
2545 2055 2632 2110 cui
2669 2056 2782 2126 ipse
2815 2055 3132 2124 praefuerat,
3174 2055 3322 2110 eunti
3357 2053 3534 2108 Turo-

1947 2159 2096 2210 nem,
2127 2145 2437 2200 monacbali
2475 2144 2659 2200 habitu
2708 2144 2940 2202 ciliciis:
2969 2145 3181 2201 obvius.
3228 2145 3400 2213 Quem
3445 2144 3537 2200 ille

1947 2235 2090 2290 clara
2124 2235 2243 2290 luce
2281 2235 2386 2291 diei
2409 2237 3213 2308 agnoscens,rcminiscensque
3236 2245 3532 2302 mortuum,

1946 2328 2125 2398 primo
2151 2325 2268 2395 ejus
2300 2335 2524 2396 aspectu
2555 2328 2760 2400 ingenti
2815 2337 3024 2383 terrore
3071 2327 3404 2383 concutitur.
3433 2325 3534 2380 Cui

1947 2419 2238 2476 defunctus
2267 2439 2280 2474 :
2320 2440 2338 2472 ι
2371 2420 2537 2486 Nihil,
2569 2421 2763 2493 inquit,
2799 2421 2994 2478 timeas
3016 2463 3031 2488 ,
3068 2419 3164 2476 sed
3213 2418 3391 2474 crucis
3421 2417 3529 2474 Do-

1947 2513 2160 2570 tninicie
2193 2516 2345 2586 signo
2375 2515 2609 2572 frontem
2648 2525 2913 2580 armatus,
2936 2529 3162 2570 securus
3195 2512 3381 2568 audito
3409 2526 3529 2580 quae

1945 2603 2143 2660 dicam.
2195 2603 2310 2659 Non
2339 2608 2484 2662 enim
2516 2606 2816 2672 nociturus,
2860 2606 2954 2661 sed
3005 2604 3319 2676 profuturus
3351 2601 3444 2658 tibi
3478 2611 3534 2656 et

1948 2696 2068 2752 aliis
2117 2699 2418 2766 permissus
2461 2715 2580 2754 sum
2617 2713 2900 2769 apparere.
2949 2717 2968 2750 ι
3001 2697 3068 2752 Et
3115 2695 3358 2751 addidit:
3394 2713 3412 2746 ‹
3450 2693 3532 2748 Τιι

1947 2789 2112 2854 nesti,
2147 2789 2418 2860 inquiens,
2448 2806 2608 2860 quam
2657 2791 2867 2862 perdite
2913 2790 3084 2844 multo
3115 2799 3358 2858 tempore
3395 2785 3529 2851 vixi,

1947 2890 2003 2937 et
2029 2899 2156 2938 vere
2191 2891 2246 2938 et
2279 2885 2486 2956 absque
2517 2885 2754 2940 remedio
2800 2885 3046 2954 perditus
3091 2897 3300 2947 essem,
3342 2881 3387 2937 si
3421 2896 3528 2935 non

1945 2987 2043 3042 per
2063 2975 2338 3031 orationes
2365 2985 2682 3032 sanctorum
2712 2975 2942 3030 fratrum
2968 2975 3190 3038 Maioris
3213 2971 3528 3029 Monasterii

1949 3063 2162 3118 Domini
2207 3065 2472 3122 immensa
2501 3067 2878 3122 misericordia
2911 3067 3042 3122 mihi
3081 3063 3443 3121 subvenisset.
3473 3062 3530 3116 ln

1868 3133 1912 3198 (ἶ
1945 3156 2068 3226 igne
2117 3167 2296 3212 tamen
2354 3159 2670 3228 purgatorio
2724 3158 2936 3214 debitos
2983 3157 3198 3213 dolores
3253 3153 3528 3218 susunui,

1941 3259 2136 3330 quibus
2191 3251 2234 3306 si
2284 3250 2546 3320 quidquid
2593 3259 2992 3305 tormentorum
3047 3249 3102 3304 in
3152 3249 3262 3304 vita
3311 3247 3530 3303 mortali

1942 3347 2160 3406 tolerari
2209 3352 2389 3416 potest
2439 3351 2812 3412 comparetur,
2842 3341 3218 3407 levissimum,
3267 3342 3376 3396 imo
3430 3355 3530 3394 nec

1942 3449 2206 3497 tormenta
2263 3435 2682 3506 reputabuntur.
2713 3432 2870 3488 Nunc
2902 3442 3107 3498 autem,
3160 3433 3213 3486 in
3243 3431 3528 3502 refrigerio

1937 3536 2166 3607 positus,
2218 3530 2478 3601 majorem
2527 3529 2705 3584 adhuc
2749 3527 3142 3584 beatitudinem
3198 3526 3366 3582 etiam
3403 3535 3528 3581 ante

1937 3627 2242 3684 universale
2277 3622 2542 3692 judicium
2573 3620 2872 3692 praestoler,
2903 3620 2998 3676 sed
3035 3618 3276 3674 retardat
3303 3632 3388 3672 me
3429 3617 3528 3672 fal-

1937 3719 2068 3776 lacis
2097 3718 2238 3774 illius
2267 3713 2694 3786 compresbyteri
2717 3712 2886 3768 nostri
2915 3707 3519 3766 dissimulatio.Tt-ans-

1935 3827 2150 3885 gressus
2204 3818 2288 3866 est
2331 3809 2478 3864 enim
2538 3806 2828 3861 terminum
2886 3817 3048 3874 quem
3103 3801 3180 3858 illi
3237 3802 3528 3857 constitue-

1935 3917 2093 3967 ram,
2143 3909 2202 3954 ut
2242 3899 2474 3954 dominis
2523 3897 2657 3952 meis
2698 3894 2919 3965 Maioris
2965 3891 3277 3948 Monasterii
3338 3889 3527 3944 fratri-

1933 3995 2036 4050 bus
2057 3995 2296 4049 debitum
2327 4005 2504 4046 meum
2553 3989 2880 4044 exsolveret.
2913 3986 2993 4040 Tu
3027 3985 3242 4054 quidem
3272 3999 3339 4038 ex
3373 3991 3530 4053 parte

1935 4101 2052 4140 mea
2091 4101 2235 4140 runc
2267 4085 2370 4139 ibis
2417 4083 2485 4138 ad
2532 4097 2679 4144 eum,
2729 4089 2785 4135 et
2838 4095 2904 4134 ne
2941 4077 3173 4146 amplius
3222 4073 3528 4140 dissimulet

1933 4178 2133 4246 facere,
2163 4177 2306 4248 quod
2335 4177 2434 4230 sub
2461 4175 2585 4230 ﬁdei
2619 4183 2676 4229 et
2703 4173 2850 4242 pacis
2879 4168 3062 4225 osculo
3085 4167 3214 4223 mihi
3239 4164 3525 4236 spopondit

1933 4271 2182 4336 reddere,
2219 4268 2594 4326 annuntiabis.
2629 4265 2782 4333 Quod
2832 4263 2876 4318 si
2929 4263 3070 4318 diem
3101 4275 3262 4331 quem
3309 4257 3382 4312 illi
3427 4272 3528 4326 per-

1935 4371 1985 4416 te
2034 4362 2290 4433 assigno,
2355 4357 2693 4429 negligenter
2744 4353 3104 4426 prretcricrit,
3143 4351 3283 4406 sciat
3335 4345 3530 4419 procul-

1935 4453 2096 4508 dubio
2125 4453 2242 4522 cjus
2281 4452 2516 4505 animam
2559 4448 2758 4505 summi
2810 4446 3016 4502 Iudicis
3060 4443 3358 4500 subituram
3405 4440 3521 4494 vin-

1935 4551 2154 4606 dictam.
2191 4571 2208 4603 ι
2243 4549 2337 4602 llis
2366 4546 2525 4602 dictis
2553 4545 2840 4600 defunctus
2869 4541 3153 4612 disparuit.
3198 4535 3526 4609 Capellanus,

1935 4655 2112 4699 autent
2145 4652 2430 4712 promptus
2461 4654 2525 4693 ac
2555 4637 2821 4694 sollicitus
2854 4634 3170 4704 exsequitur
3193 4631 3517 4702 jussionem,

1935 4737 2310 4807 presbyterum
2369 4731 2666 4794 convenit,
2720 4743 2884 4798 super
2943 4724 3189 4796 deposito
3254 4719 3520 4776 visionem

1931 4835 2176 4891 enarrat,
2206 4834 2265 4879 ut
2293 4822 2486 4880 reddat
2515 4819 2756 4877 debitum
2799 4817 3140 4871 adhortatur.
3169 4812 3238 4867 At
3267 4807 3360 4866 ille
3395 4823 3524 4872 eum

1935 4919 2160 4975 insania:
2181 4915 2467 4988 phantasia
2495 4916 2802 4982 deceptum,
2835 4926 2893 4966 se
2921 4909 2974 4964 in
3005 4907 3151 4963 nullo
3173 4917 3411 4976 unquam
3433 4903 3523 4956 de-

1929 5013 2116 5070 functo
2175 5011 2342 5068 fuisse
2395 5009 2688 5064 obnoxium
2747 5012 3102 5077 protestatur.
3161 4997 3273 5054 Nec
3327 5009 3477 5050 mora
3501 5034 3526 5068 ,α

1933 5113 2210 5161 transacto
2259 5103 2346 5156 die
2404 5115 2568 5168 quem
2631 5097 2924 5154 defunctus
2983 5111 3078 5166 per
3127 5085 3522 5154 internuntium

1929 5206 2235 5259 statuerat,
2294 5191 2510 5249 debitor
2561 5192 2842 5248 immensis
2897 5188 3172 5246 doloribus
3222 5187 3522 5252 arreptus,

3147 5285 3290 5300 ιρι-..α
3315 5282 3494 5300 ἶιηηιιη
