4018 5330
473 219 566 324 ιιι

1529 273 1866 334 ΑΡΡΕΝΒΙΧ
1891 275 1982 330 AD
2013 274 2074 332 Β.
2105 277 2722 336 ΒΑιιτιιοιοΜΕυΜ.

3617 281 3730 336 ΜΞ

474 381 532 437 lu
571 396 678 450 quo
726 396 890 451 Opere
929 397 1056 438 vere
1115 384 1372 440 Dominus
1403 395 1458 438 et
1503 385 1800 441 clementer
1845 387 2058 442 miseri-
2083 391 2131 450 Α
2160 389 2359 446 invitus
2397 391 2626 447 reddere
2653 389 2798 458 quod
2831 404 2986 445 suum
3017 397 3156 445 erat.
3205 389 3250 442 Α
3285 403 3412 445 vero
3461 389 3734 450 defunctis

476 475 673 530 cordia:
703 482 757 529 et
786 473 1030 530 districte
1067 475 1203 530 bene
1251 475 1677 538 iutclliyentibus
1715 479 2052 532 demonstrat

470 563 728 634 judicem.

547 653 600 706 9.
627 651 743 707 Duo
785 653 1027 723 germani
1063 661 1222 708 erant
1265 652 1320 706 in
1352 653 1541 708 eodem
1585 655 1915 710 monasterio
1953 655 2050 712 ho-

477 749 647 798 nestae
672 742 794 818 vita:
815 751 868 795 et
890 741 1174 798 laudabilis
1195 743 1889 814 conversationis,quorum
1915 743 2052 800 alter

478 832 546 886 ad
562 831 772 888 abbatis
785 842 972 886 nutum
987 833 1038 885 in
1052 832 1298 904 Angliam
1315 833 1566 898 directus,
1584 833 1802 900 etelum,
1817 851 1922 892 non
1937 837 2054 892 ani-

479 938 626 977 mum
647 933 855 978 mutans
868 923 1024 994 (lion.
1040 923 1210 992 Epist.
1225 940 1268 990 ι,
1282 924 1337 990 2,
1354 924 1470 996 27),
1489 925 1560 980 ibi
1573 941 1786 996 quoque
1805 925 2054 998 religiose

480 1023 829 1068 conversatus
849 1022 949 1068 est.
965 1011 1199 1083 Contigit
1213 1004 1395 1070 autem
1410 1023 1467 1070 ut
1483 1016 1712 1086 expletis
1731 1017 1920 1074 diebus
1931 1017 2056 1073 vitae

481 1117 591 1157 suae
612 1102 946 1158 obdormiret
991 1105 1043 1160 in
1075 1105 1325 1160 Domino.
1353 1105 1415 1160 ln
1464 1108 1652 1162 eadem
1687 1107 1850 1178 igitur
1897 1117 2056 1164 nocte

480 1208 587 1266 qua
630 1194 696 1254 de
723 1195 834 1249 vita
864 1205 1196 1264 excesserat,
1227 1195 1386 1250 fratri
1437 1213 1534 1252 suo
1567 1197 1620 1251 in
1653 1209 1920 1254 conventu
1949 1198 2057 1254 fra-

482 1293 623 1342 trum
677 1285 977 1360 quiescenti
1032 1287 1282 1358 apparuit
1337 1287 1570 1344 diceus:
1614 1308 1633 1342 ι
1686 1289 1781 1344 Eia
1809 1330 1825 1357 ,
1865 1289 2050 1358 frater,

479 1387 606 1430 ecce
631 1375 790 1432 hodie
817 1390 884 1430 ex
913 1377 1017 1435 hac
1048 1379 1154 1432 vita
1195 1394 1280 1434 me
1309 1379 1523 1434 vocavit
1547 1381 1833 1448 Dominus;
1876 1391 1932 1437 et
1953 1399 2054 1455 ego

480 1465 548 1520 ad
576 1475 883 1524 sanctorum
913 1468 1154 1536 requiem
1186 1481 1546 1538 perventurus
1577 1471 1777 1528 viatico
1816 1471 2052 1544 indigeo,

479 1557 741 1614 beneﬁcio
767 1559 977 1615 scilicet
1013 1559 1244 1614 fratrum
1277 1571 1589 1616 nostrorum
1639 1579 1704 1616 ex
1747 1579 1897 1619 more
1923 1564 2055 1619 mihi

480 1651 681 1707 debito.
720 1671 738 1704 ι
775 1649 942 1707 Porro
991 1651 1080 1707 ille
1114 1669 1141 1706 a
1173 1668 1362 1708 somno
1407 1653 1617 1708 excitus
1659 1668 1955 1725 secumque
1981 1655 2056 1710 vi-

480 1742 687 1798 sionem
751 1752 1042 1820 reputans,
1102 1745 1280 1799 minus
1345 1744 1506 1800 tidem
1561 1746 1844 1814 adhibuit,
1901 1749 2056 1820 quasi
2089 1726 2132 1785 Β

481 1835 746 1890 somnium
775 1819 1454 1909 parv°ipemlcns.Surgitur
1479 1842 1694 1896 interim
1739 1843 1807 1898 ad
1838 1819 2059 1900 Matuti-

480 1941 597 1982 nos.
627 1925 761 1982 Tum
795 1929 936 1984 inter
981 1929 1353 2002 psallendum,
1403 1943 1461 1988 ut
1498 1934 1616 1988 ﬁeri
1656 1935 1813 2001 solet,
1844 1951 2062 2006 parum-

479 2034 580 2090 per
627 2019 1016 2086 obdormiens,
1069 2023 1312 2078 eamdem
1360 2023 1625 2080 visionem
1676 2027 1830 2082 vidit.
1885 2027 2062 2098 Gmpit

481 2111 646 2182 igitur
674 2109 948 2182 aliquanto
978 2113 1265 2170 sollicitius
1299 2125 1535 2184 tractare
1574 2133 1758 2174 secum
1801 2135 1920 2189 quae
1971 2136 2060 2176 re—

483 2205 648 2274 petita
699 2222 905 2262 \‘lSlOllc
952 2211 1188 2262 innititus
1244 2219 1380 2264 erat.
1438 2211 1550 2265 Itur
1595 2221 1718 2282 post
1769 2213 2062 2269 Matutinus

482 2295 811 2364 dormitum;
844 2307 900 2354 et
943 2313 1070 2355 ecce
1097 2299 1382 2357 defunctus
1411 2299 1640 2358 fratrem
1671 2319 1826 2358 suum
1859 2305 1912 2358 iu
1944 2305 2061 2360 visu

482 2391 754 2458 convenit,
789 2393 1037 2447 hortatur
1087 2393 1317 2450 sollicite
1353 2405 1408 2450 ut
1457 2397 1570 2465 jam
1617 2399 1776 2452 tertio
1826 2399 2063 2454 monitus

485 2483 664 2537 abbati
716 2493 768 2537 et
812 2483 1069 2540 fratribus
1110 2501 1265 2540 suum
1301 2487 1518 2544 nuntiet
1553 2489 1788 2556 obitum,
1836 2499 1890 2545 et
1936 2506 2063 2560 ger-

485 2591 657 2634 mana:
695 2577 994 2636 dilectionis
1026 2579 1221 2634 intuitu
1255 2581 1494 2636 debitum
1526 2581 1626 2636 sibi
1657 2584 1725 2638 ab
1753 2583 1834 2638 eis
1879 2584 2064 2654 exigat

484 2669 824 2726 beneﬁcium.
868 2669 1023 2725 Mane
1077 2672 1260 2730 itaque
1313 2671 1482 2737 facto,
1539 2671 1712 2728 frater
1750 2674 1815 2729 de
1869 2673 2066 2742 fratre,

485 2759 785 2828 praesertim
837 2761 1106 2829 triplicata
1146 2762 1354 2817 visione
1405 2763 1754 2830 admonitus,
1803 2764 2064 2822 sollicitus

486 2861 629 2914 erat,
653 2857 706 2904 et
734 2851 1019 2920 quemdam
1065 2851 1130 2906 de
1160 2853 1479 2909 custodibus
1504 2854 1712 2910 ordinis
1755 2855 1808 2910 in
1854 2869 2066 2926 partem

488 2956 739 3009 evocans,
775 2957 886 2997 rem
918 2957 983 2996 ex
1014 2943 1205 3000 ordine
1229 2949 1436 3016 pandit,
1466 2947 1706 3017 deposcit
1736 2949 2062 3010 consultum.

2155 488 2304 534 tanto
2351 481 2599 536 licentius
2648 479 2928 536 benefacta
2979 489 3179 536 statuta
3227 481 3312 536 vel
3377 483 3736 540 subtrahebat

2153 571 2236 628 vel
2265 572 2316 626 in
2353 573 2588 628 deterius
2611 573 2996 636 commutabat,
3037 581 3240 642 quanto
3273 575 3448 630 rarius
3491 576 3736 632 invenie-

2151 661 2309 718 batur
2343 663 2432 732 qui
2454 661 2544 730 jus
2571 677 2758 718 eorum
2793 663 3125 720 defenderet.
3169 663 3407 735 Contigit
3459 667 3628 736 igitur
3673 673 3738 722 ut

2153 749 2442 808 dormienti
2467 752 2516 808 ei
2551 752 2664 808 duo
2685 752 2885 808 fratres
2933 754 3021 823 qui
3053 768 3116 808 ex
3145 753 3247 810 hoe
3287 757 3484 812 mundo
3527 757 3732 828 migra—

2153 849 2346 894 verant
2393 852 2740 912 apparerent,
2773 851 2852 909 et,
2875 857 3000 898 eum
3047 843 3200 898 duris
3238 845 3420 900 verbis
3449 861 3550 916 pro
3579 845 3734 900 illata

2153 927 2421 984 defunctis
2469 930 2669 1001 injuria
2707 931 3068 1002 increparent.
3121 933 3213 988 ille
3251 933 3546 991 induratus.
3576 937 3736 1006 quasi

2155 1022 2420 1078 somnium
2455 1039 2610 1080 mane
2656 1025 2922 1082 visionem
2957 1025 3250 1095 pre-nihilo
3277 1027 3452 1082 duxit.
3483 1027 3746 1083 Secundo.

2157 1107 2338 1176 itaque
2360 1110 2598 1166 defuncti
2631 1113 2698 1168 ad
2741 1127 2866 1168 eum
2897 1114 2950 1168 in
2977 1115 3094 1170 visu
3131 1115 3407 1170 venientes
3435 1116 3742 1172 reclamant

2156 1216 2253 1270 pro
2279 1201 2498 1271 injuria,
2521 1218 2710 1272 ptenas
2737 1203 3044 1270 imminere,
3089 1205 3204 1259 nisi
3235 1206 3438 1260 damna.
3461 1207 3732 1269 restituat,

2155 1293 2580 1362 comminantur;
2621 1305 2680 1348 at
2733 1293 2822 1350 ille
2869 1295 3222 1352 nihilominus
3266 1296 3582 1352 emendatus
3613 1311 3746 1365 ρεξτε

2157 1384 2374 1440 mansit.
2408 1385 2591 1442 Tertio
2620 1386 2784 1458 igitur
2819 1387 3102 1442 venientes
3135 1386 3300 1440 tantis
3343 1401 3474 1442 eum
3495 1385 3740 1441 verberi-

2157 1475 2257 1530 bus
2285 1474 2601 1542 affecerunt,
2619 1485 2676 1532 ut
2703 1490 2798 1545 per
2827 1491 3030 1530 animm
3062 1475 3341 1532 dimidium
3367 1474 3562 1530 lectulo
3577 1473 3750 1545 quasi

2158 1567 2454 1622 moriturus
2505 1569 2825 1624 decubaret.
2868 1567 2968 1622 Vix
3027 1567 3242 1622 tandem
3291 1565 3586 1630 (.OIWuillil,
3639 1563 3752 1618 sed-

2159 1657 2444 1726 pristiuam
2501 1659 2746 1728 corporis
2815 1657 3155 1712 alacritatem
3219 1671 3492 1727 nunquam
3547 1663 3752 1725 postea.

2161 1765 2484 1819 recuperare
2505 1749 2692 1804 valuit.
2739 1749 2874 1806 Hine
2905 1749 3138 1821 eoujice,
3183 1750 3370 1815 lector,
3407 1748 3534 1818 quid
3567 1747 3621 1802 in
3651 1745 3752 1801 1⁵η-

2163 1849 2285 1898 turo
2317 1843 2596 1897 immineat
2633 1841 3006 1900 defunctorum
3049 1842 3223 1896 debita
3271 1837 3742 1902 defraudantibus,

2161 1934 2286 2004 quia
2320 1937 2481 1992 etiam
2527 1935 2578 1990 in
2609 1935 2860 2006 praesenti
2899 1933 3164 2004 corporali
3200 1931 3430 1990 vindicta
3458 1929 3754 1988 defunctos

2163 2026 2309 2098 ipsos
2341 2025 2512 2088 Iudex
2539 2027 2800 2098 permittit
2829 2027 3064 2098 exigere.

2235 2117 2319 2170 ll.
2345 2115 2536 2174 Frater
2561 2117 2777 2185 quidam
2801 2132 2866 2172 ex
2897 2118 3084 2172 eodem
3132 2113 3459 2172 monasterio
3485 2127 3746 2183 egressus

2163 2207 2415 2262 smculum
2477 2208 2688 2276 repetit,
2755 2203 3076 2264 monachum
3137 2204 3412 2270 diﬁitetur.
3469 2203 3572 2272 Qui
3635 2205 3746 2259 etsi

2165 2298 2393 2367 turpiter
2414 2313 2594 2354 coram
2627 2298 2759 2365 Deo,
2788 2301 2986 2370 quippe
3006 2308 3204 2355 sanctae
3241 2298 3386 2354 illius
3407 2297 3588 2368 refuga
3615 2311 3748 2367 pro-

2165 2389 2435 2453 fessionis,
2466 2405 2650 2445 coram
2690 2391 2998 2446 hominibus
3029 2401 3206 2445 tamen
3234 2391 3458 2446 honeste
3511 2403 3572 2444 se
3611 2401 3746 2456 age-

2164 2481 2276 2537 bat.
2315 2481 2558 2552 Denique
2588 2483 2642 2537 in
2665 2481 3144 2538 Cameracensium
3197 2479 3418 2536 dioecesi
3467 2477 3748 2550 professus

2164 2573 2824 2644 presbyterium,cuidam
2864 2572 3108 2628 ecclesia:
3159 2571 3486 2636 attitulatur,
3539 2569 3594 2624 in
3633 2585 3744 2638 qua

2165 2664 2512 2734 permultum
2557 2671 2768 2733 tempus
2785 2663 3087 2718 sacerdotio
3109 2660 3348 2724 functus,
3372 2675 3530 2730 quem
3553 2659 3756 2714 ordine
3815 2725 3822 2730 _

2167 2764 2222 2810 et
2243 2753 2500 2825 dignitate
2523 2752 2776 2824 populum
2800 2752 2902 2808 sibi
2929 2752 3276 2808 commissura
3299 2747 3554 2822 [habuit],
3569 2763 3746 2817 quan-

2171 2856 2280 2902 tmu
2313 2845 2379 2900 ad
2411 2843 2606 2902 faciem,
2632 2851 2858 2914 spectat,
2889 2843 3123 2913 legitime
3149 2841 3485 2912 gubernavit.
3517 2839 3586 2892 Et
3622 2839 3750 2907 quia

2169 2941 2437 2998 mundana
2469 2953 2574 3000 non
2606 2937 2950 2992 mediocriter
2979 2935 3209 2992 callebat
3249 2933 3552 3005 pruiemia,
3608 2931 3750 2986 mul-

488 3030 674 3088 Atille
712 3050 724 3085 :
763 3049 781 3083 ι
820 3031 933 3087 Non
988 3043 1089 3100 est,
1128 3035 1322 3105 inquit.
1355 3046 1413 3090 ut
1456 3038 1650 3092 melius
1705 3040 1886 3106 nosti,
1939 3057 2066 3096 con-
2095 3069 2140 3129 ο
2171 3041 2279 3088 tam
2331 3030 2432 3084 sibi
2468 3029 2789 3084 coadunavit
2839 3029 3144 3098 pecuniam.
3199 3025 3541 3082 Consortium
3583 3024 3754 3078 etiam

489 3123 791 3178 suetudinis
843 3134 1040 3180 nostra:
1086 3135 1144 3180 ut
1196 3127 1358 3182 alicui
1409 3127 1646 3182 debitum
1693 3131 2065 3198 exsolvamus,

489 3213 592 3268 nisi
621 3215 782 3268 breve
809 3214 1031 3270 allatum
1065 3215 1231 3270 fuerit
1256 3232 1362 3286 quo
1399 3217 1638 3273 Kalenda
1679 3221 1860 3274 obitus
1902 3236 2068 3292 agno-

491 3317 695 3373 scatur,
729 3309 1029 3378 prtesertim
1069 3326 1170 3380 pro
1201 3326 1390 3366 somno
1433 3309 1586 3380 cujus
1625 3311 1790 3366 fallax
1842 3323 1897 3368 et
1936 3328 2071 3368 vana

489 3417 732 3473 pcrsmpc
768 3402 944 3457 illusio
972 3413 1072 3458 est.
1110 3422 1128 3455 ι
1165 3403 1275 3459 Nec
1301 3420 1472 3472 mora,
1507 3407 1592 3460 die
1628 3407 1814 3461 eodem
1853 3407 2072 3460 nuntius

491 3494 707 3549 advenit
737 3493 898 3548 breve
933 3511 1093 3548 tnanu
1123 3507 1370 3566 portans,
1421 3513 1528 3567 quo
1572 3497 1760 3554 fratris
1794 3499 1973 3552 obitus
2019 3508 2074 3552 et

492 3587 728 3642 Kalenda
763 3584 1034 3656 legeretur
1064 3605 1076 3640 :
1108 3587 1346 3643 Kalenda
1380 3605 1542 3658 porro
1587 3589 1755 3658 ipsius
1799 3598 1916 3643 erat
1945 3589 2070 3644 diei.

493 3679 735 3733 Oﬁieium
766 3699 861 3752 pro
895 3694 1111 3736 mortuo
1156 3681 1222 3736 de
1252 3696 1404 3734 more
1437 3679 1767 3746 celebratur,
1803 3681 2072 3736 aestimau-

495 3774 638 3829 tibus
669 3778 879 3832 cunctis
899 3775 1010 3844 jam
1037 3776 1239 3830 instare
1265 3790 1500 3828 annuum
1519 3773 1660 3827 diem
1692 3789 1799 3844 quo
1826 3774 2068 3828 obiisset.

494 3865 564 3918 At
601 3881 890 3936 germanus
927 3867 1044 3936 ejus
1089 3865 1304 3920 caeteris
1355 3879 1453 3934 pro
1505 3863 1596 3918 illo
1645 3863 1893 3920 solertior
1930 3863 2076 3918 foras

496 3958 792 4023 egreditur,
835 3958 992 4026 quasi
1051 3970 1172 4010 cum
1225 3955 1405 4010 brevis
1462 3955 1643 4025 bajulo
1704 3955 1970 4010 curiosius
2013 3955 2077 4009 de

497 4046 682 4100 fratris
720 4047 802 4102 sui
834 4047 980 4101 obitu
1013 4046 1317 4100 locuturus.
1349 4044 1442 4099 llle
1484 4053 1668 4099 autem
1699 4059 1796 4099 nec
1848 4039 2100 4114 reperiri

495 4141 688 4210 potuit,
723 4157 824 4196 nec
869 4140 1065 4209 aliquis
1095 4149 1176 4194 est
1209 4146 1456 4208 repertus
1499 4138 1589 4206 qui
1635 4153 1694 4192 se
1723 4153 1845 4192 eum
1877 4139 2080 4194 vidisse

496 4231 722 4286 diceret.
775 4230 1236 4287 Concurrentibus
1268 4230 1448 4298 itaque
1477 4227 1580 4282 sibi
1625 4238 1680 4282 et
1718 4227 1941 4283 visionis
1985 4229 2079 4282 tri-

498 4325 707 4394 plicatue
755 4323 1042 4388 miraculo,
1083 4330 1138 4378 et
1181 4323 1354 4376 nuntii
1401 4321 1581 4376 subito
1628 4321 1958 4390 disparentis
1985 4321 2079 4376 ad.

2175 3121 2435 3177 muliebre
2465 3121 2566 3176 sibi
2598 3122 2892 3186 asciscens,
2927 3121 2994 3175 ad
3033 3118 3402 3176 testimonium
3453 3117 3599 3170 illius
3631 3115 3756 3170 ulti-

2174 3231 2275 3270 ma)
2305 3225 2358 3268 et
2391 3213 2742 3270 szecularibus
2777 3214 2936 3270 licitae
2963 3212 3253 3278 castitatis,
3281 3219 3336 3266 et
3381 3225 3448 3264 ex
3495 3224 3562 3262 ea
3613 3207 3758 3265 ﬁlios

2173 3307 2376 3379 genuit.
2400 3308 2517 3362 Jam
2548 3319 2736 3377 quarta
2787 3307 3096 3378 praeteribat
3123 3305 3329 3377 vigilia,
3359 3313 3412 3358 et
3443 3303 3619 3358 adhuc
3671 3302 3762 3358 ille

2173 3400 2495 3464 dormiebat,
2517 3415 2638 3455 eum
2667 3415 2792 3454 ecce
2839 3399 2958 3454 fons
2987 3397 3372 3454 misericordia:
3419 3395 3558 3450 Deus
3591 3395 3762 3448 mira-

2173 3493 2354 3548 biliter
2384 3485 2514 3546 eum'
2537 3492 2816 3558 excitavit,
2845 3501 2900 3547 et
2924 3492 3098 3560 primo
3125 3490 3339 3560 quidem
3385 3488 3570 3543 uxoris
3617 3489 3762 3542 sola-

2175 3577 2306 3642 tium
2345 3587 2683 3654 ﬁliorumque
2718 3587 2988 3641 carnalem
3029 3584 3387 3648 dulcedinem,
3439 3591 3614 3636 morte
3669 3597 3766 3638 eos

2174 3680 2606 3746 exterminando,
2643 3681 2712 3734 ab
2744 3678 2860 3746 ejus
2899 3679 3080 3733 animo
3105 3677 3366 3742 abscidit;
3401 3675 3525 3730 inde
3570 3691 3766 3745 corpus

2176 3773 2277 3828 rali
2303 3789 2426 3828 eum
2455 3772 2694 3841 allligens
2727 3773 2972 3826 molestia
3023 3771 3217 3826 lectulo
3245 3769 3555 3840 prostravit.
3599 3767 3758 3823 Tunc

2178 3869 2392 3922 tandem
2409 3869 2458 3920 in
2473 3883 2529 3920 se
2545 3882 2814 3932 reversus,
2829 3881 3012 3922 secum
3036 3865 3164 3934 quid
3181 3864 3362 3927 fuerit,
3380 3863 3522 3916 unde
3537 3861 3764 3926 exierit,

2175 3963 2318 4032 quod
2338 3961 2598 4025 evenerit,
2625 3975 2742 4029 quae
2765 3975 2822 4015 se
2847 3958 3176 4015 inevitabilis
3197 3956 3477 4023 maneatin
3499 3953 3766 4016 extremis

2178 4057 2466 4121 sententia,
2491 4055 2669 4124 rugitu
2695 4054 2872 4108 cordis
2896 4061 2950 4108 et
2982 4052 3336 4106 medullarum
3360 4047 3651 4104 sudoribus
3683 4061 3768 4100 re-

2179 4157 2409 4201 tractare
2421 4146 2604 4214 cmpit.
2624 4144 2812 4200 Aiebat
2829 4159 2986 4214 ergo:
3010 4161 3028 4194 ι
3053 4143 3129 4198 Ειι
3147 4157 3262 4196 mea
3289 4154 3520 4212 cycneas
3549 4137 3771 4190 imitan—

2181 4247 2265 4292 tur
2297 4247 2534 4304 tempora
2569 4231 2913 4304 plmnas(0v.
2936 4231 3096 4286 Trist.
3124 4247 3196 4298 iv,
3217 4230 3270 4298 8,
3297 4231 3370 4300 l),
3400 4238 3454 4282 et
3481 4242 3611 4282 ecce
3639 4227 3765 4280 uni-

2180 4345 2361 4394 verso,
2393 4338 2452 4381 ut
2476 4328 2693 4397 digumu
2725 4333 2860 4390 erat,
2888 4325 3173 4379 destitutus
3207 4321 3419 4384 solatio,
3467 4329 3524 4374 ut
3559 4319 3768 4388 lignum

499 4429 688 4483 ventu,
730 4433 1021 4489 germanus
1078 4414 1317 4471 defuncti
1367 4424 1420 4469 et
1449 4416 1660 4482 eodem,
1703 4431 1808 4470 non
1863 4413 2068 4484 quidem

2187 4422 2395 4475 aridqu
2428 4426 2482 4472 et
2513 4427 2734 4472 truncus
2759 4413 2962 4469 inutilis
2984 4413 3174 4468 aeterni
3207 4412 3346 4484 ignis
3391 4409 3588 4481 pabulo
3645 4419 3766 4462 tan-

500 4511 914 4574 anniversario,
974 4509 1068 4565 sed
1143 4509 1260 4579 ipso
1315 4507 1615 4562 identitatis
1666 4506 1902 4562 essentia
1972 4520 2081 4574 quo

501 4603 710 4658 viderat
739 4603 1000 4657 visionem
1049 4603 1301 4672 quodque
1347 4601 1570 4655 nuntius
1601 4599 1915 4665 advenerat,
1945 4600 2084 4653 veri-

503 4695 625 4752 dica
658 4694 917 4750 relatione
950 4695 1170 4749 fratrem
1200 4710 1354 4750 suum
1385 4693 1574 4748 didicit
1624 4707 1938 4764 etntgrasse.
1985 4693 2085 4748 Sa-

505 4789 682 4856 tisque
727 4799 1062 4858 compertum
1095 4798 1176 4844 est
1217 4804 1377 4857 quam
1413 4787 1562 4856 larga
1612 4783 1826 4839 Domini
1879 4784 2086 4839 miseri-

505 4880 687 4934 cordia
707 4887 809 4942 est,
826 4896 946 4950 qua:
967 4890 1016 4934 et
1048 4879 1297 4934 defuncto
1327 4878 1571 4948 permisit
1593 4887 1650 4930 ut
1668 4892 1822 4932 suum
1848 4875 2086 4930 debitum

505 4970 767 5040 exigeret,
797 4985 1067 5040 quamque
1097 4970 1356 5024 sollicitos
1395 4985 1493 5022 nos
1521 4983 1641 5022 esse
1685 4967 1970 5022 conveniat
2021 4981 2086 5020 ne

2188 4511 2461 4568 tummodo
2492 4519 2650 4578 aptus
2698 4507 2956 4574 remansi,
3005 4516 3056 4560 et
3087 4520 3214 4560 vere
3253 4504 3443 4558 merito
3478 4501 3650 4556 solum
3683 4514 3772 4553 me

2186 4607 2432 4661 relictum
2471 4602 2704 4666 invenio,
2741 4600 2830 4670 qui
2860 4607 3061 4654 sancta:
3084 4593 3517 4666 congregationis
3545 4592 3770 4662 dignum

2189 4700 2298 4754 Deo
2321 4707 2375 4750 et
2398 4695 2697 4766 angelicum
2743 4691 2935 4762 reliqui
2997 4687 3432 4744 contubernium.
3489 4682 3581 4738 Va:
3633 4681 3774 4736 mihi

2187 4786 2413 4843 misero!
2447 4785 2684 4853 quicum
2723 4795 2938 4850 possem
2971 4781 3036 4832 ad
3077 4792 3170 4832 eos
3215 4777 3412 4840 redire,
3447 4788 3550 4828 non
3587 4771 3766 4832 volui;

2187 4893 2330 4932 nunc
2361 4885 2544 4930 autem
2575 4888 2696 4928 cum
2724 4886 2847 4926 sero
2873 4869 3058 4934 velim,
3092 4883 3200 4922 non
3240 4864 3412 4919 valeo.
3451 4883 3469 4916 ι
3509 4861 3659 4916 Talia
3691 4875 3776 4914 se-

2189 4961 2310 5026 cum
2351 4970 2536 5024 dicens
2586 4966 2746 5021 ﬁebat
2795 4964 3086 5020 uberrime.
3137 4959 3376 5015 Tandem
3411 4965 3532 5028 post
3573 4954 3776 5009 multas

2759 5054 2796 5070 n
2837 5055 2847 5064 '
2939 5053 2972 5069 '.
2997 5067 3006 5070 -
3035 5052 3092 5069 _'_
3115 5050 3304 5070 .._.l:..-.-
3338 5050 3601 5070 --.2--.-ιηι-
3652 5050 3722 5070 κζ.
3755 5060 3769 5070 α
