4018 5330
195 378 301 434 “3

1061 380 1148 434 DE
1179 380 1403 436 ΗΕΒυὸ
1431 378 1675 436 GESTIS
1697 377 1762 432 IN
1791 377 2037 435 MAIOR!
2078 379 2376 438 MONAST.
2417 381 2589 438 SAEC.
2631 380 2721 437 XI.

3359 379 3465 434 4η

195 501 248 545 et
300 492 432 560 quia
484 501 857 562 prmgravatus
921 491 1226 546 valetudine
1288 508 1345 548 se
1388 508 1452 547 eo
1503 499 1785 547 venturum
1814 492 1860 551 Α
1892 491 2050 546 Pater
2077 491 2385 558 Beneditus,
2411 509 2515 548 non
2537 494 2702 550 timeo
2727 492 2854 562 quid
2876 491 3036 546 faciat
3067 491 3196 545 mihi
3221 489 3401 544 homo.
3437 507 3458 542 ι

196 579 496 644 difﬁdebat,
537 597 646 650 quo
679 580 913 652 legitime
943 580 1297 645 satisfaceret,
1347 580 1566 649 supplex
1594 588 1784 636 exorat

196 681 254 723 ut
281 687 382 740 pro
411 671 646 726 solemni
677 671 956 741 disciplina
987 672 1039 725 in
1086 687 1209 726 eum
1232 673 1458 726 verbera
1510 671 1782 742 virgarum

197 773 516 827 exerceant,
546 779 610 818 ac
628 763 817 818 deinde
839 778 1010 818 sacne
1035 764 1276 820 habitum
1303 762 1600 832 religionis,
1621 777 1781 832 quem

198 852 494 918 abiecerat,
524 854 820 908 clementer
847 853 1180 925 indulgeant.
1213 851 1322 908 Nec
1353 853 1569 908 differre
1607 852 1785 908 consi-

199 941 326 994 lium
363 942 490 1007 fuit,
539 942 666 1011 quia
693 952 746 996 et
775 943 1086 1013 paenitentis
1138 943 1458 1014 supplicatio
1504 952 1556 998 et
1607 943 1786 998 immi-

199 1032 379 1086 nentis
429 1033 660 1100 periculi
691 1034 913 1103 urgebat
942 1044 1187 1088 eventus.
1223 1033 1316 1088 llis
1364 1033 1524 1104 igitur
1553 1033 1786 1102 peractis

200 1138 319 1177 cum
369 1133 532 1180 nocte
585 1125 827 1180 insecuta
867 1127 1160 1180 matutinos
1205 1125 1334 1180 inibi
1401 1125 1782 1188 celebrassent,

199 1231 338 1286 σεεν
364 1230 560 1269 somno
589 1215 840 1282 indulsit;
881 1225 935 1271 et
965 1231 1090 1271 ecce
1146 1215 1436 1271 Martinum
1491 1215 1786 1285 pontificali

201 1306 516 1361 redimitum
568 1306 736 1362 infula
789 1323 913 1362 cum
954 1307 1295 1364 multitudine
1348 1309 1784 1374 candidatorum,

201 1405 564 1465 sanctumque
595 1397 947 1452 Benedictum
976 1414 1098 1453 cum
1143 1401 1528 1455 monachorum
1567 1407 1786 1454 caterva

199 1485 299 1538 sibi
330 1486 476 1540 videt
503 1487 556 1540 in
584 1486 790 1542 dextris
814 1488 1100 1552 assistere,
1126 1505 1290 1559 porro
1327 1490 1378 1543 in
1417 1497 1572 1559 parte
1616 1489 1786 1543 altera

201 1576 474 1630 diabolum
498 1587 555 1632 et
579 1579 799 1647 angelos
824 1579 962 1648 ejus.
991 1580 1128 1636 Tum
1158 1583 1307 1652 prior
1333 1581 1578 1637 diabolus
1607 1599 1618 1634 :
1653 1600 1670 1633 ι
1704 1580 1790 1635 ln-

195 1667 363 1734 juste,
395 1667 492 1728 ait,
542 1666 703 1736 agitis
734 1669 801 1723 ad
852 1670 993 1725 hunc
1047 1671 1388 1735 accedentes,
1420 1672 1512 1740 qui
1558 1686 1587 1725 a
1637 1670 1788 1726 vobis

198 1756 383 1827 refuga
418 1773 476 1810 se
509 1757 640 1810 mihi
674 1759 1030 1828 maneipavit;
1076 1768 1131 1813 et
1188 1761 1345 1815 modo
1381 1759 1632 1829 longznvzn
1688 1759 1783 1814 mi-

197 1846 347 1911 litiae,
373 1865 480 1917 qua
516 1850 646 1902 mihi
675 1852 958 1916 servierat,
992 1854 1210 1922 praemia
1255 1827 1626 1924 percepturus,
1658 1869 1787 1923 pro-
1816 1827 1861 1885 Β

197 1949 320 2008 pter
350 1942 514 1996 unius
545 1943 692 1996 hora:
735 1943 1022 2015 lacrymas,
1048 1956 1102 2000 et
1143 1958 1572 2001 momentaneam
1622 1948 1784 2017 patui-

200 2034 424 2088 tentiam
456 2051 522 2089 ac
549 2037 594 2090 si
626 2037 806 2108 justus
832 2052 860 2090 a
884 2037 1330 2093 vobis‘visitatur.
1365 2058 1383 2092 ι
1418 2038 1515 2094 Cui
1546 2039 1788 2094 clemens

199 2123 468 2179 Martinus
499 2144 512 2180 :
548 2145 565 2178 ι
595 2126 841 2197 Ignoras,
868 2129 1060 2198 inquit,
1092 2131 1279 2196 miser,
1307 2131 1501 2185 divina:
1531 2132 1788 2188 bonitatis

199 2216 556 2271 inexhaustas
587 2218 828 2284 divitias,
863 2221 952 2289 qui
986 2237 1081 2290 per
1105 2221 1432 2291 Prophetam
1474 2223 1622 2277 dura:
1668 2223 1789 2276 vita:

201 2309 478 2361 contraria
503 2309 713 2364 intonat
738 2310 900 2365 verba
926 2313 1140 2367 dicens:
1180 2333 1196 2365 ι
1225 2313 1282 2367 in
1311 2329 1634 2385 quacunque
1657 2315 1785 2367 hora

199 2399 532 2474 ingemuerit
578 2413 854 2471 peccator,
906 2420 1096 2460 omnes
1131 2405 1246 2475 ejus
1295 2407 1606 2476 iniquitates
1653 2407 1788 2461 obli-

201 2492 348 2546 vioni
384 2494 696 2560 tradentur;
724 2514 741 2546 i
777 2505 828 2550 et
856 2512 950 2566 per
972 2498 1345 2566 semetipsum,
1373 2498 1459 2551 ille
1481 2499 1571 2568 qui
1598 2507 1784 2569 tyran-

202 2585 386 2639 nidem
416 2597 653 2641 vestram
687 2603 799 2642 suae
845 2597 1046 2659 tr0p:co
1078 2588 1259 2654 crucis
1294 2589 1534 2643 edomuit
1566 2609 1579 2643 :
1617 2609 1633 2640 ι
1670 2589 1786 2644 Νοη

204 2680 352 2744 veni,
392 2680 591 2750 inquit,
623 2697 816 2735 vocare
840 2682 1036 2752 justos,
1077 2684 1170 2736 sed
1198 2690 1509 2750 peccatores
1540 2682 1592 2736 in
1617 2682 1788 2752 pumi-

206 2772 448 2826 tentiam.
487 2793 504 2824 ›
544 2773 638 2828 llis
665 2773 826 2829 dictis
848 2789 970 2829 cum
1004 2783 1197 2829 saneto
1239 2774 1528 2830 Benedicto
1558 2790 1787 2830 conver-

205 2876 298 2914 sus
319 2861 678 2930 adjacentem
711 2882 722 2917 :
757 2883 773 2916 ι
817 2865 918 2919 Per
963 2864 1284 2930 Salvatoris,
1314 2866 1504 2936 inquit,
1535 2867 1786 2936 gratiam,

203 2962 259 3006 et
295 2953 546 3008 collatam
579 2957 646 3009 ab
678 2955 794 3025 ipso
830 2955 980 3011 nobis
1035 2957 1353 3026 potentiam,
1409 2973 1440 3012 a
1487 2958 1696 3013 cunctis
1739 2967 1788 3012 te

205 3044 448 3112 peccatis
472 3044 832 3112 absolvimus;
868 3045 933 3100 de
971 3055 1166 3102 ca‘tero
1206 3058 1259 3102 tu
1293 3049 1593 3104 eorrcctius
1645 3049 1784 3115 vive,

204 3143 261 3188 et
283 3135 398 3202 jam
446 3135 679 3206 amplius
729 3137 836 3192 noli
886 3153 1132 3206 peccare.
1189 3159 1207 3192 ›
1268 3139 1335 3192 Et
1383 3139 1583 3194 addidit
1614 3158 1626 3194 :
1661 3158 1678 3190 ι
1715 3140 1789 3194 De

206 3226 370 3291 lecto,
413 3228 685 3297 inquiens,
718 3229 1051 3299 aegritudinis
1106 3229 1266 3298 hujus
1325 3230 1663 3296 convalesce,
1721 3231 1790 3286 ad

208 3327 435 3374 matrem
465 3330 609 3374 tuam
642 3321 926 3376 ecclesiam
962 3339 989 3375 a
1019 3338 1124 3392 qua
1159 3338 1463 3378 rccesseras
1493 3323 1786 3386 rediturus,

207 3410 301 3476 ibi,
319 3410 471 3479 juxta
505 3411 645 3481 quod
671 3412 928 3482 magister
955 3422 1077 3467 tuus
1095 3453 1107 3477 ,
1131 3429 1292 3483 quem
1317 3424 1636 3482 przesentem
1664 3429 1786 3467 cer-

208 3501 312 3566 nis,
350 3503 612 3565 sanxerit,
679 3502 1067 3557 satisfactionis
1114 3503 1256 3557 viam
1309 3504 1618 3557 universam
1663 3517 1788 3571 pcr-

209 3605 456 3658 curreus,
511 3604 700 3647 caveto
743 3609 1083 3664 summopere
1145 3610 1211 3648 ne
1266 3595 1394 3664 quid
1448 3596 1589 3664 quod
1645 3603 1788 3648 tuam

209 3685 516 3738 remordeat
580 3686 972 3741 conscientiam
1022 3702 1052 3740 a
1103 3688 1262 3742 Patre
1316 3689 1615 3743 abscondas
1675 3704 1784 3742 mo-

211 3779 461 3844 nasterii;
518 3780 629 3848 jam
698 3781 898 3834 etenim
957 3797 1062 3835 non
1116 3781 1285 3836 multo
1316 3792 1554 3852 tempore
1603 3798 1790 3852 super-

209 3869 372 3923 vivcs.
416 3891 433 3922 i
475 3871 570 3924 llis
617 3871 776 3927 dictis
818 3888 1065 3927 somnum
1117 3883 1172 3928 et
1221 3874 1356 3929 visio
1392 3877 1596 3946 pariter
1645 3876 1788 3930 abie-

211 3973 352 4018 runt.
382 3963 494 4019 Nec
522 3980 676 4019 mora
708 3965 968 4021 fratribus
999 3968 1064 4020 ad
1093 3982 1151 4021 se
1182 3969 1386 4022 vocatis
1412 3984 1530 4038 qua:
1559 3968 1786 4035 viderat,

213 4069 324 4122 qua:
353 4057 601 4111 audierat
631 4072 729 4127 per
754 4058 996 4112 ordinem
1048 4059 1252 4128 pandit,
1299 4076 1357 4114 se
1395 4059 1652 4115 divinitus
1704 4077 1792 4116 sa-

216 4159 392 4203 natum
424 4151 690 4215 insinuat,
716 4151 938 4204 rhedam
971 4152 1206 4218 instruit,
1238 4168 1358 4206 cum
1391 4169 1493 4222 qua
1525 4169 1646 4207 cum
1680 4154 1791 4208 suis

213 4243 373 4311 eOpiis
399 4245 753 4313 provehatur,
778 4244 844 4297 ad
869 4242 1037 4311 Majus
1060 4243 1444 4298 Monasterium
1475 4245 1649 4308 venit;
1673 4260 1792 4314 qua:

214 4349 388 4390 secum
416 4336 611 4391 detulit
657 4334 868 4390 scilicet
891 4335 1076 4404 viginti
1117 4337 1353 4404 quinque
1392 4336 1559 4390 millia
1589 4335 1789 4390 solido-

215 4442 346 4491 rum,
379 4437 433 4481 et
465 4443 594 4482 vasa
623 4437 878 4497 argentea
913 4437 1054 4489 octo,
1097 4441 1264 4498 equos
1301 4427 1461 4482 etiam
1501 4428 1553 4481 in
1599 4428 1794 4496 quibus

1816 3165 1861 3227 C

1887 581 1980 637 llis
2020 583 2176 638 dictis
2229 585 2281 638 in
2329 593 2642 640 sanctorum
2691 583 2785 654 qui
2837 583 3170 638 advenerant
3213 582 3466 636 manibus

1884 673 2032 726 vultu
2091 674 2255 729 alacri
2302 676 2538 730 animam
2587 675 2913 744 exspiravit,
2968 675 3155 744 sicque
3205 673 3467 729 divinitus

1884 779 2158 824 ostensum
2188 779 2272 825 est
2291 779 2495 838 quanta
2523 769 2593 824 sit
2621 770 2758 839 apud
2789 770 2955 824 Deum
2983 770 3282 824 multorum
3308 770 3466 824 inno-

1885 859 2080 922 centia,
2110 859 2250 929 apud
2276 873 2438 931 quem
2470 867 2618 915 tanta
2668 869 2753 915 est
2800 869 3143 930 peccatorum
3189 859 3464 929 perniten-

1885 950 1980 1005 tia.
2405 1005 2410 1010 .

1958 1041 2044 1095 l2.
2075 1039 2238 1096 Fulco
2268 1057 2472 1110 comes,
2505 1043 2680 1099 iturus
2707 1042 3159 1114 Hierosolymam,
3225 1042 3278 1097 in
3325 1041 3466 1098 festo

1885 1130 2234 1189 Pentecostes
2276 1135 2424 1190 venit
2483 1119 2746 1198 Turonos,
2793 1144 2852 1190 ut
2891 1134 2943 1188 ei
3014 1132 3460 1202 archiepiscopus

1887 1243 2055 1281 sacrae
2080 1226 2258 1282 crucis
2288 1226 2499 1296 signum
2549 1241 2650 1296 pro
2676 1240 2826 1281 more
2873 1232 3038 1279 tantae
3071 1224 3466 1294 peregrinatio-

1886 1315 1971 1370 nis
1995 1316 2312 1386 imponeret.
2337 1314 2452 1382 Quo
2477 1314 2639 1382 facto,
2664 1329 2786 1370 cum
2812 1323 2934 1384 post
2961 1313 3248 1368 missarum
3270 1311 3469 1367 solem-

1887 1407 1975 1461 nia
2007 1405 2401 1462 commilitones
2439 1417 2495 1462 et
2540 1405 2830 1475 participes
2871 1419 3069 1459 mensze
3096 1418 3206 1457 sum
3235 1413 3463 1472 praesto-

1887 1498 2110 1565 laretur,
2136 1497 2200 1552 ad
2224 1497 2491 1553 fenestras
2521 1497 2678 1562 aulai,
2707 1512 2828 1566 qua:
2854 1495 3024 1566 Majas
3075 1494 3463 1549 Monasterium

1888 1590 2270 1660 respiciebant,
2317 1604 2440 1644 cum
2473 1588 2682 1644 duobus
2713 1586 3046 1658 presbyteris
3091 1599 3210 1639 sese
3240 1583 3469 1638 comita-

1890 1679 2025 1734 turis
2048 1678 2249 1743 stabat,
2277 1677 2458 1732 nescio
2496 1676 2622 1747 quid
2649 1683 2921 1731 secretum
2947 1672 3318 1736 confabulans,
3341 1685 3466 1726 eum

1889 1787 2014 1827 ecce
2045 1771 2340 1841 respiciens
2367 1770 2513 1825 videt
2568 1769 2799 1840 primam
2829 1767 2894 1840 [ι’.
2934 1766 3176 1838 pinnam]
3245 1763 3464 1833 hlajoris

1891 1863 2198 1918 Monasterii
2263 1861 2494 1916 flammis
2567 1862 2749 1916 nimiis
2805 1861 2878 1915 ita
2933 1874 3248 1915 succensam
3301 1874 3363 1913 ac
3413 1859 3461 1915 si

1889 1953 2128 2007 funditus
2174 1953 2600 2007 combureretur.
2635 1952 2750 2018 Quo
2778 1951 2895 2006 visu
2932 1951 3263 2006 exterritus:
3303 1967 3320 2000 ι
3358 1950 3438 2004 En

1891 2043 2084 2112 inquit,
2119 2043 2290 2112 Majus
2332 2042 2720 2098 Munasterium
2771 2043 3020 2098 incendio
3066 2051 3444 2099 concrematur

1893 2135 2114 2197 Videtis,
2149 2135 2244 2200 ait,
2271 2134 2446 2204 qualis
2467 2133 2680 2188 flamma
2715 2132 2825 2203 jam
2855 2135 2907 2189 in
2956 2134 3323 2203 superioribus
3367 2133 3438 2190 de

1890 2225 2161 2279 minatur?
2199 2245 2217 2277 ι
2262 2224 2515 2279 Vidcntes
2562 2224 2863 2295 presbyteri
2916 2223 3202 2278 condolent
3260 2223 3470 2293 pariter

1889 2321 1944 2369 et
1967 2311 2252 2367 mirantur.
2304 2311 2416 2368 Nec
2470 2327 2645 2377 mora,
2697 2320 2915 2366 vocatos
2949 2311 3016 2365 de
3062 2310 3322 2365 militibus
3356 2311 3471 2365 suis

1889 2401 2194 2468 nonnullos,
2221 2403 2434 2458 concito
2459 2418 2619 2457 cursu
2645 2401 2797 2472 jubet
2822 2402 2899 2456 ire
2923 2401 3039 2467 illo,
3060 2409 3114 2454 et
3144 2401 3246 2454 sibi
3272 2416 3470 2455 renun-

1893 2498 2031 2552 tiare
2060 2495 2189 2564 quid
2220 2495 2291 2550 ibi
2331 2495 2512 2550 fuerit.
2562 2494 2816 2549 Ascensis
2845 2495 3001 2562 equis
3041 2492 3113 2546 illi
3154 2501 3468 2561 properant,

1890 2586 2061 2656 Majus
2084 2583 2464 2639 Monasteriam
2493 2583 2737 2649 veniunt,
2785 2581 3062 2651 inquirunt
3090 2580 3154 2635 de
3192 2580 3338 2650 igne,
3369 2594 3470 2634 nec

1889 2677 2053 2732 etiam
2085 2675 2411 2730 mentionem
2446 2672 2739 2743 reperiunt.
2785 2669 2977 2726 Comes
3022 2668 3139 2724 illos
3186 2668 3469 2738 praestola-

1891 2778 1997 2824 tur.
2027 2767 2233 2835 Quibus
2281 2765 2562 2836 regressis,
2600 2763 2839 2832 nihilque
2871 2763 2974 2816 tale
3021 2776 3080 2818 se
3132 2759 3218 2817 vel
3271 2760 3471 2815 vidisse

1891 2857 2349 2923 renuntiantibus,
2426 2855 2687 2911 sollicitus
2737 2866 2920 2910 comes
2976 2867 3098 2907 cum
3143 2850 3499 2922 presbyteris.

1892 2952 2006 3006 suis
2059 2952 2126 3006 de
2177 2949 2385 3005 visione
2441 2947 2725 3002 tractabat.
2787 2944 2886 3000 Cui
2937 2958 3077 3011 unus
3117 2956 3304 2997 eorum
3347 2940 3466 2994 ait:

1896 3065 1914 3099 ι
1953 3044 2198 3109 Domine,
2232 3043 2391 3114 digna
2422 3041 2556 3096 satis
2578 3040 2714 3095 visio
2744 3052 2843 3111 pro
2870 3034 3084 3106 negotio
3128 3033 3270 3104 quod
3297 3045 3471 3100 caepa,

1892 3137 2012 3203 stis,
2056 3151 2152 3206 pro
2180 3134 2523 3190 solemnitate
2552 3131 2822 3202 praesenti,
2877 3143 2974 3200 pro
3009 3126 3110 3181 loci
3168 3122 3469 3180 reverentia

1890 3230 1944 3284 in
1976 3243 2082 3296 quo
2117 3224 2366 3295 apparuit
2392 3224 2565 3287 vobis,
2598 3222 2853 3276 divinitus
2899 3227 3117 3274 ostensa
3173 3224 3277 3270 est.
3333 3212 3472 3268 Nam
3505 3283 3509 3287 η

1891 3326 1946 3371 et
1967 3331 2083 3380 vos,
2109 3315 2311 3380 Spiritu
2334 3321 2518 3367 sancto
2549 3310 2867 3380 inspirante,
2895 3307 3227 3382 Domiuit-um
3251 3305 3463 3381 signum

1890 3406 2041 3460 vobis
2067 3407 2226 3459 hodie
2280 3389 2634 3473 impoSuistis,
2684 3409 2739 3454 et
2801 3400 2914 3468 ipse
2965 3396 3200 3467 Spiritus
3251 3402 3474 3448 sanctus

1892 3497 2148 3553 hodierna
2182 3496 2266 3550 die
2294 3511 2455 3565 super
2489 3492 2757 3562 apostolos
2789 3490 2841 3544 in
2893 3490 3015 3560 igne
3073 3485 3370 3550 descendit,
3418 3492 3478 3542 et

1892 3592 2040 3645 locus
2072 3588 2288 3658 Majoris
2317 3585 2632 3642 Monasterii
2669 3583 2860 3654 dignus
2911 3589 2996 3635 est
3023 3581 3074 3633 in
3113 3593 3222 3648 quo
3271 3591 3332 3632 se
3379 3575 3470 3629 de-

1893 3692 2158 3736 monstret
2187 3680 2536 3743 descendere,
2561 3691 2720 3747 quem
2751 3683 2934 3729 tantus
2957 3680 3253 3727 conventus
3279 3669 3468 3723 eodem

1893 3772 2094 3842 Spiritu
2126 3772 2487 3825 inflammatus
2518 3768 2814 3823 cohabilat.
2850 3785 2867 3818 ι
2920 3761 3126 3819 Placuit
3177 3762 3294 3816 viro
3348 3759 3469 3814 illu-

1893 3865 1988 3919 stri
2014 3865 2172 3934 digna
2206 3863 2381 3934 dignae
2407 3861 2628 3916 visionis
2656 3857 3056 3927 interpretatio,
3090 3871 3189 3909 nec
3227 3863 3470 3908 moratus
3501 3923 3506 3934 ’

1894 3957 1947 4010 in
1997 3955 2234 4010 crastino
2290 3968 2353 4008 eo
2405 3952 2570 4016 venit,
2624 3949 2884 4004 visionem
2938 3945 3224 4002 conventui
3288 3943 3476 4007 refert,

1893 4051 2115 4105 fratrem
2158 4065 2214 4104 se
2249 4057 2304 4103 et
2355 4047 2670 4118 participem
2720 4043 2964 4099 beneficii
3015 4050 3166 4111 rogat
3202 4037 3358 4100 effici,
3398 4034 3478 4103 ip-

1895 4157 2120 4211 smnque
2150 4141 2326 4194 locum
2353 4147 2407 4193 et
2434 4137 2548 4207 ejus
2592 4135 2796 4191 incolas
2847 4132 3112 4202 condigna
3169 4126 3476 4184 reverentia

1896 4234 2148 4302 deinceps
2172 4229 2379 4286 habuit.

1968 4325 2054 4379 l5.
2094 4323 2252 4377 Aeris
2299 4320 2544 4375 siccitate
2597 4326 2754 4371 terra:
2801 4313 3063 4368 sterilitas
3117 4309 3476 4371 imminebat,

1897 4428 2293 4486 corporumque
2368 4409 2706 4479 inaequalitas
2755 4415 2959 4477 pestem
3012 4403 3173 4457 rebus
3240 4399 3480 4454 minatur

213 4528 452 4584 venerat,
486 4518 633 4573 Patri
663 4519 979 4574 monasterii
1012 4521 1266 4589 assignat,
1320 4519 1444 4573 Inde
1492 4519 1790 4573 miscricor.
1827 4507 1873 4565 D
1902 4509 2172 4563 humanis.
2205 4507 2514 4561 Conventus
2545 4501 2705 4570 igitur
2735 4496 2949 4566 Majoris
2981 4491 3315 4589 Monasterii,
3349 4487 3477 4543 nudi

216 4612 351 4665 diam
405 4614 627 4682 supplex
678 4621 890 4677 exorat,
944 4613 1146 4666 aditum
1195 4611 1469 4666 humiliter
1522 4620 1790 4680 precatur,

217 4706 340 4757 nihil
367 4705 468 4759 sibi
500 4704 670 4758 laxari
723 4703 990 4774 permittit
1020 4704 1311 4773 quominus
1341 4703 1649 4756 universam
1699 4718 1793 4756 cx—

217 4778 349 4860 pleat
380 4794 774 4850 satisfactionis
808 4795 1168 4865 disciplinam.
1191 4793 1312 4848 Dies
1330 4793 1484 4864 pauci
1504 4793 1792 4859 fluxerunt,

218 4897 267 4940 et
295 4903 421 4943 ecce
458 4888 655 4942 iterum
694 4887 836 4942 lecto
880 4886 1274 4957 prosternitur;
1309 4899 1537 4953 cumque
1584 4886 1796 4956 expleto

220 4993 380 5032 sacrm
408 4979 679 5034 unctionis
732 4977 993 5048 mysterio
1050 4991 1267 5030 crucem
1306 4975 1639 5030 Dominicam
1670 4975 1797 5030 ado-

224 5078 380 5130 raret,
433 5068 570 5123 vidit
624 5067 898 5122 diabolum
938 5081 1107 5135 prope
1165 5065 1438 5120 assistere.
1481 5063 1797 5135 Respiciens

895 5155 1044 5182 l':n:l:

639 5173 772 5182 .Auna
831 5164 1075 5182 -nllinilin

1122 5156 1462 5182 D-hnnnn:-n‘aa\.
1526 5155 1690 5182 ’ΚΑΙ-1³·-

358 5176 388 5182 κ
426 5175 485 5182 ο...
547 5159 633 5182 ...1-

1898 4602 2062 4671 pedes
2125 4597 2433 4653 deterentes
2495 4593 2718 4662 pignora
2776 4596 3121 4647 sanctorum,
3179 4582 3245 4635 ad
3298 4589 3480 4671 tumu-

1897 4669 2006 4745 ium
2043 4690 2185 4745 beati
2230 4685 2444 4741 Martini
2495 4683 2895 4754 processioncm
2944 4691 3042 4747 pro
3093 4673 3244 4728 clade
3299 4669 3479 4725 immi-

1897 4781 2046 4837 nenti
2098 4782 2364 4846 fecerunt,
2418 4777 2597 4846 ibique
2640 4774 2906 4828 celebrata
2959 4770 3162 4833 missa,
3207 4780 3327 4820 cum
3369 4761 3482 4831 jam

1898 4873 2110 4945 regredi
2134 4871 2357 4935 vellent,
2388 4882 2586 4938 corpus
2624 4866 2766 4919 beati
2797 4861 3099 4926 Coreutini,
3125 4859 3268 4932 quod
3298 4857 3505 4912 secum‘

1899 4965 2221 5030 detulerant,
2256 4962 2494 5019 volentes
2516 4959 2716 5024 levare,
2739 4969 2955 5012 movere
2984 4953 3198 5030 penitus
3227 4949 3488 5020 nequive—

1899 5067 2044 5112 runt.
2069 5056 2422 5112 Attentabaut
2466 5051 2707 5122 plurimi,
2756 5050 2850 5105 sed
2899 5047 3051 5102 labor
3079 5061 3265 5101 cassus
3293 5041 3489 5097 nihilo-

2035 5165 2076 5182 ιο
2110 5147 2494 5182 Γιιιιοι-ηῑισιιιιπ-’
2536 5142 2672 5182 Tum
2731 5156 2932 5182 namrnl‘
2983 5140 3173 5182 ingan
3218 5148 3271 5182 nl
3316 5135 3488 5182 illCIUS

1898 5152 2028 5182 Μῖνι·
