4018 5330
483 214 588 270 413

1533 221 1874 278 ΑΡΡΕΝΙΜΧ
1912 223 2004 278 AD
2052 223 2113 278 Β.
2151 225 2770 288 ΒΑῙιΤΙῙΟιΟΜᾸΞυΜ.

3655 241 3771 297 HG

485 329 650 399 igitur
677 345 902 386 securus
933 333 1212 388 nobiscum
1261 343 1562 404 revertere,
1605 348 1654 393 et
1687 349 1759 404 te,
1811 341 1949 396 sicut
1981 342 2067 396 isti
2099 347 2143 404 Α
2174 341 2409 400 ferentes
2458 356 2673 401 centum
2721 349 3074 420 quadraginta
3137 351 3350 406 alausas
3381 391 3397 418 ,
3436 367 3573 422 quas
3615 369 3772 412 eme-

484 423 791 486 sun't,auro
821 426 1138 482 vestiemus.
1182 445 1200 479 ι
1256 425 1350 482 His
1399 428 1595 496 dictis,
1629 431 1696 486 ad
1741 431 1954 502 bajulos
1999 433 2075 488 fe-

485 515 614 568 retri
665 529 962 571 conversus
1016 535 1030 572 :
1083 537 1100 570 ι
1163 519 1497 588 Supponite,
1557 521 1769 592 inquit,
1821 523 2075 578 humeros

483 605 660 669 oneri,
689 606 743 660 in
778 608 996 662 nomine
1027 609 1238 664 Domini
1283 609 1417 664 nihil
1446 610 1780 667 haesitantes.
1817 633 1835 666 ι
1873 613 2078 680 Quibus

477 691 631 762 iussa
687 695 1102 760 lacessentibus,
1157 697 1210 752 in
1257 713 1468 753 summa
1523 698 1786 756 facilitate
1825 711 2074 756 sanetum

484 786 820 852 levaverunt,
879 791 1282 862 antiphonaque
1318 791 1596 860 imposita,
1627 802 1749 863 post
1789 807 2074 848 mosi-orem

483 877 669 934 lzctitia
707 881 908 951 perfusi
939 883 1003 936 ad
1031 883 1247 954 propria
1279 883 1577 938 redierunt.

555 973 644 1026 M.
685 973 878 1028 Laicus
907 974 958 1028 in
1008 976 1198 1030 eodem
1228 975 1477 1031 coenobio
1505 991 1800 1030 conversus
1841 975 2076 1046 psalmos

489 1063 766 1127 addidicit,
817 1075 871 1122 et
919 1081 1016 1135 per
1060 1081 1230 1122 annos
1257 1068 1649 1138 quinquaginta
1693 1069 1745 1123 in
1799 1071 1915 1140 ipso
1960 1085 2076 1124 mo-

484 1155 728 1211 naslerio
767 1156 1014 1227 relfgiose
1067 1167 1418 1214 conversatus
1473 1173 1748 1228 nunquam
1801 1162 1866 1214 ad
1915 1159 2075 1214 cellas

483 1247 792 1301 exteriores
825 1247 979 1302 exire
1009 1250 1076 1302 ad
1123 1249 1448 1304 manendum
1481 1249 1676 1304 voluit.
1728 1249 1952 1304 Jaccbat
1981 1265 2076 1302 au-

490 1350 598 1394 tem
631 1339 680 1392 in
729 1337 958 1393 e.clesia
1007 1337 1293 1393 luminaria
1341 1340 1674 1394 conciunans
1699 1381 1712 1405 ,
1744 1354 2077 1410 verrensque

484 1431 836 1501 pavimenta,
885 1431 1124 1501 parietes
1179 1441 1509 1502 extergens,
1560 1441 1614 1486 et
1668 1432 2076 1502 quibuscunque

487 1523 696 1576 sanctis
749 1521 1069 1576 ministeriis
1143 1531 1395 1591 poterat,
1465 1522 1682 1577 sedulus
1745 1522 2072 1577 insistebat:

481 1613 796 1684 psalterium
868 1629 936 1668 ex
1012 1613 1202 1668 ordine
1251 1615 1490 1683 quotidie
1537 1613 1859 1669 decantabat
1893 1655 1907 1680 ,
1956 1623 2078 1684 post

484 1706 780 1762 Matutinus
825 1723 1102 1777 nunquam
1153 1707 1322 1776 quieti
1371 1707 1554 1763 lectuli
1607 1708 1935 1778 indulgebat.
1970 1708 2076 1763 Sed
2110 1695 2152 1752 η

483 1814 606 1852 cum
651 1798 816 1853 nimia
861 1815 984 1854 eum
1043 1798 1305 1853 lassitudo
1359 1799 1730 1870 compulisset,
1782 1799 1849 1853 ad
1903 1800 2076 1855 locum

483 1888 676 1959 refugii
723 1888 933 1960 integer
986 1889 1173 1944 habitu
1239 1899 1551 1945 sanctorum
1608 1891 1914 1945 necessitati
1959 1906 2082 1945 cor-

481 1981 764 2051 pusculum
797 1983 1138 2038 admittebat.
1182 1983 1490 2038 Advenerat
1539 1983 1702 2054 igitur
1747 1983 1891 2038 beati
1939 1982 2080 2037 illar-

486 2073 582 2128 tini
629 2087 782 2127 sacra
827 2073 1162 2139 solemnitas,
1211 2065 1352 2145 qua,
1398 2073 1635 2144 peractis
1685 2072 2075 2127 Matutinorum

485 2163 785 2230 solemniis,
817 2166 1001 2221 eteteri
1053 2165 1252 2223 fratres
1296 2166 1496 2236 requiei
1529 2166 1704 2235 gratia
1755 2165 1822 2219 ad
1854 2163 2078 2220 lectulos

485 2252 781 2308 redierunt.
835 2255 924 2310 ille
969 2263 1149 2310 autem
1199 2271 1321 2310 eum
1366 2255 1593 2326 privatis
1639 2255 1976 2310 orationibus
2024 2262 2078 2310 et

485 2359 717 2416 genuum
751 2345 1073 2401 flexionibus
1123 2363 1240 2403 sese
1283 2347 1588 2419 fatigasset,
1623 2348 1688 2401 ad
1721 2347 2075 2401 memoratum

487 2436 678 2508 refugii
723 2437 896 2494 locum
929 2441 1182 2506 secessit;
1225 2451 1457 2510 cumque
1503 2425 1606 2494 levi
1641 2455 1849 2506 somno,
1880 2448 1938 2491 ut
1965 2452 2080 2491 tra-

485 2530 675 2582 tntinis
705 2531 854 2584 horis
883 2529 999 2585 fieri
1041 2531 1195 2586 solet.
1245 2547 1435 2600 parum
1463 2539 1770 2602 raperetur,
1801 2543 1930 2583 ecce
1961 2528 2078 2582 dua:

485 2633 732 2688 person-.e
761 2621 1071 2675 venerando
1103 2621 1308 2684 habitu,
1341 2620 1599 2691 praeclara
1624 2619 1762 2673 facie
1791 2617 2075 2687 fulgentes,

486 2723 674 2764 coram
709 2709 864 2765 altari
895 2711 1221 2778 astiterunt;
1255 2713 1500 2783 dixitque
1527 2711 1663 2766 alter
1692 2711 1761 2764 ad
1791 2709 2021 2763 alterum
2060 2725 2073 2762 :

491 2817 511 2850 ι
543 2802 784 2857 Domnus
834 2802 1102 2869 gloriosus
1141 2801 1405 2857 Martinus
1457 2803 1615 2857 beato
1669 2801 1796 2856 huic
1835 2800 1951 2855 loco
1981 2815 2078 2870 pro

485 2897 792 2950 reverentia
819 2897 1178 2952 solemnitatis
1213 2897 1372 2968 huius
1417 2911 1568 2952 suam
1601 2897 1758 2951 hodie
1805 2895 2082 2950 exhibebit

487 2988 856 3056 praesentiam,
921 2987 1145 3043 fratrem
1195 2990 1357 3043 etiam
1403 2987 1567 3043 istum
1609 2989 1697 3058 qui
1747 3003 1846 3043 nos
1887 2986 2075 3052 audit,

485 3079 612 3150 quia
655 3081 701 3135 ei
735 3097 842 3134 non
895 3081 1244 3137 mediocriter
1293 3082 1520 3138 devotus
1549 3083 1794 3148 exstitit,
1830 3083 1917 3137 die
1963 3095 2081 3135 cra-
2107 3079 2152 3102 “

487 3171 628 3226 stina
659 3173 810 3228 educi
835 3171 986 3242 jubet
1028 3189 1058 3229 e
1105 3163 1351 3244 Corpore.
1387 3174 1460 3228 Ea
1509 3183 1730 3244 propter
1763 3175 1878 3244 ipso
1915 3173 2078 3228 etiam

489 3265 742 3320 audiente
794 3265 906 3320 haec
940 3281 1005 3321 ex
1035 3267 1296 3320 industria
1345 3265 1556 3336 loquor,
1604 3275 1870 3335 quatenus
1919 3273 2082 3318 tanta:

487 3358 831 3414 necessitatis
883 3359 1016 3414 hora
1082 3369 1191 3414 tam
1261 3360 1564 3430 propinqua
1647 3374 1770 3414 eum
1835 3365 2081 3426 paratum

488 3450 753 3508 inveniat.
795 3473 813 3505 ι
869 3451 963 3508 llis
1017 3453 1177 3507 dictis
1226 3452 1364 3507 visio
1409 3451 1714 3524 disparuit,
1757 3463 2083 3522 somnusque

489 3545 732 3600 recessit.
766 3543 944 3611 Quare
994 3543 1080 3598 ille
1107 3543 1286 3599 exitus
1325 3545 1514 3597 horam
1564 3541 1832 3606 ultimam,
1879 3549 1984 3594 tam
2018 3537 2084 3594 de

490 3637 671 3698 vicino
727 3637 1117 3700 imminentem,
1174 3635 1419 3690 sollicitis
1476 3644 1530 3690 et
1569 3632 1931 3689 formidulosis
1961 3647 2086 3686 ora-

487 3730 731 3786 tionibus
807 3737 1102 3798 exspectat.
1179 3727 1334 3783 Mane
1425 3737 1603 3783 autem
1691 3727 1832 3781 facto
1866 3765 1882 3792 ,
1969 3723 2081 3779 fra-

493 3831 579 3877 ter
609 3821 793 3876 abbati
819 3837 940 3892 qua:
981 3821 1195 3876 viderat
1241 3835 1470 3892 qumque
1521 3820 1766 3876 audierat
1816 3817 2082 3889 suggerit;

494 3917 586 3972 ille
625 3931 756 3972 vero
788 3924 846 3969 ut
872 3915 1142 3971 somnium
1187 3916 1340 3986 parvi
1389 3917 1647 3986 pendens,
1689 3929 1794 3969 non
1826 3913 2086 3966 adhiben-

496 4011 620 4064 tlam
649 4007 872 4063 somniis
900 4007 1079 4062 fidem.
1113 4007 1346 4078 Imperat
1376 4015 1554 4061 tamen
1597 4021 1758 4075 super
1787 4005 2084 4072 licentiam,

495 4111 555 4156 ut
585 4101 893 4170 inungatur.
928 4100 1043 4168 Quo
1091 4100 1256 4166 facto,
1309 4100 1608 4156 Dominicis
1651 4099 1817 4153 etiam
1850 4098 2090 4153 munitus

497 4193 798 4266 mysteriis,
830 4177 996 4248 sanus
1043 4202 1098 4248 et
1146 4193 1434 4248 incolumis
1476 4183 1598 4248 cuni
1629 4190 1840 4245 caeteris
1871 4189 1922 4243 in
1954 4205 2088 4244 con-

495 4303 542 4340 v.
567 4295 657 4341 ntu
695 4296 959 4352 versatus,
987 4296 1145 4342 nocte
1175 4287 1438 4350 insecuta,
1471 4285 1614 4339 circa
1643 4283 1857 4338 Laudes
1887 4283 2090 4338 viribus

2183 445 2304 488 rant
2332 437 2396 488 ad
2427 451 2562 505 opus
2592 437 2903 494 refcctiouis
2932 439 3178 506 fratrum,
3209 441 3612 514 tendebantque
3633 459 3768 514 per-

2181 528 2368 582 venire
2397 529 2462 583 ad
2487 527 2654 598 Majus
2683 529 3090 587 Monasterium.
3121 533 3364 604 Cumque
3393 535 3670 590 venissent
3697 537 3772 592 ad

2179 617 2462 686 quemdam
2489 618 2662 674 locum
2689 620 2844 676 valde
2871 621 3256 692 periculosum,
3281 625 3370 679 ubi
3398 624 3612 696 aliquis,
3637 641 3782 724 pro]

2177 715 2297 776 pter
2358 707 2604 765 exclusas
2662 721 2716 765 ct
2775 711 3128 782 molendina,
3186 730 3304 783 qua:
3353 713 3483 769 inibi
3534 707 3776 785 amplius"

2179 799 2478 868 abundant,
2530 803 2633 872 vix_
2667 803 2867 860 illacsus
2915 805 3020 860 iter
3070 821 3224 860 suum
3288 807 3462 862 valeat
3509 789 3780 879 peragere,

2182 901 2379 959 tutum;
2413 895 2661 957 monachi
2697 896 2936 962 solliciti,
2982 913 3142 952 causa
3190 898 3395 953 vitandi
3437 900 3770 968 periculum,

2179 994 2547 1056 praeceperunt
2578 985 2790 1042 famulis
2813 987 2925 1042 suis
2950 997 3007 1041 ut
3036 988 3086 1041 in
3117 987 3364 1042 navicula
3389 997 3772 1053 remanerent,

2178 1085 2232 1132 et
2287 1077 2571 1148 diligenter
2633 1093 2750 1132 eam
2801 1080 3106 1149 gubernare
3157 1089 3454 1134 certarent.
3507 1080 3584 1134 llli
3639 1096 3774 1134 vero

2179 1168 2507 1239 accipientes
2539 1169 2840 1240 navigalem
2891 1170 3108 1234 funem,
3140 1171 3536 1225 descenderunt
3573 1171 3625 1224 in
3663 1180 3776 1224 ter-

2181 1275 2317 1326 ram,
2344 1269 2401 1315 ut
2431 1261 2604 1316 valide
2649 1263 2925 1317 trahentes
2972 1262 3131 1318 citius
3165 1261 3498 1318 transvolare
3548 1263 3778 1317 naufra»

2179 1354 2322 1423 gium
2371 1363 2607 1424 possent.
2656 1353 2761 1408 Sed
2810 1355 3036 1410 callidus
3085 1356 3298 1420 hostis,
3351 1371 3442 1426 qut
3491 1371 3774 1425 nunquam

2179 1448 2408 1517 quiescit
2465 1449 2719 1503 munibus
2775 1448 3054 1504 adversari
3125 1448 3322 1513 bonis,
3372 1447 3774 1517 aliquantulum

2181 1541 2512 1611 propositum
2546 1539 2757 1594 illorum
2793 1541 3154 1609 perturbavit,
3182 1557 3287 1594 nun
3323 1549 3500 1594 tamen
3532 1540 3599 1593 ad
3625 1540 3780 1592 dam-

2181 1648 2307 1685 num
2349 1639 2404 1685 et
2449 1631 2830 1686 contumeliam
2887 1631 3145 1702 ipsorum,
3203 1630 3296 1686 sed
3337 1631 3404 1685 ad
3451 1630 3665 1684 Iaudem
3717 1639 3780 1683 et

2181 1723 2407 1794 gloriam
2441 1723 2676 1778 nominis
2721 1723 2934 1778 Domini
2985 1723 3154 1778 nostri
3202 1723 3332 1779 Jesu
3368 1723 3592 1778 Christi.
3627 1719 3766 1774 Nam

2181 1829 2302 1867 cum
2336 1813 2518 1868 famuli
2555 1823 2702 1868 recto
2733 1813 2994 1884 regimine
3043 1814 3316 1870 suleantes
3363 1813 3537 1868 undas
3583 1813 3778 1868 elabo—

2182 1915 2396 1961 rassent
2425 1907 2570 1962 illam
2611 1918 2892 1978 augustam
2922 1907 3152 1963 transire
3177 1919 3407 1978 portam,
3432 1915 3488 1961 et
3517 1905 3780 1960 monachi

2179 2005 2501 2069 peragentcs
2524 1997 2679 2068 juxta
2707 1997 2853 2052 littus
2889 1998 3027 2052 viam
3057 2014 3210 2053 suam
3239 2009 3461 2052 extenso
3501 1995 3630 2050 fune
3667 1995 3780 2048 for-

2181 2091 2310 2145 titer
2357 2091 2661 2146 naviculam
2723 2107 2875 2146 suam
2934 2091 3246 2156 traxissent,
3295 2089 3544 2145 mirabile
3591 2089 3778 2143 dictu!

2179 2197 2304 2236 mox
2345 2181 2499 2251 quasi
2533 2181 2736 2236 incisus
2761 2181 3031 2252 rumpitur
3051 2179 3213 2238 funis.
3243 2179 3396 2247 Quod
3429 2179 3780 2250 persentien-

2181 2282 2263 2342 tes
2291 2273 2498 2340 famuli,
2545 2283 2601 2328 et
2644 2281 2873 2328 mortem
2906 2271 3008 2328 sibi
3057 2271 3341 2326 imminere
3369 2271 3652 2330 videntes,
3685 2267 3782 2321 vix

2182 2366 2452 2420 haerentes
2485 2365 2734 2420 manibus
2771 2363 2967 2419 tabulis
3003 2361 3432 2419 molendinorum
3458 2367 3779 2414 evaserunt.

2181 2455 2346 2512 Navis
2380 2456 2578 2526 quippe
2604 2455 2784 2509 statim
2819 2454 3082 2526 mergitur
3106 2494 3120 2518 ,
3163 2469 3269 2506 non
3311 2460 3370 2506 ut
3397 2466 3534 2520 aqua
3587 2449 3784 2516 imple-

2181 2555 2352 2610 retur,
2382 2546 2522 2600 sicut
2553 2544 2686 2600 solet
2711 2543 2858 2610 fieri;
2889 2541 3000 2606 sed,
3038 2541 3180 2610 quod
3211 2539 3383 2610 magis
3410 2537 3780 2608 periculosum

2180 2647 2280 2704 est,
2315 2637 2478 2708 puppi
2529 2649 2582 2692 et
2621 2651 2780 2706 prora
2831 2635 3084 2690 deorsum
3131 2632 3409 2688 conversis
3447 2631 3501 2685 in
3549 2641 3780 2693 terram,

2182 2730 2436 2798 resupina
2463 2729 2626 2798 coepit
2651 2727 2912 2782 fluctuare
2944 2726 2996 2779 in
3019 2725 3198 2780 undis.
3230 2723 3416 2794 Magna
3459 2735 3590 2776 voce
3627 2720 3782 2774 inter

2181 2821 2294 2876 lucc
2322 2819 2683 2875 clamantibus
2709 2816 2990 2872 monachis
3020 2833 3033 2868 :
3069 2833 3087 2866 ι
3123 2815 3167 2870 0
3196 2815 3350 2868 beate
3393 2811 3556 2866 Pater
3591 2816 3784 2865 sancte

2183 2911 2452 2976 Martine,
2501 2909 2706 2964 sanctis
2771 2907 3025 2978 precibus
3079 2913 3132 2959 et
3189 2901 3396 2958 meritis
3465 2900 3572 2954 tuis
3623 2898 3780 2954 salva

2184 3005 2359 3074 pisces
2392 3003 2442 3056 in
2475 3001 2564 3056 illa
2609 3001 2756 3066 navi,
2786 3015 2922 3070 quos
2969 2997 3277 3053 ferebamus
3307 2995 3506 3050 nostris
3552 2993 3680 3048 filiis
3725 3001 3784 3048 et

2184 3095 2355 3150 servis
2387 3093 2512 3147 tuis.
2563 3111 2581 3143 )
2621 3091 2914 3160 Postquam
2955 3103 3084 3158 ergo
3127 3087 3374 3142 navicula
3399 3084 3487 3137 diu
3519 3082 3587 3136 ab
3615 3082 3784 3137 undis

2182 3186 2420 3242 ﬂutniuis
2495 3183 2716 3254 depulsa
2793 3181 3082 3245 natilavit,
3143 3176 3393 3233 monachi
3465 3183 3524 3229 et
3589 3172 3782 3227 famuli

2185 3294 2290 3335 non
2320 3277 2602 3332 credentes
2648 3289 2822 3344 neque
2866 3281 3148 3342 sperantes
3193 3270 3483 3341 quidquam
3533 3267 3784 3322 funditus

2186 3369 2516 3425 remansisse
2561 3367 2613 3421 in
2647 3383 2730 3430 ea,
2763 3365 2976 3418 tandem
3024 3379 3220 3433 magno
3265 3377 3390 3416 cum
3437 3359 3620 3413 labore
3651 3373 3782 3426 per-

2188 3465 2472 3514 traxerunt
2532 3456 2600 3510 ad
2669 3463 2890 3510 terram.
2954 3454 3197 3522 Cumque
3266 3450 3662 3506 convenissent
3724 3455 3786 3501 et

2185 3550 2488 3608 erexissent
2521 3564 2739 3621 puppim
2767 3562 3004 3612 sursum,
3035 3561 3155 3616 qua).
3203 3542 3578 3611 diu'resupiua
3617 3548 3784 3594 nata-

2187 3651 2357 3702 verat,
2384 3640 2634 3696 viderunt
2681 3639 2854 3708 pisces
2896 3651 3022 3692 suos
3075 3635 3330 3690 immotos
3370 3641 3424 3688 et
3473 3631 3674 3694 salvos,
3723 3639 3786 3682 et

2189 3737 2260 3791 ita
2293 3731 2581 3790 ordinatim
2623 3731 2764 3785 sicut
2806 3728 3208 3785 collocaveram
3233 3725 3463 3796 positos,
3489 3721 3786 3790 nullusque

2191 3824 2404 3879 illorum
2433 3821 2675 3877 onmium
2712 3835 2848 3889 quos
2895 3817 3158 3872 fratribus
3202 3813 3420 3882 Maioris
3465 3810 3786 3866 Mouasterii

2191 3917 2616 3978 destinaverant,
2643 3912 2695 3966 in
2721 3925 2860 3982 aqua
2889 3907 3239 3982 periclitavit.
3275 3905 3520 3976 Triginta
3559 3903 3784 3972 quidem

2189 4009 2367 4079 pisces
2394 4021 2530 4076 quos
2575 4003 2867 4076 separatim
2911 4007 3226 4073 posuerant,
3277 4005 3338 4051 ut
3381 3995 3692 4066 captnribus
3727 4001 3787 4046 et

2192 4099 2496 4172 bujusmodi
2525 4095 2834 4154 hominibus
2865 4095 3213 4166 largirentur,
3249 4091 3321 4147 illi
3364 4089 3682 4146 ceciderunt
3727 4087 3784 4142 in

2192 4209 2384 4263 aquam
2413 4203 2466 4247 et
2515 4191 2828 4262 perierunt;
2887 4186 3060 4257 spolia
3103 4197 3320 4255 quoque
3365 4179 3692 4236 famulorum
3727 4179 3782 4232 in

2193 4284 2410 4338 flutuinc
2436 4283 2680 4338 demersa
2712 4287 2838 4333 sunt
2867 4317 2880 4344 ,
2925 4275 3064 4329 liber
3097 4289 3225 4328 vero
3273 4271 3684 4334 monachorum,
3731 4269 3786 4322 id

497 4377 745 4448 corporis
804 4379 968 4449 coepit
1021 4387 1244 4448 repenle
1299 4376 1548 4441 deslilui;
1601 4390 1701 4430 nec
1739 4374 1852 4446 iam
1905 4374 2090 4428 "alens
2123 4388 2168 4447 ι)
2193 4387 2271 4434 est
2331 4375 2707 4438 Dreviarium,
2769 4371 2842 4424 ita
2899 4369 3098 4423 illassus
3153 4363 3455 4438 permansit
3512 4363 3655 4416 sicut
3731 4369 3790 4414 et

499 4471 820 4536 subsistere,
854 4471 919 4525 ad
952 4485 1142 4524 manus
1188 4471 1241 4523 in
1273 4469 1464 4524 cellam
1514 4467 1850 4522 infirmorum
1880 4467 2092 4523 deduci-

502 4570 609 4616 tur.
665 4561 818 4616 Mane
865 4561 1203 4626 adveniente,
1241 4577 1339 4632 pro
1384 4561 1529 4616 bona
1570 4561 1767 4616 iterum
1809 4559 2094 4615 devotione

501 4653 765 4724 Dominici
795 4669 1036 4724 corporis
1065 4665 1119 4709 et
1147 4671 1428 4724 sanguinis
1455 4662 1798 4710 sacramenta
1827 4653 2090 4722 percepit,

502 4745 620 4812 ubi,
669 4761 789 4802 cum
831 4755 953 4815 post
996 4749 1310 4818 sanguinem
1363 4747 1548 4802 vinum
1598 4745 1855 4800 ebibisset
1884 4784 1898 4810 ,
1953 4743 2095 4798 inter

503 4856 698 4908 manus
746 4854 865 4896 sese
900 4838 1254 4910 bajulantium
1285 4838 1604 4910 exspiravit.
1632 4838 1708 4892 lla
1739 4837 2008 4892 Martinus
2041 4837 2092 4890 in

503 4951 601 4992 sua
643 4934 932 4992 festivitate
959 4933 1060 4988 sibi
1095 4933 1346 4988 devotum
1393 4931 1701 5001 assumpsit,
1741 4931 1814 4984 ita
1849 4929 2110 4985 Christus

505 5027 863 5104 praecedentis
892 5025 1080 5100 gratia:
1109 5027 1308 5082 donum
1337 5024 1687 5096 subscquenti
1718 5021 1888 5092 gloria
1919 5035 2099 5076 remu-

506 5124 735 5182 neravit.
768 5123 962 5177 Amen.

580 5213 672 5270 i5.
711 5215 964 5271 Dicamus
1030 5213 1194 5268 etiam
1246 5210 1517 5280 quoddam
1583 5207 1907 5266 miraculum
1953 5205 2096 5278 quod

511 5305 716 5330 --ηηιηέη
778 5305 1108 5330 Ιιι..ινι,.-.ἶις--η
1198 5303 1375 5330 Ᾱῖινζηιι
1438 5311 1694 5330 Ausa-Iunia
1767 5302 2052 5330 nln-nnnl:n

2193 4470 2370 4540 pisces
2402 4467 2655 4520 fratrum.
2691 4461 2844 4530 Quod
2891 4460 3134 4514 videntes
3166 4456 3416 4512 monachi
3467 4461 3522 4510 et
3571 4451 3780 4514 famuli,

2193 4572 2246 4618 et
2275 4575 2464 4616 omnes
2493 4557 2585 4627 qui
2618 4557 2865 4617 aderant,
2899 4553 3096 4622 gaudio
3125 4565 3323 4620 magno
3356 4545 3545 4616 repleti
3577 4542 3786 4608 glorifi-

2194 4659 2452 4709 caverunt
2502 4651 2692 4714 Deum,
2741 4645 2832 4716 qui
2881 4658 3158 4713 nunquam
3210 4639 3450 4696 deseruit
3499 4643 3786 4707 sperantes

2195 4745 2247 4800 in
2281 4761 2356 4808 se,
2391 4741 2482 4812 qui
2514 4757 2618 4796 non
2644 4739 2814 4794 solum
2855 4749 3016 4792 voces
3042 4733 3262 4789 exaudit
3293 4730 3530 4786 fidelium
3557 4741 3784 4782 suorum

2196 4834 2548 4891 clamantium
2579 4832 2645 4886 ad
2674 4845 2755 4896 se,
2783 4843 2968 4885 verum
3019 4826 3182 4880 etiam
3213 4822 3542 4879 desiderium
3568 4831 3627 4875 et
3654 4819 3784 4875 eﬂ‘e-

2197 4925 2341 4985 ctum
2393 4926 2574 4984 cordis
2633 4939 2845 4989 eorum,
2894 4922 3035 4976 sicut
3089 4921 3142 4974 in
3199 4920 3431 4987 quodam
3483 4917 3600 4972 loco
3647 4915 3786 4970 Pro-

2195 5020 2357 5092 pheta
2411 5027 2690 5074 testatur:
2723 5035 2741 5068 ι
2777 5013 3115 5070 Desiderium
3163 5021 3458 5080 pauperum
3509 5003 3790 5060 exaudivit

2197 5112 2478 5176 Dominus,
2513 5107 2936 5181 praeparationes
2964 5101 3143 5160 cordis
3169 5113 3358 5158 eorum
3403 5096 3610 5153 audivit
3635 5094 3788 5150 auris

2198 5215 2314 5264 tua.
2360 5225 2378 5258 ι

2269 5295 2336 5330 Alt
2397 5294 2529 5330 Πηῖιι
2569 5293 2704 5330 cinnl
2738 5290 3014 5330 Qnrinmm
3045 5287 3172 5330 dini!
3216 5305 3228 5317 -
3269 5303 3284 5322 ι
3323 5285 3606 5330 Spei-etum
3639 5283 3786 5330 regis
