4018 5330
213 367 312 422 H7

1004 368 1082 422 DE
1119 364 1347 424 REBUS
1391 361 1635 421 GESTlS
1666 359 1734 417 IN
1773 358 2019 416 MAJORI
2064 360 2365 417 MONAST.
2410 359 2582 417 ειπερ.
2625 362 2713 417 Xl.

3368 367 3472 425 418

213 460 552 532 temporibus
595 461 735 531 apud
781 459 949 530 Majus
993 461 1375 517 Monasterium
1421 461 1663 516 revelare
1713 459 1792 513 di-
1823 463 1868 519 Α
1899 457 1966 512 de
1987 475 2073 514 me
2099 458 2307 514 fueritis
2340 460 2576 524 solliciti,
2607 463 2700 517 sed
2728 470 2916 532 parate
2946 463 3118 519 nobis.
3152 483 3169 516 ›
3204 460 3473 533 Mane-igi-

212 563 372 622 gnata
401 560 506 606 est.
549 553 829 619 Quondam
877 553 1023 606 enim
1069 555 1289 624 quidam
1338 553 1640 607 monachus
1685 549 1797 606 Ma‘

207 645 345 716 joris
374 643 708 707 Monasterii,
745 643 827 696 vir
856 643 980 698 boni
1014 644 1342 708 testimonii,
1373 643 1525 699 Oddo
1555 643 1792 708 nomine,

211 736 540 806 prmpositus
592 736 660 789 de
713 735 912 791 Sancta
963 737 1209 803 Gemma,
1259 755 1380 794 cum
1430 738 1795 810 persensisset

215 825 267 879 in
298 826 418 880 loco
451 825 772 881 obedientia:
820 842 931 881 sua:
962 842 1020 883 se
1060 829 1274 884 mortali
1327 828 1641 885 infirmitate
1677 845 1798 886 cor-

213 929 447 986 reptum,
477 919 803 988 quantocius
833 919 901 974 ad
947 919 1116 989 Majus
1169 921 1551 977 Monasterinm
1599 938 1658 978 se
1706 923 1797 978 de-

214 1009 340 1064 ferri
370 1010 650 1079 praecepit.
673 1011 917 1082 Cumque
939 1012 992 1065 iu
1018 1013 1176 1067 domo
1205 1013 1540 1069 inﬁrmorum
1568 1012 1796 1067 fratrum

214 1101 421 1171 positus
461 1106 626 1165 esset,
667 1100 1054 1173 aliquantulum
1091 1104 1145 1158 in
1194 1105 1507 1159 inﬁrmitate
1552 1121 1646 1160 sua
1677 1120 1799 1160 exa-

215 1195 475 1257 minatus,
525 1197 592 1248 ad
633 1193 882 1248 ultimum
931 1197 1196 1252 universa:
1243 1197 1423 1251 carnis
1470 1197 1608 1250 viam
1639 1197 1801 1267 cmpit

211 1283 445 1353 ingredi.
479 1283 593 1337 lloc
627 1292 807 1338 autem
839 1285 1052 1354 cognito
1081 1301 1109 1337 a
1140 1285 1339 1354 priore,
1387 1285 1501 1354 qui,
1541 1284 1653 1353 jam
1706 1285 1800 1338 ad-

212 1383 632 1442 vesperascente
683 1374 787 1437 die,
841 1375 1010 1444 gratia
1061 1376 1433 1443 perscrutandi
1485 1375 1797 1444 qualitatem

213 1458 324 1519 Sum
368 1465 708 1520 inﬁrmitatis
750 1465 896 1519 illum
945 1467 1254 1522 visitaverat
1281 1507 1296 1532 ,
1349 1466 1499 1522 ﬁnito
1544 1465 1796 1535 Comple-

215 1560 354 1613 torio
386 1557 717 1628 signiﬁcavit
747 1558 918 1614 tribus
963 1558 1219 1614 fratribus
1248 1569 1305 1614 ut
1332 1560 1398 1613 ad
1447 1559 1593 1614 illum
1621 1569 1802 1613 custo-

214 1649 496 1712 diendum,
525 1649 668 1704 sicut
703 1664 817 1703 mos
840 1658 924 1704 est
954 1649 1094 1704 illius
1122 1650 1380 1711 ccclesim,
1413 1659 1694 1719 postquam
1728 1651 1800 1704 in

215 1738 275 1790 ﬁt
297 1738 578 1806 proximus
619 1739 801 1804 morti,
825 1739 1086 1802 venirent,
1117 1748 1171 1792 et
1197 1749 1364 1793 totam
1406 1749 1615 1795 noctem
1653 1740 1797 1795 circa

214 1841 335 1881 eum
364 1827 418 1882 iu
451 1829 673 1898 psalmis
695 1837 750 1885 et
790 1829 1126 1884 orationibus
1164 1828 1550 1899 expenderent.
1593 1829 1800 1885 Fratri-

216 1919 317 1973 bus
370 1919 540 1989 igitur
582 1919 963 1975 obedientibus
1012 1920 1130 1975 sine
1183 1936 1332 1975 mora
1381 1920 1536 1991 signa
1581 1921 1798 1991 prioris,

215 2009 542 2065 festinanter
566 2021 826 2067 venerunt
852 2013 904 2066 in
931 2013 1146 2068 domum
1179 2011 1540 2078 inﬁrmorum,
1573 2024 1627 2068 ct
1651 2013 1800 2068 circa

219 2099 444 2154 fratrem
474 2101 527 2155 in
578 2102 837 2157 extremis
863 2103 1094 2172 positum
1123 2102 1450 2167 residentes,
1482 2101 1596 2158 fere
1632 2118 1802 2174 usque

216 2193 287 2245 ad
315 2193 552 2246 medium
581 2195 756 2248 noctis
777 2193 827 2248 in
859 2194 1083 2265 psalmis
1110 2205 1165 2250 et
1185 2195 1525 2250 orationibus
1550 2197 1800 2266 perstitco

218 2289 370 2335 runt.
397 2280 643 2353 Cumque
663 2283 776 2352 jam
804 2283 938 2338 hora
969 2285 1269 2355 propinqua
1310 2296 1456 2341 esset
1484 2286 1536 2341 in
1567 2303 1671 2357 qua
1699 2286 1804 2342 fra-

219 2381 332 2427 tres
359 2371 463 2446 [ut]
491 2374 558 2428 ad
587 2373 877 2430 Matutinos
901 2385 1123 2448 surgant
1153 2376 1428 2433 admoneri
1451 2379 1648 2442 solent.
1675 2395 1804 2436 ecce

218 2478 362 2518 unus
389 2479 458 2518 ex
482 2465 658 2520 tribus
702 2465 960 2522 fratribus
989 2481 1126 2536 quos
1159 2483 1319 2538 supra
1347 2472 1766 2528 memoravimus
1786 2513 1800 2537 ,

219 2552 526 2624 Gergonius
568 2556 806 2621 nomine,
835 2558 1038 2628 apertis
1065 2560 1255 2625 oculis,
1282 2577 1386 2616 non
1413 2579 1508 2633 per
1542 2564 1800 2620 visionem

219 2644 493 2713 aspiciens
519 2661 734 2701 sursum
765 2645 816 2700 in
847 2648 1106 2703 directum
1125 2689 1141 2715 ,
1171 2650 1305 2706 vidit
1331 2654 1617 2724 quamdam
1649 2671 1801 2712 avem

219 2736 524 2805 speciosam
555 2737 720 2793 nimis
747 2738 799 2792 in
841 2739 1104 2796 columba:
1150 2743 1330 2812 specie
1358 2760 1422 2799 ex
1453 2755 1564 2800 toto
1593 2747 1798 2815 albam,

216 2842 320 2895 per
372 2827 582 2881 radium
631 2826 906 2897 cujusdam
959 2830 1259 2900 splendoris
1288 2836 1463 2900 magni
1497 2837 1798 2893 venientem

216 2931 385 2988 super
405 2918 632 2974 fratrem
665 2917 937 2974 inﬁrmum
967 2932 1025 2976 et
1064 2924 1224 2978 morti
1253 2927 1586 2994 proximum;
1611 2934 1802 3004 εωνὶι-

218 3027 328 3080 que
358 3026 520 3081 supra
548 3021 740 3082 pectus
763 3011 879 3083 ejus
909 3014 1133 3069 volitare
1155 3023 1208 3070 et
1232 3017 1503 3075 volitando
1525 3023 1672 3078 illum
1695 3027 1801 3081 cir-

1897 557 1988 604 tur
2015 549 2178 615 facto.
2204 553 2434 607 induens
2455 569 2514 607 se
2555 555 2642 607 vir
2689 555 2884 610 nobilis
2924 554 3201 624 cujusdam
3226 556 3366 610 servi
3392 556 3476 610 sui

1897 639 2083 696 habitu
2109 643 2290 698 vilinri
2313 645 2381 698 ad
2415 643 2583 714 Majns
2634 644 3015 701 Monasterium
3041 647 3206 712 venit,
3235 656 3474 719 reperto-

1897 747 2003 803 que
2032 733 2224 788 abbate
2251 734 2534 791 Gnillelmo
2565 736 2641 809 (3)
2698 739 2930 807 procidit
2975 740 3041 795 ad
3068 741 3229 811 pedes
3260 743 3395 810 ejus,
3423 750 3477 796 et

1897 836 1998 892 pro
2025 837 2209 879 amore
2235 824 2433 880 Christi
2463 836 2517 881 et
2548 828 2688 882 beati
2713 827 2927 884 Martini
2975 831 3352 886 monachatum
3376 832 3477 888 sibi

1897 913 2120 969 concedi
2151 923 2340 969 exorat
2369 933 2382 970 :
2409 917 2564 986 cujus
2607 917 2861 973 humilem
2893 920 3295 990 supplicemque
3340 922 3478 992 peti-

1901 1004 2101 1058 tionem
2133 1007 2223 1075 pio
2253 1007 2419 1062 abbas
2443 1011 2730 1066 attendens
2758 1012 2973 1078 intuitu,
3010 1012 3244 1084 benigne
3285 1029 3478 1069 concc-

1899 1095 1976 1150 dit
2002 1097 2145 1165 quod
2180 1097 2268 1152 ille
2295 1099 2570 1154 humiliter
2593 1112 2864 1170 precatur.
2894 1103 3021 1157 Inde
3047 1106 3111 1158 ad
3139 1121 3266 1160 suos
3296 1121 3478 1175 regre-

1899 1185 2065 1252 ditur,
2091 1187 2414 1244 mirantibus
2443 1190 2694 1244 nimirum
2717 1191 2924 1249 cunctis
2945 1196 3214 1264 quomodo
3236 1196 3319 1249 vel
3345 1212 3478 1268 qua-

1899 1273 2023 1329 liter
2053 1277 2104 1330 in
2137 1277 2226 1332 tali
2258 1278 2442 1333 habitu
2468 1283 2840 1349 processisset.
2871 1283 3178 1355 lic-sumptis
3213 1285 3476 1350 vestibus,

1901 1367 2240 1423 dissimulato
2263 1379 2410 1436 voto,
2443 1379 2551 1426 tota
2583 1371 2698 1427 dies
2727 1373 2814 1426 illa
2852 1373 2903 1428 in
2933 1374 3116 1430 laetitia
3147 1377 3342 1447 agitur.
3375 1377 3479 1430 Dc-

1901 1459 2068 1527 niquc
2108 1461 2255 1515 videt
2294 1463 2346 1516 in
2389 1465 2628 1519 crastino
2675 1481 2828 1520 suum
2868 1468 2971 1521 iter
3007 1469 3385 1539 parari,qnasi
3412 1468 3479 1524 ad

1902 1549 2134 1617 patriam
2167 1551 2454 1608 rediturus.
2484 1555 2715 1610 Ducibus
2752 1567 2930 1612 autem
2953 1560 3239 1614 comitatus
3261 1561 3481 1615 mandat

1902 1651 2114 1697 secreto
2139 1653 2214 1708 ut,
2244 1660 2364 1699 cum
2390 1655 2606 1701 ventum
2634 1648 2863 1717 primum
2893 1648 3053 1704 fuerit
3079 1651 3144 1704 ad
3176 1651 3344 1722 Majns
3373 1652 3481 1707 Mo-

1903 1733 2216 1798 nasterium,
2246 1736 2512 1791 divertant
2541 1753 2802 1806 gressum.
2841 1739 3023 1809 Itaque
3066 1743 3306 1797 oratione
3334 1744 3480 1813 prius

1909 1821 2176 1877 celebrata
2198 1865 2212 1888 ,
2243 1840 2301 1880 se
2346 1828 2520 1896 poscit
2565 1829 2630 1882 ad
2659 1828 2908 1885 abbatem
2939 1831 3151 1886 deduci.
3180 1833 3277 1886 Cui
3315 1833 3480 1887 abbas

1899 1926 2192 1984 assurgens
2241 1914 2367 1984 (jam
2399 1918 2569 1986 enim,
2614 1917 2753 1973 fama
2783 1932 3147 1990 przcconante,
3184 1924 3304 1993 quis
3336 1933 3481 1978 esset

1901 2007 2190 2079 audierat),
2222 2009 2274 2063 in
2301 2011 2487 2064 osculo
2516 2013 2664 2082 pacis
2687 2014 2927 2083 gaudens
2953 2017 3155 2086 excipit
3179 2017 3348 2071 illum.
3373 2016 3482 2072 lio-

1901 2108 1992 2171 gat
2015 2099 2200 2166 etiam,
2234 2116 2333 2172 pro
2355 2104 2750 2161 consuetudine
2796 2117 2851 2160 et
2878 2106 3261 2178 hospitalitatis
3287 2110 3481 2179 gratia,

1903 2201 1963 2246 ut
1990 2192 2230 2247 laborem
2258 2193 2468 2250 itineris
2522 2197 2604 2252 sui
2659 2196 2857 2253 ibidem
2907 2200 3230 2268 quiescendo
3261 2201 3482 2268 relevet,

1901 2295 1970 2334 nc
1991 2280 2638 2352 dedigneturbeneﬁcium
2663 2287 2854 2343 domus
2886 2289 3181 2358 suscipere,
3214 2291 3298 2344 cui
3331 2306 3488 2345 sacer

1903 2371 2165 2428 Martinus
2191 2383 2246 2428 et
2273 2389 2541 2446 expensas
2566 2378 2832 2446 providet,
2855 2387 2909 2432 et
2931 2379 3268 2449 expendendi
3296 2380 3485 2435 volun-

1905 2473 2068 2520 tatem
2100 2466 2347 2539 largitur.
2379 2467 2513 2522 Tum
2561 2468 2648 2524 ille
2691 2483 2706 2522 :
2752 2488 2770 2520 ι
2808 2469 3054 2536 Domine,
3110 2471 3306 2540 inquit,
3371 2487 3481 2527 non

1903 2559 2168 2630 dedignor
2212 2569 2306 2615 aut
2361 2575 2558 2632 respuo
2604 2561 2926 2616 beneﬁcium
2973 2563 3113 2617 beati
3167 2562 3380 2618 Martini
3426 2575 3483 2618 et

1903 2657 2142 2704 vestrum
2172 2666 2187 2716 ;
2222 2665 2308 2704 me
2336 2651 2480 2708 enim
2507 2651 2560 2706 in
2588 2651 2910 2707 monachum
2958 2654 3294 2722 suscepistis,
3322 2662 3376 2706 et
3419 2653 3485 2706 ad

1905 2740 2012 2796 hoc
2039 2740 2198 2798 hodie
2227 2741 2370 2798 veni.
2403 2761 2421 2794 ι
2449 2741 2631 2797 Mirari
2660 2744 2825 2799 abbas
2862 2760 2920 2800 se
2945 2743 3090 2799 illum
3133 2752 3358 2799 eatenus
3381 2759 3484 2797 non

1904 2831 2126 2888 vidisse.
2151 2833 2246 2889 llle
2291 2849 2322 2891 e
2366 2842 2592 2890 contra:
2635 2852 2654 2886 ι
2691 2833 2828 2898 Non,
2874 2837 2973 2902 ait,
3021 2836 3344 2892 meministis
3391 2851 3487 2890 vos

1904 2926 2022 2982 heri
2050 2926 2339 2996 quemdam
2369 2942 2659 2998 pauperem
2685 2928 2942 2984 clericum
2968 2927 3020 2982 in
3047 2927 3140 2982 tali
3183 2936 3237 2982 et
3271 2927 3362 2981 tali
3396 2928 3491 2981 hao

1903 3021 2019 3076 bitu
2053 3023 2324 3094 recepisse
2360 3022 2412 3077 in
2441 3023 2804 3078 monachum?
2827 3054 2899 3068 —-
2928 3023 3068 3089 Hoc,
3101 3024 3271 3094 inquit
3299 3023 3485 3098 abbas,

220 3100 396 3155 cuire.
433 3099 540 3155 Sed
572 3111 863 3173 antequam
911 3102 1000 3157 illa
1048 3105 1164 3159 avis
1189 3107 1487 3175 advolaret,
1518 3110 1684 3169 frater
1713 3116 1794 3172 in-
1827 3143 1875 3207 ο
1907 3117 2182 3171 recordor.
2213 3147 2277 3157 —
2306 3117 2434 3189 Ego,
2466 3117 2564 3184 ait,
2598 3118 2686 3172 ille
2706 3134 2845 3173 sum.
2873 3116 2990 3173 Jam
3017 3133 3178 3184 nunc,
3217 3117 3262 3172 si
3286 3116 3481 3187 placet,

221 3191 414 3246 ﬁrmus
450 3193 691 3260 graviter
714 3193 1068 3260 anxiabalur,
1123 3205 1178 3250 et
1230 3200 1418 3255 mortis
1464 3203 1698 3262 stimulis
1723 3211 1804 3265 ni-

223 3282 394 3335 mium
423 3284 712 3350 urebatur;
745 3283 832 3338 ubi
868 3299 995 3340 vero
1017 3285 1255 3352 advenit,
1282 3301 1531 3358 pacatum
1578 3296 1724 3354 illum
1754 3313 1810 3359 et.

223 3374 472 3442 quietum
506 3375 614 3430 cito
641 3376 895 3440 reddidit,
924 3392 1098 3448 neque
1129 3391 1311 3446 postea
1342 3391 1518 3438 tantos
1563 3387 1808 3456 planctus

227 3473 452 3534 tamque
478 3480 672 3536 graves
699 3466 968 3522 anhelitus
993 3467 1191 3522 emisit.
1222 3469 1466 3542 Cumque
1496 3475 1806 3547 aliquandiu

225 3553 378 3608 illum
404 3555 710 3621 circnisset,
744 3565 798 3611 et
825 3572 986 3627 super
1007 3568 1194 3628 pectus
1232 3560 1397 3630 ipsius
1429 3564 1665 3622 vicissim
1710 3587 1806 3626 vo-

225 3645 470 3711 litassct,
503 3647 708 3717 pariter
753 3657 807 3702 et
856 3647 1027 3703 frater
1063 3665 1221 3704 suum
1271 3651 1500 3709 Domino
1554 3658 1808 3726 spiritum

225 3738 486 3800 reddidit,
539 3747 595 3792 et
641 3739 759 3794 avis
814 3755 920 3810 qua
975 3739 1060 3794 via
1102 3741 1488 3811 descenderat,
1541 3753 1805 3808 ascendit.

225 3831 366 3890 Nulli
395 3832 496 3891 hoc
526 3831 841 3892 incredibile
871 3831 1149 3903 videatur,
1184 3835 1279 3894 sed
1326 3836 1420 3896 Dei
1461 3841 1717 3914 cperibus
1750 3845 1810 3903 ti-

228 3935 349 3989 dem
403 3945 612 3989 rectam
645 3933 1018 4000 adhibeamus,
1051 3943 1108 3988 et
1135 3935 1211 3988 illi
1249 3936 1466 3990 assidue
1508 3950 1690 4008 grates
1720 3942 1806 3996 de-

228 4028 372 4081 bitas
401 4029 693 4082 reddamus
716 4067 731 4091 ,
763 4026 853 4096 qui
903 4041 1118 4097 semper
1161 4042 1287 4082 suos
1333 4031 1698 4088 consolatione
1724 4035 1808 4103 pia

231 4120 435 4184 visitat,
457 4129 511 4174 et
539 4121 591 4174 in
615 4135 672 4175 se
699 4119 1045 4190 sperantibus
1075 4121 1266 4190 gaudia
1309 4121 1551 4181 cmlestia
1587 4125 1811 4197 largitur

234 4219 286 4264 et
310 4221 602 4281 prteparat.
629 4249 646 4268 .

302 4303 386 4356 l7.
431 4301 528 4356 Vir
557 4301 914 4364 venerabilis,
947 4302 1108 4357 simul
1158 4312 1214 4357 ct
1260 4305 1578 4374 praepositus
1623 4315 1678 4362 et
1724 4322 1809 4362 ar-

235 4392 580 4449 chidiaconus
644 4392 1104 4449 Claromonteusis
1163 4394 1438 4463 ecclesiae,
1489 4398 1557 4452 ad
1612 4397 1807 4454 festum

1909 3223 1994 3263 me
2017 3218 2070 3262 et
2099 3223 2217 3263 mea
2242 3209 2530 3279 suscipite;
2566 3209 2632 3264 de
2669 3210 2752 3264 his
2783 3210 2875 3279 qui
2900 3225 3108 3265 mecum
3140 3210 3334 3266 suntsi
3363 3209 3486 3278 quis

1908 3299 2098 3354 eodem
2141 3300 2264 3354 vitae
2283 3299 2551 3354 desiderio
2593 3309 2770 3354 tactus
2805 3309 2908 3364 est,
2941 3315 3134 3369 precor
3168 3309 3224 3353 ut
3251 3315 3350 3368 pro
3377 3299 3487 3352 Deo

1909 3405 2120 3445 mecum
2167 3390 2513 3460 suscipiatur.
2571 3409 2589 3442 ι
2643 3388 2854 3444 Gaudet
2897 3390 3094 3453 abbas,
3151 3389 3329 3443 clerici
3361 3403 3490 3442 con-

1911 3481 2213 3536 tristantur.
2262 3482 2376 3537 Duo
2427 3490 2603 3535 tamen
2649 3497 2714 3536 ex
2770 3481 2882 3546 eis,
2925 3481 3137 3536 c:eteris
3180 3497 3300 3536 cum
3342 3480 3488 3536 luctu

1911 3574 2264 3637 abeuntihus,
2313 3581 2704 3628 remanserunt.
2738 3573 2934 3629 Factus
2977 3573 3141 3642 igitur
3173 3572 3491 3638 monachus,

1910 3679 2016 3734 quo
2044 3663 2326 3719 sublimior
2355 3665 2406 3717 in
2454 3663 2650 3720 saeculo
2700 3665 2898 3728 fuerat,
2936 3679 3000 3719 eo
3027 3679 3085 3718 se
3113 3663 3361 3718 exhibuit
3388 3663 3491 3718 hn-

1909 3754 2197 3810 miliorem.
2227 3753 2356 3808 Post
2385 3769 2489 3813 non
2523 3754 2752 3813 multum
2783 3753 3038 3830 temporis
3063 3754 3292 3814 saerista
3323 3753 3503 3815 efﬁci--

1911 3847 2072 3916 citur,
2095 3846 2372 3906 atlributis
2397 3852 2444 3906 ei
2469 3851 2629 3906 sociis
2651 3852 2808 3906 bona:
2831 3851 2953 3906 vitae
2986 3867 3149 3922 super
3171 3867 3236 3908 eo
3258 3861 3316 3908 ut
3338 3851 3495 3907 decc-

1911 3943 2003 3997 hat
2037 3943 2282 3997 sollicitis
2315 3953 2409 3996 :at
2439 3943 2549 4008 ille,
2581 3943 2753 4012 magis
2783 3944 3057 4013 magisque
3085 3943 3136 3998 in
3169 3943 3334 3998 Deum
3367 3960 3494 4013 pro-

1912 4032 2120 4096 ﬁciens,
2158 4047 2342 4087 secum
2373 4033 2536 4102 οωρὶι
2567 4041 2802 4087 tractare
2823 4033 3059 4102 qualiter
3086 4033 3337 4088 omnibus
3376 4033 3490 4087 fra-

1912 4123 2085 4178 tribus
2136 4123 2210 4177 ita
2273 4123 2572 4177 dcservirct
2634 4132 2694 4176 ut
2738 4139 2930 4178 omnes
2979 4123 3190 4177 lateret.
3253 4123 3495 4194 Denique

1911 4215 2190 4269 nocturnis
2219 4214 2365 4268 horis
2391 4230 2512 4268 cum
2562 4215 2740 4269 caeteri
2781 4215 2947 4286 quieti
2975 4216 3352 4280 concederent,
3381 4216 3494 4286 ipse

1911 4308 2048 4363 clam
2081 4309 2294 4363 cunctis
2318 4324 2513 4378 aquam
2541 4307 2823 4363 hauriebat
2863 4319 2918 4363 et
2957 4308 3272 4362 lavatorium
3307 4308 3496 4378 imple-

1909 4401 2024 4456 bat.
2060 4401 2171 4456 lloc
2205 4417 2324 4456 cum
2352 4401 2517 4454 multo
2555 4410 2792 4470 tempore
2821 4400 2931 4470 jam
2980 4400 3216 4467 fecisset,
3241 4399 3491 4454 Omnium

235 4487 369 4541 licati
400 4485 614 4540 Martini
667 4487 956 4555 quotannis
1006 4487 1193 4541 venire
1245 4498 1629 4555 consueverat,
1664 4492 1811 4561 pari-
1846 4491 1890 4549 D
1919 4490 2242 4545 Sanctorum
2273 4492 2490 4545 advenit
2528 4490 2838 4546 solemnitas
2867 4509 2878 4544 :
2909 4490 3120 4545 cartcris
3151 4490 3328 4560 itaque
3372 4499 3494 4560 post

238 4589 419 4648 terque
451 4577 673 4649 Majoris
722 4578 1033 4633 Monasterii
1082 4580 1388 4634 cuénobinm
1432 4581 1674 4636 visitare.
1709 4583 1808 4650 Qui

239 4684 352 4724 cum
401 4671 533 4725 inibi
581 4670 803 4725 multam
836 4671 1150 4738 religionem
1179 4670 1389 4726 fervere
1447 4673 1806 4742 conspiceret,

241 4759 324 4828 pio
346 4761 776 4817 conversationis
801 4761 1072 4816 desiderio
1100 4769 1183 4816 est
1210 4776 1492 4817 accensus.
1509 4764 1810 4832 Aliquando

244 4850 398 4920 igitur
416 4853 483 4908 de
513 4867 664 4908 more
719 4853 785 4907 ad
831 4852 1006 4906 sancti
1053 4850 1264 4906 Martini
1313 4852 1511 4908 festum
1559 4864 1815 4910 venturus

247 4943 517 5000 thesauros
536 4959 666 5001 suos
687 4955 740 5000 et
766 4955 944 5001 vestes
968 4944 1283 5012 olosericas,
1318 4947 1653 5017 multamque
1678 4949 1816 5003 divi-

248 5031 431 5090 tiarum
457 5033 839 5106 supellectilem
867 5051 1050 5091 secum
1081 5035 1258 5091 afferri
1290 5037 1437 5094 fecit.
1479 5038 1612 5093 Cum
1655 5040 1819 5112 igitur

253 5133 353 5180 tota
376 5137 534 5183 nocte
565 5135 622 5182 et
659 5128 744 5184 die
787 5128 1147 5185 solemnitatis
1178 5131 1348 5186 sacris
1374 5130 1566 5188 ofﬁciis
1592 5133 1816 5193 devotus

252 5216 588 5284 interfuisset,
639 5220 692 5274 in
731 5221 988 5276 comitatu
1021 5235 1118 5275 suo
1165 5223 1366 5280 recedit
1393 5225 1461 5279 ad
1491 5223 1812 5296 hospitium,

253 5319 306 5330 Α-
339 5308 474 5330 2...-..
503 5307 808 5330 --_l'-l.--l__

1919 4581 2208 4636 Matutinos
2235 4583 2302 4636 ad
2338 4581 2506 4635 lectos
2538 4581 2918 4645 redeuntibus,
2964 4580 3078 4649 ipse
3106 4580 3254 4650 operi
3279 4573 3495 4634 assueto

1917 4672 2174 4727 succedit.
2203 4671 2318 4739 Quo
2341 4671 2553 4740 expleto
2583 4672 2647 4726 dc
2691 4687 2870 4734 more,
2899 4669 3035 4724 redit
3080 4670 3130 4725 in
3161 4672 3452 4725 oratorium
3477 4711 3495 4737 ,

1917 4762 2182 4818 incumbit
2210 4761 2461 4817 orationi.
2492 4761 2556 4816 Et
2582 4776 2707 4816 ecce
2737 4775 2801 4815 ex
2833 4777 2895 4816 ea
2923 4769 3076 4832 parte
3106 4762 3349 4818 ecclesiae
3392 4779 3496 4832 qua

1917 4851 2059 4906 beati
2091 4851 2305 4907 Martini
2336 4853 2507 4906 lectus
2548 4850 2800 4918 habetur,
2829 4851 2977 4906 audit
3009 4851 3284 4908 immensa:
3314 4853 3499 4907 multi—

1919 4944 2119 4999 tudinis
2145 4945 2490 5002 dulcissimas
2512 4956 2692 4996 voces.
2725 4943 2953 5014 Erigeus
2974 4953 3155 4998 autem
3181 4952 3338 5014 caput
3367 4943 3503 4997 vidit

1921 5045 2033 5093 tres
2059 5051 2323 5106 personas
2347 5032 2743 5108 pontiﬁcalibus
2760 5033 2942 5091 infulis
2958 5034 3262 5102 decoratas,
3275 5047 3505 5104 quarum

1920 5132 2010 5202 qui
2043 5131 2257 5189 medius
2284 5138 2401 5189 erat
2425 5137 2477 5183 et
2497 5127 2704 5182 honore
2733 5138 2786 5186 et
2814 5127 2962 5182 vultu
2991 5128 3274 5185 videbatur
3295 5124 3507 5181 caeteris

1921 5220 2311 5295 praeeminere;
2345 5219 2535 5278 deinde
2557 5217 2784 5277 abbates
2811 5217 3008 5274 multos
3030 5233 3093 5274 ac
3121 5205 3507 5276 monachorum

1925 5316 1938 5328 ο
1986 5315 2013 5330 η
2063 5313 2121 5330 ο..
2274 5327 2281 5330 .
2397 5327 2440 5330 .-
2561 5327 2610 5330 _-_
2646 5327 2659 5330 _
2722 5314 2736 5330 ι
2792 5322 2866 5330 ..-
2916 5320 2956 5330 -.
2995 5310 3127 5330 .I__|_-
3241 5307 3394 5330 .I-.I:..
3427 5303 3478 5330 ζ..
