4018 5330
503 91 612 146 419

1527 91 1877 150 BERNARDI
1912 91 2186 150 COMITIS
2227 93 2768 154 BISULDUNENSIS

3685 102 3793 156 420

503 220 648 260 nem.
683 203 930 260 Secundo
950 207 1130 277 agitur
1170 220 1268 276 pro
1293 203 1580 261 defunctis.
1621 205 1804 260 Tertio
1829 221 1930 278 pro
1956 207 2098 264 illius
2127 223 2172 282 Α
2203 209 2490 275 bulabant;
2517 211 2741 266 abbates
2773 210 2939 280 ipsius
2981 211 3106 278 loci,
3139 220 3194 270 et
3243 213 3436 270 deinde
3463 216 3793 280 monachos,

503 294 604 348 loci
636 291 1076 366 congregatione.
1125 297 1316 366 Incipit
1347 291 1434 351 ille
1462 297 1905 366 archiepiscopus
1934 298 2092 351 Anti-

502 387 739 457 phonam
771 403 784 440 :
824 381 1096 443 Civitatem
1139 389 1292 442 istam
1340 399 1396 442 tu
1423 389 1692 442 circumda
1715 431 1728 452 ,
1757 388 1998 444 Domine.
2033 391 2098 444 Et

500 475 777 546 Subjungil
802 477 856 546 ιῆ,
893 475 1016 531 Fiat
1052 495 1160 548 pax
1207 479 1259 533 in
1289 479 1474 532 virtute
1509 489 1636 544 tua;
1667 487 1721 533 et
1756 477 2092 534 Collectam:

502 563 643 622 Deus
668 569 756 640 qui
795 569 1212 624 renuntiantibus
1255 571 1450 624 δίει-ιιιο
1499 571 1820 626 mansionem
1863 589 2020 642 paras
2041 573 2094 626 in

501 659 666 725 cado,
704 657 870 714 dilata
903 659 1060 730 hujus
1111 675 1305 717 sancta:
1349 665 1761 734 congregationis
1812 663 2095 734 temporale

498 749 856 806 habitaculum
899 754 1185 808 caelestibus
1218 757 1396 820 bonis,
1445 765 1498 808 ut
1537 757 1772 824 fraterna
1817 766 2094 810 teneantur

498 844 803 912 compagine
829 846 1100 898 citat-italis
1131 849 1402 900 unanimes
1431 860 1450 898 :
1479 849 1810 901 contineuliw
1834 859 2093 916 prtecepta

501 936 804 990 custodiant
833 937 996 990 sobrii
1027 951 1045 989 .'
1070 939 1329 1006 simplices
1351 950 1398 994 et
1417 941 1580 1010 quieti
1601 942 1764 1010 gratis
1794 941 1972 994 datam
1995 939 2091 994 sibi

496 1028 720 1094 gratiam
746 1027 908 1096 fuisse
932 1040 1217 1099 agnoscant
1250 1044 1268 1082 :
1300 1032 1574 1084 concordet
1597 1033 1809 1084 illorum
1838 1033 1942 1084 vita
1972 1048 2090 1084 cum

497 1115 739 1184 nomine,
780 1120 1034 1188 professio
1075 1122 1332 1175 sentiatur
1377 1123 1432 1176 in
1464 1139 1634 1192 apere.
1669 1121 1774 1174 Per
1809 1121 2088 1176 Dominum

496 1217 754 1271 nosirum,
783 1219 888 1262 'etc.
922 1209 1128 1276 Quibus
1169 1211 1416 1286 expletis,
1465 1213 1620 1267 beata
1653 1212 1742 1266 illa
1771 1222 1824 1266 et
1854 1211 2088 1282 gloriosa

496 1301 776 1367 processio
806 1317 910 1372 qua
939 1313 1166 1358 Venerat
1195 1306 1372 1359 redire
1410 1306 1596 1376 coepit.
1643 1305 1732 1361 llle
1783 1315 1960 1360 autem
1992 1321 2086 1360 cu-

495 1390 695 1446 riosius
737 1394 972 1462 intuens,
1021 1398 1310 1454 nonnullos
1338 1415 1472 1469 quos
1519 1408 1743 1455 noverat
1777 1400 1978 1456 obiisse
2003 1415 2089 1456 rc—

493 1495 850 1551 cognos‘cens,
874 1485 1167 1558 alloquitur
1197 1490 1318 1544 illos
1337 1533 1351 1557 ,
1383 1492 1659 1560 inquirens
1687 1491 1778 1562 qui
1804 1492 1856 1546 bi
1881 1499 2082 1546 essent.

2201 301 2290 371 qui
2317 299 2532 354 Martini
2565 301 2772 356 meritis
2798 301 2878 356 sui
2903 301 3104 356 laboris
3127 303 3394 360 fructibus
3437 320 3544 360 non
3595 321 3790 375 parum

2200 392 2518 448 fruebantur
2586 407 2760 464 eoque
2789 393 3041 450 incedere
3071 410 3164 450 eos
3185 396 3374 452 ordine
3401 412 3511 466 quo
3538 397 3606 452 ad
3631 398 3786 452 Chri-

2179 497 2341 544 tstum
2402 488 2786 559 migraverant.
2845 488 3241 546 I’roiitercntur
3303 490 3554 546 abbatem
3619 491 3792 544 etiam

2197 579 2440 636 Odonem
2469 579 2569 650 (ι),
2601 581 2690 648 qui
2723 589 2849 634 tunc
2899 579 3015 636 loco
3045 590 3295 649 praeerat,
3321 582 3512 636 eodem
3543 595 3689 636 anno
3721 581 3792 634 ad

2196 683 2347 726 Suam
2397 671 2710 725 societatem
2742 670 3129 725 accersendum
3170 669 3520 726 deuunciant.
3557 669 3792 725 Refere-

2195 762 2328 816 bant
2355 763 2520 817 etiam
2551 762 2692 832 quod
2727 763 2916 816 beatus
2946 761 3212 816 Martinus
3254 778 3377 817 cum
3417 763 3533 832 ipsa
3563 757 3792 832 proces-

2193 854 2347 908 sione
2368 869 2490 908 cum
2517 870 2616 909 suo
2643 853 2754 919 illo,
2789 862 2847 908 ut
2884 868 3121 923 semper.
3154 853 3598 924 frequentissimo
3624 855 3794 908 disci-

2193 945 2440 1018 pulorum
2453 945 2906 1016 sanctissimeque
2923 947 3179 1002 comitatu
3197 943 3370 1014 ipsum
3390 946 3788 1000 monasterium

2193 1041 2489 1109 saepissime
2541 1039 2926 1108 frequentaret.
2955 1039 3048 1093 llis
3089 1039 3305 1104 auditis,
3331 1038 3415 1091 vir
3443 1037 3790 1093 venerandus

2192 1129 2454 1198 quosdam
2483 1129 2548 1184 de
2575 1129 2737 1184 sociis
2760 1130 3002 1184 excitare
3024 1129 3268 1194 festinat,
3292 1129 3650 1183 Guarncrium
3679 1128 3790 1182 sci-

2193 1219 2318 1273 licet
2347 1219 2588 1287 ejusdem
2639 1218 2741 1274 loci
2785 1229 2970 1288 postea
3017 1219 3299 1285 abbatem,
3329 1227 3384 1272 et
3405 1217 3696 1272 nonnullos
3721 1233 3788 1270 ex

2191 1309 2332 1374 aliis,
2365 1309 2512 1378 quia
2541 1323 2733 1362 somno
2771 1309 2928 1362 exciti
2956 1317 3010 1362 et
3038 1324 3198 1364 voces
3234 1308 3570 1362 cantantium
3600 1307 3790 1360 audie-

2192 1408 2336 1464 runt,
2366 1407 2417 1454 ct
2454 1399 2662 1470 aliquos
2690 1398 2757 1452 de
2783 1399 3095 1454 novissimis
3125 1399 3292 1470 ipsius
3315 1395 3683 1468 processioois
3707 1395 3792 1448 ri-

2188 1489 2317 1544 dere
2350 1497 2685 1544 meruerunt.
2721 1489 2894 1556 Quam
2926 1489 3138 1544 beatam
3179 1498 3450 1559 putamus.
3509 1501 3788 1557 quamque

495 1569 570 1625 At
615 1569 689 1628 i;li
735 1575 1024 1633 Martiuum
1053 1596 1172 1637 esse
1214 1583 1300 1652 qui
1331 1584 1538 1638 medius
1567 1584 2085 1654 iucedebatepisco-
2117 1575 2160 1636 Β
2191 1580 2448 1634 mundam
2505 1579 2604 1633 viri
2654 1579 3064 1646 conscientiam,
3121 1581 3206 1634 cui
3255 1579 3434 1634 adhuc
3484 1576 3686 1631 \‘ivenli
3733 1578 3784 1629 in

495 1676 712 1730 porum,
744 1669 834 1736 qui
868 1678 925 1744 ut
955 1672 1165 1728 meritis
1216 1674 1290 1729 ita
1337 1675 1516 1730 vultus
1545 1677 1840 1730 eminentia
1869 1676 2092 1744 prmcel-

493 1750 668 1824 lebat;
713 1757 1050 1833 Fulgentium
1081 1774 1244 1837 atque
1274 1767 1655 1836 Corcntinum,
1688 1770 1778 1840 qui
1817 1769 1866 1824 ei
1899 1769 2090 1824 obam-

2195 1687 2424 1742 corpore
2449 1674 2756 1744 praestitum
2795 1680 2876 1726 est
2900 1671 3112 1726 Martini
3139 1672 3366 1742 gloriam
3391 1680 3445 1727 ct
3465 1679 3786 1725 sanctorum

2198 1780 2321 1820 eum
2345 1764 2726 1820 comitantium
2765 1764 3152 1834 contemplari!

575 1890 648 1960 ’4)
687 1891 974 1952 Guillelmo
1012 1913 1174 1968 supra
1217 1899 1433 1957 laudato
1472 1901 1736 1956 successit
1773 1901 1840 1956 ad
1875 1916 2076 1955 annum
2109 1900 2262 1954 1157.

851 2055 856 2056 γ
886 2055 3035 2066 ,7___________________________

1733 2213 1904 2257 ANNO
1938 2213 2165 2258 DOMINI
2209 2209 2503 2260 MLXXXV.

1427 2391 2871 2564 BERNABDUS

1193 2696 1716 2826 COMES
1810 2697 3060 2836 BISULDUNENSIS

1981 2941 2262 2968 μ-Η-ι

1619 3113 2228 3210 BERNARDI
2305 3121 2798 3215 COMITIS

1201 3319 1536 3382 EPISTOLA
1563 3328 1654 3384 AD
1693 3329 2124 3391 BERNARDUM
2162 3334 2492 3393 ABBATEM
2527 3337 3054 3406 MASSILIENSEM,

492 3491 592 3553 Ad
639 3491 1076 3558 eliminandam
1110 3517 1186 3560 ex
1233 3499 1656 3580 Ilivipullensi
1701 3509 2080 3647 γηοηαειεὲἰο
2115 3511 2471 3584 simoniam,
2512 3523 2652 3576 orat
2681 3523 2752 3576 ut
2792 3515 2958 3577 illud
2988 3535 3100 3598 per
3143 3535 3290 3582 suos
3315 3519 3655 3582 monachos
3675 3541 3782 3584 re-

1856 3604 1968 3647 aen
2021 3607 2121 3647 um
2150 3592 2484 3647 suscipiat.

1853 3592 2121 3664 gendum
2150 3592 2484 3669 suscipiat.

1663 3747 1755 3817 (D.
1794 3748 2041 3806 MARTEN.
2075 3751 2250 3823 Ampi.
2283 3752 2525 3824 Cellach,
2550 3755 2589 3822 Ι,
2617 3757 2767 3832 473.)

561 4043 772 4102 Domno
795 4045 856 4102 B.
884 4045 1300 4148 Massiliensium
1333 4053 1628 4148 venerabili
1674 4055 1854 4113 abbati
1882 4061 2080 4148 romui-
2109 4042 2152 4105 (ἶ
2183 4064 2349 4122 Olivae
2371 4067 2448 4138 (2)
2501 4067 2772 4138 pontificis
2807 4085 2837 4124 a
2893 4071 3217 4130 Simoniacis
3271 4075 3412 4132 male
3459 4093 3772 4148 possessus,

485 4147 596 4204 que
624 4147 828 4192 sancta:
856 4135 1260 4209 congregationi
1299 4143 1399 4197 sub
1443 4141 1561 4213 ejus
1589 4147 1832 4202 custodia
1861 4147 2076 4206 Christo

485 4227 740 4284 militanti
767 4229 1088 4287 Bnnusnoos
1123 4247 1306 4288 comes
1357 4232 1831 4296 Bisuldunensium
1865 4240 2072 4299 fidelem

486 4319 542 4373 in
572 4319 895 4377 Domino....
919 4332 975 4378 et
996 4324 1220 4380 caeleste
1255 4330 1508 4397 consequi
1539 4331 1806 4387 bravium.

495 4401 498 4406 ’
557 4407 826 4475 Quoniam
850 4411 1112 4484 quidquid
1133 4429 1162 4468 a
1184 4429 1270 4468 me
1289 4416 1528 4488 mihique
1551 4423 1900 4480 saecularibus
1921 4425 2071 4482 vide-

485 4497 612 4553 licet
643 4501 950 4558 hominibus
986 4505 1039 4559 in
1072 4505 1175 4562 hoc
1203 4508 1402 4564 saeculo
1433 4525 1666 4582 nequam
1715 4515 1876 4585 digne
1906 4519 2072 4574 dero-

483 4597 606 4646 teve
625 4590 826 4660 agitur,
858 4593 1224 4663 spiritualium
1259 4600 1498 4656 virorum
1530 4605 1784 4674 precibus
1815 4608 2070 4677 impetra-

485 4687 601 4734 tum
631 4697 736 4736 non
765 4683 1003 4754 ambigo.
1019 4687 1226 4745 Idcirco
1249 4691 1518 4747 arbitratu
1541 4709 1662 4750 meo
1689 4697 1797 4752 illis
1821 4699 2072 4754 existimo

481 4771 863 4838 relerendum,
910 4773 1107 4844 quibus
1154 4779 1606 4838 intercessoribus
1658 4784 1782 4854 jure
1835 4790 2074 4844 creditur

485 4861 778 4932 adeptum,
831 4873 1102 4934 quatenus
1145 4865 1356 4925 illorum
1403 4873 1701 4942 gratiarum
1749 4877 1964 4934 actione
2007 4895 2072 4936 ac

485 4955 964 5024 providentissima
1025 4973 1156 5014 cura
1200 4960 1444 5016 obtineat
1493 4966 1830 5024 rectitudinis
1870 4979 2072 5025 statum

482 5043 628 5114 quod
652 5047 721 5101 ab
750 5047 1038 5103 immeritis
1070 5047 1230 5104 fuerit
1257 5051 1587 5111 inchoatum.
1613 5057 1950 5131 Quapropter
1973 5077 2072 5116 no-

483 5137 625 5192 verit
671 5145 854 5193 vestra
906 5139 994 5209 pia
1044 5140 1386 5210 sollicitudo,
1435 5145 1610 5204 locum
1655 5151 1748 5206 Dei
1781 5150 2073 5208 Genitricis

483 5225 666 5282 Maria:
691 5227 1064 5300 Rivipollentis
1078 5229 1155 5302 (l)
1170 5232 1422 5302 emnobii,
1441 5237 1555 5307 qui,
1575 5254 1607 5293 a
1630 5246 1871 5312 tempore
1885 5241 2070 5298 domui

2185 4155 2432 4224 turpibus
2459 4159 2818 4215 succubuerat
2843 4163 3138 4231 quaestibus
3163 4205 3178 4229 ,
3207 4163 3450 4233 ejusdem
3483 4169 3578 4224 Dei
3607 4169 3773 4226 Geni—

2186 4247 2340 4303 tricis
2391 4250 2615 4315 auxilio,
2649 4260 2865 4322 tamque
2912 4264 3098 4312 vestro
3125 4271 3288 4326 quam
3317 4269 3660 4326 cancrorum,
3713 4277 3776 4320 ut

2183 4337 2368 4401 credo,
2401 4337 2642 4395 ﬁdelium
2671 4342 2920 4409 obtentu,
2963 4360 3049 4400 me
3075 4349 3144 4403 ab
3173 4349 3322 4404 omni
3349 4351 3620 4409 luereticae
3645 4371 3778 4425 pra-

2188 4423 2380 4481 vitatis.
2397 4430 2650 4498 contagio
2677 4434 3035 4502 emundasse;
3087 4435 3344 4508 illumque
3395 4423 3774 4510 pseudoabba-

2185 4523 2292 4572 tem
2331 4517 2616 4588 Mironem,
2649 4523 2740 4592 qui
2769 4534 2889 4594 post
2917 4525 3261 4586 interdictum
3291 4533 3438 4590 sedis
3459 4539 3774 4606 apostolica:

2179 4608 2422 4679 ejusdem
2473 4613 2712 4684 regimen
2759 4629 2986 4675 conatus
3031 4631 3116 4677 est
3163 4626 3458 4683 slmomace
3495 4629 3770 4702 obtinere,

2181 4700 2366 4792 domui
2411 4702 2654 4760 Guifredi
2707 4708 3140 4781 archiepiscopi,
3193 4729 3406 4772 necnon
3455 4700 3770 4792 Berengarii

2180 4788 2547 4884 Gerundensis
2573 4797 2808 4868 episcopi
2830 4839 2843 4862 .
2874 4817 2938 4854 ac
2961 4801 3232 4859 Guillelmi
3273 4807 3610 4866 Ausonensis
3636 4788 3774 4884 pra:-

2179 4880 2312 4935 solis
2335 4881 2628 4952 adjutorio,
2653 4903 2776 4942 cum
2803 4890 2918 4946 suis
2943 4891 3266 4951 satellitibus
3291 4898 3564 4956 universis
3591 4917 3622 4954 a
3641 4880 3772 4958 loco

2181 4981 2237 5027 et
2263 4974 2542 5044 regimine,
2579 4979 2697 5035 sine
2743 4981 2854 5035 ullo
2901 4984 3262 5042 restitutionis
3309 5001 3560 5062 respectu
3605 5009 3772 5065 expu-

2181 5061 2340 5132 lisse;
2375 5081 2483 5135 quo
2511 5067 2734 5138 depulso
2781 5087 2906 5128 cum
2951 5091 3252 5145 quaererem
3281 5061 3518 5149 qualiter
3545 5085 3629 5140 vel
3659 5061 3770 5157 quo

2179 5158 2368 5214 ordine
2397 5161 2465 5214 ab
2497 5161 2586 5216 illo
2611 5173 2804 5220 sancto
2851 5167 2972 5223 loco
3001 5185 3216 5225 ontnem
3245 5173 3562 5231 luereticum
3589 5180 3768 5233 ambi-

2181 5257 2292 5301 tum
2342 5249 2408 5303 de
2463 5259 2660 5308 caetero
2697 5271 3002 5325 praecavere
3039 5275 3276 5330 possem,
3315 5257 3368 5320 id
3409 5267 3542 5324 mihi
3573 5285 3604 5323 a
3631 5270 3770 5328 meis
