4018 5330
234 357 336 412 421

1725 349 2042 406 DIPLOMA.

3413 359 3519 414 ‘99.

235 469 966 542 magnatibus,etprmcipue
993 467 1061 522 ab
1087 468 1188 522 hoc
1216 465 1593 522 archidiacono
1610 466 1828 535 suisque
1859 470 1904 527 Α
1934 467 2130 520 domno
2153 465 2406 521 Girberto
2451 465 2701 523 celeriter
2733 468 2798 522 ad
2832 483 2914 524 me
2939 483 3196 541 ttsque....
3229 482 3283 527 et
3316 473 3368 528 in
3403 489 3519 530 om-

237 562 518 616 sodalibus
550 571 862 632 suggestum
891 569 994 624 est,
1020 569 1076 612 ut
1105 568 1296 612 vestra:
1337 557 1686 612 dominationi
1736 573 1827 610 ve-

234 653 478 721 strisque
516 652 782 706 institutis
827 651 973 704 illum
1006 650 1275 720 subjicere
1301 666 1405 703 non
1433 648 1755 716 refugerent,
1782 649 1826 701 si

232 764 261 800 a
290 747 568 817 perversis
619 745 1112 800 machinationibus
1161 743 1534 797 haereticorum
1576 742 1832 811 deinceps

229 835 420 891 haberi
455 835 652 889 vellem
699 835 1012 888 immunem.
1047 833 1199 900 Quod
1226 833 1399 902 ipsum
1435 848 1554 885 cum
1587 832 1678 886 Dei
1726 833 1831 887 Ge-

232 929 446 984 nitricis
469 943 680 990 amore,
720 937 827 980 lum
861 927 1048 989 vestri,
1085 927 1156 980 mi
1202 926 1418 979 domine
1448 925 1634 989 abbas,
1659 941 1826 979 vene-

230 1021 386 1074 randi
414 1021 654 1073 nominis
687 1021 737 1073 in
765 1035 849 1072 tne
877 1017 1146 1072 transfusa
1175 1017 1455 1087 dignitate,
1486 1030 1829 1084 nequaquam

230 1109 449 1163 tiLllicile
484 1109 657 1162 visum
690 1117 774 1161 est
825 1107 954 1176 quin
999 1107 1181 1160 statim
1207 1106 1355 1172 justo
1384 1121 1570 1159 eorum
1604 1106 1830 1159 consilio

231 1216 554 1263 annnerem,
591 1200 918 1266 eosdemque
971 1198 1037 1250 ad
1084 1213 1177 1252 vos
1225 1196 1506 1250 confestim
1537 1197 1828 1261 mitterem,

230 1306 340 1358 quo
393 1291 601 1344 eisdem
659 1289 1094 1343 convocarcmini
1144 1287 1374 1352 nunciis,
1431 1286 1624 1356 quibus
1671 1287 1733 1339 ad
1777 1287 1827 1338 id

233 1382 502 1450 agendum
541 1395 672 1433 usus
717 1395 831 1432 sunt
871 1378 1216 1443 consiliariis,
1243 1387 1295 1432 et
1336 1378 1476 1446 quod
1507 1393 1692 1431 eorum
1725 1376 1825 1430 litt-

233 1473 376 1540 guis,
417 1471 520 1525 hoc
551 1473 692 1524 idem
725 1471 858 1525 meis
889 1479 1119 1524 testarcr
1159 1470 1373 1524 litteris.
1407 1469 1555 1522 Unde
1581 1469 1698 1523 volo
1733 1487 1828 1524 vos

233 1579 413 1628 nosse,
432 1567 475 1618 si
511 1565 562 1618 id
593 1573 785 1617 vestrm
818 1580 921 1616 non
951 1561 1257 1617 distulerint
1283 1578 1466 1624 lllOl‘tC,
1499 1577 1583 1615 me
1619 1576 1826 1631 prmpa-

231 1667 409 1708 ratum
466 1670 584 1708 esse
640 1654 770 1708 illud
816 1654 881 1708 de
931 1669 1038 1724 quo
1067 1655 1246 1724 agitur
1277 1654 1584 1708 etenobium
1633 1663 1824 1706 vcstrzc

231 1751 528 1804 subsedere
557 1748 768 1812 ditioni,
821 1757 876 1803 et
929 1749 1071 1803 serie
1125 1749 1409 1817 scriptum
1456 1763 1482 1800 a
1510 1747 1664 1801 Vobis
1695 1762 1823 1800 con-

232 1842 388 1895 l'ectze
417 1843 636 1913 propria
670 1858 830 1896 manu
865 1841 971 1896 Deo
1019 1852 1318 1909 sanctoque
1349 1840 1548 1894 Victori
1584 1841 1820 1905 firmare,

232 1943 288 1984 ut
328 1949 608 2002 nunquam
655 1948 685 1986 a
730 1932 935 2002 reliquo
984 1933 1053 1987 sit
1095 1933 1261 1986 abbas
1317 1933 1417 1986 nisi
1456 1947 1613 2000 quem
1648 1932 1819 1997 vobis,

231 2020 431 2075 domne
454 2021 542 2088 Β..
575 2023 876 2092 vestrisque
897 2023 1300 2078 successoribus
1321 2037 1387 2076 ex
1412 2022 1656 2076 consulta
1685 2022 1822 2076 Mas-

231 2110 471 2165 siliensis
519 2113 728 2182 collegii
771 2113 1120 2184 regularitate
1160 2115 1360 2184 eligere
1386 2114 1687 2181 placuerit;
1720 2115 1822 2169 hoc

233 2209 443 2254 tantum
474 2201 539 2254 ad
565 2218 804 2270 praesens
846 2204 1003 2258 nobis
1053 2219 1312 2259 concesso
1350 2213 1408 2257 ut
1450 2204 1679 2259 domnus
1705 2205 1822 2258 Gir-

229 2289 278 2344 ba
302 2302 440 2355 rtus,
475 2293 562 2346 cui
596 2294 777 2347 omnia
825 2311 944 2364 qua:
987 2295 1125 2365 juris
1153 2305 1279 2350 sunt
1309 2296 1541 2351 ctenobii
1567 2295 1678 2366 jam
1719 2296 1821 2350 du-

228 2385 359 2439 dum
398 2395 528 2441 nota
561 2398 708 2453 sunt,
741 2405 924 2443 curam
958 2390 1100 2444 illius
1157 2400 1336 2444 vestro
1381 2388 1536 2456 jussu
1589 2389 1822 2460 primum

230 2489 408 2548 gerat,
438 2495 505 2535 ne
555 2480 704 2550 plebs
730 2483 980 2537 universa
1033 2481 1125 2537 ﬁat
1158 2485 1338 2538 minus
1381 2483 1630 2554 religiosa
1661 2498 1822 2553 quatn

234 2574 575 2638 convenit,si
607 2590 714 2629 non
749 2575 962 2630 licuerit
987 2575 1059 2631 illi
1091 2577 1234 2632 hunc
1259 2577 1457 2632 habere
1491 2591 1650 2642 quem
1678 2591 1825 2646 quaa-

233 2661 327 2714 rit.
349 2661 416 2716 Ut
443 2674 621 2717 autem
648 2665 828 2720 omnia
855 2681 976 2736 qua:
994 2681 1119 2738 erga
1147 2683 1241 2722 vos
1266 2677 1612 2735 vestrumque
1644 2668 1819 2723 locum

231 2767 261 2804 a
290 2767 381 2806 me
424 2757 628 2824 agenda
673 2766 819 2823 sunt,
863 2758 1056 2814 melius
1079 2774 1238 2828 quam
1270 2759 1359 2814 hic
1382 2758 1542 2813 scribi
1575 2768 1816 2828 possunt,

229 2845 496 2901 velociter
523 2847 675 2912 ﬁant,
699 2848 857 2903 simul
885 2865 1007 2904 cum
1039 2851 1121 2905 bis
1150 2850 1361 2904 nunciis
1386 2865 1503 2915 vos,
1522 2851 1592 2904 mi
1623 2850 1820 2906 domne

229 2939 427 3005 abbas,
458 2955 596 3034 cum‘
629 2941 903 2998 nonnullis
960 2943 1121 2998 vestri
1158 2954 1484 3006 conventus,
1544 2957 1650 2996 non
1701 2943 1821 2997 sine

1939 557 2095 611 nibus
2149 573 2269 628 qua:
2325 559 2391 636 ad
2438 560 2785 614 stabilitatem
2816 560 2972 630 lmjns
2999 562 3196 633 negotii
3249 565 3522 632 pertinere

1936 659 2162 718 possunt
2210 651 2488 720 requisitis
2527 661 2581 705 et
2627 652 2878 722 receptis.
2920 653 3141 707 Dcmum
3192 655 3332 709 hunc
3362 671 3522 725 quem

1937 743 2271 796 volumus....
2313 744 2526 798 studeat
2553 744 2837 809 industria,
2869 746 3056 814 sicque
3087 763 3115 799 a
3163 746 3314 802 vobis
3341 759 3521 802 actum

1935 833 1986 888 in
2013 844 2226 888 vestros
2250 851 2594 890 successores
2629 847 2865 890 transeat
2898 855 2990 908 per
3039 839 3229 894 szccula
3271 851 3522 898 ventura.

1935 926 2076 995 Ergo
2102 928 2227 995 quia
2269 929 2524 982 vitiorum
2578 930 2973 995 adversatores,
3030 933 3373 1004 cultoresque
3418 937 3524 989 vir-

1936 1027 2110 1072 tutum
2137 1019 2277 1072 fama
2302 1031 2669 1088 prterurrente
2692 1036 2785 1075 vos
2809 1038 2925 1076 esse
2946 1024 3249 1091 didicimus,
3275 1027 3394 1083 ideo
3422 1029 3523 1082 hoc

1933 1109 2112 1165 nobile
2142 1111 2472 1176 cmnobium,
2501 1113 2663 1182 quod,
2698 1115 2765 1167 ob
2801 1115 3159 1168 reverentiam
3197 1121 3356 1171 totius
3394 1119 3519 1172 reli-

1931 1201 2106 1270 gionis
2128 1211 2180 1255 et
2203 1203 2466 1266 scientiae,
2500 1203 2625 1256 olim
2667 1213 2826 1273 caput
2857 1215 2909 1258 et
2958 1209 3226 1273 specimen
3255 1209 3521 1263 universa:

1931 1305 2051 1345 esse
2077 1293 2540 1362 meruitEsperim,
2558 1293 2665 1348 Deo
2687 1305 2976 1359 annuente,
3005 1313 3097 1368 per
3123 1313 3216 1351 vos
3240 1299 3292 1351 in
3317 1309 3516 1354 statum

1930 1383 2218 1451 pristinum
2243 1385 2489 1452 cupimus
2507 1386 2742 1453 reparari
2761 1402 2773 1449 ;
2795 1400 2922 1454 quo,
2943 1387 3064 1440 dum
3083 1386 3210 1440 illud
3236 1389 3396 1441 vestri
3431 1390 3514 1442 ἰησ-

1930 1461 2124 1528 stantia
2173 1475 2523 1544 resutnpserit
2548 1476 2785 1529 habitam
2814 1477 3235 1540 venerationem,
3259 1493 3514 1533 coronam

1929 1564 2112 1634 gloriae
2144 1582 2172 1618 a
2215 1565 2351 1619 Filio
2398 1565 2638 1634 ejusdem
2676 1567 2912 1636 Virginis
2959 1568 3265 1636 suscipiatis
3314 1569 3516 1623 auctio-

1932 1671 2063 1710 rem.
2093 1657 2244 1724 Quod
2279 1656 2321 1710 si
2351 1671 2461 1710 rem
2503 1668 2609 1710 tam
2656 1659 2869 1726 dignam
2928 1674 3024 1712 nec
3062 1659 3152 1713 Dei
3201 1672 3385 1714 amore
3431 1661 3515 1713 di-

1929 1749 2075 1818 gnati
2110 1748 2318 1802 fueritis
2353 1750 2646 1818 SltStipCI‘O,
2679 1765 2896 1804 nccrsse
2925 1750 3029 1803 erit
3056 1750 3210 1803 nobis
3257 1749 3379 1803 alibi
3433 1753 3516 1804 iu-

1858 1832 1900 1891 Β
1929 1842 2146 1910 quirere
2177 1855 2298 1894 cum
2348 1841 2542 1909 quibus
2585 1850 2638 1894 et
2668 1857 2764 1910 per
2802 1857 2936 1911 quos
2964 1840 3277 1895 acerbitatis
3322 1850 3517 1895 nostra:

1927 1932 2076 1984 virus
2109 1933 2379 1999 possimus
2406 1932 2698 2000 deponere.
2735 1931 2897 1986 Scitis
2929 1932 3053 2001 quid
3088 1931 3335 1996 velimus,
3364 1941 3517 1986 orate

1928 2033 1983 2078 ut
2017 2024 2302 2094 possimus.
2335 2023 2502 2092 Igitur
2549 2033 2716 2077 totum
2762 2033 2816 2077 et
2871 2024 3103 2092 amplius
3153 2038 3317 2092 quam
3372 2026 3514 2092 quod

1929 2130 2109 2170 comes
2134 2114 2589 2169 Barehinonensis
2616 2116 2682 2169 de
2705 2114 2952 2170 cmnobio
2981 2116 3195 2169 Sancta:
3225 2114 3406 2168 Mariae
3438 2114 3514 2183 (5i

1925 2207 2137 2261 Crassa:
2169 2206 2321 2260 vobis
2351 2206 2617 2277 fecit,cgo
2640 2207 2763 2260 dum
2793 2207 3096 2260 libertatem
3123 2203 3514 2259 Massiliensem

1928 2300 1994 2354 de
2025 2302 2131 2353 isto
2157 2307 2412 2369 properat
2441 2299 2644 2362 facere,
2675 2307 2899 2366 excepto
2948 2297 3089 2366 quod
3124 2311 3223 2350 nec
3277 2295 3513 2364 gladium

1931 2405 2104 2458 neque
2128 2403 2347 2444 contum
2367 2391 2540 2443 sinam
2570 2404 2664 2443 vos
2691 2388 2797 2442 illic
2823 2387 3134 2441 formidare.
3177 2386 3298 2439 Ilaec
3328 2385 3378 2438 in
3410 2386 3514 2438 line

1928 2482 2114 2536 curavi
2138 2483 2357 2546 addere,
2393 2491 2449 2535 ut
2472 2482 2515 2537 si
2541 2481 2642 2536 hoc
2666 2492 2916 2536 renueret
2945 2481 3208 2548 accipere,
3251 2477 3514 2547 quidquid

1927 2577 2279 2646 Omnipotens
2305 2591 2464 2632 secus
2491 2591 2653 2645 quant
2688 2575 3010 2645 oportuerit,
3045 2572 3241 2627 ibidem
3273 2570 3354 2639 agi
3381 2583 3514 2624 cun-

1927 2669 2188 2739 spexerit,
2223 2667 2352 2723 illud
2403 2668 2600 2723 abhinc
2655 2678 2848 2722 vestra:
2883 2675 2936 2722 et
2965 2681 3070 2719 non
3121 2678 3253 2718 mea:
3287 2663 3512 2730 imputet

1927 2761 2118 2831 culpm,
2146 2762 2235 2830 qui
2261 2761 2362 2816 scit
2383 2776 2470 2816 me
2491 2755 2608 2816 haec
2637 2761 2814 2815 veraci
2845 2759 3008 2815 corde
3037 2756 3301 2829 proltrre.
3325 2752 3514 2808 Valeat

1928 2856 2192 2911 sanctitas
2221 2865 2400 2911 vestra
2429 2856 2479 2909 in
2517 2854 2766 2910 Domino.

236 3097 3498 3130 Μ*

424 3261 966 3358 DIPLOMA
1035 3263 1640 3354 BERNARDI
1718 3261 2218 3356 COMITIS
2292 3255 3254 3349 BISULDUNENSIS

874 3454 1280 3527 Rivipullemem
1309 3454 1573 3510 abbatiam
1597 3452 1915 3508 monasterio
1939 3449 2261 3505 Massiliemi
2288 3448 2350 3504 S.
2392 3447 2616 3502 Victoris
2645 3445 2878 3516 subjicit.

1295 3609 1470 3682 (Apud
1500 3607 1751 3664 Murem.
1792 3606 1880 3660 ubi
1917 3622 2100 3676 supra,
2133 3621 2184 3676 p.
2224 3603 2373 3696 L75.)

1700 3759 1978 3780 *ῤ’-

304 3914 360 3970 ln
416 3915 630 3971 nomine
684 3920 887 3968 sancta:
939 3922 995 3969 et
1049 3914 1335 3970 individua:
1363 3915 1664 3970 Trinitatis.
1703 3914 1815 3986 Ego

234 4006 538 4062 Bernardus
567 4005 744 4078 gratia
781 4005 872 4060 Dei
915 4020 1097 4062 comes
1141 4005 1545 4062 Bisuldunensis
1589 4007 1816 4060 donator

236 4113 354 4152 sunt
381 4096 735 4168 omnipotenti
769 4096 877 4152 Deo
899 4105 954 4150 et
992 4095 1051 4150 S.
1077 4096 1258 4152 Maria:
1290 4107 1583 4166 sanctoque
1610 4095 1816 4151 Victori

239 4191 464 4260 martyri
494 4191 559 4246 de
584 4189 843 4254 Massilia,
887 4205 952 4245 ac
992 4188 1270 4245 Bernardo
1300 4190 1479 4246 abbati
1513 4189 1682 4260 ipsius
1707 4203 1818 4243 mo-

237 4282 478 4346 uasterii,
528 4292 584 4336 et
629 4281 884 4336 onmibus
932 4281 1338 4336 successoribus
1383 4280 1500 4350 ejus
1527 4283 1646 4350 'per
1679 4283 1818 4336 hanc

237 4386 363 4428 mea
393 4374 698 4429 donationis
727 4375 1071 4444 scripturam.
1124 4374 1274 4429 Dono
1301 4375 1381 4430 eis
1429 4376 1815 4430 monasterium

238 4461 294 4516 S.
317 4463 499 4518 Maria:
523 4463 588 4518 de
616 4463 923 4534 Rivupullo,
966 4479 1088 4520 cum
1130 4466 1381 4521 omnibus
1408 4466 1566 4521 rebus
1594 4483 1713 4535 quae
1749 4466 1816 4522 ad

237 4555 590 4626 sepertineut
621 4564 676 4609 et
715 4557 985 4624 pertinere
1027 4557 1243 4624 debent,
1284 4557 1384 4612 sub
1434 4571 1500 4611 eo
1547 4566 1731 4612 tenore
1758 4567 1819 4612 ut

237 4646 347 4716 ipse
373 4646 683 4703 Bernardus
707 4655 762 4702 et
784 4661 1130 4704 successores
1159 4650 1356 4721 eligant
1379 4663 1593 4719 semper
1619 4659 1674 4704 et
1695 4649 1820 4703 mil-

240 4745 351 4793 taut
390 4739 460 4793 ibi
491 4738 719 4794 abbates
744 4741 835 4810 qui
865 4741 1148 4796 servitium
1191 4742 1282 4798 Dei
1333 4742 1384 4796 in
1412 4743 1603 4796 eodem
1626 4756 1816 4796 mona-

235 4829 399 4884 sterio
417 4827 644 4897 faciant,
675 4840 730 4887 et
768 4832 1010 4904 regulam
1036 4833 1094 4886 S.
1119 4832 1390 4888 Benedicti
1425 4832 1494 4887 ibi
1524 4840 1743 4888 teneant
1762 4839 1819 4887 ct

240 4927 420 4975 tenere
443 4920 665 4988 faciant,
689 4931 742 4977 et
761 4923 1080 4978 obedientes
1102 4924 1209 4978 sint
1237 4938 1452 4994 semper
1489 4924 1540 4978 in
1565 4925 1818 4979 omnibus

236 5009 458 5067 abbates
527 5023 584 5069 et
655 5015 831 5069 omnis
883 5015 1229 5085 congregatio
1282 5016 1451 5085 ipsius
1503 5015 1817 5071 monasterii

238 5103 555 5160 Massiliensi
579 5106 756 5162 abbati
787 5107 1044 5178 przesenti
1088 5115 1142 5161 et
1171 5107 1578 5164 successoribus
1600 5108 1739 5177 ejus,
1761 5116 1818 5160 et

1154 5199 1301 5224 τηε-...α
1332 5198 1423 5224 n..:
1480 5207 1526 5226 Α.
1555 5201 1617 5226 ...Ι
1651 5199 1680 5226 Ω
1706 5197 1790 5226 Iul!

237 5194 335 5220 ιιΑΑ
365 5212 578 5222 nam-‘5—
599 5197 662 5222 ..2ο
696 5198 740 5222 1⁵.
757 5209 898 5222 Διι.--υι
928 5196 992 5224 Α..
1025 5199 1185 5224 nA-ulzl

1923 3913 2093 3985 ipsius
2119 3911 2220 3968 loci
2252 3911 2490 3966 habeant
2517 3909 2587 3965 ibi
2619 3909 2762 3980 quod
2787 3909 2929 3980 juste
2957 3908 3156 3964 habere
3188 3909 3407 3966 debent.
3442 3909 3509 3966 Et

1920 4006 1988 4072 si,
2017 4003 2158 4076 quod
2187 4003 2366 4059 absit!
2400 4003 2568 4058 abbas
2589 4003 2703 4057 sive
2729 4001 2953 4056 abbates
2978 4001 3049 4055 ibi
3085 4001 3241 4057 electi
3272 4003 3354 4057 vel
3381 4019 3510 4058 con-

1919 4095 2164 4167 gregatio
2188 4096 2308 4163 ejus
2337 4092 2574 4164 regulam
2601 4090 2658 4145 S.
2683 4090 2956 4146 Benedicti
2987 4106 3091 4145 non
3115 4091 3506 4157 observaverit,

1919 4200 1974 4246 et
2018 4188 2389 4245 inobedientcs
2442 4186 2778 4246 exstiterint,
2827 4183 3178 4237 Massiliensis
3222 4183 3386 4238 abbas
3436 4183 3509 4238 ibi

1918 4293 2134 4350 semper
2157 4276 2374 4348 quando
2397 4275 2630 4330 voluerit
2657 4273 2872 4337 veniat,
2901 4280 2957 4326 et
2984 4285 3078 4326 eos
3112 4281 3170 4325 ut
3225 4272 3507 4341 corrigan-

1922 4381 2010 4426 tur
2057 4371 2366 4433 admoneat,
2389 4375 2444 4422 et
2471 4366 2538 4420 de
2572 4364 2712 4419 malo
2755 4363 2822 4417 ad
2875 4363 3073 4417 bonum
3120 4369 3420 4416 convertat.
3447 4362 3506 4416 Si

1920 4470 2099 4516 autem
2133 4457 2365 4514 rebelles
2390 4455 2609 4519 fuerint,
2656 4463 2710 4509 et
2735 4451 3191 4507 admonitionibus
3237 4450 3355 4520 ejus
3391 4466 3510 4506 crs-

1921 4554 2050 4610 dere
2077 4537 2366 4613 noluerint,
2385 4547 2734 4604 Massiliensis
2753 4546 2922 4600 abbas
2947 4559 3162 4613 semper
3186 4551 3507 4612 potestatem

1923 4645 2120 4700 habeat
2145 4641 2396 4710 ejiciendi
2427 4639 2595 4694 malos
2623 4646 2676 4692 et
2699 4634 2945 4691 mittendi
2973 4635 3162 4695 bonos,
3196 4642 3250 4686 et
3289 4647 3386 4704 pro
3415 4632 3508 4688 Dei

1920 4749 2106 4791 amore
2121 4742 2177 4790 et
2193 4733 2458 4789 charitate
2482 4729 2663 4787 divina
2685 4726 3090 4783 Bisuldunensis
3116 4739 3301 4782 comes
3321 4734 3378 4780 et
3406 4725 3510 4778 Au-

1920 4827 2170 4884 sonensis
2194 4826 2478 4896 episcopus
2501 4823 2570 4877 ad
2616 4823 2719 4876 hoc
2755 4818 3062 4872 faciendum
3099 4817 3208 4872 sint
3251 4815 3329 4870 illi
3357 4816 3511 4885 adju-

1925 4928 2086 4975 tores.
2117 4919 2182 4974 Et
2208 4919 2310 4973 hoc
2335 4915 2516 4971 tandiu
2546 4913 2773 4968 ﬁrmiter
2809 4918 2865 4964 et
2891 4910 3240 4965 imtnobiliter
3270 4919 3508 4973 maneat,

1921 5012 2180 5084 quamdiu
2205 5007 2596 5066 monasterium
2628 5005 2686 5060 S.
2732 5001 2964 5057 Victoris
2999 5002 3322 5070 regulariter
3343 5007 3510 5053 stete-

1923 5104 2014 5165 rit,
2038 5109 2094 5154 et
2125 5100 2364 5171 regulam
2395 5096 2453 5150 S.
2476 5094 2755 5152 Benedicti
2781 5092 3088 5149 habitantes
3109 5090 3182 5146 ibi
3221 5088 3514 5151 tenuerintv,

1919 5197 1982 5226 Iro
2037 5209 2142 5228 nnn
2179 5195 2334 5228 Ιεηοαρ
2381 5189 2508 5228 mihi
2551 5188 2833 5228 Rapum-An
2883 5189 3108 5228 nrmfnln
3154 5185 3361 5228 nomili-
3415 5198 3511 5228 uno.
