4018 5330
517 315 624 372 425
683 364 688 368 κ

1514 305 1572 360 8.
1613 301 1974 360 ANASTASII
2015 303 2318 362 HONACHI
2355 305 2443 361 ΕΤ
2473 304 2803 362 ΕΒΕΜΙΤᾹῖ

3661 310 3771 365 45:4

518 429 624 483 hoc
651 431 816 479 totum
861 421 982 478 ideo
1030 428 1114 476 est
1148 417 1348 474 factum
1393 416 1516 488 quia
1548 417 1697 472 locus
1737 416 1827 472 ille
1876 427 2097 488 propter
2122 425 2169 484 Α
2199 418 2398 475 factum
2421 435 2472 473 v.
2505 419 2771 476 Kalendas
2794 417 3035 475 Januarii
3077 434 3218 477 anno
3253 421 3390 476 1070
3417 422 3483 477 ab
3517 421 3777 480 lncarna-

526 513 866 572 Simoniacos
891 511 1114 566 abbates
1143 523 1278 579 pene
1305 509 1508 578 absque
1531 505 1784 576 religione
1805 516 1855 562 et
1877 507 1994 562 sine
2016 523 2094 562 re-

526 605 645 677 gula
679 603 737 658 S.
768 600 1044 657 Benedicti
1069 600 1350 664 manebat;
1379 606 1433 654 et
1456 597 1578 653 ideo
1603 598 1926 668 quicumque
1947 596 2098 665 adju-

527 711 676 754 tores
698 705 752 752 et
779 695 1014 751 fautores
1044 694 1108 750 ad
1135 695 1237 749 hoc
1267 709 1402 764 opus
1427 693 1686 764 pracdicto
1708 691 1906 748 factum
1932 695 2098 749 exsti-

527 791 712 856 terint,
754 788 1156 857 etadjutorium
1204 787 1525 857 regulariter
1553 786 1625 841 ibi
1662 786 1976 856 degentibus
2003 786 2099 840 im—

527 880 832 950 penderint,
871 879 924 934 in
955 879 1145 949 primis
1168 877 1595 934 benedictionem
1623 893 1652 930 a
1678 877 1784 932 Deo
1808 879 2096 948 accipiant,

528 978 584 1023 et
615 969 867 1023 omnibus
891 967 1230 1022 orationibus
1273 981 1337 1022 ac
1375 966 1532 1021 bonis
1579 967 1834 1036 operibus
1874 983 1993 1036 qua:
2042 967 2096 1020 in

498 1059 623 1128 'pr.t
643 1058 805 1111 libato
832 1058 1160 1112 monasterio
1185 1057 1338 1112 facta:
1365 1056 1583 1122 fuerint,
1612 1058 1724 1112 sive
1753 1057 1806 1111 iu
1833 1066 2102 1112 monaste-

534 1147 613 1199 rio
641 1146 957 1201 Massiliensi
991 1156 1045 1201 et
1067 1147 1142 1217 (4)
1178 1146 1534 1223 Tomeriensi,
1567 1146 1889 1216 Sanctatqttc
1922 1146 2102 1202 Mariae

531 1237 773 1301 Crassaa,
803 1237 1084 1306 sanctique
1122 1236 1452 1306 Cucuphatis
1477 1236 1552 1305 (5)
1579 1236 1646 1290 de
1674 1235 1919 1291 Vallense
1940 1245 1993 1291 et
2048 1237 2100 1291 in

530 1328 833 1385 Ausenensi
857 1329 1134 1395 sedc,sive
1158 1329 1211 1383 in
1231 1329 1480 1384 omnibus
1503 1328 1650 1382 cellis
1675 1328 2100 1398 supradictorum
2135 1350 2151 1357 ~-

529 1417 922 1484 cmnobiorum,
945 1429 1151 1488 partem
1180 1428 1233 1473 et
1261 1419 1576 1472 societatem
1603 1418 1854 1482 habeant,
1880 1428 1933 1472 ct
1959 1418 2106 1472 insu-

529 1524 628 1579 per
676 1519 932 1564 :eternam
983 1509 1395 1564 retributionem
1447 1509 1750 1577 acquirant.
1789 1508 2107 1578 Quicunque

529 1601 693 1655 etiam
739 1601 864 1656 huic
913 1611 1111 1655 nostra:
1139 1601 1462 1656 institutioni
1506 1600 1761 1656 contrarii
1805 1598 2022 1663 fuerint,
2054 1610 2108 1656 et.

530 1694 901 1764 disrumpere,
947 1694 1239 1764 instigante
1284 1693 1530 1758 diabolo,
1576 1708 1670 1762 per
1690 1692 1925 1763 aliquam
1953 1708 2112 1748 occa-

2204 513 2347 567 tione
2390 511 2614 578 Christi,
2665 527 2808 566 anno
2862 528 2895 566 x
2941 512 3172 583 Philippi
3212 513 3375 584 regis.
3431 512 3524 584 Sig
3563 516 3604 584 ~3-
3644 530 3776 570 num

2199 604 2462 669 Bernardi
2512 605 2724 660 comitis
2767 606 2857 674 qui
2904 606 3043 660 hanc
3093 605 3394 678 largitionis
3447 607 3777 678 scripturam

2201 696 2444 755 scribere
2463 695 2599 766 jussi
2622 695 2675 750 in
2703 694 3131 766 Rivopollentino
3174 696 3408 766 capitulo
3435 711 3617 752 coram
3660 712 3782 752 om-

2201 787 2362 842 nibus
2402 787 2560 841 solito
2589 787 2741 856 signo
2768 787 3016 841 manibus
3040 787 3276 857 propriis
3307 786 3536 842 firmavi.
3566 787 3609 857 ἰι
3637 785 3781 841 Wil-

2203 877 2394 932 lelmus
2422 877 2595 948 gratia
2620 876 2712 932 Dei
2736 877 3020 946 episcOpus
3048 876 3377 932 Ausoncnsis
3401 876 3646 932 ecclesiae
3683 875 3784 937 tiro

2204 969 2369 1022 mavi.
2397 968 2700 1038 ’j-Audrcas
2745 966 2822 1039 (6)
2871 966 3038 1022 abbas
3083 967 3144 1022 S.
3191 967 3456 1022 Johannis
3483 967 3784 1036 firmatas:-

2203 1059 2510 1114 Bernartlus
2556 1059 2715 1113 levita
2755 1066 2810 1112 et
2852 1059 3145 1113 canonicus
3175 1058 3416 1123 firmavi,
3461 1056 3786 1114 llcribaldus

2205 1153 2351 1208 sedis
2391 1153 2622 1206 Ausonre
2659 1151 2950 1206 canonicos
2975 1150 3213 1215 firmavi,
3247 1149 3550 1206 Willelmus
3594 1149 3791 1219 primi-

2205 1244 2440 1298 scriuius
2469 1242 2697 1296 firmavi.
2747 1243 2838 1312 Sig
2881 1244 2919 1312 οἱ·
2949 1258 3074 1296 num
3118 1241 3418 1312 Raymttndi
3449 1239 3788 1296 viceeomitis

2206 1333 2586 1397 Cardonensis,
2613 1333 2692 1402 sig
2707 1333 2745 1401 οξ·
2767 1347 2896 1386 num
2916 1331 3162 1388 Udalardi
3190 1330 3470 1397 Bernardi,
3493 1331 3574 1400 sig
3593 1331 3633 1399 ἦ·
3657 1344 3786 1383 num

2206 1426 2350 1481 Petri
2383 1425 2664 1489 Bernardi,
2693 1425 2840 1494 εἰς’-(-
2865 1440 2990 1478 num
3013 1423 3274 1478 Bernardi
3305 1421 3532 1477 Wifredi
3562 1425 3629 1476 de
3655 1421 3792 1474 Por-

2208 1517 2364 1584 cella,
2395 1516 2474 1586 sig
2501 1516 2540 1588 -j-
2569 1531 2694 1571 num
2722 1515 2898 1570 Pontii
2924 1513 3203 1586 Blidgarii,
3230 1514 3313 1583 sig
3342 1514 3381 1582 σί·
3411 1527 3536 1566 nmn
3558 1510 3788 1565 Arualdi

2206 1605 2448 1670 Arualdi,
2484 1607 2565 1677 sig
2593 1608 2633 1677 -ίί
2656 1622 2782 1660 num
2813 1606 2960 1662 Petri
2988 1605 3283 1671 Adalberti,
3313 1605 3394 1676 sig
3424 1606 3464 1673 -ι-
3490 1619 3618 1669 num
3647 1603 3793 1658 Uda-

2210 1697 2344 1751 lardi
2369 1695 2646 1760 Gattfredi,
2675 1696 2757 1765 sig
2780 1696 2820 1767 -ί-
2849 1712 2974 1750 num
3006 1695 3279 1750 Guillclmi
3308 1694 3564 1749 Bernardi
3608 1693 3796 1746 archi-

531 1786 738 1839 sionem
764 1786 1113 1851 tentaverint,
1147 1785 1278 1839 iram
1324 1784 1416 1838 Dei
1446 1785 1746 1849 incurrant,
1773 1792 1828 1838 et
1856 1783 2108 1839 omnibus
2138 1811 2183 1871 Β
2212 1787 2422 1841 diaconi
2449 1786 2515 1840 de
2552 1785 2786 1840 Guardia
2807 1826 2820 1849 ,
2865 1785 2947 1856 sig
2974 1784 3012 1856 σξ-
3042 1801 3167 1839 num
3193 1784 3448 1838 Bernardi
3482 1783 3793 1853 Raymundi

535 1876 812 1947 sacrilegis
834 1886 888 1931 et
916 1877 968 1931 in
1000 1877 1214 1932 inferno
1234 1876 1504 1932 damnatis
1525 1875 1656 1930 socii
1693 1883 1969 1941 maneant,
2001 1874 2103 1930 nisi
2132 1946 2134 1948 ν

536 1969 866 2038 resipueriut
899 1977 954 2024 et
981 1969 1047 2022 ad
1089 1967 1513 2023 satisfactionem
1553 1968 1814 2023 venerint.
1847 1967 1996 2034 Quod
2023 1976 2108 2023 est

608 2121 685 2192 (4)
714 2122 1059 2178 Tomeriense
1080 2121 1137 2178 S.
1165 2122 1314 2177 Pauli
1337 2122 1720 2178 monasterium
1748 2122 1874 2176 olim
1900 2122 2110 2193 insigne

533 2195 740 2247 ordinis
762 2193 1108 2249 S.Benedicti
1138 2195 1188 2248 in
1217 2195 1434 2249 dimcesi
1461 2193 1818 2255 Narbonensi,
1851 2193 1901 2247 in
1925 2198 2110 2248 sedem

533 2262 889 2332 episcopalem
951 2264 1261 2334 metropolis
1308 2263 1672 2319 Narbonensis
1713 2262 2108 2334 sufiragaaeam

534 2344 772 2406 cret-tum
825 2333 923 2388 fuit
953 2350 979 2387 a
1021 2333 1227 2389 Joanne
1273 2351 1382 2389 χχιι
1420 2333 2108 2406 perseverantibus;nihilo-

536 2405 711 2458 minus
740 2406 790 2457 in
823 2419 886 2458 eo
917 2406 1214 2468 monachis,
1245 2408 1333 2475 qui
1365 2405 1507 2459 anno
1547 2407 1808 2460 duntaxat
1840 2405 1974 2464 l615
2008 2421 2108 2459 sa:-

533 2475 702 2526 culari
729 2483 850 2545 toga
875 2493 903 2528 a
934 2475 1099 2529 Paulo
1133 2475 1167 2524 ν
1197 2477 1375 2530 tlonati
1407 2484 1550 2530 sunt.

605 2546 681 2615 (ὅ)
722 2545 777 2599 8.
799 2544 1134 2616 Cucuphatis
1172 2547 1554 2600 monasterium
1588 2547 1639 2601 in
1668 2561 1804 2616 pago
1848 2544 2108 2600 Walleusi

853 2727 1557 2772 m

615 2757 979 2773 Μ

973 2751 1308 2773 ωας-ι

2213 1877 2398 1932 fratris
2423 1876 2558 1945 ejus,
2592 1877 2672 1947 sig
2708 1877 2743 1948 ᾖα
2772 1893 2897 1931 num
2926 1876 3186 1932 Bernardi
3236 1874 3450 1929 Mironi.
3485 1873 3798 1928 Bernardus

2213 1968 2507 2024 monachus
2528 1968 2616 2038 qui
2645 1969 2783 2023 hanc
2805 1967 3105 2037 largitionis
3127 1965 3450 2036 scripturam
3479 1963 3720 2034 scripsit.

2215 2132 2564 2179 exstruxerat
2593 2121 2895 2180 Ludovicus
2915 2119 3223 2192 Pius,quod
3245 2138 3274 2176 a
3295 2119 3518 2192 paganis
3539 2132 3795 2175 eversum

2218 2209 2312 2248 rex
2338 2194 2627 2248 Lotharius
2654 2197 2909 2250 restituit.

2287 2265 2364 2336 (ti)
2405 2264 2502 2320 llic
2523 2265 2693 2320 abbas
2717 2267 2958 2322 Andreas
2988 2263 3268 2336 suscripsit
3291 2262 3450 2336 etiam
3478 2275 3624 2336 anno
3654 2261 3797 2336 1059‘

2215 2331 2660 2411 coutfentiortibtts
2715 2336 2862 2392 initis
2908 2338 3048 2391 inter
3094 2331 3450 2411 Ritllnlllldtlﬂ]
3481 2331 3794 2411 Bercngarii

2213 2409 2462 2461 comitem
2501 2407 2973 2474 Barcinonensem,
3023 2416 3078 2461 et
3119 2404 3525 2459 Ermeusindem
3553 2404 3800 2456 connis-

2215 2491 2330 2532 sam
2362 2478 2537 2533 ariam
2565 2477 2703 2547 ejus.

2212 2745 2442 2768 0⁸1³-
2449 2739 2738 2767 ..ουῖζὺῑυζ-μ
2749 2739 3256 2769 ...ΜΝ-ν..-
3247 2747 3316 2769 ..Ὗ
3325 2747 3408 2770 ο..-
3417 2739 3786 2761 -ιν--υ--ι⁴
3708 2739 3786 2743 ἦ

1810 2890 1978 2935 ANNO
2025 2891 2253 2935 DOMINI
2299 2890 2567 2933 MLXXXV

799 2945 1863 3218 SANCTUS
2082 2999 3546 3254 ANASTASIUS

1777 3321 2154 3380 MONACHUS
2185 3323 2271 3378 ET
2313 3323 2634 3379 EREMITA.

1187 3658 1582 3796 VITA
1677 3659 2242 3791 SANCTI
2337 3655 3182 3791 ANASTASII

1813 3917 2144 3976 AUCTORE
2181 3919 2535 3976 GALTERO.

547 4106 721 4179 (Apud
756 4105 1003 4160 liscui...
1033 4103 1163 4157 Acta
1203 4100 1303 4157 SS.
1352 4100 1471 4155 ord.
1503 4097 1560 4155 S.
1593 4098 1818 4164 Bened.,
2366 4097 2428 4162 ll,
2457 4114 2579 4170 pag.
2610 4099 2734 4168 487,
2766 4116 2833 4157 ex
2865 4117 2963 4158 ms.
2994 4102 3183 4158 codice
3218 4103 3460 4160 ecclesia:
3492 4104 3551 4162 S.
3588 4107 3808 4163 Martini

1352 4468 2344 4565 ORSERVATIONES
2422 4472 2979 4566 PR/EVIIE.

627 4709 677 4760 1.
705 4708 947 4776 ignotum
981 4704 1286 4774 hucusque
1332 4703 1384 4758 in
1412 4701 1567 4759 fastis
1606 4701 1971 4758 Benedictinis
1999 4717 2127 4756 san-
2156 4685 2203 4748 Ο
2303 4704 2356 4757 2.
2399 4703 2546 4758 llaud
2575 4707 3000 4776 expressitVitae
3028 4719 3216 4764 auctor
3261 4713 3382 4780 quis
3426 4728 3600 4770 annus
3647 4715 3810 4772 fuerit

550 4807 698 4851 ctum
728 4793 1069 4848 Anastasium
1101 4795 1188 4848 hic
1214 4792 1573 4863 proferimus,
1600 4790 1752 4860 cujus
1786 4792 1960 4847 Vitam
2003 4791 2129 4846 Gul-

555 4888 747 4950 terius,
793 4896 981 4939 auctor
1027 4884 1182 4938 nobis
1229 4893 1388 4938 antea
1437 4883 1760 4953 incognitus,
1805 4882 1898 4937 sed
1955 4891 2013 4935 ut
2061 4892 2128 4936 ex

552 4978 724 5047 ipsius
751 4976 883 5031 Vitae
905 4983 1155 5030 contextu
1200 4983 1349 5045 patet
1388 4975 1586 5042 gravis,
1619 4972 1762 5028 haud
1814 4971 1982 5028 multo
2011 4981 2133 5043 post

557 5071 702 5126 beati
730 5070 828 5124 viri
855 5069 1082 5131 obitum,
1109 5067 1208 5122 nisi
1241 5066 1417 5131 fallor,
1439 5066 1778 5132 conscripsit.
1818 5065 1968 5120 lianc
2000 5080 2130 5120 vero

2233 4795 2390 4850 beato
2422 4796 2536 4850 viro
2587 4809 2878 4863 extremus,
2925 4815 3024 4855 nec
3066 4801 3280 4858 aliunde
3325 4805 3478 4860 nobis
3519 4819 3811 4878 suppetunt

2233 4896 2417 4940 vetera
2447 4885 2821 4956 instrumenta,
2859 4904 2922 4944 ex
2968 4892 3162 4960 quibus
3208 4895 3254 4948 is
3292 4895 3446 4950 nobis
3469 4897 3806 4966 innotescat;

2235 4992 2404 5046 quare
2436 4978 2868 5047 investigandum
2891 4991 2974 5037 est
3001 4993 3258 5040 utrumne
3300 5002 3364 5041 ex
3392 4985 3508 5056 ejus
3536 4990 3660 5044 vitae
3699 4991 3809 5045 ciro

2235 5068 2576 5124 cumstantiis
2604 5070 2804 5132 aliquid
2832 5072 2967 5127 lucis
3005 5073 3057 5127 in
3085 5075 3185 5130 hac
3225 5091 3404 5132 rerum
3459 5059 3686 5132 ambage
3715 5082 3812 5132 ha-
