4018 5330
221 378 307 437 ωε

1740 363 1891 420 ΥΙΤᾹ

3330 372 3441 426 ηδ

220 493 364 548 eidem
378 484 608 544 coenobio
625 492 873 556 praeerat.
891 482 1193 538 llocautem
1208 474 1754 537 annocircitcrlOb‘S,
1790 487 1830 537 Α
1863 493 2053 548 nempe
2083 477 2133 532 in
2170 477 2449 548 Hispaniis
2476 488 2923 551 permanserunt,
2966 480 3133 536 variis
3167 491 3444 539 monaste-

215 578 561 650 autsequenti,
589 576 881 646 contigisse
910 572 1225 643 conjicimus
1244 572 1410 643 quod,
1438 571 1522 624 his
1543 568 1752 624 duobus

213 672 357 735 annis,
389 668 554 723 nullus
584 669 636 722 in
665 668 927 737 eatalogis
962 675 1053 721 aut
1082 666 1355 721 veteribus
1378 663 1752 718 instrumentis

211 762 476 819 monasterii
524 760 709 815 Sancti
760 759 1035 814 Michaelis
1083 759 1255 812 abbas
1297 766 1629 811 memoratus
1654 771 1749 811 oc-

209 862 383 921 currat,
410 855 546 925 quod
585 853 720 908 forte
753 853 993 908 Simouia
1045 860 1264 906 notatus
1320 858 1464 905 Inter
1506 849 1749 919 ejusdem

208 946 288 999 loci
313 946 518 997 ahbatcs
548 943 723 998 locum
748 960 852 997 uou
878 944 1160 997 meruerit.
1199 941 1262 995 Et
1283 942 1500 1010 quidem
1526 954 1752 995 caeteros

206 1038 412 1101 abbates,
443 1036 529 1105 qui
562 1037 735 1089 cidem
766 1038 1098 1091 monasterio
1125 1036 1226 1089 hoc
1270 1034 1470 1090 Sicculo
1522 1032 1750 1105 prmfue-

206 1139 324 1193 runt,
354 1129 656 1183 Simoniaca
705 1136 853 1198 peste
881 1138 1053 1183 tactos
1098 1129 1263 1183 fuisse
1298 1144 1567 1199 nusquam
1619 1128 1750 1198 legi—

203 1238 314 1275 mus.
351 1222 556 1275 Scimus
596 1222 854 1275 Arturutu
905 1222 1292 1277 Mouasterium
1339 1221 1610 1276 Neustria:
1648 1224 1749 1291 pia:

202 1323 435 1367 auctorem
467 1310 757 1368 Fulcnnem
801 1313 1089 1382 quemdam
1137 1316 1238 1367 hoc
1285 1312 1506 1367 biennio
1559 1311 1745 1368 Sancti

201 1403 435 1459 Michaelis
454 1406 705 1459 abbatem
739 1405 1032 1464 induxisse.
1058 1405 1166 1474 qui,
1193 1405 1387 1474 inquit,
1416 1421 1554 1457 anno
1582 1403 1744 1467 l059,

203 1495 392 1564 Philippi
441 1497 574 1565 regis
604 1496 933 1550 coronationi
970 1497 1175 1564 adfuit;
1198 1513 1264 1550 ea:
1284 1513 1385 1566 quo
1419 1505 1561 1563 patet
1612 1497 1747 1549 hanc

201 1584 420 1636 abbatiam
448 1585 653 1638 duobus
686 1586 839 1639 annis
863 1586 1006 1637 haud
1033 1602 1265 1639 vacasse.
1290 1587 1358 1637 At
1383 1601 1484 1639 non
1514 1585 1748 1639 advertit

201 1672 265 1724 ι11ιο
288 1683 459 1727 auctor
485 1672 1037 1727 Fulronemabba'em
1083 1673 1268 1729 Sancti
1320 1673 1614 1739 Michaelis,
1647 1675 1743 1743 qui

199 1762 385 1832 Philippi
451 1764 850 1835 inauguratioui
905 1764 1189 1830 interfuit,
1251 1782 1358 1821 non
1426 1768 1743 1821 monasterii

201 1853 347 1906 Sancti
374 1852 647 1909 Michaelis
674 1856 740 1910 de
777 1854 977 1919 Monte.
1012 1856 1105 1910 sed
1151 1856 1336 1912 Sancti
1372 1857 1648 1913 Michaelis
1693 1859 1744 1913 in

202 1941 480 1998 Iheorascia
536 1945 788 2000 dicacesis
832 1946 1209 2004 Lauduueusis
1256 1950 1508 2005 abbatem
1555 1948 1742 2005 fuisse.

199 2034 319 2101 Quod
348 2046 550 2091 certum
595 2047 678 2092 est
718 2053 823 2093 nOn
857 2040 1028 2094 solum
1061 2057 1125 2095 ex
1162 2042 1392 2112 vulgatis
1433 2042 1615 2097 Sancti
1651 2041 1749 2097 Mi—

200 2132 365 2186 :haclis
408 2134 460 2187 in
485 2133 818 2189 Thenrascia
845 2135 1097 2189 abbatum
1143 2136 1427 2204 catalogis.
1457 2136 1549 2191 sed
1582 2135 1747 2191 etiam

201 2239 245 2276 ξι
272 2223 373 2290 ipso
400 2227 770 2280 coronationis
796 2225 1027 2297 Philippi
1060 2244 1201 2298 regis
1228 2228 1588 2282 instrumento
1609 2228 1749 2298 apud

200 2313 444 2366 Jhcsnium
478 2316 528 2368 in
559 2314 847 2370 Historicis
877 2315 1142 2377 Francia},
1170 2326 1226 2371 et
1249 2316 1532 2371 Marlotum
1560 2318 1610 2371 iu
1637 2331 1752 2370 nte-

198 2405 350 2473 .ropoli
379 2405 628 2459 Reiuensi
660 2407 851 2470 relato,
877 2409 964 2460 uhi
997 2409 1197 2483 diserte
1222 2408 1388 2463 Fulco
1411 2408 1572 2461 abbas
1610 2406 1744 2461 Sm-

200 2496 247 2546 :a'
280 2494 537 2549 ΜῑιΙιαεΙὶε
569 2496 931 2552 Lauduannsis
975 2499 1292 2569 appellatur.
1329 2498 1475 2553 Licet
1505 2500 1619 2554 lucc
1650 2514 1749 2553 vox

198 2583 547 2652 Lnudimeusis,
596 2593 867 2645 nescimus
905 2607 1012 2661 quo
1057 2606 1185 2647 casu
1224 2607 1254 2646 e
1297 2591 1524 2663 Phi‘ippi
1552 2592 1752 2647 Lahbci

199 2674 392 2743 calamo,
425 2689 559 2733 tom.
592 2679 661 2733 IX
690 2680 1079 2746 Couciliorum,
1116 2682 1401 2736 exciderit.

248 2769 293 2820 5.
325 2770 496 2823 Aliam
531 2772 988 2841 deprehendimus
1030 2775 1289 2844 temporis
1318 2785 1498 2827 notam
1530 2774 1582 2829 in
1610 2775 1751 2829 beati

198 2856 431 2916 Anastasii
463 2864 613 2928 Vita,
652 2867 932 2935 repetitam
976 2866 1185 2920 scilicet
1229 2883 1290 2919 ex
1323 2867 1441 2934 ejus
1473 2866 1524 2919 in
1566 2865 1756 2938 Hispa-

199 2950 315 3003 niam
339 2953 699 3021 profectione,
723 2971 885 3025 quam
907 2956 1132 3026 juhcute
1154 2954 1415 3026 Gregorio
1435 2956 1520 3010 Vll
1544 2970 1755 3010 sunsz

198 3042 433 3106 pontiﬁce,
463 3052 522 3098 et
544 3031 794 3099 mittente
826 3045 1050 3116 llugone
1079 3043 1273 3099 abbate
1301 3044 1661 3107 Cluniacensi,
1687 3047 1755 3101 ab

1780 1826 1820 1879 li

1856 571 1950 624 riis
1989 572 2056 625 de
2100 585 2241 625 novo
2278 572 2659 626 construendis
2702 580 2796 626 aut
2849 582 2997 626 certe
3037 573 3313 627 veteribus
3355 587 3442 627 re-

1854 662 2165 716 stauraudis
2210 662 2439 728 intenti;
2472 676 2704 731 quo:um
2745 664 2909 717 etiam
2940 663 3182 734 plerique
3223 663 3290 717 ad
3322 663 3442 734 epi-

1854 751 2096 821 scopales
2126 751 2324 806 infulas
2353 752 2526 807 evecti
2552 762 2695 807 sunt.
2722 750 2790 806 At
2814 754 3129 809 Anastasius
3147 769 3213 808 eo
3235 755 3440 808 solum-

1856 842 2015 895 modo
2043 842 2319 911 profectus
2349 841 2548 907 fuerat,
2576 851 2636 897 ιιι
2665 842 2986 898 Sarracenis
3026 843 3226 900 Christi
3267 845 3447 900 Evan-

1853 933 2050 1004 gelium
2095 934 2395 999 nuutiaret;
2434 935 2562 989 hinc
2604 951 2726 990 cum
2772 952 2830 991 se
2870 936 3143 991 incassum
3194 938 3443 994 laborare

1853 1028 2195 1093 advertisset,
2232 1028 2283 1080 in
2311 1027 2515 1083 Gallias
2541 1028 2840 1100 repedavit.

1922 1117 1979 1171 4.
2016 1117 2111 1172 llis
2136 1119 2318 1187 itaque
2347 1120 2584 1181 statutis.
2609 1136 2733 1175 cum
2759 1136 2822 1175 ex
2858 1119 2995 1175 Viue
3016 1131 3239 1178 auctore
3267 1122 3443 1177 disca-

1856 1230 1976 1269 mus
1998 1196 2347 1269 dnastasium
2367 1231 2431 1270 ex
2456 1215 2713 1285 Hispania
2744 1231 3018 1271 reversum
3041 1226 3243 1287 septem
3268 1233 3442 1273 annos

1850 1306 2094 1363 Cluniaci
2128 1322 2191 1363 ac
2218 1318 2327 1361 tres
2350 1307 2484 1365 alios
2518 1308 2570 1361 in
2605 1308 2894 1362 solitudine
2933 1311 3296 1378 transegisse,
3327 1309 3441 1376 jam

1851 1399 2037 1453 decem
2065 1413 2235 1452 annos
2263 1414 2424 1468 supra
2460 1397 2595 1452 10'“
2634 1398 2931 1464 habemus;
2964 1400 3160 1468 quibus
3188 1400 3232 1454 si
3272 1394 3445 1455 uuum'

1851 1500 1945 1544 aut
1977 1489 2207 1543 alterum
2240 1489 2582 1559 adjiciamus,
2608 1505 2742 1559 quos
2768 1490 2817 1545 iu
2843 1492 3128 1547 itineribus
3160 1491 3242 1548 vel
3274 1493 3439 1548 ctiam

1855 1582 1908 1637 in
1965 1580 2225 1651 llispania
2278 1582 2424 1639 verbi
2480 1583 2646 1635 divini
2702 1584 3071 1652 prredicationt
3125 1585 3444 1640 incumbens

1850 1674 2280 1743 consumpserit,
2311 1672 2666 1742 conjiciemus
2696 1677 2909 1729 beatum
2943 1677 3117 1730 virum
3158 1692 3304 1731 anno
3330 1678 3443 1732 cir-
3482 1685 3487 1689 '

1849 1768 1988 1824 citcr
2041 1767 2177 1824 1086
2214 1766 2278 1821 ad
2325 1784 2549 1838 superos
2595 1770 2826 1834 abiisse,
2872 1786 3032 1841 quem
3078 1770 3296 1840 quidem
3345 1785 3443 1825 an-

1850 1873 1999 1921 num,
2024 1856 2193 1913 donec
2220 1857 2450 1911 certiora
2475 1867 2765 1913 occurrant
2798 1871 3172 1925 monumenta,
3204 1861 3443 1916 retinere

1852 1951 2030 2005 visum
2052 1963 2156 2005 est.

1910 2039 1961 2094 5.
2008 2040 2175 2110 llujus
2208 2041 2381 2094 sancti
2424 2040 2523 2095 viri
2561 2056 2759 2096 nomen
2788 2040 3014 2107 nullum,
3047 2043 3189 2112 quod
3211 2043 3431 2113 quidem

1853 2132 2117 2188 Sciamus.
2144 2130 2591 2203 martyrologium
2614 2133 2867 2198 exhibet,
2898 2135 3183 2205 nequidem
3216 2134 3447 2190 Benedi-

1852 2232 2077 2277 ctmuni.
2110 2211 2321 2276 colitur
2358 2236 2536 2275 tamen
2576 2224 2629 2275 in
2667 2221 2898 2277 ecclesia
2938 2223 3213 2292 parircmli
3255 2224 3445 2280 Sancti

1853 2315 2064 2369 Martini
2090 2314 2810 2386 Doy:lensis(Doydes),seu,
2836 2327 2893 2371 ut
2911 2318 3072 2372 habet
3090 2318 3209 2373 vita:
3226 2328 3439 2383 auctor,

1856 2407 2174 2469 Derotrnsis,
2203 2407 2255 2460 in
2286 2409 2506 2463 dioecesi
2537 2408 2755 2464 Rivensi
2779 2407 3019 2479 (llieux),
3052 2408 3139 2463 ubi
3165 2410 3439 2480 integrum

1854 2512 1970 2565 ejus
1998 2513 2215 2553 sacrum
2236 2512 2435 2567 corpus
2464 2507 2798 2554 asservatum
2820 2500 2986 2553 estad
3011 2498 3268 2554 szeculum
3291 2501 3441 2554 deci-

1856 2607 2001 2645 mum
2024 2601 2264 2647 sextum.
2289 2606 2397 2658 quo
2421 2607 2449 2642 a
2484 2589 2788 2647 furentibus
2819 2590 3150 2645 Calvinianis
3173 2591 3446 2646 haereticis

1853 2681 2172 2753 dissipatura
2192 2690 2296 2745 est,
2320 2690 2517 2751 praeter
2538 2680 2744 2750 aliquot
2768 2680 2887 2751 ejus
2908 2681 3202 2750 particulas
3235 2683 3286 2735 ir.
3302 2682 3444 2737 scri-

1858 2776 1947 2828 nio
1972 2784 2233 2843 argenteo
2268 2776 2534 2837 inclusas,
2569 2790 2688 2845 qute
2720 2789 2749 2829 a
2781 2774 3026 2829 fidelibus
3055 2789 3243 2829 eorum
3273 2773 3445 2831 furori

1859 2866 2142 2921 subducam
2172 2877 2296 2920 sunt
2323 2875 2377 2917 et
2412 2867 2464 2919 in
2494 2865 2614 2919 loco
2645 2873 2760 2920 tuto
2788 2866 3061 2935 repositae.
3096 2865 3205 2920 llas
3231 2867 3299 2920 ab
3346 2865 3448 2918 ali-

1858 2967 1985 3028 quot
2026 2957 2184 3012 anuis
2236 2958 2418 3011 invisit
2468 2958 2867 3013 illu~.trissimus
2914 2958 3143 3012 antistes
3198 2957 3452 3013 Riveusis

1859 3065 2018 3121 Supra
2051 3050 2321 3111 laudatus,
2350 3066 2557 3119 suaque
2583 3052 2912 3105 auctoritate
2945 3051 3254 3122 recognitas
3276 3060 3331 3105 et
3358 3066 3451 3121 ap-

199 3143 249 3180 co
271 3147 565 3203 susceptam
603 3137 772 3190 fuisse
799 3146 1033 3191 testatur
1063 3138 1204 3193 idem
1238 3136 1369 3192 Vitze
1398 3146 1605 3194 auctor.
1641 3139 1751 3195 lloc
1784 3178 1825 3234 Ο
1862 3143 2053 3210 probat
2091 3158 2115 3196 s
2181 3142 2418 3196 fidelium
2472 3143 2809 3196 venerationi
2878 3143 3122 3197 exhiberi
3181 3143 3451 3214 permisit.

197 3231 348 3274 au'em
381 3225 486 3278 iter
506 3241 649 3279 anno
679 3227 903 3281 circiter
936 3227 1070 3280 1075
1102 3227 1515 3298 consignamus,
1549 3228 1759 3283 scilicet

200 3316 335 3380 paulo
364 3329 484 3386 post
522 3320 728 3374 Alfonsi
763 3321 906 3389 regis
940 3320 1371 3387 restitutionem,
1405 3337 1526 3375 eum
1554 3320 1756 3391 Grego-

198 3405 292 3457 rius
340 3406 446 3473 jam
501 3411 797 3464 secundum
855 3411 1197 3480 pontificatus
1246 3412 1326 3465 sui
1381 3427 1581 3465 aunttm
1632 3413 1757 3467 atti-

197 3493 356 3561 gisset.
386 3499 500 3555 Non
529 3502 674 3555 enim
704 3502 1049 3557 Auastasium
1075 3518 1139 3558 ex
1168 3503 1233 3557 iis
1262 3502 1427 3557 fuisse
1450 3516 1757 3568 censemus,

200 3598 313 3651 quos
337 3602 517 3658 postea
551 3605 777 3648 sanctus
812 3593 962 3664 llugo
992 3595 1044 3647 in
1080 3593 1395 3663 llispauiam
1428 3594 1757 3659 transmisit,

200 3682 246 3726 ut
291 3677 352 3733 ibi
409 3682 752 3753 disciplinam
811 3684 1167 3740 monasticam
1220 3693 1613 3740 restaurarent.
1667 3683 1757 3738 lsti

1865 3229 2012 3283 llaud
2041 3230 2223 3299 procul
2255 3228 2322 3285 ab
2349 3245 2412 3285 co
2435 3231 2555 3285 vico
2578 3232 2770 3285 visitur
2803 3233 2923 3286 fons
2955 3232 3142 3287 Sancti
3167 3232 3443 3287 Anastasii

1863 3319 2022 3386 vulgo
2059 3331 2398 3391 nuncupatus
2475 3337 2582 3389 quo
2611 3320 2756 3374 sitiat
2788 3336 2941 3374 suam
2978 3321 3059 3373 vir
3089 3333 3309 3375 sanctus
3346 3322 3449 3373 ali-

1861 3413 2077 3482 quando
2113 3412 2444 3467 exstinxisse
2485 3422 2835 3466 mcmoratttr.
2884 3413 3283 3482 Frequentatur
3320 3426 3449 3467 vero

1866 3520 1895 3558 a
1928 3503 2122 3557 vicinis
2160 3502 2408 3573 populis.
2440 3503 2582 3571 quod
2622 3503 2738 3572 ejus
2778 3518 2931 3572 aqua:
2974 3504 3167 3557 haustu
3217 3501 3447 3557 febrium

1864 3594 2091 3647 ardores
2131 3593 2309 3647 sedari
2363 3593 2648 3659 dicantur;
2698 3591 2841 3661 quod
2895 3595 3187 3649 multorum
3239 3591 3455 3665 etperi-

1870 3696 2052 3741 mento
2086 3696 2297 3742 certum
2322 3700 2443 3742 esse
2470 3686 2713 3741 tradunt.

1172 3898 1637 3989 INCIPIT
1708 3897 2377 3993 PROLOGUS.

259 4130 305 4183 l.
332 4128 601 4186 Galterius
612 4130 783 4186 Petro
801 4131 1120 4188 Devotensis
1141 4131 1396 4187 Ecclesia:
1409 4131 1761 4198 subdiacono,

200 4230 241 4271 et
272 4218 414 4274 fratri
445 4221 559 4289 ejus
596 4220 905 4287 Bernardo,
944 4224 997 4277 in
1030 4223 1283 4278 omnibus
1314 4223 1726 4292 prosperitatem
1748 4264 1762 4287 ,

200 4318 246 4363 et
277 4314 338 4367 ad
371 4311 618 4368 effectum
666 4313 969 4383 perducere
1014 4316 1214 4370 bonam
1258 4316 1618 4371 devotionem.
1665 4316 1768 4372 Co-

201 4400 307 4468 gitis
343 4418 454 4463 me,
500 4405 627 4458 dum
661 4404 958 4475 impensius
1002 4407 1266 4463 instantes
1314 4410 1555 4479 rogatis.
1603 4418 1663 4462 ttt
1702 4410 1767 4463 ad

199 4494 587 4549 :edilicationem
623 4507 969 4567 posterorum
1003 4501 1214 4554 tradam
1258 4502 1533 4555 memorim
1557 4501 1769 4556 calamo

202 4583 360 4640 Vitam
379 4591 521 4643 beati
549 4589 825 4645 Anastasii
855 4590 1206 4648 confessoris.
1248 4593 1314 4648 Et
1343 4609 1373 4647 a
1408 4610 1494 4649 me
1529 4595 1645 4649 sine
1668 4592 1770 4647 dif-

201 4673 422 4731 ficultate
452 4695 557 4733 non
590 4680 748 4735 video
791 4697 954 4752 posse
984 4682 1228 4747 sulferri,
1264 4698 1362 4739 nec
1396 4685 1530 4738 meis
1564 4683 1772 4739 viribus

203 4768 443 4835 competit
471 4784 539 4824 ne
574 4770 682 4823 vita
714 4774 889 4827 sancti
921 4773 1023 4827 viri
1058 4775 1212 4844 culpa
1246 4775 1446 4847 ingenii
1486 4776 1772 4846 scriptoris

200 4858 363 4921 potius
396 4861 646 4916 videatur
675 4866 830 4919 atteri
862 4881 1025 4935 quam
1061 4866 1114 4920 iu
1154 4866 1328 4936 majus
1365 4868 1651 4923 celebrari.
1696 4868 1773 4925 Ne

204 4950 367 5001 tamen
410 4962 605 5007 vestrae
654 4956 900 5024 petitioni
937 4956 1123 5011 videar
1157 4961 1457 5023 contraire,
1498 4960 1583 5014 cui
1611 5000 1626 5024 ,
1670 4961 1770 5015 etsi

205 5050 384 5101 parum
439 5041 685 5111 idoneus,
738 5046 907 5102 debeo
965 5046 1020 5100 in
1065 5049 1319 5105 omnibus
1357 5051 1771 5121 obtemperare,

206 5134 334 5166 "una.
388 5135 658 5166 Αἶσα-ιηδηι
710 5139 938 5166 ηυῖ.1ἱιιικ

997 5139 1196 5166 ζιιηΛητῖ
1285 5139 1571 5166 Ακ““Α-³²ιὶ“
1628 5148 1772 5166 ...Παι-

1868 4123 2080 4170 constet
2110 4116 2162 4171 in
2189 4116 2405 4186 petendi
2429 4118 2734 4182 devotione,
2761 4129 2815 4173 et
2840 4119 2890 4173 in
2915 4119 3098 4175 sedula
3122 4122 3454 4191 obsequendi

1869 4208 2165 4265 voluntate.
2192 4211 2273 4265 Ad
2306 4210 2410 4265 hoc
2436 4213 2645 4267 accedit
2673 4213 2889 4267 devotio
2923 4229 3078 4279 pura,
3107 4229 3227 4283 quze
3258 4231 3456 4286 cogere

1867 4309 2062 4369 potest,
2115 4300 2216 4355 etsi
2272 4302 2456 4355 absint
2500 4304 2683 4357 omnia
2724 4305 3055 4373 supradicta,
3093 4314 3153 4358 ut
3195 4306 3263 4359 ad
3302 4305 3452 4374 perfi-

1870 4390 2120 4446 ciendum
2150 4391 2292 4463 quod
2325 4394 2510 4460 petitis
2544 4396 2805 4450 audacter
2834 4396 3102 4450 insistam.
3140 4396 3275 4450 llum
3304 4398 3451 4451 enim

1870 4499 2055 4539 curam
2092 4486 2235 4541 hanc
2264 4488 2395 4543 mihi
2422 4499 2574 4543 tanto
2607 4503 2771 4559 opere
2808 4489 3043 4544 indicitis
3066 4530 3081 4554 ,
3123 4492 3461 4560 posteritatis

1871 4576 2221 4634 :edilicationi
2255 4580 2560 4644 consulitis,
2595 4580 2722 4636 dum
2754 4581 2820 4635 ad
2858 4581 3069 4636 laudem
3102 4593 3156 4637 et
3196 4584 3461 4638 honorem

1872 4665 1998 4733 Dei,
2026 4670 2198 4725 vitam
2231 4671 2404 4726 sancti
2439 4671 2773 4728 confessoris
2806 4688 2869 4727 ac
2900 4673 3278 4744 gloriosissimi
3311 4675 3461 4729 Aua-

1872 4760 2221 4816 stasii-vultis
2264 4764 2532 4826 reserari,
2565 4769 2624 4815 ut
2654 4763 2886 4831 posteris
2915 4763 2986 4817 sit
3025 4765 3091 4818 ad
3120 4764 3461 4833 exemplum,

1872 4860 1928 4908 et
1963 4853 2032 4907 ad
2075 4853 2389 4908 sanctitatis
2433 4854 2677 4924 ejusdem
2727 4855 2827 4909 viri
2872 4855 3261 4911 testimonium.
3316 4854 3467 4925 Rogo

1872 4961 2003 5017 ergo
2047 4954 2101 5000 et
2146 4948 2347 5017 obnixe
2388 4947 2632 5017 supplico
2659 4959 2739 5015 ut,
2784 4948 2827 5003 si
2872 4949 2997 5019 qttid
3037 4949 3242 5005 incuria
3273 4928 3495 5018 p.ruutx

1873 5039 2163 5108 quaesiero.
2197 5048 2292 5092 aut
2336 5048 2581 5107 egestate
2628 5042 2733 5096 mei
2788 5042 2988 5110 ingenii
3037 5041 3470 5113 praetermisero,

1875 5142 1964 5166 mn
2014 5129 2342 5166 rint-iaciant:
2389 5129 2609 5166 niinnnm
2663 5133 3087 5166 cnnnrmIALIn-m
3166 5148 3233 5166 nn
3286 5130 3467 5166 ninanl
