4018 5330
517 341 634 394 an

1489 353 1562 410 'S.
1607 351 1966 410 ANASTASII
2007 351 2316 408 MDNACIII
2355 349 2442 408 ET
2482 349 2832 410 EREMITIE.

3697 338 3806 392 HS

1146 524 1536 678 INCIPIT
1617 525 1872 652 Ill'I‘tl
1955 525 2122 650 GLI]

2227 520 2440 654 I081
2507 501 3148 650 ilNASTASII.

691 771 1124 830 Gloriosissimus
1142 771 1461 826 Anastasius
1487 771 1763 826 confessor
1793 769 1906 832 Dei,
1933 770 2110 824 Vene—
2144 783 2188 812 τι
2218 767 2320 821 stio
2373 765 2688 832 referretur,
2720 775 2775 820 et
2819 767 2942 823 inde
2969 770 3056 824 diu
3089 776 3142 821 et
3179 765 3403 820 multum
3449 765 3806 830 dissererent,

541 881 638 921 .tas
664 867 944 930 oriundus,
968 864 1259 919 secundum
1284 864 1600 933 dignitatem
1622 861 1782 928 hujus
1818 860 1999 914 mundi
2021 874 2115 928 ge-

537 972 664 1012 nere
689 955 870 1011 clarus
887 955 1100 1018 enituit,
1125 963 1278 1022 patre
1306 963 1361 1007 et
1387 963 1560 1008 matre
1590 969 1692 1006 non
1723 953 1920 1006 inlimis
1943 961 2113 1004 ortus.

535 1047 656 1110 Qui,
677 1045 744 1099 ab
769 1045 898 1114 ipsis
923 1044 1204 1098 cunabulis
1221 1043 1560 1112 baptismatis
1580 1043 1718 1096 ttuda
1747 1051 2114 1112 regeneratus,

534 1151 562 1188 a
593 1137 850 1203 primaevo
880 1133 1070 1190 studiis
1101 1133 1425 1194 Iitteralibus
1471 1150 1500 1186 a
1543 1133 1858 1203 parentibus
1892 1133 2120 1186 traditus

533 1235 650 1292 est,
697 1226 748 1279 in
794 1225 992 1294 quibus
1043 1223 1116 1276 ita
1163 1239 1350 1278 curam
1383 1223 1632 1276 adhibuit
1666 1233 1724 1276 ιιι
1763 1231 1866 1276 lant
1913 1223 2118 1278 Griecis

533 1333 695 1386 quam
721 1317 930 1372 Latinis
955 1316 1152 1371 litteris
1182 1316 1436 1370 omnibus
1473 1315 1537 1369 ad
1574 1331 1804 1386 unguem
1845 1317 2121 1370 videretur

535 1407 796 1462 imbutus.
829 1405 954 1460 Fuit
980 1406 1144 1476 igitur
1171 1405 1350 1459 clarus
1378 1405 1613 1473 ingenio,
1644 1407 1833 1459 dactus
1863 1405 2078 1473 eloquio
2101 1445 2116 1468 ,

533 1507 760 1554 ornatus
788 1498 1050 1561 moribus,
1083 1495 1331 1551 amabilis
1352 1495 1633 1556 omnibus,
1659 1505 1716 1548 ttt
1755 1495 1942 1548 felices
1976 1493 2120 1548 dice-

534 1599 725 1644 rcutnr
755 1590 848 1660 qui
879 1589 1038 1643 talem
1071 1576 1237 1642 filium
1261 1588 1595 1656 genuissent.
1631 1587 1734 1640 Sed
1761 1587 1883 1655 quia
1920 1587 2000 1638 vir
2025 1587 2118 1640 Dei

535 1685 857 1751 sapientiam
891 1683 1051 1752 hujus
1082 1681 1266 1736 muudt
1300 1679 1584 1734 stultitiam
1629 1679 1766 1749 apud
1805 1679 1970 1732 Deum
2000 1693 2120 1734 esse

535 1773 589 1827 in
621 1773 818 1827 divinis
842 1773 1118 1828 codicibus
1137 1771 1342 1842 legerat
1362 1769 1428 1842 ⁸(Ι
1461 1769 1583 1824 Cor.
1615 1769 1676 1839 ι),
1715 1777 1768 1824 et
1809 1769 1979 1838 ipsam
2015 1769 2120 1822 Vc-

537 1863 753 1916 ritatem
797 1864 848 1916 in
895 1861 1192 1932 Evangelia
1221 1862 1488 1916 dicentem
1535 1861 1820 1914 audierat:
1861 1859 1969 1913 Nisi
2000 1861 2120 1928 quis

535 1957 928 2013 renuntiaverit
976 1957 1228 2010 omnibus
1283 1971 1403 2025 quae
1449 1954 1730 2024 possidet,
1785 1969 1889 2006 non
1946 1961 2122 2022 potest

535 2065 691 2104 mens
718 2063 836 2104 esse
865 2047 1159 2116 discipulus
1183 2044 1333 2116 (Luc.
1365 2061 1474 2110 XIV,
1503 2045 1623 2114 55);
1653 2044 1818 2116 coepit
1861 2059 1966 2098 non
2001 2044 2119 2097 sine

2222 859 2435 912 tandem
2462 871 2640 912 sermo
2667 859 2903 913 directus
2931 869 3014 914 est
3045 862 3110 914 ad
3133 859 3403 912 abbatem.
3429 857 3698 929 Cognovit
3723 863 3812 914 vir

2219 949 2312 1006 Dei
2343 951 2658 1004 Anastasius
2689 951 2828 1018 quod
2859 953 3027 1008 abbas
3055 961 3172 1006 erat
3225 951 3584 1016 Simouiacus,
3629 963 3686 1006 et
3715 968 3814 1022 per

2219 1043 2502 1110 pecuniam
2543 1041 2804 1095 infinitam
2841 1059 3000 1113 quam
3038 1043 3260 1116 dederat
3297 1043 3348 1096 in
3379 1043 3654 1096 abbatiatn
3685 1045 3817 1096 sub.

2221 1132 2544 1187 intraverat.
2590 1132 2736 1188 Unde
2761 1150 2922 1204 supra
2953 1135 3168 1189 modum
3197 1133 3408 1200 dolens,
3437 1143 3492 1188 et
3532 1134 3818 1188 afﬁrmans

2219 1245 2278 1284 se
2301 1227 2564 1283 diabolica
2593 1227 2778 1282 fraude
2803 1229 3108 1298 deceptum,
3132 1230 3329 1300 quippe
3352 1229 3440 1300 qui
3477 1227 3655 1284 locum
3687 1231 3814 1284 ido.

2221 1335 2380 1374 neum
2412 1335 2512 1374 suo
2543 1321 2816 1390 proltosito
2871 1315 3184 1391 qnmsierat,
3232 1331 3286 1376 et
3337 1323 3389 1375 itt
3435 1322 3686 1394 laqueum
3719 1338 3815 1376 nc-

2221 1409 2368 1464 fandi
2393 1411 2564 1464 hostis
2595 1425 2734 1479 pene
2761 1411 3053 1475 ceciderat,
3087 1413 3312 1466 recessit
3339 1412 3484 1478 inde,
3527 1422 3583 1467 et
3615 1427 3818 1482 quam-

2221 1505 2342 1558 dam
2395 1503 2624 1556 insulam
2681 1503 2954 1574 ingressus
2991 1503 3043 1558 in
3087 1503 3205 1574 ipso
3259 1505 3482 1560 introitu
3515 1505 3820 1574 sopradimi

2221 1596 2408 1659 maris,
2437 1595 2488 1648 in
2515 1579 2736 1648 basilica
2773 1595 3004 1662 quadam
3033 1595 3122 1650 Dei
3152 1595 3446 1650 Genitrieis
3476 1593 3681 1658 Marize,
3717 1611 3818 1648 so-

2221 1683 2304 1738 lus
2359 1697 2576 1738 manere
2627 1683 2810 1752 coepit,
2853 1683 3089 1753 jejuniis_
3131 1684 3328 1754 vigiliis
3373 1695 3427 1740 et
3473 1685 3826 1740 orationibus

2223 1791 2444 1830 vacans.
2599 1769 2610 1778 ’

2292 1866 2345 1919 4.
2391 1865 2490 1920 Ubi
2525 1881 2644 1920 cum
2671 1865 2951 1937 aliquanto
2977 1875 3218 1938 tempore
3267 1868 3378 1921 vita
3425 1867 3642 1922 eximite
3683 1881 3826 1923 con-

2220 1957 2548 2010 versationis
2593 1955 2901 2022 claruisset,
2931 1965 2985 2012 et
3041 1955 3184 2012 fama
3219 1957 3337 2027 ejus
3393 1957 3550 2028 longe
3597 1957 3824 2026 lateque

2221 2047 2636 2114 diffunderetur,
2669 2047 2994 2104 venerabilis
3023 2048 3214 2114 abbas,
3257 2048 3408 2120 llugo
3439 2049 3680 2112 nomine,
3723 2051 3824 2118 qui

537 2141 719 2193 divina
749 2147 923 2208 gratia
958 2137 1024 2190 ad
1055 2136 1372 2190 mcnmt‘iam
1411 2149 1694 2199 revocare,
1719 2145 1774 2189 el
1809 2135 1949 2188 idem
1979 2133 2120 2204 apud
2151 2123 2196 2182 Β
2224 2139 2565 2195 Cluniacensi
2621 2141 2952 2195 monasterio
3005 2143 3195 2196 eodem
3268 2149 3509 2212 tempore
3559 2151 3824 2210 praeerat,

537 2248 597 2288 se
629 2233 926 2296 revolvere,
959 2232 1086 2301 quia
1117 2246 1284 2302 grave
1312 2231 1569 2285 damnant
1603 2231 1926 2302 susciperet,
1957 2233 2000 2286 si
2026 2247 2122 2299 pro

537 2323 772 2378 terrenis
794 2321 1037 2376 coelestia
1065 2321 1360 2374 amitteret.
1386 2319 1508 2374 Iltcc
1532 2320 1621 2374 diu
1655 2319 1937 2374 revolvens
1955 2361 1968 2382 ,
2005 2329 2124 2372 lan-

537 2413 657 2466 dem
689 2425 873 2466 secum
904 2409 1227 2463 deliberavit
1254 2409 1418 2478 quod,
1445 2417 1504 2462 ut
1532 2408 1598 2462 de
1626 2409 1930 2462 commissis
1953 2409 2124 2478 pecni—

537 2503 759 2557 tentiam
791 2509 993 2570 ageret,
1032 2499 1332 2553 monastico
1373 2499 1557 2552 habitu
1585 2514 1705 2553 sese
1734 2499 2123 2552 committeret.

538 2593 645 2648 Sed
661 2587 788 2664 quia
819 2607 980 2646 manu
1009 2591 1171 2646 missa
1207 2589 1271 2643 ad
1303 2595 1543 2644 aratrum
1581 2599 1734 2660 turpe
1757 2597 1839 2644 cst
1871 2598 2015 2644 retro
2045 2603 2129 2642 re-

535 2689 766 2759 spicere,
799 2697 854 2742 et
897 2697 1097 2742 tortum
1141 2693 1196 2740 et
1249 2685 1436 2740 inutile
1467 2685 1672 2740 sulcum
1727 2685 1924 2746 facere,
1963 2685 2132 2752 volui;

540 2787 758 2835 sanctus
801 2779 884 2832 vir
931 2777 1251 2834 Anastasius
1304 2791 1425 2832 sese
1481 2777 1713 2846 primum
1763 2776 2009 2846 jejuniis,
2051 2779 2129 2830 vi—

539 2871 695 2941 giliis,
725 2879 780 2924 et
812 2869 1147 2924 orationibus
1182 2883 1492 2932 macerare,
1525 2877 1581 2920 ut
1615 2869 1692 2922 sic
1731 2869 2011 2937 probaret,
2048 2869 2124 2932 si,

539 2971 789 3030 suscepto
811 2961 1196 3016 monachorum
1225 2958 1431 3020 habitu,
1453 2958 1504 3012 in
1533 2959 1808 3028 proposito
1824 2957 1989 3028 gradu
2009 2973 2128 3027 per-

539 3055 732 3109 sistere
761 3061 961 3120 posset,
994 3067 1060 3106 ne
1097 3049 1348 3104 resiliret.
1387 3049 1669 3104 Subtraxit
1709 3065 1838 3120 ergo
1873 3049 1973 3104 sibi
2021 3051 2131 3118 pri-

540 3161 684 3198 mum
717 3145 920 3208 vinum,
951 3143 1001 3196 in
1031 3157 1137 3212 quo
1161 3151 1234 3197 est
1262 3141 1496 3206 luxuria,
1527 3151 1715 3212 qttarta
1738 3153 1790 3197 et
1825 3151 1974 3196 sexta
1993 3141 2124 3196 feria

539 3235 702 3305 cmpit
733 3233 990 3302 jejunare.
1026 3234 1107 3288 sic
1137 3241 1313 3287 tamen
1343 3243 1402 3286 ut
1433 3233 1716 3302 aliquoties
1749 3233 2004 3288 carnibus
2039 3247 2128 3284 ve-

541 3337 810 3392 sccretur;
841 3325 1072 3380 orationi
1103 3335 1158 3381 et
1185 3325 1380 3396 vigiliis
1411 3326 1724 3396 plerumque
1750 3325 2048 3380 insistebat.

610 3421 662 3474 5.
706 3419 837 3472 Cttnt
875 3433 1003 3472 vero
1027 3417 1132 3473 hoc
1179 3419 1338 3472 modo
1371 3433 1466 3487 per
1499 3417 1890 3488 aliquantulam
1922 3425 2126 3486 tempo-

2225 2231 2292 2286 ad
2317 2231 2636 2285 rcvineenda
2665 2231 2730 2302 U'.
2769 2229 3079 2304 revisenda]
3118 2231 3388 2294 emnobia,
3435 2231 3826 2286 exhortatione

2209 2311 2476 2386 fratrum,
2512 2321 2602 2392 qui
2633 2337 2729 2392 per
2772 2323 2984 2376 diversa
3019 2321 3134 2378 loca
3180 2331 3234 2376 et
3273 2321 3430 2392 longe
3465 2333 3672 2377 remota
3703 2321 3826 2376 Deo

2226 2411 2623 2475 deset'vicbant,
2653 2427 2775 2466 cum
2801 2411 2986 2466 multis
3027 2410 3284 2466 fratribus
3308 2413 3494 2466 exivit.
3549 2411 3699 2467 Unde
3747 2411 3830 2465 fa-

2228 2513 2375 2557 ctum
2421 2513 2503 2558 est
2529 2513 2586 2556 ut
2629 2503 2694 2556 ad
2737 2518 2886 2557 mare
2929 2501 3300 2557 Britannicum
3349 2502 3692 2572 perveniret;
3727 2503 3824 2556 ubi

2229 2595 2412 2648 audita
2445 2593 2552 2647 vita
2574 2601 2628 2648 et
2649 2591 3062 2648 conversatione
3092 2594 3190 2646 viri
3218 2592 3310 2646 Dei
3351 2593 3646 2657 Anastasii,
3671 2593 3828 2647 misit

2231 2689 2363 2742 duos
2387 2688 2452 2740 de
2476 2685 2733 2738 fratribus
2757 2685 2807 2738 in
2838 2685 3067 2738 insulam
3083 2687 3148 2738 ad
3173 2684 3486 2752 pra-dictant
3515 2685 3824 2746 basilicam,

2231 2787 2286 2830 et
2333 2775 2606 2830 mandavit
2657 2775 2773 2830 viro
2823 2775 2941 2842 Dei,
2977 2785 3034 2830 ut
3063 2777 3128 2829 ad
3161 2791 3219 2830 se
3246 2775 3416 2844 gratia
3478 2775 3826 2843 colloquendi

2231 2867 2432 2931 exiret;
2462 2867 2528 2920 de
2559 2865 2714 2934 cujus
2740 2865 2883 2920 enim
2925 2867 3066 2920 bona
3109 2867 3520 2920 conversatione
3549 2867 3824 2930 audierat,

2230 2977 2354 3016 cum
2400 2970 2456 3016 et
2499 2961 2683 3015 videre
2715 2959 3078 3016 desiderabat.
3134 2959 3235 3028 Qui
3287 2961 3470 3014 audi;o
3497 2959 3828 3015 venerabilis

2233 3052 2332 3106 viri
2347 3051 2557 3106 abbatis
2579 3051 2972 3117 adventu,cum
3002 3065 3197 3120 magno
3221 3051 3415 3120 gaudio
3437 3051 3631 3114 exivit;
3659 3066 3826 3120 quem

2233 3144 2401 3198 abbas
2431 3141 2727 3196 honorifice
2751 3143 3008 3211 suscepit,
3035 3151 3088 3198 et
3117 3143 3184 3197 de
3205 3143 3314 3196 vita
3331 3153 3384 3197 ct
3401 3145 3827 3198 conversatione

2230 3236 2345 3306 ejus
2369 3236 2610 3290 studiose
2643 3233 2946 3304 requisivit.
2977 3235 3020 3288 A
3065 3249 3172 3304 quo
3198 3250 3320 3290 cum
3349 3235 3530 3289 omnia
3577 3234 3821 3288 audivis-

2229 3335 2332 3390 set,
2361 3323 2704 3394 ctquomodo
2754 3311 2976 3394 prepter
3022 3323 3320 3378 Simoniam
3355 3325 3419 3378 de
3467 3323 3668 3378 10min
3715 3337 3826 3392 quo

2231 3416 2472 3470 habittnn
2499 3423 2814 3484 susceperat
2843 3413 3120 3478 exivisset,
3171 3423 3460 3484 votumque
3501 3414 3619 3484 ejus
3665 3413 3826 3466 intel-

541 3509 615 3562 ris
648 3523 865 3562 carnem
923 3523 1074 3560 suam
1127 3505 1475 3572 reft‘enasset,
1509 3506 1694 3574 etjatn
1735 3507 2127 3576 quodammodo
2155 3481 2199 3544 C
2229 3505 2490 3569 lexisset,
2524 3505 2742 3575 gavisus
2791 3511 2876 3558 est
2925 3504 3080 3558 valde
3121 3519 3284 3573 super
3339 3504 3480 3558 bona
3528 3518 3824 3558 conversa-

540 3613 660 3653 eatn
689 3593 739 3650 in
767 3599 850 3650 via
875 3596 997 3650 boni
1029 3597 1288 3665 propositi
1321 3603 1558 3660 teneret,
1593 3595 1787 3664 abjecit
1811 3593 1986 3648 edulia
2015 3609 2130 3647 car-

503 3688 720 3752 .--nium;
750 3696 803 3738 et
833 3685 906 3740 ita
933 3687 1168 3738 maxime
1198 3685 1390 3755 vigiliis
1425 3691 1477 3737 et
1504 3685 1840 3738 orationibus
1861 3683 2026 3753 cmpit
2047 3683 2126 3735 itt-

497 3823 504 3828 .
541 3786 689 3831 stare
733 3783 846 3830 uta
876 3774 1154 3829 Dominica
1209 3775 1261 3828 in
1309 3773 1638 3828 Dominicam
1681 3772 1975 3843 jejunarct.
2023 3771 2128 3826 Sed

541 3883 665 3923 cum
693 3865 1000 3936 aliquandiu
1034 3865 1226 3920 iterum
1254 3879 1312 3919 se
1341 3866 1419 3918 sic
1449 3864 1900 3934 ntanciparet,sic
1924 3863 2124 3920 confir-

501 4001 504 4004 ‹
541 3969 722 4014 matus
753 3967 836 4012 est
877 3955 1018 4028 quod
1075 3957 1176 4012 sibi
1220 3958 1364 4011 visus
1417 3957 1580 4012 etiam
1618 3966 1701 4012 est
1733 3951 1919 4012 firmus
1946 3965 2000 4011 et
2029 3971 2127 4010 suo

513 4049 818 4122 ,prOposito
889 4047 1178 4103 sufﬁciens.
1229 4047 1475 4102 Decrevit
1531 4063 1659 4118 ergo
1715 4047 2028 4103 satisfacere
2072 4057 2126 4102 et

541 4155 698 4196 suum
731 4140 1059 4212 propositum
1111 4139 1388 4209 periicere.
1431 4138 1706 4192 Derclictis
1731 4153 1859 4208 ergo
1886 4137 2125 4208 parenti-

539 4232 663 4298 bus,
691 4234 850 4288 donto
873 4241 926 4286 et
947 4231 1207 4300 cognatis,
1243 4247 1489 4300 quaerens
1517 4231 1688 4286 locum
1733 4231 2001 4294 idoneum,
2035 4231 2123 4284 ubi

539 4327 928 4380 monachorum
959 4323 1256 4392 susciperet
1283 4323 1548 4388 habitum,
1584 4324 1650 4378 ad
1675 4339 1822 4378 mare
1853 4322 2124 4376 Britanni-

541 4434 661 4473 cum
675 4417 940 4486 pervenit,
964 4417 1029 4470 ad
1053 4415 1251 4478 locum,
1267 4417 1353 4485 qui
1373 4415 1563 4470 Portus
1587 4413 1831 4472 Ilerculis
1849 4416 1890 4484 (-l
1907 4417 1922 4482 )
1940 4416 2120 4485 appel-

542 4505 703 4574 latur,
737 4509 824 4578 qui
857 4517 908 4560 et
937 4507 1040 4560 alio
1061 4507 1296 4571 nomine,
1327 4508 1392 4561 ad
1429 4505 1660 4560 Montem
1692 4507 1860 4562 sancti
1889 4507 2123 4564 Michae-

539 4599 607 4654 lis
638 4602 690 4654 itt
725 4599 968 4655 Pericqu
1017 4599 1178 4654 Maris
1237 4599 1462 4664 dicitur;
1525 4599 1612 4653 tibi
1665 4599 1879 4654 inventa
1930 4617 2119 4668 magna

542 4693 956 4762 congregatione
992 4693 1401 4758 monachorum,
1441 4693 1491 4745 in
1546 4693 1796 4746 omnibus
1845 4692 2120 4762 religioso-
2159 4711 2172 4727 -

2235 3597 2378 3650 tione
2403 3597 2540 3666 ejus,
2569 3605 2624 3650 et
2668 3596 2864 3665 quibus
2916 3597 3090 3651 modis
3117 3597 3292 3665 potuit
3334 3595 3386 3649 in
3443 3595 3534 3649 Dei
3593 3593 3824 3650 servitio

2231 3701 2354 3740 eum
2377 3685 2724 3739 confortavit.
2755 3685 3000 3756 Cumque
3031 3701 3126 3756 per
3149 3687 3357 3756 aliquot
3375 3687 3489 3740 dies
3524 3687 3593 3740 de
3621 3687 3732 3739 vita
3767 3694 3826 3740 et

2231 3779 2642 3832 conversatione
2661 3779 3096 3834 Cluuiacensium
3121 3779 3350 3834 fratrum
3381 3779 3546 3835 abbas
3589 3779 3822 3833 multum

2229 3869 2480 3936 referret,
2529 3869 2701 3926 virum
2757 3871 2852 3926 Dei
2897 3873 3126 3938 monuit,
3157 3881 3212 3927 et
3261 3872 3484 3927 multum
3517 3874 3730 3942 rogavit
3761 3884 3826 3926 ut

2229 3960 2542 4016 Cluniacum
2571 3975 2754 4016 secum
2789 3963 2982 4028 adiret,
3032 3964 3120 4019 ubi
3149 3973 3204 4018 et
3245 3974 3424 4020 votum
3473 3979 3632 4018 suum
3675 3979 3824 4020 com-

2231 4051 2378 4122 plere
2403 4061 2604 4120 posset,
2637 4061 2688 4107 ct
2715 4055 3017 4123 exemplum
3053 4054 3206 4110 home
3245 4054 3676 4110 conversationis
3719 4071 3824 4110 ca:-

2231 4145 2364 4200 teris
2388 4145 2646 4200 fratribus
2675 4145 2848 4202 daret.
2871 4147 3036 4216 Cujus
3065 4151 3310 4219 petitioni
3341 4151 3425 4204 vir
3463 4150 3556 4204 Dei
3583 4154 3822 4204 Anasta-

2229 4240 2343 4293 sius
2373 4241 2740 4308 acquiescens,
2773 4255 2894 4293 cunt
2919 4257 2984 4296 co
3011 4243 3113 4296 iter
3139 4243 3386 4314 arripuit.
3419 4243 3668 4314 Cumque
3693 4245 3822 4300 Citt-

2231 4333 2442 4386 niacnm
2473 4332 2699 4397 veniret,
2731 4347 2977 4401 magnam
3021 4333 3363 4390 dilectionem
3397 4345 3454 4390 et
3496 4335 3823 4392 humilitatis

2229 4423 2652 4478 familiaritatem
2687 4425 2826 4493 apud
2855 4441 3044 4482 omnes
3089 4426 3283 4482 fratres
3335 4427 3596 4494 habebat;
3629 4445 3822 4486 omnes

2227 4516 2557 4573 unanimiter
2609 4516 2885 4587 diligebat,
2937 4533 3126 4575 omnes
3169 4521 3314 4574 enim
3347 4522 3400 4576 in
3457 4521 3550 4576 Dei
3589 4526 3821 4580 servitio

2226 4613 2350 4666 vitae
2374 4625 2484 4664 sua:
2507 4610 2751 4680 exemplo
2779 4611 3064 4681 dirigebat.
3106 4613 3200 4666 Diti
3231 4629 3464 4684 namque
3501 4615 3674 4669 vitam
3723 4617 3822 4670 mi-

2227 4699 2450 4754 rabilem
2480 4699 2652 4762 duxit,
2685 4700 2811 4752 dum
2845 4715 2964 4756 sese
2994 4703 3151 4756 dabat
3185 4704 3463 4774 exemplar
3483 4705 3643 4758 bona:
3683 4720 3818 4760 con-

541 4799 682 4844 rum,
717 4795 941 4853 excepto
969 4785 1110 4851 quod
1141 4783 1308 4838 abbas
1329 4775 1753 4854 per‘Sitnoniatn
1781 4784 2118 4840 subintrave-
2157 4825 2202 4883 Β
2232 4791 2573 4846 versationis.
2617 4790 2840 4846 Caeteris
2881 4793 3024 4846 enim
3077 4793 3339 4848 fratribus
3387 4797 3544 4866 signo
3589 4798 3722 4852 dato
3749 4799 3818 4852 ad

543 4883 650 4934 rat.
679 4875 920 4928 habitum
949 4884 1189 4942 optatum
1217 4877 1472 4944 suscepit.
1505 4876 1579 4928 De
1623 4875 1834 4928 abbatis
1880 4875 2120 4932 Simonia

541 4967 625 5020 vir
677 4965 766 5018 Dei
827 4967 1041 5035 penitus
1084 4966 1381 5036 ignorabat.
1409 4965 1634 5020 Factum
1681 4975 1766 5022 est
1795 4975 1978 5020 autem
2007 4975 2128 5034 post

557 5056 860 5110 revolutum
890 5072 1112 5122 annum,
1144 5072 1264 5110 cum
1297 5058 1510 5111 sederet
1531 5073 1654 5112 eum
1677 5057 1912 5127 quodam
1943 5058 2117 5112 fratre

543 5145 645 5216 (2),
678 5155 730 5200 et
781 5155 900 5218 post
951 5161 1252 5200 Sermonem
1309 5147 1548 5202 habitum
1603 5149 1668 5204 de
1716 5149 2126 5204 confirmatione

2019 5258 2096 5266 .-.Α

2233 4879 2574 4935 refectoriutn
2619 4881 2870 4934 euntibus
2895 4921 2910 4942 ,
2945 4883 3026 4934 vir
3057 4883 3150 4938 Dei
3179 4884 3246 4938 ad
3301 4887 3602 4942 orationem
3637 4903 3818 4942 rema-

2231 4976 2410 5038 nebat,
2445 4983 2679 5028 ctnocte
2727 4976 3131 5043 quiescentibus
3177 4979 3386 5032 cunctis
3435 4981 3718 5050 surgebat,
3763 4989 3816 5036 et

2203 5053 2368 5136 genu
2395 5065 2532 5120 flexo
2559 5067 2670 5120 fere
2703 5076 2814 5120 tota
2841 5079 2996 5122 nocte
3018 5071 3226 5134 orabat,
3255 5087 3394 5140 pane
3423 5082 3478 5128 et
3507 5089 3648 5142 aqua
3677 5091 3812 5129 con-

2230 5165 2410 5212 tentus
2443 5157 2674 5222 vivebat,
2707 5165 2760 5210 et
2789 5159 2890 5212 hoc
2913 5160 3074 5214 etiam
3105 5164 3260 5230 quasi
3295 5165 3346 5218 in
3377 5175 3652 5220 momento
3673 5168 3814 5222 acci-

2394 5254 2406 5266 ι
2463 5245 2544 5266 Ο-.
2597 5247 2634 5266 -l
2665 5245 2708 5265 9..
2751 5263 2766 5266 -
