4018 5330
196 425 299 482 429

1711 423 1891 480 V'lTA.

3352 427 3456 483 450

199 539 308 594 loca
338 536 403 592 ad
451 536 802 594 celebrandas
829 533 1286 608 Quadragesimas
1313 535 1516 602 exibat,
1564 541 1617 592 et
1649 545 1774 594 tunc
1801 543 1852 604 Α
1881 545 1986 592 tem
2009 537 2076 590 ad
2097 535 2298 594 victum
2331 536 2432 592 nisi
2481 539 2895 596 subcinericium
2931 555 3124 611 panem
3169 550 3224 597 et
3263 557 3458 614 aquam

195 627 550 692 orationibus,
590 626 833 695 jejuniis,
865 627 1079 698 vigiliis,
1121 625 1446 682 ﬂexionibus
1468 641 1586 682 sese
1611 641 1776 696 supra

199 720 412 772 modum
445 719 777 772 umectabat.

262 808 316 862 5.
353 807 460 862 Per
487 809 628 862 idem
661 819 869 878 tempus
899 817 1170 878 praecepto
1211 807 1384 862 sancti
1411 807 1580 877 patris
1605 807 1776 862 nostri

197 879 624 967 papaeci‘egorii
657 898 894 966 septimi,
925 909 980 952 et
1009 899 1146 952 trina
1185 897 1532 966 persuasione
1555 911 1780 951 venera-

197 989 314 1044 bilis
351 987 456 1043 viri
491 987 702 1042 abbatis
743 989 824 1042 sui
867 987 1128 1059 l‘lugonis,
1157 989 1469 1058 Hispaniam
1501 987 1566 1042 ad
1591 987 1782 1058 praedi-

197 1079 424 1132 candum
467 1077 784 1132 Sarraeenis
833 1079 1110 1149 ingressus
1149 1089 1252 1132 est.
1291 1077 1391 1132 Ubi
1446 1079 1512 1132 ad
1545 1078 1780 1147 proban-

198 1173 316 1226 dam
343 1171 730 1225 certitudinem
779 1171 900 1226 fidei
945 1171 1404 1238 Christianorum,
1433 1179 1487 1226 et
1515 1171 1581 1225 ad
1607 1171 1784 1225 eradi-

198 1265 422 1319 emdam
473 1267 814 1323 crudelitatis
875 1269 1133 1323 duritiam
1179 1268 1626 1335 Sarracenorum,
1689 1285 1786 1339 per

199 1371 382 1424 rogum
409 1360 690 1410 ardentem
725 1367 844 1426 post
868 1357 1142 1413 celebrata
1183 1360 1468 1412 tnissarum
1500 1359 1782 1424 solemnia,

201 1448 432 1500 transire
454 1447 654 1514 voluit;
691 1451 786 1503 sed
811 1449 1100 1504 Sarraceni
1141 1449 1436 1505 conditioni
1462 1449 1580 1518 ejus
1603 1451 1787 1504 nolue-

203 1547 326 1592 runt
351 1539 722 1609 acquiescere,
749 1541 996 1595 videlicet
1021 1542 1064 1594 si
1100 1542 1225 1596 ltinc
1277 1542 1474 1597 illa'sus
1513 1543 1785 1606 transiret,

201 1630 266 1682 ad
317 1629 572 1698 baptismi
607 1631 834 1698 gratiam
885 1633 1256 1702 confugerent.
1287 1631 1392 1687 Sed
1415 1648 1536 1688 eum
1565 1649 1594 1688 a
1627 1635 1788 1689 ειηρὶ-

205 1732 312 1776 tate
339 1733 392 1778 et
424 1724 622 1778 duritia
651 1725 832 1778 cordis
867 1725 950 1778 sui
982 1726 1090 1778 ullo
1137 1726 1296 1782 modo
1341 1733 1520 1783 redire
1563 1729 1782 1790 nollent,

205 1827 432 1866 excusso
463 1813 683 1881 pulvere
720 1815 916 1885 pedum
949 1815 1001 1868 in
1049 1815 1169 1872 illos
1201 1817 1254 1871 in
1300 1821 1690 1884 testiinonium,
1721 1821 1788 1876 ad
1827 1883 1840 1885 _
1868 1823 1878 1832 '

207 1903 590 1956 monasterium
616 1917 772 1957 suum
805 1921 1084 1974 regressus
1112 1915 1217 1961 est.
1251 1906 1474 1960 Factum
1507 1917 1590 1962 est
1611 1918 1790 1963 autem

207 2002 324 2062 post
357 1993 754 2062 regressionem
785 1995 920 2064 ejus,
951 1997 1196 2050 revoluto
1222 1997 1489 2065 septennii
1519 1999 1632 2052 fere
1663 2014 1790 2068 spa-

209 2085 304 2150 tio,
333 2095 392 2140 ut
425 2086 750 2140 venerabilis
779 2088 948 2142 abbas
971 2089 1036 2143 ad
1065 2091 1496 2145 exhortationem
1528 2105 1791 2159 quorum-

209 2178 328 2230 dam
375 2177 628 2242 fratrum,
671 2178 934 2234 laicorum
965 2189 1021 2234 et
1049 2181 1330 2246 nobilium,
1369 2181 1420 2234 in
1452 2182 1794 2250 Aquitaniam

209 2267 366 2320 vellet
418 2268 586 2330 exire,
647 2269 738 2337 qui
795 2271 1168 2327 renuntiantes
1232 2272 1432 2328 mundo
1460 2275 1526 2328 ad
1555 2273 1796 2327 habitum

211 2358 596 2412 monachorum
645 2358 896 2415 volebant
945 2363 1148 2416 venire.
1203 2361 1353 2418 Unde
1389 2361 1588 2416 factum
1624 2372 1799 2418 estut

211 2447 381 2500 virum
411 2447 503 2502 Dei
529 2449 878 2504 Anastasium
909 2465 1090 2506 secum
1123 2451 1376 2517 duceret;
1423 2461 1544 2507 erat
1569 2456 1712 2508 enim
1744 2455 1798 2508 in

211 2541 464 2596 omnibus
503 2541 703 2595 divinis
748 2541 1046 2610 Scripturis
1075 2544 1301 2613 peritus,
1334 2553 1389 2601 et
1445 2545 1497 2599 in
1546 2545 1800 2600 exhorta-

215 2639 359 2694 tione
383 2647 438 2693 et
459 2639 816 2712 aedificatione
842 2638 1070 2694 fratrum
1101 2640 1334 2696 validus.
1387 2643 1632 2712 Cumque
1679 2657 1802 2712 par-

213 2739 318 2784 tem
373 2717 626 2798 maguam
665 2730 967 2799 Aquitania:
1019 2731 1358 2786 exhortando
1427 2733 1624 2788 fratres
1681 2749 1803 2804 per-

215 2829 518 2890 agrassent,
537 2821 750 2874 tandem
777 2821 830 2874 in
859 2819 1184 2876 Tolosanum
1204 2839 1394 2894 pagunt
1421 2833 1801 2894 pervenerunt,

215 2911 304 2964 ubi
335 2911 590 2964 comitem
625 2911 900 2981 Appatnia:
928 2911 1108 2981 oppidi
1140 2929 1262 2967 emn
1316 2929 1484 2969 uxore
1509 2923 1558 2968 et
1587 2915 1713 2970 filiis
1738 2916 1805 2970 ad

215 3005 686 3058 conversationem
735 3005 1016 3058 monastici
1049 3005 1256 3060 ordinis
1285 3009 1586 3078 suscepturi
1627 3017 1802 3063 erant.

215 3093 330 3149 Jam
379 3095 600 3149 interim
633 3111 850 3166 quoque
895 3097 1136 3152 instabat
1196 3107 1404 3167 tempus
1455 3115 1562 3170 quo
1593 3101 1675 3153 vir
1715 3099 1808 3154 Dei

215 3185 537 3240 Ana‘stasius
587 3187 640 3240 in
697 3188 1080 3242 solitudinibus
1124 3189 1206 3242 vel
1257 3189 1308 3244 in
1369 3191 1806 3260 prmruptislocis

215 3275 696 3347 Quadragesimam
726 3277 1002 3334 celebrare
1029 3293 1422 3346 consueverat;
1485 3284 1626 3336 unde
1685 3297 1806 3336 cum

217 3370 443 3424 multum
475 3371 742 3426 sollicitus
771 3381 936 3434 esset,
965 3381 1021 3426 et
1051 3373 1137 3426 die
1165 3387 1228 3428 ac
1263 3383 1420 3428 nocte
1449 3375 1586 3444 apud
1617 3389 1676 3428 se
1701 3383 1808 3427 tra-

219 3467 411 3525 ctaret,
434 3463 652 3514 tandem
683 3461 956 3530 Pyreneus
985 3471 1196 3516 montes
1222 3463 1272 3515 in
1320 3465 1636 3534 propinquis
1677 3465 1810 3519 sitos

219 3550 282 3602 ad
313 3550 416 3604 hoc
445 3550 610 3620 elegit
657 3551 902 3614 idoneos,
955 3552 1049 3605 ubi
1099 3564 1152 3606 et
1182 3552 1637 3620 Quadragesimas
1672 3553 1812 3606 cele-

218 3638 422 3705 braret,
451 3649 506 3694 et
533 3641 658 3694 vitze
697 3641 998 3696 eremitiem
1029 3643 1096 3696 ad
1143 3651 1354 3711 tempus
1382 3651 1617 3696 vacaret.
1648 3641 1812 3709 Cujus

219 3732 470 3797 precibus
493 3733 686 3796 abbas,
729 3733 856 3803 quia
893 3733 1118 3786 baculus
1144 3743 1198 3787 et
1227 3734 1378 3802 quasi
1412 3732 1661 3788 columna
1711 3748 1813 3786 ca:-

219 3830 460 3876 terorum
513 3822 748 3877 fratrum
805 3831 946 3887 erat,
1001 3824 1202 3877 invitus
1251 3839 1528 3878 assensum
1561 3824 1810 3893 pra-linit.

221 3915 328 3970 Sed
381 3918 508 3985 quia
555 3917 917 3985 cognoscebat
973 3917 1334 3972 constantiam
1366 3915 1481 3984 ejus
1514 3918 1563 3970 in
1594 3917 1815 3971 servitio

221 4009 333 4072 Dei,
363 4012 566 4065 bonum
595 4019 779 4064 votum
807 4010 1026 4066 nolebat
1055 4011 1279 4064 morari.
1313 4009 1546 4063 Coactus
1597 4025 1726 4079 ergo
1763 4017 1817 4062 et

223 4103 396 4154 tristis
419 4102 692 4155 concessit
719 4101 860 4169 quod
889 4103 1125 4170 petebat.
1173 4099 1306 4154 Cum
1337 4115 1464 4153 vero
1491 4101 1556 4153 ad
1586 4101 1816 4154 invicem

217 4189 641 4254 descenderent,
677 4190 1004 4244 venerabilis
1031 4191 1114 4243 vir
1161 4190 1330 4244 abbas
1377 4189 1532 4251 flens,
1590 4199 1642 4244 et
1693 4204 1815 4244 cum

217 4280 481 4352 lacrymis
503 4290 558 4334 et
589 4279 920 4348 singultibus
949 4281 1002 4333 in
1033 4279 1228 4335 collum
1276 4279 1391 4348 ejus
1421 4293 1602 4340 ruens,
1636 4279 1820 4332 admo-

217 4372 384 4426 nebat
407 4383 469 4426 ut
505 4372 586 4425 sui
615 4387 826 4424 memor
849 4381 1011 4436 esset,
1053 4387 1152 4442 pro
1180 4387 1239 4427 se
1261 4380 1316 4424 et
1343 4387 1439 4441 pro
1467 4370 1680 4425 czeteris
1709 4369 1819 4424 fra-

217 4466 398 4519 tribus
420 4464 564 4534 apud
599 4465 768 4518 Deum
799 4461 1166 4533 interpellaret
1226 4473 1280 4517 et
1309 4465 1373 4516 ad
1403 4464 1648 4518 ultimum
1677 4464 1822 4518 vale-

1823 1883 1866 1944 Β

1835 3227 1879 3287 C

1879 627 2208 696 requirebat,
2243 643 2362 696 qua:
2391 637 2597 682 tantum
2629 629 2730 686 sub
2753 645 3026 696 mensura,
3053 648 3081 686 a
3108 632 3278 688 fratre
3303 649 3462 703 quem

1879 717 1980 770 sub
2011 726 2192 772 monte
2215 719 2532 786 reliquerat,
2567 720 2888 788 accipiebat.
2911 721 3046 776 Cum
3078 733 3258 778 autem
3284 723 3336 777 in
3379 723 3464 780 his

1881 803 2254 860 demoraretur
2301 815 2356 860 et
2403 807 2510 860 vita
2541 808 2657 878 ejus
2701 810 3122 880 circumquaque
3163 813 3465 880 audiretur,

1881 904 2164 964 coeperunt
2185 897 2336 952 multi
2369 899 2522 953 adire
2550 914 2694 964 eum,
2741 911 2796 956 et
2823 901 2976 956 multi
3025 903 3089 956 ad
3119 919 3240 960 eum
3271 922 3468 962 conve-

1885 989 2020 1050 nire,
2055 999 2114 1044 ut
2143 991 2366 1046 verbum
2389 994 2514 1046 vita:
2543 995 2610 1048 ab
2636 1007 2700 1050 eo
2729 997 2998 1062 audirent,
3047 1007 3102 1052 et
3151 1001 3314 1054 vitam
3349 1003 3468 1071 ejus

1883 1095 2046 1148 quam
2071 1081 2390 1136 mirabiliter
2421 1083 2719 1138 deducebat
2745 1099 3154 1157 cognoscerent,
3178 1105 3407 1160 eumque
3433 1108 3466 1146 a

1885 1185 1990 1240 quo
2015 1171 2196 1226 divino
2221 1173 2418 1240 pabulo
2453 1173 2895 1231 rcfocillahantur
2927 1180 3311 1249 temporalibus
3355 1196 3472 1236 sus-

1887 1273 2178 1320 tentarent.
2213 1268 2318 1320 Scd
2345 1265 2426 1320 vir
2459 1267 2550 1322 Dei
2601 1269 2734 1323 nihil
2762 1287 2986 1340 prorsus
3015 1275 3081 1328 ab
3105 1275 3184 1332 eis
3205 1277 3272 1330 ad
3313 1292 3468 1332 usum

1886 1357 2130 1427 corporis
2153 1357 2472 1428 accipiebat,
2507 1359 2720 1416 invitari
2746 1361 2838 1433 [f.,
2869 1365 3109 1438 divitari]
3142 1368 3284 1421 enim
3319 1383 3348 1422 a
3373 1385 3468 1437 po-

1887 1447 2012 1516 pulo
2041 1463 2143 1502 non
2173 1448 2468 1516 quatiebat,
2502 1453 2592 1521 qui
2641 1455 2804 1507 etiam
2848 1454 2914 1508 de
2969 1455 3258 1528 Evangelio
3287 1457 3470 1512 vivere

1891 1539 2196 1594 recusabat.
2237 1541 2508 1610 Quidquid
2563 1557 2693 1612 ergo
2734 1543 3084 1610 offerebatur,
3139 1563 3234 1616 per
3279 1563 3472 1602 manus

1889 1631 2246 1700 quorumdam
2301 1631 2529 1686 fratrum
2595 1633 2854 1703 erogabat
2924 1637 3288 1706 pauperibus,
3335 1653 3474 1708 quos

1889 1720 2044 1776 bona:
2078 1721 2199 1774 vitae
2229 1724 2612 1792 cognoscebat,
2638 1733 2688 1778 et
2721 1725 2784 1778 ad
2827 1726 2928 1780 hoc
2969 1727 3190 1782 idoneos
3220 1729 3470 1786 ducebat.

1963 1811 2014 1864 7.
2046 1809 2152 1866 Sed
2181 1812 2322 1866 inter
2353 1813 2486 1878 haec,
2515 1829 2636 1868 cum
2674 1815 2772 1868 soli
2806 1817 2912 1870 Deo
2942 1815 3154 1886 placere
3200 1829 3471 1888 qumreret

1893 1911 1948 1958 et
1975 1903 2040 1956 ad
2079 1903 2180 1957 hoc
2209 1911 2320 1958 toto
2343 1905 2540 1958 mentis
2566 1904 2756 1958 ardore
2797 1903 3068 1977 flagraret,
3100 1909 3353 1979 antiquus
3386 1909 3477 1964 ille

1894 1995 2068 2049 hostis
2099 1993 2293 2048 artifex
2321 1996 2569 2060 nocendi,
2604 1997 2948 2054 adversarius
2990 1999 3212 2055 humani
3237 1983 3474 2072 generis,

1896 2085 2062 2155 coepit
2093 2085 2248 2140 bonis
2273 2086 2388 2156 ejus
2419 2087 2630 2142 actibus
2659 2087 2920 2156 invidere,
2969 2099 3024 2144 et
3068 2091 3156 2146 die
3203 2107 3267 2146 ac
3315 2103 3476 2148 nocte

1897 2177 2074 2231 locum
2107 2177 2448 2232 subintraudi
2496 2179 2562 2234 ad
2593 2181 2896 2236 nocendum
2929 2197 3190 2250 (Intuere.
3222 2182 3327 2238 Sed
3354 2201 3478 2240 cum

1899 2271 2278 2326 nihilomnino
2319 2273 2583 2328 inveniret
2623 2275 2764 2342 quod
2813 2275 2864 2330 in
2911 2275 3026 2343 ejus
3065 2277 3276 2332 actibus
3302 2279 3481 2333 subri-

1900 2378 2026 2434 pere
2054 2373 2256 2432 posset,
2287 2363 2596 2434 nuliamque
2631 2365 2684 2418 in
2715 2380 2836 2418 eum
2883 2375 3200 2434 potestatem
3233 2368 3478 2430 haberet,

1901 2459 2319 2512 machinabatur
2346 2458 2616 2528 quomodo
2660 2458 2846 2513 saltem
2883 2459 2950 2514 de
2991 2459 3122 2514 cella
3153 2476 3276 2516 eum
3299 2460 3482 2530 expel-

1902 2549 2055 2604 leret.
2105 2545 2330 2604 Factum
2359 2559 2443 2604 est
2472 2563 2622 2620 ergo,
2665 2565 2786 2604 cum
2817 2551 3046 2620 quadam
3079 2551 3166 2606 die
3211 2561 3334 2620 post
3361 2551 3482 2606 fini-

1905 2649 2013 2694 tam
2040 2640 2340 2694 orationem
2373 2640 2455 2692 vir
2495 2639 2590 2694 Dei
2637 2639 2954 2694 Anastasius
2983 2640 3172 2695 cellula
3200 2642 3393 2707 exiret,
3427 2651 3483 2696 et

1904 2739 2060 2784 extra
2093 2745 2214 2784 cum
2249 2729 2459 2784 duobus
2481 2729 2738 2786 fratribus
2759 2731 2850 2800 qui
2879 2731 2946 2784 ad
2971 2747 3091 2786 eum
3116 2741 3485 2787 convenerant

1905 2823 2140 2886 sederet,
2169 2821 2336 2875 hostis
2371 2821 2627 2890 antiquus
2673 2821 2865 2886 adfuit,
2899 2832 2955 2877 et
3006 2822 3182 2894 ignem
3209 2823 3262 2878 in
3292 2823 3482 2878 cellam

1906 2913 2022 2980 ejus
2052 2923 2105 2968 et
2136 2913 2188 2966 in
2229 2912 2420 2978 altare,
2468 2914 2611 2982 quod
2661 2915 2728 2968 ad
2776 2915 3103 2968 sacrificium
3147 2912 3484 2970 offerendum

1907 3003 2134 3066 fecerat,
2168 3002 2378 3072 posuit;
2413 3003 2504 3056 sed
2539 3002 2620 3056 vir
2663 2999 2759 3057 Dei
2805 3003 3120 3066 respiciens,
3152 3018 3276 3057 eum
3306 3003 3482 3074 ignem

1909 3095 2136 3156 videret,
2167 3093 2390 3148 insidias
2421 3093 2592 3148 hostis
2625 3092 2841 3146 nefandi
2891 3095 3127 3164 agnovit.
3172 3091 3326 3148 Unde
3347 3107 3486 3146 'sur—

1911 3201 2042 3256 gens
2073 3193 2126 3238 et
2154 3199 2322 3253 usque
2346 3183 2414 3238 ad
2437 3183 2630 3238 cellam
2665 3185 2910 3248 tendens,
2951 3183 3090 3237 hosti
3127 3191 3185 3236 ut
3211 3182 3490 3237 recederet

1911 3277 2186 3346 pra-cepit,
2217 3287 2270 3330 et
2294 3277 2506 3346 signum
2545 3275 2723 3329 crucis
2759 3275 3006 3346 opposuit
3055 3275 3185 3345 igni.
3229 3273 3308 3326 Ad
3336 3272 3488 3340 cujus

1911 3377 2239 3439 praeceptum
2289 3368 2459 3420 hostis
2509 3365 2774 3429 recessit,
2833 3375 2884 3419 et
2934 3366 2999 3418 ad
3056 3365 3268 3435 signum
3313 3364 3488 3419 crucis

1911 3463 2213 3518 exstinctus
2255 3469 2340 3516 est
2388 3459 2546 3530 ignis.
2591 3458 2744 3525 Quod
2789 3473 2911 3511 eum
2964 3458 3205 3510 auditqu
3257 3456 3492 3510 circum-

1912 3571 2123 3626 quaque
2155 3553 2468 3617 rcfcrretnr,
2521 3561 2648 3606 tunc
2693 3551 2926 3604 maxime
2964 3555 3244 3619 coeperunt
3275 3549 3340 3602 ad
3366 3562 3490 3602 eum

1913 3648 2176 3720 indigenti:
2208 3645 2320 3700 fere
2346 3659 2536 3700 omnes
2561 3641 2874 3707 convenire,
2920 3649 2973 3696 et
3022 3641 3255 3696 orationi
3288 3637 3404 3707 ejus
3433 3655 3493 3695 se

1914 3739 2314 3800 commendare,
2349 3737 2416 3788 de
2459 3733 2766 3790 commissis
2806 3733 2969 3788 etiam
3021 3731 3088 3786 ab
3134 3745 3198 3786 co
3247 3745 3494 3800 quaarere

1915 3827 2321 3900 pmnitentiam;
2353 3824 2464 3879 fere
2501 3823 2645 3878 enim
2685 3838 2782 3892 per
2824 3822 3109 3876 triennium
3157 3837 3264 3891 quo
3297 3821 3496 3876 mansit

1917 3923 1968 3976 in
1998 3936 2201 3982 eremo,
2246 3927 2324 3972 tot
2359 3917 2424 3971 ad
2455 3931 2576 3971 eum
2623 3914 3044 3978 concurrebant,
3077 3913 3219 3982 quod
3259 3911 3496 3982 plerum-

1917 4029 2022 4082 que
2048 4027 2238 4066 omnes
2273 4017 2484 4063 montes
2537 4007 2590 4061 in
2637 4006 2868 4060 circuitu
2922 4004 3096 4060 cereis
3153 4002 3495 4072 resplendere

1917 4103 2263 4165 videbantur,
2300 4099 2390 4170 qui
2421 4106 2544 4152 ante
2582 4096 2772 4151 cellam
2805 4093 2920 4162 ejus
2960 4109 2990 4146 a
3039 4091 3378 4146 venientibus
3407 4103 3495 4146 ac-

1919 4192 2308 4248 cendebantur.
2368 4187 2521 4256 Sa‘pe
2567 4185 2734 4240 etiam
2788 4181 3128 4236 venientibus
3183 4179 3394 4234 dixerat
3440 4191 3496 4233 se

1920 4297 2041 4337 esse
2071 4281 2345 4350 indignum
2371 4276 2434 4330 ad
2465 4289 2622 4346 quem
2651 4273 2919 4338 venirent,
2944 4287 3002 4326 se
3027 4287 3145 4326 esse
3175 4269 3496 4324 monachum

1921 4390 1949 4428 a
1988 4389 2096 4443 quo
2135 4368 2510 4441 paenitentiam
2552 4371 2880 4436 quaererent,
2932 4373 2986 4416 et
3037 4376 3140 4414 non
3197 4358 3398 4413 habere
3441 4372 3498 4412 se
3573 4425 3580 4432 .

1925 4465 2198 4520 licentiam
2227 4459 2576 4534 praedicandi,
2627 4473 2728 4512 nec
2775 4456 3100 4526 ptenitentcs
3131 4449 3452 4522 suscipiendi
3483 4466 3498 4512 ;

217 4555 430 4616 dicens,
465 4571 590 4610 cum
651 4555 868 4609 caeteris
921 4554 1181 4611 fratribus
1218 4557 1282 4610 ad
1317 4571 1505 4612 tuonas
1532 4555 1702 4610 crium
1739 4571 1820 4610 re—
1851 4563 1898 4624 D
1926 4557 2018 4612 sed
2046 4554 2177 4626 quid
2223 4554 2328 4607 hor.
2375 4549 2658 4621 proderat},
2708 4562 2830 4602 cum
2884 4555 3061 4600 tamen
3109 4541 3505 4599 confestissime

216 4662 446 4718 gressus
468 4657 578 4701 est.

291 4741 348 4793 6.
387 4741 488 4797 Vir
513 4741 680 4812 igitur
719 4739 812 4795 Dei
853 4741 1197 4807 Anastasius,
1240 4741 1330 4810 qui
1369 4741 1472 4795 hoc
1527 4739 1699 4795 solum
1732 4739 1826 4794 de-

219 4831 523 4895 siderabat,
551 4839 610 4885 ut
639 4846 740 4885 suo
763 4841 884 4886 voto
904 4830 1222 4886 satisfacere
1251 4840 1451 4896 posset,
1481 4846 1602 4884 cum
1634 4844 1828 4899 magno

221 4929 424 4997 gaudio
450 4927 520 4981 ad
554 4933 766 4981 montes
800 4927 902 4982 iter
926 4925 1186 4993 arripuit;
1221 4925 1419 4992 quibus
1463 4941 1586 4979 cum
1634 4939 1830 4993 appro-

221 5021 546 5090 pinquaret,
565 5027 622 5075 et
638 5018 773 5086 jam,
803 5019 947 5073 nullo
966 5018 1248 5073 obstaculo
1273 5017 1690 5082 interveniente,
1717 5017 1830 5070 sin-

220 5116 347 5185 gula
395 5115 515 5170 loca
563 5122 756 5167 notare
810 5119 1014 5182 posset,
1067 5121 1302 5166 montem
1348 5111 1696 5173 altissimum,
1737 5105 1828 5178 qui

217 5207 514 5260 Abriscola
559 5205 858 5270 dicebatur,
892 5205 964 5258 ad
1006 5203 1348 5260 habitandum
1382 5203 1568 5274 elegit,
1618 5203 1743 5273 quia
1777 5203 1828 5260 in

219 5313 286 5330 an
317 5307 476 5330 nnc-In
499 5311 606 5330 ηιυι
633 5295 762 5330 nilne
779 5306 890 5330 orni
941 5307 1108 5330 cnnnr
1131 5295 1260 5330 taline
1292 5305 1502 5330 lv-nnlnc
1531 5295 1802 5330 nminnltnl

1929 4645 2198 4704 venirent,
2225 4650 2280 4696 et
2309 4640 2565 4710 lacrymis
2587 4647 2640 4693 et
2667 4635 2919 4707 precibus
2943 4649 3064 4690 eum
3097 4633 3163 4688 ad
3205 4631 3507 4704 praedican-

1929 4741 2053 4796 dum
2080 4732 2420 4790 excitarent?

2001 4831 2056 4886 8.
2086 4827 2196 4886 Sed
2225 4842 2346 4882 cum
2377 4823 2518 4878 Deus
2547 4821 2786 4876 laborem
2824 4817 2942 4888 ejus
2967 4819 3126 4878 vellet
3158 4833 3510 4874 remunerare

1931 4933 1986 4978 et
2014 4922 2081 4977 ab
2110 4916 2382 4990 ergastulo
2410 4914 2590 4970 carnis
2614 4927 2740 4968 eum
2769 4925 3031 4975 evocare,
3069 4919 3127 4965 ut
3157 4905 3328 4980 major
3364 4919 3513 4964 esset

1932 5025 2156 5076 corona,
2207 5007 2378 5064 voluit
2405 5003 2758 5073 temporalem
2787 5003 2952 5058 vitam
2996 5000 3111 5070 ejus
3139 5002 3282 5057 finiri
3308 5002 3359 5055 in
3387 4999 3519 5052 obc-

1933 5102 2156 5161 dientia.
2192 5099 2417 5154 Factum
2461 5103 2544 5149 est
2583 5107 2714 5167 ergo
2743 5105 2806 5152 ut
2829 5095 2912 5151 vir
2937 5094 3296 5157 venerabilis,
3347 5085 3534 5143 abbas

1935 5193 2279 5265 supradictus
2302 5188 2684 5246 Cluniacensis
2709 5187 2974 5249 ecclesiae,
3003 5185 3272 5239 desiderio
3301 5177 3516 5234 videndi

1937 5287 2158 5330 fratrem
2185 5281 2459 5330 ﬂagraret.
2485 5293 2607 5330 eum
2649 5289 2912 5330 nutantum
2955 5277 3241 5330 urmsentia
3267 5273 3384 5330 eius
3414 5267 3520 5320 Γιτι-
