4018 5330
531 359 630 448 in
885 371 1164 435 Attatae
1204 362 1420 420 VITAM
1459 360 1518 413 s.
1561 339 1943 409 artasrasu.

523 494 640 538 tam
664 473 1144 534 resurrectionem,
1188 460 1472 533 gloriosam
1526 449 1818 504 electorum
1863 435 2091 490 societa-

533 585 662 627 tem.
693 567 880 626 Miror,
907 556 1222 614 charissime
1261 547 1366 609 fili,
1409 544 1550 612 quod
1587 537 1696 606 jam
1742 533 1830 586 diu
1863 529 1928 582 de
1950 523 2100 576 vobis

533 661 668 718 nihil
694 655 896 714 audivi,
931 649 1237 712 nullamque
1265 639 1348 693 de
1391 643 1568 688 vestra
1607 628 1713 682 vita
1741 618 2101 691 cognitionem

535 749 716 818 accepi
744 763 760 800 :
788 745 927 798 unde
949 736 1145 795 mando
1173 741 1363 786 vestra:
1409 719 1681 779 dilectioni
1718 723 1796 778 ut,
1829 713 1872 768 si
1905 711 2104 763 bonum

536 804 749 895 videfur
773 833 946 894 vobis,
975 821 1313 882 descendatis
1353 817 1416 871 ad
1447 811 1746 868 visitaudos
1781 804 1990 861 fratres.
2027 805 2103 862 ut,

539 933 678 986 sicut
704 927 836 992 dixi,
863 893 1230 977 desiderabilis
1251 905 1534 982 praesentia
1580 911 1755 956 vestra
1795 893 2110 951 corroboret

529 1033 594 1078 et
621 1021 935 1075 exhortetur
963 1025 1058 1067 eos
1087 1009 1164 1079 (5)
1205 1045 1218 1058 .
1263 1040 1278 1056 .
1319 1041 1333 1055 .
1375 1001 1516 1052 Bene
1539 995 1731 1056 valete,
1764 999 1818 1046 et
1859 1003 1954 1058 pro
1995 986 2106 1039 fra-

541 1115 714 1170 tribus
759 1117 930 1164 orate.
961 1123 979 1154 ι
1031 1100 1125 1155 Vir
1153 1106 1329 1151 autem
1360 1089 1454 1146 Dei
1505 1084 1843 1148 Anastasius,
1890 1087 2110 1147 accepta

541 1203 768 1277 epistola
799 1200 937 1254 beati
972 1193 1148 1251 Patris
1191 1189 1271 1243 sui
1304 1183 1531 1244 abbatis,
1570 1179 1784 1250 gavisus
1811 1182 1892 1228 est
1917 1171 2106 1234 valde;

542 1264 598 1354 et
638 1301 748 1354 Deo
779 1293 981 1366 gratias
1030 1285 1301 1343 referebat
1339 1277 1482 1349 quod
1529 1289 1650 1330 eum
1705 1271 2018 1341 dignaretur
2045 1264 2111 1318 ad

545 1392 740 1446 fratres
767 1403 894 1444 suos
925 1393 1199 1438 revocare.

616 1486 670 1538 9.
705 1483 965 1552 Egressus
993 1479 1175 1544 itaque
1198 1485 1400 1534 eremo,
1424 1464 1666 1538 pervenit
1709 1472 1881 1530 usque
1927 1457 1994 1511 ad
2036 1454 2115 1508 lo-

545 1592 691 1639 cum,
722 1544 811 1642 qui
839 1571 1061 1626 dicitur.
1090 1565 1170 1620 Ad
1201 1561 1398 1616 Verum
1427 1560 1633 1626 Corpus
1669 1552 1814 1608 beati
1861 1544 2115 1602 Antonini

549 1669 826 1740 martyris,
871 1664 962 1733 qui
1011 1661 1117 1715 alio
1171 1656 1388 1711 nomine
1441 1657 1782 1718 nuncupatur
1840 1641 2114 1702 Fredelas,

1989 359 2058 372 .-
2113 324 2198 378 υιι
2237 318 2510 375 ιΝιἘδΤ.
2551 311 2891 374 CORPORIS
2931 309 2988 363 S.
3031 299 3413 362 ANASTASII.

2125 427 2171 484 Α
2200 417 2450 488 migravit
2477 413 2542 468 ad
2576 410 2878 466 Dominum.
2910 402 3136 457 Sacrum
3163 411 3290 451 vero
3315 405 3510 460 corpus
3535 389 3653 458 ejus
3678 387 3776 439 ho-

3667 289 3772 348 452

2203 487 2428 568 aurifice
2454 508 2506 561 in
2533 502 2750 560 basilica
2779 497 2926 552 Beati
2979 491 3190 548 Martini
3227 487 3424 543 ibidem
3463 490 3545 537 est
3589 493 3778 534 recon-

2205 604 2373 658 ditum
2394 616 2408 664 ;
2431 597 2520 654 ubi
2553 597 2618 650 ad
2649 591 2952 648 sanctitatis
2979 587 3094 656 eius
3125 579 3508 639 testimonium,
3533 575 3599 628 ad
3637 583 3780 642 tum-

2205 693 2328 754 bam
2359 690 2499 759 ejus,
2523 691 2780 756 operante
2807 682 2914 736 Deo
2933 717 2948 742 ,
2978 673 3301 732 creberrime
3329 664 3585 722 miracula
3613 660 3776 736 multa

2207 755 2528 844 {iane-Sed,
2564 755 2635 833 ne
2679 775 2958 830 videamur
2999 769 3242 838 ingerere
3293 758 3582 818 fastidium,
3609 755 3651 809 si
3682 767 3784 821 per

2207 873 2416 942 singula
2443 871 2830 930 discurramus,
2852 879 2920 919 ex
2937 859 3143 922 ordine,
3174 849 3550 926 praetermissis
3577 843 3780 906 multis,

2207 979 2378 1036 pauca
2409 973 2667 1017 conemur
2703 955 2990 1025 explicare.

2287 1057 2374 1110 ii.
2419 1053 2576 1122 Virgo
2599 1049 2842 1119 quaedam
2887 1061 2918 1098 a
2971 1043 3144 1098 tribus
3176 1034 3506 1095 daemonibus
3535 1043 3788 1102 possessa

2215 1121 2526 1205 tenebatur,
2550 1142 2641 1210 qui
2671 1141 2724 1192 in
2753 1145 2964 1191 tantum
2988 1149 3108 1189 eam
3139 1129 3404 1185 vexabant
3447 1124 3586 1194 quod
3621 1121 3788 1174 etiam

2215 1246 2416 1292 mutam
2448 1232 2810 1287 reddiderant.
2843 1227 3012 1280 Ducta
3051 1232 3134 1277 est
3161 1237 3258 1291 per
3285 1217 3448 1270 multa
3477 1221 3792 1269 sanctorum

2216 1329 2352 1386 loca,
2384 1335 2440 1378 ut
2468 1325 2751 1380 sanitatem
2791 1324 3165 1388 recuperaret;
3197 1323 3250 1368 et
3273 1308 3530 1364 dtemonia
3569 1304 3792 1358 tandem

2218 1431 2536 1486 responsum
2567 1413 2832 1468 dederunt
2869 1409 3012 1478 quod
3057 1407 3124 1460 ab
3171 1405 3391 1458 obsesso
3431 1409 3652 1466 corpore
3681 1408 3794 1446 non

2217 1507 2632 1579 egrederentur,
2663 1503 2766 1556 nisi
2795 1502 2861 1556 ad
2891 1513 3086 1568 corpus
3109 1495 3250 1550 beati
3281 1489 3550 1545 Anastasii
3577 1483 3798 1540 confes—

2221 1601 2360 1656 soris
2387 1595 2678 1667 supradicti
2721 1592 3130 1649 deducerentur.
3185 1585 3286 1651 Qui
3327 1597 3455 1652 ergo
3483 1593 3599 1634 eam
3627 1578 3800 1629 duce-

2221 1691 2353 1744 bant
2376 1687 2628 1742 dixerunt
2648 1683 2785 1737 intra
2809 1696 2866 1734 se
2892 1681 2980 1734 ubi
3003 1675 3328 1738 invenirent,
3353 1681 3407 1724 et
3435 1667 3804 1737 requisierim;

553 1765 640 1818 ubi
672 1774 792 1816 cum
823 1761 1101 1826 rogaretur
1121 1765 1149 1803 a
1177 1745 1370 1817 populo
1393 1751 1452 1797 ut
1473 1755 1669 1809 corpus
1693 1736 1832 1792 beati
1863 1731 2118 1803 martyris
2149 1790 2194 1826 ἢ
2898 1731 3126 1826 “galli,”
3173 1731 3321 1826 reﬂui

2149 1790 2196 1850 Β
2224 1779 2400 1834 locum
2453 1777 2504 1830 in
2553 1789 2658 1845 quo
2706 1771 2875 1828 sancti
2931 1783 3126 1839 corpus
3173 1765 3572 1833 requiesceret;
3621 1756 3804 1810 adhuc

553 1857 607 1909 in
639 1854 812 1906 locum
843 1861 1038 1903 novum
1072 1847 1374 1912 reponeret,
1419 1842 1468 1888 et
1502 1833 1569 1887 ad
1597 1829 1906 1900 petitionem
1935 1837 2120 1880 cormn

556 1961 612 2000 se
645 1947 990 2012 prmpararet,
1016 1933 1225 1990 oblatus
1248 1937 1329 1984 est
1351 1927 1396 1982 ei
1423 1925 1687 1986 infirmus,
1711 1921 1800 1990 qui
1827 1919 1937 1989 jam
1967 1917 2124 1984 longo

559 2047 797 2104 tempore
828 2029 1119 2086 vexabatur
1150 2041 1179 2078 a
1216 2021 1484 2084 febribus;
1531 2019 1644 2087 ipse
1673 2027 1801 2068 vero
1827 2025 1949 2065 cum
1986 2021 2124 2076 aqua

559 2127 840 2183 benedicta
870 2137 1027 2192 quam
1066 2115 1637 2172 sanctificaverateum
1688 2103 2027 2174 aspersisset.
2074 2107 2126 2152 et

559 2221 771 2290 signum
800 2214 977 2270 crucis
1024 2209 1186 2264 fronti
1218 2207 1333 2276 ejus
1363 2202 1635 2290 amisisset,
1693 2198 1764 2252 ita
1811 2209 1975 2250 sanus
2001 2191 2129 2247 etl'e-

559 2319 680 2364 ctus
706 2317 788 2364 est
827 2322 888 2361 ac
917 2305 958 2360 si
1001 2313 1272 2370 nunquam
1319 2275 1685 2349 infirmitatem
1738 2287 2016 2343 sensisset.
2055 2282 2130 2336 De

559 2401 746 2455 eadem
773 2412 910 2466 aqua
937 2393 1214 2450 benedicta
1255 2397 1604 2458 quoscunque
1649 2380 1900 2451 aspersit,
1941 2392 1969 2428 a
2002 2389 2132 2446 qua.

541 2503 775 2557 campie
804 2484 1116 2539 infirmitate
1141 2478 1515 2535 detinebantur
1545 2472 1760 2528 sanitati
1786 2469 2043 2525 restituit.

641 2581 722 2632 ιι).
751 2577 886 2632 Cum
913 2575 1075 2644 igitur
1099 2572 1163 2626 de
1185 2569 1493 2639 egressione
1515 2565 1633 2633 ejus
1666 2563 1805 2616 fama
1835 2559 2146 2622 audiretur,’

567 2670 745 2724 factus
770 2666 1114 2734 estuudique
1149 2675 1446 2716 concursus
1498 2656 1710 2727 populi,
1755 2655 1842 2722 qui
1889 2650 2138 2706 dolebant

569 2771 624 2817 et
653 2759 977 2831 plangebant
1025 2771 1084 2810 se
1133 2752 1360 2822 relinqui
1393 2769 1421 2805 a
1453 2757 1602 2806 tanto
1631 2749 1810 2812 Patre,
1839 2745 1890 2798 in
1923 2743 2140 2798 tribula-

573 2853 716 2906 tione
742 2847 1097 2909 consolatore,
1142 2845 1196 2899 in
1247 2841 1487 2897 adversis
1533 2847 1874 2910 protectore;
1911 2851 2142 2905 eumque

574 2940 828 3012 lacrymis
871 2947 925 2994 et
962 2938 1175 2992 fletibus
1222 2934 1670 3004 deprecabantur,
1697 2945 1763 2984 ne
1789 2943 1883 2984 eos
1911 2927 2143 2983 derelin-

577 3040 768 3104 queret
795 3045 930 3100 quos
963 3029 1144 3084 fovere
1173 3033 1548 3090 consueverat,
1580 3037 1713 3094 quos
1741 3023 1934 3093 pabulo
1974 3021 2141 3075 divini

2227 1873 2375 1928 enim
2411 1870 2760 1941 ignorabatur
2789 1881 2818 1918 a
2845 1863 3084 1934 pluribus
3121 1858 3262 1929 quod
3293 1856 3358 1910 de
3391 1853 3585 1907 mundo
3629 1861 3810 1916 nuper

2227 1963 2530 2032 migrassct.
2578 1958 2710 2013 Cum
2753 1969 2882 2025 ergo
2931 1951 3206 2007 audissent
3233 1946 3372 2017 quod
3413 1945 3478 1997 ad
3525 1940 3810 1996 basilicam

2226 2031 2372 2108 beati
2431 2051 2644 2105 Martini
2693 2048 2908 2102 Devolis
2956 2051 3100 2098 esset
3145 2038 3476 2095 reconditum
3506 2073 3521 2098 ,
3579 2031 3811 2098 ligatam

2229 2159 2351 2200 cum
2405 2140 2622 2196 funibus
2673 2139 2800 2192 illuc
2845 2135 3200 2189 deduxerunt.
3249 2127 3456 2194 Quibus
3503 2123 3566 2175 ad
3626 2121 3811 2173 locum

2231 2227 2821 2304 apprOpiuqua-ntibus.
2874 2226 3143 2280 dzemones
3194 2217 3552 2274 vociferantes
3599 2214 3814 2264 ciama-

2239 2329 2364 2381 liaut
2402 2325 2554 2380 :(lur
2587 2339 2682 2376 nos
2712 2320 2972 2382 incendis,
3019 2311 3304 2369 Anastasi?
3355 2323 3504 2364 cessa
3551 2302 3814 2364 cruciari,

2235 2429 2290 2475 et
2314 2418 2580 2472 exibimus
2605 2431 2618 2478 ;
2649 2429 2798 2466 cessa
2823 2409 3115 2479 ﬂagellare,
3143 2414 3196 2459 et
3225 2405 3292 2457 ab
3316 2401 3536 2454 obsesso
3575 2409 3820 2462 Corpore

2139 2507 2148 2552 ι’
2236 2509 2572 2564 recedemus.
2605 2504 2707 2558 Per
2738 2502 2904 2556 multa
2943 2512 3166 2566 corpora
3213 2502 3520 2547 sanctorum
3549 2486 3692 2542 ducti
3719 2500 3822 2538 su-

2239 2615 2378 2661 mus,
2429 2605 2484 2652 et
2515 2613 2544 2650 a
2572 2595 2716 2649 nullo
2744 2595 2820 2646 sic
2854 2590 3097 2660 flagellati
3146 2585 3504 2644 recessimus;
3559 2587 3614 2632 tu
3663 2575 3822 2630 solus

2239 2705 2338 2745 nos
2364 2687 2624 2750 incendis,
2659 2693 2714 2738 tu
2744 2683 2888 2738 solus
2915 2679 3196 2740 cruciaris,
3251 2687 3310 2728 tu
3353 2673 3499 2728 solus
3527 2685 3686 2724 uoces
3711 2683 3818 2720 no-

2241 2779 2346 2835 bis.
2381 2778 2682 2831 Trahentes
2703 2789 2830 2842 ergo
2855 2787 2972 2826 eam
2999 2785 3119 2824 cum
3163 2766 3409 2820 manibus
3441 2763 3492 2817 in
3525 2758 3822 2814 ecclesiam

2245 2867 2592 2938 impulerunt,
2635 2874 2690 2918 et
2731 2863 2882 2933 juxta
2917 2860 3154 2914 tumbam
3192 2856 3332 2910 beati
3367 2850 3694 2907 confessoris
3721 2863 3824 2901 ex-

2247 2961 2552 3016 temlerunt.
2578 2957 2777 3012 Omnes
2804 2962 2979 3008 autem
3009 2952 3096 3020 qui
3121 2951 3345 3004 aderant
3371 2959 3508 3016 genu
3533 2941 3672 2996 flexo
3694 2951 3826 2992 cum

2249 3051 2502 3121 lacrymis
2531 3046 2962 3115 deprecabantur
3007 3050 3064 3096 ut
3101 3042 3240 3094 Deus
3287 3037 3602 3106 dignaretur
3637 3039 3828 3084 osten-

575 3123 726 3178 ‘erbl
757 3120 1059 3177 reroc'nare
1085 3134 1188 3173 non
1227 3115 1556 3187 "cglcxcml'
1587 3114 1693 3170 sed
1723 3129 1804 3166 VH.
1833 3112 1951 3176 De"
1990 3127 2142 3182 cujus
2171 3127 2215 3187 (ἶ
2247 3144 2375 3196 dere
2407 3137 2708 3194 astantibus
2734 3135 2986 3188 virtutem
3014 3147 3122 3185 sua:
3151 3125 3470 3187 clementiae,
3493 3131 3550 3177 et
3575 3121 3638 3176 ad
3671 3118 3830 3172 testi-

554 3214 778 3270 iaboris
808 3227 1015 3268 merces
1064 3209 1176 3280 jam
1229 3209 1486 3275 instabat,
1527 3215 1585 3260 ut
1631 3221 1726 3275 per
1755 3204 2138 3265 obedientiam,

579 3307 722 3360 sicut
750 3317 910 3373 supra
937 3303 1189 3366 diximus,
1233 3300 1348 3370 ejus
1395 3289 1732 3352 a'ccrescerct
1783 3313 2013 3358 corona,
2061 3312 2146 3349 re—

579 3395 794 3450 vocanti
827 3410 884 3448 se
909 3393 1054 3447 Patri
1081 3407 1178 3447 suo
1203 3391 1383 3446 abbati
1407 3389 1627 3444 obedire
1653 3389 1897 3454 volebat;
1930 3403 2028 3442 nec
2060 3389 2143 3440 in-

559 3486 811 3540 'tirmitas
838 3483 1086 3548 febrium,
1121 3497 1223 3550 qua
1253 3481 1488 3550 graviter
1532 3480 1893 3542 dctincbatur,
1927 3493 2048 3533 eum
2081 3479 2147 3532 ab

585 3576 687 3629 hoc
714 3588 970 3628 revocare
995 3579 1224 3642 poterat.
1251 3571 1380 3626 Post
1403 3571 1776 3626 allocutionem
1803 3587 1932 3642 ergo
1957 3572 2152 3625 divinae

587 3663 970 3721 admonitionis
1015 3673 1072 3722 et
1121 3664 1515 3719 exhortationis
1567 3665 1866 3730 recedens,
1909 3663 2154 3732 pervenit

587 3769 759 3825 usque
789 3756 856 3808 ad
880 3755 1074 3818 locum,
1107 3769 1266 3823 quem
1298 3735 1527 3808 bevotas
1552 3753 1704 3824 appel
1727 3765 1847 3818 ant,
1883 3755 1994 3820 ubi,
2037 3755 2151 3824 jatu

567 3849 950 3904 Iinvalescente
1004 3848 1316 3900 inﬁrmitate
1367 3846 1635 3926 febrium,
1695 3848 1860 3916 cmpit
1922 3848 2157 3916 graviter

563 3949 870 4012 'aagrotare,
905 3941 955 3994 in
989 3947 1194 3993 tantum
1239 3949 1296 3992 ut
1345 3940 1444 3993 hoc
1489 3939 1678 3993 morbo
1703 3947 1886 3992 certus
1920 3948 2063 3992 esset
2095 3939 2158 3992 de

591 4037 834 4104 corporis
857 4035 938 4089 sui
973 4033 1314 4088 resolutione.
1355 4033 1503 4088 Unde
1531 4048 1651 4084 cum
1685 4032 1750 4084 ad
1803 4031 2156 4100 mitigandum

585 4128 857 4192 dolorem,
914 4127 1298 4197 aliquantulum
1345 4133 1627 4196 rogaretur
1680 4123 1958 4192 quiescere
1989 4135 2043 4181 et
2093 4129 2158 4181 ad

591 4216 1020 4287 refrigerandum
1053 4233 1110 4273 se
1140 4219 1422 4282 balnearc,
1471 4219 1569 4280 sibi
1613 4217 1893 4288 abnegavit
1950 4231 2160 4273 utrum-

556 4327 558 4330 '
593 4325 718 4378 que,
750 4309 1075 4381 subjungens
1103 4311 1262 4364 etiam
1297 4309 1443 4377 quia,
1497 4325 1562 4362 ex
1609 4325 1716 4378 quo
1756 4309 2160 4364 conversionem

597 4404 952 4457 monasticam
997 4409 1216 4456 noverat
1245 4441 1260 4465 ,
1305 4401 1449 4455 nullo
1501 4401 1690 4456 balneo
1743 4417 1868 4454 usus
1898 4409 2165 4464 erat,’ncc

597 4496 760 4549 etiam
791 4495 854 4548 ad
887 4495 1166 4578 lavandum
1206 4495 1368 4564 pedes
1392 4504 1481 4547 aut
1523 4503 1683 4565 caput
1711 4511 1901 4564 aquam
1927 4497 2166 4554 dederat.

601 4585 696 4688 ξιιὶ
747 4585 909 4653 igitur
955 4586 1110 4639 stadii
1165 4603 1322 4642 cursu
1363 4597 1772 4651 consummato,
1824 4599 2171 4658 percepturus

597 4679 819 4746 justitim
843 4693 1094 4733 coronam
1127 4679 1178 4732 in
1207 4680 1479 4734 consortio
1503 4689 1830 4746 sanctorum,
1858 4683 2168 4748 monachus,

600 4771 864 4831 crcmita,
914 4779 968 4822 et
1016 4772 1328 4838 confessor,
1372 4788 1478 4826 xvu
1522 4772 1787 4828 Kalendas
1835 4775 2170 4841 Novembris,

2247 3232 2489 3287 monium
2521 3225 2824 3282 sanctitatis
2853 3223 2931 3276 sui
2968 3218 3293 3276 confessoris
3335 3215 3648 3283 dignaretur
3677 3207 3830 3261 illam

2247 3322 2500 3375 liizcrare.
2545 3317 2646 3370 Vix
2687 3313 2984 3368 orationem
3016 3309 3434 3376 compleverant,
3469 3309 3524 3355 et
3550 3311 3680 3353 ecce
3719 3295 3833 3349 dar.

2251 3427 2438 3468 mones
2471 3411 2537 3464 ah
2570 3407 2658 3462 illa
2691 3405 2864 3474 puella
2907 3404 3192 3465 exierunt;
3235 3411 3462 3466 surgens
3505 3407 3634 3448 vero
3679 3398 3834 3444 recte

2250 3501 2592 3570 improbatur,
2641 3507 2694 3550 ct
2738 3495 3019 3550 liberatam
3077 3505 3136 3548 se
3185 3489 3426 3556 nihilque
3473 3482 3596 3538 mali
3623 3479 3836 3552 perpeti

2255 3591 2578 3645 testabatur.

2333 3686 2420 3738 Η..
2461 3683 2652 3736 Mulier
2679 3681 2866 3744 etiam,
2911 3692 3030 3747 qua:
3073 3681 3278 3746 septem
3327 3668 3559 3725 annisin
3589 3664 3842 3722 caecitate

2257 3781 2654 3847 permanserat,
2703 3787 2824 3827 cum
2890 3767 3423 3824 illue'dcduceretur
3451 3767 3656 3829 etpost
3707 3771 3840 3825 per-

2248 3879 2408 3934 actas
2431 3867 2643 3936 vigilias
2669 3864 2843 3918 noctis
2873 3871 3042 3916 staret
3070 3866 3193 3914 ante
3217 3855 3454 3910 tmnham
3484 3850 3657 3907 sancti
3689 3849 3842 3903 Cori-

2263 3957 2504 4019 fess::ris,
2535 3971 2655 4010 cum
2684 3954 2736 4008 in
2765 3955 2876 4023 ipsa
2909 3949 3272 4006 celebratione
3321 3942 3662 4013 Evangelium
3695 3939 3846 4008 lege-

2262 4057 2440 4112 retur,
2489 4047 2664 4102 visum
2721 4045 2944 4113 recepit.
3000 4041 3226 4108 Quidam
3279 4050 3406 4090 vero
3457 4032 3690 4086 clericus
3742 4027 3844 4097 qui

2265 4139 2520 4211 phrenesi
2548 4137 2850 4198 laborabat,
2885 4134 2950 4187 ad
2980 4133 3228 4186 eunulem
3257 4129 3430 4182 locum
3459 4123 3722 4178 deductus
3757 4130 3847 4174 est

2266 4241 2472 4286 catenis
2503 4228 2760 4281 astrictus
2781 4234 2836 4280 et
2869 4222 3106 4284 funibus,
3137 4219 3203 4272 ad
3239 4213 3662 4285 recuperandam
3696 4210 3852 4264 sani-

2269 4331 2452 4376 tatem.
2489 4321 2586 4376 llic
2611 4320 2823 4388 quoties
2868 4316 3034 4370 motio
3084 4312 3287 4367 cerebri
3337 4309 3419 4362 sui
3465 4303 3768 4367 accidebat,
3803 4300 3852 4356 si

2273 4429 2430 4482 quem
2455 4413 2694 4479 arripere
2723 4415 2952 4477 poterat,
2999 4404 3248 4459 dentibus
3284 4412 3336 4456 et
3379 4397 3644 4468 unguibus
3671 4405 3854 4448 attre-

2277 4505 2498 4564 ctahat;
2531 4501 2620 4570 qui
2651 4515 2768 4553 cum
2800 4499 2968 4550 tribus
2997 4497 3190 4564 vigiliis
3237 4501 3360 4546 ante
3410 4489 3650 4542 tumbam
3701 4483 3855 4540 beati

2279 4591 2606 4648 confessoris
2635 4590 2866 4659 (legisset
2889 4628 2903 4652 ,
2952 4587 3238 4640 sanitatem
3289 4581 3510 4648 recepit,
3541 4587 3594 4631 et
3623 4575 3763 4629 liber
3785 4574 3858 4628 ab

2279 4684 2424 4738 omni
2454 4681 2700 4750 phrenesi
2731 4677 2974 4742 recessit,
3025 4691 3124 4730 nec
3165 4683 3348 4745 postea
3379 4669 3580 4739 aliquid
3611 4665 3860 4738 pristina

2281 4770 2610 4830 infirmitatis
2639 4767 2908 4825 sustinuit.
2989 4827 3004 4840 ο

1128 4997 1712 5153 ΔΡΡΕΝΒΙΧ
1788 4999 1948 5152 ΑΙ)
2059 5002 2134 5154 ι

2236 4999 2436 5153 llilll
2539 5001 2636 5154 S.
2724 4995 3346 5152 ANAS'I‘ASII

955 5301 1096 5330 nn

1189 5303 1952 5330 riu-trnrnmtn‘rn
2014 5287 2612 5330 nnnnt\hrn'
2651 5301 2692 5330 CI

2808 5301 3415 5330 inrnnmanif
