4018 5330
255 178 354 234 εδδ

1009 167 1068 224 S.
1111 161 1470 220 ANASTASII
1507 155 1838 212 EPISTULA
1895 152 1985 206 AD
2021 144 2402 204 UEBALDUM
2439 139 2778 200 ABBATEM.

3383 131 3508 188 43‘;

258 289 566 351 revelatum,
597 301 668 340 vn
694 283 960 340 Kalendas
977 279 1124 344 Julii,
1157 295 1252 350 per
1279 277 1490 332 modum
1517 273 1606 344 qui
1635 269 1816 338 seqni-
1851 275 1894 330 Α
1925 275 2132 320 uerunt.
2165 263 2230 316 Et
2261 263 2456 317 iterum
2503 275 2600 313 vox
2643 245 2708 312 de
2759 253 2898 310 coelo
2941 251 3114 306 eidem
3139 259 3344 332 nevolte
3374 263 3516 304 [nu--

257 391 358 436 tur.
413 377 540 432 Fuit
590 377 834 444 qmedam
881 373 1074 426 mulier
1123 371 1314 424 devota
1361 367 1486 420 dicti
1535 365 1658 427 loci,
1699 377 1818 430 qua:

255 470 424 540 plures
451 467 660 534 vigilias
685 465 736 518 in
769 463 990 518 basilica
1028 461 1212 514 Sancti
1245 457 1456 512 Martini
1489 453 1737 516 faciebat,
1763 460 1818 506 et

253 575 350 612 vos
380 559 442 611 de
473 555 612 610 coelo
639 555 738 608 sibi
764 553 976 606 dicebat
1003 567 1018 604 :
1053 551 1108 604 In
1155 551 1271 604 loco
1317 547 1404 602 ubi
1453 561 1596 606 oras,
1623 556 1820 610 corpus

253 664 364 704 esse
389 647 564 701 sancti
593 643 858 698 Anastasii
905 645 1068 704 scias,
1113 654 1164 694 et
1201 640 1364 708 jacet.
1407 639 1476 692 Et
1505 637 1606 690 hoc
1629 631 1816 696 semel,

253 737 482 792 secundo
515 747 570 789 et
599 734 756 788 tertio
778 732 876 786 sibi
907 731 1120 784 indixit.
1153 730 1442 796 Propterea
1475 728 1588 794 ipsa
1627 735 1819 774 secura

253 828 312 881 de
353 825 709 886 revelatione,
765 821 958 876 indixit
1001 819 1370 892 sacerdotibus
1411 825 1466 870 et
1515 811 1728 868 clericis
1757 823 1822 864 ac

257 915 556 970 senioribus
587 913 712 968 dicti
742 911 841 966 loci
883 911 997 980 qui,
1046 925 1168 964 cum
1214 909 1497 962 devotione
1521 913 1576 959 et
1603 901 1820 963 ﬁducia,

252 1002 418 1062 locum
453 1007 544 1061 ubi
583 1007 720 1058 dixit
763 1001 1026 1072 profundo
1075 1000 1360 1062 foderunt;
1409 997 1500 1050 sed
1534 1010 1636 1047 non
1671 993 1820 1046 inve-

285 1159 3386 1203 ________________________________..___..._———-

1919 359 2037 414 lieri
2063 359 2196 411 dixit
2221 356 2364 426 quod
2402 353 2648 408 foderent
2677 347 2992 418 profundius
3019 329 3264 398 eumdem
3291 342 3488 406 locum,

1920 459 1972 502 et
1999 457 2242 502 sanetum
2273 459 2470 514 corpus
2497 441 2819 494 invenirent.
2859 436 2926 490 Et
2955 435 3027 488 ita
3053 431 3253 486 factum
3293 429 3414 494 fuit,
3435 438 3492 483 et

1925 541 2242 594 invenerunt
2267 543 2510 588 sanctum
2541 543 2764 598 corpus;
2807 527 2872 580 de
2902 523 3052 592 cujus
3081 521 3408 576 revelatione
3437 518 3492 572 in

1923 629 2231 698 supradicto
2263 627 2377 680 loco
2407 623 2508 678 fuit
2539 635 2728 689 magna
2759 616 3089 676 solemnitas,
3132 624 3186 666 et
3215 613 3272 664 lit
3299 609 3482 678 quoti-

1925 721 2032 786 die,
2064 731 2116 772 et
2147 719 2212 770 de
2235 713 2634 770 circumvicinis
2681 711 2814 764 locis
2860 709 2926 761 ad
2973 697 3495 760 eamdemsolemrio

1928 821 2090 864 tatem
2125 811 2313 863 devote
2341 807 2684 867 conveniunt,
2729 803 2796 856 ad
2842 801 3098 854 honorem
3143 805 3194 850 et
3243 795 3514 847 decorent

1929 900 2166 971 ejusdem
2195 899 2520 954 confessoris
2544 905 2596 950 ct
2625 892 2870 950 monachi
2897 888 3132 958 magistri
3159 885 3332 941 sancti
3357 883 3516 934 Ana--

1931 992 2101 1055 stasii,
2133 990 2284 1058 cujus
2314 990 2489 1042 anima
2523 987 2826 1056 paradisum
2857 981 3109 1052 possidet.

785 1302 932 1414 S.
1013 1291 2030 1412 ANASTASII
2090 1283 2947 1400 MONACHI-

935 1527 1435 1604 EPISTULA
1511 1528 1640 1603 AD
1699 1521 2264 1603 GEBALDUM
2323 1515 2820 1604 ABBATEM.

1005 1704 1086 1764 De
1115 1703 1372 1764 ueritate
1405 1701 1696 1782 corporis
1734 1707 1788 1760 et
1818 1697 2145 1776 sanguinis
2173 1694 2410 1758 Christi
2440 1693 2717 1754 Domini.

617 1877 776 1948 (Opp.
805 1871 1096 1940 Lanfranci
1121 1872 1250 1928 edit.
1277 1869 1456 1926 donmi
1488 1869 1644 1924 Lucae
1673 1865 1973 1930 D‘Achcrii,
2013 1879 2134 1936 pag.
2162 1863 2252 1930 21,
2281 1863 2336 1918 in
2362 1870 2475 1918 not.
2507 1861 2574 1916 ad
2603 1858 2780 1916 Vitam
2809 1857 3150 1914 Lanfranci.)

325 2137 556 2192 Domino
602 2137 860 2194 CEBALDO
907 2139 1086 2194 abbati
1142 2137 1268 2190 olim
1323 2135 1456 2199 ﬁlio,
1503 2147 1670 2196 nunc,
1723 2130 1834 2185 Deo
1863 2115 1906 2172 Β
1937 2129 2132 2182 visibili
2160 2143 2280 2197 quae
2303 2127 2568 2188 videntur,
2599 2123 2862 2179 secretius
2907 2121 3103 2174 virtute
3150 2121 3325 2176 divina
3377 2135 3499 2174 rarr

259 2229 502 2298 propitio,
521 2231 816 2284 venerabili
841 2231 1005 2294 Patri,
1031 2229 1194 2284 frater
1216 2229 1566 2290 ANASTASIUS,
1597 2221 1828 2286 Domini,

263 2321 345 2388 qui
372 2329 478 2382 est,
509 2321 656 2389 quod
690 2322 868 2374 habet.

331 2409 402 2464 De
423 2427 657 2480 corpore
675 2422 728 2466 et
755 2412 1012 2480 sttungoinc
1037 2410 1244 2464 Domini
1270 2407 1501 2476 jussisti,
1533 2405 1854 2462 venerande.

263 2499 434 2565 Pater,
465 2512 526 2554 ut
553 2502 814 2572 quidquid
857 2501 1097 2570 parvitas
1142 2515 1260 2554 mea
1305 2501 1486 2562 sentit,
1534 2497 1643 2552 imo
1690 2495 1834 2564 quod

263 2593 468 2656 credit,
503 2594 786 2646 sanctitati
831 2603 1018 2648 vestra:
1067 2590 1354 2661 patefaciat
1397 2609 1410 2642 :
1445 2589 1558 2642 hate
1603 2587 1839 2640 breviter

262 2695 354 2749 pro
381 2683 604 2738 modulo
632 2699 772 2747 meo,
803 2683 944 2736 salva
973 2682 1090 2736 fidei
1115 2681 1366 2752 puritate,
1396 2679 1644 2748 accipiat.
1665 2675 1838 2732 Credo

267 2782 676 2826 sacrosanctum
752 2789 946 2840 corpus
999 2772 1332 2826 Dominicum
1380 2771 1518 2840 quod
1575 2771 1626 2823 in
1681 2769 1838 2822 alttri

261 2864 499 2930 quotidie
557 2881 623 2920 ex
677 2865 971 2920 sacerdotis
1023 2865 1194 2919 otlicio
1245 2873 1636 2926 consecratur,
1689 2860 1834 2915 omni

263 2965 544 3008 exsecrata
569 2955 921 3018 dubitatione,
955 2973 1133 3011 veram
1175 2954 1292 3022 ejus
1325 2970 1542 3008 carnem
1571 2968 1689 3006 esse
1723 2967 1840 3020 qua:

263 3060 414 3114 passa
451 3055 542 3102 est
581 3047 634 3100 in
675 3063 866 3114 cruce;
923 3059 976 3102 et
1020 3063 1205 3102 verum
1246 3047 1361 3114 ejus
1407 3047 1717 3116 sanguinem
1749 3044 1840 3114 qui

265 3140 500 3193 manavit
532 3155 598 3192 ex
648 3139 849 3205 latere,
897 3151 953 3194 ut
985 3141 1193 3196 Veritas
1236 3141 1348 3208 ipsa
1402 3149 1669 3194 testatur:
1705 3137 1841 3192 Caro

264 3247 390 3296 mea,
423 3232 702 3302 inquiens,
732 3251 844 3286 vere
871 3245 944 3287 est
970 3235 1137 3299 cibus,
1157 3245 1202 3287 et
1233 3235 1444 3303 sanguis
1471 3249 1611 3286 meus
1638 3248 1751 3285 vere
1769 3242 1840 3284 est

263 3331 428 3388 potus.
457 3322 530 3374 Et
561 3323 650 3391 qui
699 3323 978 3374 manduca:
1019 3339 1226 3376 carnem
1250 3339 1435 3386 meam,
1460 3332 1506 3374 et
1529 3321 1650 3374 bibit
1675 3335 1840 3370 meum

265 3415 592 3481 sanguinem,
617 3415 672 3466 in
703 3431 782 3466 me
813 3427 982 3466 triane!
1028 3423 1077 3468 et
1119 3431 1212 3484 ego
1241 3415 1294 3468 in
1340 3431 1398 3466 eo
1431 3413 1609 3482 (Joan.
1639 3429 1714 3476 vt,
1745 3409 1839 3472 52;

270 3503 428 3558 Nam.
461 3522 615 3572 xxvx,
647 3505 750 3572 26;
784 3505 954 3560 Marc.
989 3521 1102 3572 xw,
1134 3507 1248 3576 22).
1281 3506 1360 3560 Ad
1387 3505 1678 3574 discipulos
1723 3521 1844 3558 cum

268 3613 454 3666 panem
491 3599 796 3669 porrigeret
831 3619 843 3653 :
875 3599 989 3654 Hoc
1015 3611 1088 3653 est
1111 3617 1297 3669 corpus
1325 3613 1520 3664 meum,
1562 3597 1700 3668 quod
1751 3613 1846 3666 pro

267 3689 400 3743 vobis
425 3690 673 3743 tradetur
697 3689 848 3762 (Luc.
884 3706 1022 3754 χιιι,
1049 3691 1156 3758 19).
1191 3691 1285 3744 llis
1318 3690 1498 3760 igitur,
1524 3700 1577 3743 et
1605 3685 1849 3756 hujusce-

270 3783 406 3836 modi
435 3783 618 3837 verbis
653 3783 944 3838 Dominicis
981 3783 1139 3837 ﬁdem
1171 3783 1437 3852 prtebens,
1476 3783 1616 3838 sicut
1642 3780 1846 3834 nullum

269 3885 460 3942 corpus
483 3873 632 3928 aliud
662 3890 759 3943 pro
785 3884 964 3928 nostra
986 3873 1157 3928 salute
1187 3873 1439 3928 traditum
1473 3883 1668 3942 praeter
1691 3887 1848 3924 suum

270 3964 396 4027 scio,
431 3965 510 4019 ita
539 3973 616 4028 ut,
637 3963 896 4033 praefatus
925 3981 1063 4028 sunt,
1085 3963 1285 4017 nullam
1312 3965 1426 4034 ejus
1447 3963 1606 4016 aliam
1631 3977 1848 4016 carnem

191 4053 200 4062 ’
269 4069 426 4123 quam
457 4071 581 4124 quae
609 4065 732 4108 nata
763 4055 930 4108 estde
957 4055 1120 4108 Maria
1155 4052 1394 4124 Virgine,
1440 4063 1492 4106 et
1544 4051 1851 4107 resurrexit

272 4145 335 4197 de
359 4143 634 4213 sepulcro,
667 4145 982 4198 manducari
1013 4145 1064 4198 in
1093 4143 1466 4198 remissionem
1497 4154 1848 4212 peccatorum

273 4238 429 4292 credo
463 4252 678 4306 :neque
707 4237 868 4290 alium
901 4237 1215 4307 sanguinem
1241 4237 1370 4302 bibi,
1401 4253 1560 4306 quam
1587 4235 1681 4305 qui
1717 4251 1847 4305 pro-

272 4323 421 4382 ﬁnxit
450 4329 518 4382 de
549 4327 667 4396 ejus
689 4327 854 4380 latere
887 4343 990 4380 non
1015 4327 1222 4382 dubito.
1256 4327 1356 4394 Qui
1387 4341 1515 4380 vero
1565 4333 1853 4377 autumant

275 4417 398 4472 illud
429 4435 553 4490 post
603 4429 1070 4474 consecrationem
1099 4434 1290 4488 panem
1321 4434 1441 4472 esse
1473 4417 1850 4479 materialiter,

275 4521 327 4566 et
345 4528 542 4584 corpus
573 4513 784 4567 Domini
812 4511 1108 4582 figuraliter
1131 4521 1363 4576 tantum,
1394 4518 1449 4564 et.
1491 4525 1597 4564 non
1640 4509 1850 4563 veraci—

279 4613 376 4668 ter,
433 4605 682 4660 carnales
708 4603 1002 4659 carnaliter
1030 4603 1326 4674 sapientes,
1359 4617 1463 4656 non
1493 4617 1685 4672 parum
1717 4617 1854 4655 con-

281 4703 357 4748 tra
387 4697 543 4752 ﬁdem
573 4695 870 4766 desipiunt,
895 4711 960 4749 eo
993 4697 1134 4765 quod
1159 4695 1328 4763 magis
1350 4693 1462 4748 suis
1483 4693 1854 4763 corporalibus

1934 2223 2304 2282 consecratur,
2332 2227 2598 2287 quatenus
2625 2217 2725 2270 hoc
2771 2215 2843 2268 sit
2881 2213 3106 2266 interius
3152 2213 3204 2266 in
3253 2212 3500 2270 veritate.

1935 2313 2078 2382 quod
2105 2312 2344 2366 creditur
2371 2311 2492 2364 ﬁdei
2514 2309 2731 2362 virtute.
2757 2307 2952 2376 Figura
2981 2314 3182 2369 autem,
3211 2305 3334 2358 dum
3360 2303 3502 2356 aliud

1937 2403 2258 2474 intelligitur
2281 2418 2442 2472 quam
2478 2401 2620 2470 quod
2651 2399 2764 2452 visu
2803 2395 3064 2466 corporali
3103 2404 3158 2450 et
3197 2403 3350 2464 gustu
3382 2409 3503 2448 sen-

1939 2497 2088 2548 titur.
2125 2493 2330 2563 Quippe
2361 2507 2480 2548 cum
2517 2491 2698 2560 Agnus
2723 2489 2811 2544 Dei
2842 2487 3087 2542 Christus
3122 2487 3213 2556 qui
3248 2485 3302 2538 in
3331 2485 3506 2538 Patris

1941 2590 2159 2642 dextera
2189 2587 2474 2658 gleriatur,
2505 2583 2702 2655 quique
2730 2581 2841 2651 jam
2867 2595 2970 2635 non
3006 2579 3252 2640 moritur,
3279 2589 3332 2631 et
3359 2592 3506 2630 mors

1943 2681 2016 2736 illi
2049 2681 2186 2734 ultra
2225 2695 2327 2734 non
2357 2677 2746 2738 dominabitur,
2778 2675 2846 2728 ob
2872 2689 2980 2727 sua:
3009 2671 3269 2742 passionis
3306 2684 3510 2722 memo-

1943 2775 2078 2828 riam
2131 2773 2182 2826 in
2231 2771 2488 2841 trysterio
2537 2777 2697 2824 tanta:
2749 2763 3131 2820 immolationis
3183 2762 3508 2816 immolatur.

1947 2865 2086 2934 lit-go
2115 2873 2236 2933 post
2269 2864 2400 2916 tanti
2429 2861 2667 2930 mystcrii
2695 2857 3192 2920 consecrationem,
3221 2837 3300 2909 sic
3327 2869 3510 2908 veram

1947 2954 2210 3008 Dominici
2255 2953 2498 3022 corporis
2547 2949 2938 3004 Eucharistiam
2971 2962 3054 3000 me
3083 2943 3244 2998 credo
3278 2958 3510 3004 smnere,

1946 3055 2006 3100 ut
2025 3055 2202 3100 tamen
2235 3045 2380 3098 nullo
2409 3044 2567 3098 modo
2589 3057 2776 3113 negem
2799 3041 2851 3094 in
2879 3040 3044 3108 ﬁgura
3071 3037 3150 3092 vel
3173 3044 3515 3092 sacramento

1947 3153 2084 3194 esse.
2111 3137 2360 3206 Alioquin
2388 3136 2430 3190 si
2464 3136 2664 3204 absque
2702 3141 3061 3194 sacramento,
3091 3131 3172 3184 vel
3201 3131 3389 3200 ﬁgura,
3417 3127 3514 3182 Dei

1946 3233 2156 3300 Agnum
2201 3229 2452 3282 dentibus
2496 3227 2674 3281 vorari
2717 3226 2990 3279 crederem
3016 3263 3030 3288 ,
3063 3223 3114 3275 iu
3151 3235 3423 3290 magnum,
3459 3227 3517 3270 ut

1949 3321 2022 3373 ait
2045 3319 2206 3374 Pater
2236 3317 2585 3389 Augustinus,
2617 3314 2828 3370 facinus
2875 3316 3229 3368 incnrrercm.
3265 3311 3424 3378 Atqui
3449 3325 3516 3364 eo

1950 3409 2167 3463 uberius
2191 3410 2419 3462 veritate
2447 3406 2613 3466 fruor,
2659 3421 2765 3476 quo
2807 3404 3014 3474 plenius
3041 3403 3288 3472 ﬁguram,
3319 3400 3400 3452 vel
3431 3415 3516 3451 sae

1951 3509 2286 3554 cratneutum
2317 3499 2510 3561 inesse,
2567 3495 2866 3550 illustraute
2913 3501 3096 3547 sancto
3142 3489 3345 3560 Spiritu
3373 3528 3386 3550 ,
3433 3488 3513 3540 in-

1952 3591 2262 3645 tucor.ll:ec
2287 3591 2488 3658 itaque,
2512 3587 2821 3642 beatissime
2849 3583 3029 3646 Pater,
3056 3596 3174 3652 quae
3196 3581 3518 3648 dieo,quam

1949 3682 2192 3751 pluribus
2224 3690 2531 3736 sanctorum
2561 3679 2779 3732 Patrutn
2829 3676 2989 3730 dictis
3041 3671 3385 3726 devotissime
3416 3669 3516 3722 ful-

1951 3777 2142 3836 cit-em,
2167 3773 2242 3835 ni,
2274 3771 2468 3834 fateor,
2502 3767 2659 3836 hujus
2683 3767 2927 3837 epistola:
2954 3762 3314 3836 prolixitatem
3337 3761 3524 3816 formi-

1951 3868 2160 3922 darem.
2195 3864 2318 3918 Tria
2350 3863 2686 3918 solummodo
2715 3861 3036 3915 eximiorum
3066 3859 3344 3912 doctorum
3377 3853 3522 3906 testi-

1953 3969 2131 4010 monia
2159 3955 2424 4017 inseram;
2452 3961 2717 4020 quatenus
2750 3949 2900 4002 vobis
2932 3945 3260 4000 satisfaciam
3308 3957 3393 3995 ntc
3441 3940 3524 3992 vel
3563 3931 3566 3934 ⁴

1952 4047 2153 4116 optime
2177 4046 2417 4108 credere,
2453 4043 2534 4096 vel
2558 4041 2741 4096 solerti
2768 4039 3045 4109 vigilantia
3093 4047 3144 4089 et
3195 4034 3368 4104 sagaci
3403 4049 3524 4101 per-

1952 4138 2244 4207 quisitioue
2299 4136 2410 4189 haec
2463 4134 2746 4202 indagasse
2782 4172 2796 4194 ,
2846 4138 3108 4198 cautaque
3163 4121 3524 4192 intelligentiae

1953 4231 2105 4283 lance
2151 4241 2428 4297 pensasse.
2477 4223 2832 4277 Bcatissimus
2873 4233 3102 4287 namque
3133 4215 3430 4286 Cyprianus
3458 4211 3526 4264 ad

1953 4320 2229 4390 populum,
2264 4318 2312 4369 in
2337 4333 2400 4370 eo
2431 4329 2590 4384 opere
2613 4315 2702 4368 ubi
2735 4313 2800 4366 de
2829 4311 2930 4364 hoc
2969 4307 3156 4376 sapido
3205 4304 3396 4376 gaudio
3443 4301 3522 4353 lo-

1953 4413 2137 4482 quitur
2172 4428 2184 4464 :
2215 4409 2328 4462 Hoc
2369 4409 2605 4474 accipite,
2633 4404 2833 4473 inqttit,
2865 4405 2916 4454 in
2945 4417 3098 4468 pane,
3128 4397 3265 4466 quod
3289 4393 3526 4464 pependit

1954 4504 2009 4557 in
2032 4501 2203 4571 ligno;
2246 4509 2293 4553 et
2333 4501 2428 4551 hoc
2476 4499 2692 4566 accipite
2732 4497 2784 4549 in
2834 4491 3016 4555 calice,
3039 4489 3176 4560 quod
3208 4485 3433 4540 manavit
3466 4498 3530 4536 ea:

1956 4594 2134 4647 latere.
2183 4593 2305 4646 limo
2333 4592 2519 4645 eadem
2569 4588 2730 4642 verba
2770 4596 2822 4640 et
2865 4598 3018 4638 sensa
3053 4580 3296 4652 egregius
3345 4577 3532 4629 doctor

1957 4683 2286 4752 Augustinus
2317 4681 2366 4733 iu
2403 4678 2742 4734 sermonibus
2769 4674 2832 4727 ad
2863 4672 3159 4741 neOpbytos
3185 4669 3394 4722 locutus
3425 4671 3530 4718 est.
3577 4739 3582 4746 ἢ

281 4787 448 4842 oculis
480 4803 643 4858 quam
677 4787 923 4842 veritatis
952 4786 1388 4842 attestationibus
1426 4785 1670 4839 credunt.
1699 4783 1840 4852 Quod

1960 4775 2193 4828 Sanctus
2217 4787 2346 4826 vero
2378 4768 2691 4832 Ambrosius
2715 4768 2767 4820 in
2794 4781 2856 4818 eo
2889 4763 3024 4834 libro
3056 4776 3215 4832 quem
3249 4759 3314 4811 de
3337 4755 3535 4808 Sacra-

283 4891 452 4934 aulem
483 4881 657 4952 panis,
688 4889 741 4935 ct
766 4883 1355 4942 caro,sacrament‘um,
1375 4875 1456 4929 vel
1481 4875 1669 4944 ﬁgura,
1704 4883 1854 4930 tanta

284 4971 610 5025 consecratio
641 4971 860 5036 dicitur,
893 4985 998 5022 non
1032 4969 1204 5023 solum
1237 4985 1341 5022 non
1371 4968 1620 5036 reprobo,
1661 4979 1852 5020 verum

284 5063 440 5117 etiam
465 5065 586 5120 ﬁdei
619 5065 828 5118 ratione
855 5059 1110 5132 colligens
1133 5103 1146 5126 ,
1180 5061 1449 5116 catholice
1478 5060 1772 5129 amplector
1801 5065 1857 5111 et

287 5161 538 5227 approbo.
567 5161 764 5216 Panem
801 5173 1033 5226 namque
1058 5158 1356 5212 orthodoxe
1408 5155 1512 5208 dici
1566 5171 1721 5209 nemo
1762 5150 1855 5222 qui

285 5251 445 5316 probe
473 5252 613 5321 Sapit
651 5251 886 5312 dubitat,
926 5263 1045 5302 cum
1070 5250 1256 5302 eadem
1287 5246 1502 5302 Veritas
1524 5247 1669 5301 dicat
1699 5266 1710 5300 :
1739 5247 1853 5314 ligo

1961 4865 2160 4919 mentis
2194 4860 2382 4923 edidit,
2425 4861 2499 4912 ait
2526 4876 2538 4911 :
2569 4857 2706 4922 Quia
2735 4859 2846 4925 ipsa
2875 4865 2947 4906 est
2975 4867 3097 4903 caro
3122 4846 3316 4903 Christi
3363 4844 3418 4896 in
3453 4857 3535 4893 sa-

1959 4967 2246 5019 cramento,
2271 4963 2316 5005 et
2345 4953 2579 5022 sanguis,
2603 4967 2718 5020 qua:
2747 4951 2796 5002 in
2831 4963 2983 4999 cruce
3007 4942 3267 5014 pependit,
3293 4933 3338 4991 et
3381 4933 3536 5004 ﬂuxit
3587 5011 3590 5014 ⁴

1957 5065 1984 5102 e
2011 5047 2175 5101 latere
2202 5087 2216 5112 ,
2249 5055 2294 5098 et
2319 5059 2436 5111 qua!
2476 5059 2539 5096 ea:
2580 5039 2790 5114 l’ir'gine
2841 5037 3015 5090 Maria
3058 5041 3287 5103 sumptu,
3341 5035 3402 5106 et~
3439 5037 3542 5100 ηοη

1960 5138 2066 5193 an“
2089 5181 2104 5206 ν
2153 5135 2359 5207 inquit,
2413 5136 2500 5190 sed
2531 5136 2665 5205 ipsa.
2695 5137 2830 5189 Ecce
2853 5171 2868 5196 ,
2901 5129 3060 5183 Pater
3091 5122 3348 5196 Geralde,
3374 5113 3542 5169 habes
3591 5169 3596 5172 _
3627 5179 3634 5186 ι

1961 5232 2312 5286 voracissima
2359 5229 2836 5284 veracissimormn
2871 5219 3217 5277 ’testimoaia.
3247 5212 3308 5267 Si
3365 5214 3534 5330 anilem

2112 5326 2120 5330 .
2239 5323 2250 5330 .
2291 5319 2301 5330 .
2705 5323 2718 5330 .
2849 5315 2900 5330 ...
2955 5311 3016 5330 ι.-
3038 5323 3048 5330 .
3077 5315 3168 5330 ..-λ
3205 5299 3373 5330 --ηρινί
3449 5303 3534 5330 ιιιψ

2112 5326 2120 5330 .
2239 5323 2250 5330 .
2291 5319 2301 5330 .
2705 5323 2718 5330 .
2849 5315 2900 5330 με
2955 5311 3048 5330 Ιι-.
3077 5315 3168 5330 ..-λ
3205 5299 3373 5330 --ιιι-Ινῆ
3429 5299 3540 5330 'le‘l‘.
