  <div class='ocr_page' id='page_1' title='image "/cluster/home/n/w/nwhite01/storage/ocr_20150623/149/hvd.32044015473770/223.png"; bbox 0 0 4018 5330; ppageno 0'>
   <div class='ocr_carea' id='block_1_1' title="bbox 433 288 542 346">
    <p class='ocr_par' dir='ltr' id='par_1_1' title="bbox 433 288 542 346">
     <span class='ocr_line' id='line_1_1' title="bbox 433 288 542 346; baseline 0.028 -3"><span class='ocrx_word' id='word_1_1' title='bbox 433 288 542 346; x_wconf 68' lang='grc'><strong>435</strong></span> 
     </span>
    </p>
   </div>
   <div class='ocr_carea' id='block_1_2' title="bbox 1467 298 2716 363">
    <p class='ocr_par' dir='ltr' id='par_1_2' title="bbox 1467 298 2716 363">
     <span class='ocr_line' id='line_1_2' title="bbox 1467 298 2716 363; baseline 0.007 -10"><span class='ocrx_word' id='word_1_2' title='bbox 1467 298 1523 354; x_wconf 82' lang='grc'><strong>8.</strong></span> <span class='ocrx_word' id='word_1_3' title='bbox 1544 299 1914 360; x_wconf 77' lang='lat' dir='ltr'><strong>ANSELMUS</strong></span> <span class='ocrx_word' id='word_1_4' title='bbox 1953 301 2290 360; x_wconf 79' lang='lat' dir='ltr'><strong>LUCENSIS</strong></span> <span class='ocrx_word' id='word_1_5' title='bbox 2317 303 2716 363; x_wconf 83' lang='lat' dir='ltr'><strong>EPISCOPUS.</strong></span> 
     </span>
    </p>
   </div>
   <div class='ocr_carea' id='block_1_3' title="bbox 3605 307 3718 364">
    <p class='ocr_par' dir='ltr' id='par_1_3' title="bbox 3605 307 3718 364">
     <span class='ocr_line' id='line_1_3' title="bbox 3605 307 3718 364; baseline 0.018 -2"><span class='ocrx_word' id='word_1_6' title='bbox 3605 307 3718 364; x_wconf 69' lang='grc'><strong>436</strong></span> 
     </span>
    </p>
   </div>
   <div class='ocr_carea' id='block_1_4' title="bbox 435 408 3716 504">
    <p class='ocr_par' dir='ltr' id='par_1_4' title="bbox 435 408 3716 504">
     <span class='ocr_line' id='line_1_4' title="bbox 435 408 3716 504; baseline 0.008 -49"><span class='ocrx_word' id='word_1_7' title='bbox 435 415 560 504; x_wconf 49' lang='lat' dir='ltr'><strong>ipsa:</strong></span> <span class='ocrx_word' id='word_1_8' title='bbox 608 416 672 458; x_wconf 86' lang='lat' dir='ltr'><strong>os</strong></span> <span class='ocrx_word' id='word_1_9' title='bbox 733 417 982 504; x_wconf 45' lang='lat' dir='ltr'><strong>aureum.</strong></span> <span class='ocrx_word' id='word_1_10' title='bbox 1029 421 1164 478; x_wconf 83' lang='lat' dir='ltr'><strong>papa</strong></span> <span class='ocrx_word' id='word_1_11' title='bbox 1216 408 1512 480; x_wconf 71' lang='lat' dir='ltr'><strong>Gregorius</strong></span> <span class='ocrx_word' id='word_1_12' title='bbox 1573 413 1628 468; x_wconf 92' lang='lat' dir='ltr'><strong>in</strong></span> <span class='ocrx_word' id='word_1_13' title='bbox 1685 413 2026 486; x_wconf 77' lang='lat' dir='ltr'><strong>Dialogorum</strong></span> <span class='ocrx_word' id='word_1_14' title='bbox 2058 425 2101 482; x_wconf 80' lang='grc' dir='ltr'><strong>Α</strong></span> <span class='ocrx_word' id='word_1_15' title='bbox 2131 430 2307 490; x_wconf 88' lang='lat' dir='ltr'><strong>putat,</strong></span> <span class='ocrx_word' id='word_1_16' title='bbox 2335 422 2766 492; x_wconf 88' lang='lat' dir='ltr'><strong>disputandoque</strong></span> <span class='ocrx_word' id='word_1_17' title='bbox 2803 423 3081 504; x_wconf 83' lang='lat' dir='ltr'><strong>examinat</strong></span> <span class='ocrx_word' id='word_1_18' title='bbox 3113 438 3130 478; x_wconf 90' lang='lat'><strong>:</strong></span> <span class='ocrx_word' id='word_1_19' title='bbox 3163 424 3208 478; x_wconf 87' lang='lat' dir='ltr'><strong>si</strong></span> <span class='ocrx_word' id='word_1_20' title='bbox 3239 423 3528 496; x_wconf 71' lang='lat' dir='ltr'><strong>diligenter</strong></span> <span class='ocrx_word' id='word_1_21' title='bbox 3565 439 3716 502; x_wconf 79' lang='lat' dir='ltr'><strong>qua:-</strong></span> 
     </span>
    </p>
   </div>
   <div class='ocr_carea' id='block_1_5' title="bbox 433 490 2026 578">
    <p class='ocr_par' dir='ltr' id='par_1_5' title="bbox 433 490 2026 578">
     <span class='ocr_line' id='line_1_5' title="bbox 433 490 2026 578; baseline 0.013 -34"><span class='ocrx_word' id='word_1_22' title='bbox 433 490 578 548; x_wconf 90' lang='lat' dir='ltr'><strong>libro</strong></span> <span class='ocrx_word' id='word_1_23' title='bbox 615 505 814 564; x_wconf 84' lang='lat' dir='ltr'><strong>quarto</strong></span> <span class='ocrx_word' id='word_1_24' title='bbox 844 497 1132 552; x_wconf 82' lang='lat' dir='ltr'><strong>conﬁrmat</strong></span> <span class='ocrx_word' id='word_1_25' title='bbox 1161 515 1176 566; x_wconf 89' lang='lat'><strong>;</strong></span> <span class='ocrx_word' id='word_1_26' title='bbox 1219 517 1340 572; x_wconf 75' lang='lat' dir='ltr'><strong>qua:</strong></span> <span class='ocrx_word' id='word_1_27' title='bbox 1391 504 1765 562; x_wconf 85' lang='lat' dir='ltr'><strong>sanctissimus</strong></span> <span class='ocrx_word' id='word_1_28' title='bbox 1791 507 2026 578; x_wconf 76' lang='lat' dir='ltr'><strong>Cyrillus</strong></span> 
     </span>
    </p>
   </div>
   <div class='ocr_carea' id='block_1_6' title="bbox 435 589 2024 669">
    <p class='ocr_par' dir='ltr' id='par_1_6' title="bbox 435 589 2024 669">
     <span class='ocr_line' id='line_1_6' title="bbox 435 589 2024 669; baseline 0.009 -27"><span class='ocrx_word' id='word_1_29' title='bbox 435 595 654 642; x_wconf 88' lang='lat' dir='ltr'><strong>centum</strong></span> <span class='ocrx_word' id='word_1_30' title='bbox 694 589 1086 662; x_wconf 78' lang='lat' dir='ltr'><strong>quinquaginta</strong></span> <span class='ocrx_word' id='word_1_31' title='bbox 1133 593 1224 663; x_wconf 86' lang='lat' dir='ltr'><strong>qui</strong></span> <span class='ocrx_word' id='word_1_32' title='bbox 1268 595 1322 650; x_wconf 86' lang='lat' dir='ltr'><strong>in</strong></span> <span class='ocrx_word' id='word_1_33' title='bbox 1363 595 1584 664; x_wconf 81' lang='lat' dir='ltr'><strong>Epheso</strong></span> <span class='ocrx_word' id='word_1_34' title='bbox 1626 610 1752 654; x_wconf 81' lang='lat' dir='ltr'><strong>sunt</strong></span> <span class='ocrx_word' id='word_1_35' title='bbox 1792 612 2024 669; x_wconf 72' lang='lat' dir='ltr'><strong>congre-</strong></span> 
     </span>
    </p>
   </div>
   <div class='ocr_carea' id='block_1_7' title="bbox 435 679 2026 760">
    <p class='ocr_par' dir='ltr' id='par_1_7' title="bbox 435 679 2026 760">
     <span class='ocr_line' id='line_1_7' title="bbox 435 679 2026 760; baseline 0.009 -29"><span class='ocrx_word' id='word_1_36' title='bbox 435 679 545 748; x_wconf 87' lang='lat' dir='ltr'><strong>gati</strong></span> <span class='ocrx_word' id='word_1_37' title='bbox 589 681 881 750; x_wconf 66' lang='lat' dir='ltr'><strong>praedicat;</strong></span> <span class='ocrx_word' id='word_1_38' title='bbox 929 699 1052 752; x_wconf 68' lang='lat' dir='ltr'><strong>qua:</strong></span> <span class='ocrx_word' id='word_1_39' title='bbox 1093 703 1318 757; x_wconf 84' lang='lat' dir='ltr'><strong>magnus</strong></span> <span class='ocrx_word' id='word_1_40' title='bbox 1351 686 1460 742; x_wconf 80' lang='lat' dir='ltr'><strong>Leo</strong></span> <span class='ocrx_word' id='word_1_41' title='bbox 1501 706 1636 760; x_wconf 85' lang='lat' dir='ltr'><strong>papa</strong></span> <span class='ocrx_word' id='word_1_42' title='bbox 1681 692 1734 746; x_wconf 91' lang='lat' dir='ltr'><strong>in</strong></span> <span class='ocrx_word' id='word_1_43' title='bbox 1776 708 2026 747; x_wconf 87' lang='lat' dir='ltr'><strong>sermone</strong></span> 
     </span>
    </p>
   </div>
   <div class='ocr_carea' id='block_1_8' title="bbox 435 771 2022 854">
    <p class='ocr_par' dir='ltr' id='par_1_8' title="bbox 435 771 2022 854">
     <span class='ocr_line' id='line_1_8' title="bbox 435 771 2022 854; baseline 0.009 -30"><span class='ocrx_word' id='word_1_44' title='bbox 435 772 654 838; x_wconf 76' lang='lat' dir='ltr'><strong>septimi</strong></span> <span class='ocrx_word' id='word_1_45' title='bbox 703 775 906 830; x_wconf 83' lang='lat' dir='ltr'><strong>mensis</strong></span> <span class='ocrx_word' id='word_1_46' title='bbox 937 777 1219 846; x_wconf 83' lang='lat' dir='ltr'><strong>disputat;</strong></span> <span class='ocrx_word' id='word_1_47' title='bbox 1259 796 1378 848; x_wconf 78' lang='lat' dir='ltr'><strong>quae</strong></span> <span class='ocrx_word' id='word_1_48' title='bbox 1424 781 1621 836; x_wconf 75' lang='lat' dir='ltr'><strong>divina:</strong></span> <span class='ocrx_word' id='word_1_49' title='bbox 1668 781 1800 854; x_wconf 81' lang='lat' dir='ltr'><strong>legis</strong></span> <span class='ocrx_word' id='word_1_50' title='bbox 1847 771 2022 838; x_wconf 84' lang='lat' dir='ltr'><strong>inter-</strong></span> 
     </span>
    </p>
   </div>
   <div class='ocr_carea' id='block_1_9' title="bbox 437 863 2022 946">
    <p class='ocr_par' dir='ltr' id='par_1_9' title="bbox 437 863 2022 946">
     <span class='ocr_line' id='line_1_9' title="bbox 437 863 2022 946; baseline 0.008 -30"><span class='ocrx_word' id='word_1_51' title='bbox 437 878 566 934; x_wconf 85' lang='lat' dir='ltr'><strong>pres</strong></span> <span class='ocrx_word' id='word_1_52' title='bbox 595 863 957 938; x_wconf 80' lang='lat' dir='ltr'><strong>llieronymus</strong></span> <span class='ocrx_word' id='word_1_53' title='bbox 993 867 1046 923; x_wconf 91' lang='lat' dir='ltr'><strong>in</strong></span> <span class='ocrx_word' id='word_1_54' title='bbox 1081 871 1421 940; x_wconf 75' lang='lat' dir='ltr'><strong>expositione</strong></span> <span class='ocrx_word' id='word_1_55' title='bbox 1451 873 1626 930; x_wconf 71' lang='lat' dir='ltr'><strong>Exodi</strong></span> <span class='ocrx_word' id='word_1_56' title='bbox 1675 876 2022 946; x_wconf 71' lang='lat' dir='ltr'><strong>pronuntiat;</strong></span> 
     </span>
    </p>
   </div>
   <div class='ocr_carea' id='block_1_10' title="bbox 439 959 2032 1037">
    <p class='ocr_par' dir='ltr' id='par_1_10' title="bbox 439 959 2032 1037">
     <span class='ocr_line' id='line_1_10' title="bbox 439 959 2032 1037; baseline 0.009 -29"><span class='ocrx_word' id='word_1_57' title='bbox 439 971 558 1028; x_wconf 68' lang='lat' dir='ltr'><strong>quae</strong></span> <span class='ocrx_word' id='word_1_58' title='bbox 585 959 911 1016; x_wconf 72' lang='lat' dir='ltr'><strong>venerabilis</strong></span> <span class='ocrx_word' id='word_1_59' title='bbox 939 961 1082 1018; x_wconf 88' lang='lat' dir='ltr'><strong>Beda</strong></span> <span class='ocrx_word' id='word_1_60' title='bbox 1107 963 1158 1018; x_wconf 90' lang='lat' dir='ltr'><strong>in</strong></span> <span class='ocrx_word' id='word_1_61' title='bbox 1185 981 1442 1022; x_wconf 89' lang='lat' dir='ltr'><strong>sermone</strong></span> <span class='ocrx_word' id='word_1_62' title='bbox 1485 981 1584 1020; x_wconf 88' lang='lat' dir='ltr'><strong>suo</strong></span> <span class='ocrx_word' id='word_1_63' title='bbox 1609 967 1832 1022; x_wconf 88' lang='lat' dir='ltr'><strong>ventilat</strong></span> <span class='ocrx_word' id='word_1_64' title='bbox 1861 985 1876 1032; x_wconf 89' lang='lat'><strong>;</strong></span> <span class='ocrx_word' id='word_1_65' title='bbox 1906 981 2032 1037; x_wconf 74' lang='lat' dir='ltr'><strong>qua:</strong></span> 
     </span>
    </p>
   </div>
   <div class='ocr_carea' id='block_1_11' title="bbox 443 1047 2020 1114">
    <p class='ocr_par' dir='ltr' id='par_1_11' title="bbox 443 1047 2020 1114">
     <span class='ocr_line' id='line_1_11' title="bbox 443 1047 2020 1114; baseline 0.006 -12"><span class='ocrx_word' id='word_1_66' title='bbox 443 1047 763 1106; x_wconf 71' lang='lat' dir='ltr'><strong>Paschasius</strong></span> <span class='ocrx_word' id='word_1_67' title='bbox 832 1051 916 1106; x_wconf 89' lang='lat' dir='ltr'><strong>vir</strong></span> <span class='ocrx_word' id='word_1_68' title='bbox 965 1054 1266 1110; x_wconf 88' lang='lat' dir='ltr'><strong>catholicus</strong></span> <span class='ocrx_word' id='word_1_69' title='bbox 1317 1057 1386 1111; x_wconf 90' lang='lat' dir='ltr'><strong>de</strong></span> <span class='ocrx_word' id='word_1_70' title='bbox 1436 1058 1624 1112; x_wconf 87' lang='lat' dir='ltr'><strong>eodem</strong></span> <span class='ocrx_word' id='word_1_71' title='bbox 1674 1070 2020 1114; x_wconf 69' lang='lat' dir='ltr'><strong>s-.-cramento</strong></span> 
     </span>
    </p>
   </div>
   <div class='ocr_carea' id='block_1_12' title="bbox 439 1139 2022 1218">
    <p class='ocr_par' dir='ltr' id='par_1_12' title="bbox 439 1139 2022 1218">
     <span class='ocr_line' id='line_1_12' title="bbox 439 1139 2022 1218; baseline 0.005 -24"><span class='ocrx_word' id='word_1_72' title='bbox 439 1139 725 1207; x_wconf 83' lang='lat' dir='ltr'><strong>clariﬁcat,</strong></span> <span class='ocrx_word' id='word_1_73' title='bbox 757 1157 876 1213; x_wconf 71' lang='lat' dir='ltr'><strong>qua:</strong></span> <span class='ocrx_word' id='word_1_74' title='bbox 899 1144 952 1197; x_wconf 90' lang='lat' dir='ltr'><strong>in</strong></span> <span class='ocrx_word' id='word_1_75' title='bbox 993 1143 1132 1200; x_wconf 91' lang='lat' dir='ltr'><strong>libro</strong></span> <span class='ocrx_word' id='word_1_76' title='bbox 1161 1146 1228 1201; x_wconf 89' lang='lat' dir='ltr'><strong>de</strong></span> <span class='ocrx_word' id='word_1_77' title='bbox 1273 1146 1462 1202; x_wconf 77' lang='lat' dir='ltr'><strong>Verbis</strong></span> <span class='ocrx_word' id='word_1_78' title='bbox 1513 1147 1772 1213; x_wconf 88' lang='lat' dir='ltr'><strong>Domini,</strong></span> <span class='ocrx_word' id='word_1_79' title='bbox 1809 1163 1927 1218; x_wconf 65' lang='lat' dir='ltr'><strong>qum</strong></span> <span class='ocrx_word' id='word_1_80' title='bbox 1966 1148 2022 1202; x_wconf 83' lang='lat' dir='ltr'><strong>in</strong></span> 
     </span>
    </p>
   </div>
   <div class='ocr_carea' id='block_1_13' title="bbox 437 1231 2026 1308">
    <p class='ocr_par' dir='ltr' id='par_1_13' title="bbox 437 1231 2026 1308">
     <span class='ocr_line' id='line_1_13' title="bbox 437 1231 2026 1308; baseline 0.01 -26"><span class='ocrx_word' id='word_1_81' title='bbox 437 1232 778 1299; x_wconf 79' lang='lat' dir='ltr'><strong>expositione</strong></span> <span class='ocrx_word' id='word_1_82' title='bbox 827 1231 1051 1289; x_wconf 78' lang='lat' dir='ltr'><strong>Joannis</strong></span> <span class='ocrx_word' id='word_1_83' title='bbox 1096 1237 1438 1306; x_wconf 67' lang='lat' dir='ltr'><strong>evangelista:</strong></span> <span class='ocrx_word' id='word_1_84' title='bbox 1479 1253 1728 1294; x_wconf 85' lang='lat' dir='ltr'><strong>sermone</strong></span> <span class='ocrx_word' id='word_1_85' title='bbox 1763 1241 2026 1308; x_wconf 75' lang='lat' dir='ltr'><strong>vigesimo</strong></span> 
     </span>
    </p>
   </div>
   <div class='ocr_carea' id='block_1_14' title="bbox 439 1325 2022 1402">
    <p class='ocr_par' dir='ltr' id='par_1_14' title="bbox 439 1325 2022 1402">
     <span class='ocr_line' id='line_1_14' title="bbox 439 1325 2022 1402; baseline 0.006 -26"><span class='ocrx_word' id='word_1_86' title='bbox 439 1333 594 1377; x_wconf 80' lang='lat' dir='ltr'><strong>sexto</strong></span> <span class='ocrx_word' id='word_1_87' title='bbox 625 1363 638 1388; x_wconf 88' lang='lat'><strong>,</strong></span> <span class='ocrx_word' id='word_1_88' title='bbox 684 1339 806 1394; x_wconf 69' lang='lat' dir='ltr'><strong>quae</strong></span> <span class='ocrx_word' id='word_1_89' title='bbox 855 1325 908 1380; x_wconf 90' lang='lat' dir='ltr'><strong>in</strong></span> <span class='ocrx_word' id='word_1_90' title='bbox 959 1326 1149 1382; x_wconf 79' lang='lat' dir='ltr'><strong>Natale</strong></span> <span class='ocrx_word' id='word_1_91' title='bbox 1197 1328 1546 1384; x_wconf 86' lang='lat' dir='ltr'><strong>lnnocenlum</strong></span> <span class='ocrx_word' id='word_1_92' title='bbox 1580 1371 1594 1396; x_wconf 93' lang='lat'><strong>,</strong></span> <span class='ocrx_word' id='word_1_93' title='bbox 1635 1347 1755 1402; x_wconf 64' lang='lat' dir='ltr'><strong>quae.</strong></span> <span class='ocrx_word' id='word_1_94' title='bbox 1783 1333 1834 1387; x_wconf 92' lang='lat' dir='ltr'><strong>in</strong></span> <span class='ocrx_word' id='word_1_95' title='bbox 1863 1333 2022 1402; x_wconf 72' lang='lat' dir='ltr'><strong>epist.</strong></span> 
     </span>
    </p>
   </div>
   <div class='ocr_carea' id='block_1_15' title="bbox 438 1412 2025 1494">
    <p class='ocr_par' dir='ltr' id='par_1_15' title="bbox 438 1412 2025 1494">
     <span class='ocr_line' id='line_1_15' title="bbox 438 1412 2025 1494; baseline 0.009 -30"><span class='ocrx_word' id='word_1_96' title='bbox 438 1412 506 1465; x_wconf 89' lang='lat' dir='ltr'><strong>ad</strong></span> <span class='ocrx_word' id='word_1_97' title='bbox 534 1412 867 1470; x_wconf 78' lang='lat' dir='ltr'><strong>Bonifacium</strong></span> <span class='ocrx_word' id='word_1_98' title='bbox 903 1416 1214 1488; x_wconf 80' lang='lat' dir='ltr'><strong>episcopum</strong></span> <span class='ocrx_word' id='word_1_99' title='bbox 1243 1460 1258 1480; x_wconf 85' lang='lat'><strong>.</strong></span> <span class='ocrx_word' id='word_1_100' title='bbox 1301 1437 1422 1490; x_wconf 79' lang='lat' dir='ltr'><strong>qua:</strong></span> <span class='ocrx_word' id='word_1_101' title='bbox 1452 1423 1502 1476; x_wconf 92' lang='lat' dir='ltr'><strong>in</strong></span> <span class='ocrx_word' id='word_1_102' title='bbox 1553 1423 1694 1477; x_wconf 86' lang='lat' dir='ltr'><strong>libro</strong></span> <span class='ocrx_word' id='word_1_103' title='bbox 1724 1433 1920 1494; x_wconf 83' lang='lat' dir='ltr'><strong>quarto</strong></span> <span class='ocrx_word' id='word_1_104' title='bbox 1959 1425 2025 1480; x_wconf 90' lang='lat' dir='ltr'><strong>de</strong></span> 
     </span>
    </p>
   </div>
   <div class='ocr_carea' id='block_1_16' title="bbox 435 1501 2024 1584">
    <p class='ocr_par' dir='ltr' id='par_1_16' title="bbox 435 1501 2024 1584">
     <span class='ocr_line' id='line_1_16' title="bbox 435 1501 2024 1584; baseline 0.009 -30"><span class='ocrx_word' id='word_1_105' title='bbox 435 1502 679 1558; x_wconf 80' lang='lat' dir='ltr'><strong>doctrina</strong></span> <span class='ocrx_word' id='word_1_106' title='bbox 708 1501 1110 1572; x_wconf 88' lang='lat' dir='ltr'><strong>Christiana,et</strong></span> <span class='ocrx_word' id='word_1_107' title='bbox 1131 1523 1250 1578; x_wconf 73' lang='lat' dir='ltr'><strong>qua:</strong></span> <span class='ocrx_word' id='word_1_108' title='bbox 1281 1511 1331 1566; x_wconf 91' lang='lat' dir='ltr'><strong>in</strong></span> <span class='ocrx_word' id='word_1_109' title='bbox 1367 1513 1628 1583; x_wconf 80' lang='lat' dir='ltr'><strong>trigesimi</strong></span> <span class='ocrx_word' id='word_1_110' title='bbox 1655 1514 1796 1568; x_wconf 84' lang='lat' dir='ltr'><strong>tertii</strong></span> <span class='ocrx_word' id='word_1_111' title='bbox 1829 1513 2024 1584; x_wconf 85' lang='lat' dir='ltr'><strong>psalmi</strong></span> 
     </span>
    </p>
   </div>
   <div class='ocr_carea' id='block_1_17' title="bbox 437 1591 2022 1673">
    <p class='ocr_par' dir='ltr' id='par_1_17' title="bbox 437 1591 2022 1673">
     <span class='ocr_line' id='line_1_17' title="bbox 437 1591 2022 1673; baseline 0.013 -31"><span class='ocrx_word' id='word_1_112' title='bbox 437 1591 590 1647; x_wconf 84' lang='lat' dir='ltr'><strong>titulo</strong></span> <span class='ocrx_word' id='word_1_113' title='bbox 627 1595 928 1664; x_wconf 66' lang='lat' dir='ltr'><strong>praedictus</strong></span> <span class='ocrx_word' id='word_1_114' title='bbox 952 1597 1115 1654; x_wconf 79' lang='lat' dir='ltr'><strong>Pater</strong></span> <span class='ocrx_word' id='word_1_115' title='bbox 1154 1601 1490 1673; x_wconf 73' lang='lat' dir='ltr'><strong>Augustinus</strong></span> <span class='ocrx_word' id='word_1_116' title='bbox 1510 1606 1879 1660; x_wconf 77' lang='lat' dir='ltr'><strong>examinanda</strong></span> <span class='ocrx_word' id='word_1_117' title='bbox 1914 1607 2022 1662; x_wconf 90' lang='lat' dir='ltr'><strong>dis-</strong></span> 
     </span>
    </p>
   </div>
   <div class='ocr_carea' id='block_1_18' title="bbox 2130 513 3719 584">
    <p class='ocr_par' dir='ltr' id='par_1_18' title="bbox 2130 513 3719 584">
     <span class='ocr_line' id='line_1_18' title="bbox 2130 513 3719 584; baseline 0.002 -17"><span class='ocrx_word' id='word_1_118' title='bbox 2130 513 2314 578; x_wconf 81' lang='lat' dir='ltr'><strong>sieris,</strong></span> <span class='ocrx_word' id='word_1_119' title='bbox 2344 515 2585 568; x_wconf 73' lang='lat' dir='ltr'><strong>invenies</strong></span> <span class='ocrx_word' id='word_1_120' title='bbox 2606 514 2792 584; x_wconf 83' lang='lat' dir='ltr'><strong>procul</strong></span> <span class='ocrx_word' id='word_1_121' title='bbox 2825 515 3009 579; x_wconf 79' lang='lat' dir='ltr'><strong>dubio,</strong></span> <span class='ocrx_word' id='word_1_122' title='bbox 3063 531 3119 568; x_wconf 78' lang='lat' dir='ltr'><strong>ut</strong></span> <span class='ocrx_word' id='word_1_123' title='bbox 3175 516 3310 580; x_wconf 76' lang='lat' dir='ltr'><strong>dixi,</strong></span> <span class='ocrx_word' id='word_1_124' title='bbox 3351 531 3540 572; x_wconf 86' lang='lat' dir='ltr'><strong>omnes</strong></span> <span class='ocrx_word' id='word_1_125' title='bbox 3587 531 3719 572; x_wconf 89' lang='lat' dir='ltr'><strong>con-</strong></span> 
     </span>
    </p>
   </div>
   <div class='ocr_carea' id='block_1_19' title="bbox 2131 605 3720 676">
    <p class='ocr_par' dir='ltr' id='par_1_19' title="bbox 2131 605 3720 676">
     <span class='ocr_line' id='line_1_19' title="bbox 2131 605 3720 676; baseline 0.001 -16"><span class='ocrx_word' id='word_1_126' title='bbox 2131 607 2385 670; x_wconf 88' lang='lat' dir='ltr'><strong>cordare,</strong></span> <span class='ocrx_word' id='word_1_127' title='bbox 2415 615 2470 662; x_wconf 92' lang='lat' dir='ltr'><strong>et</strong></span> <span class='ocrx_word' id='word_1_128' title='bbox 2525 607 2832 662; x_wconf 78' lang='lat' dir='ltr'><strong>nullatenus</strong></span> <span class='ocrx_word' id='word_1_129' title='bbox 2861 607 3192 662; x_wconf 78' lang='lat' dir='ltr'><strong>discordare.</strong></span> <span class='ocrx_word' id='word_1_130' title='bbox 3249 607 3458 662; x_wconf 76' lang='lat' dir='ltr'><strong>Revera</strong></span> <span class='ocrx_word' id='word_1_131' title='bbox 3489 609 3615 676; x_wconf 84' lang='lat' dir='ltr'><strong>quia</strong></span> <span class='ocrx_word' id='word_1_132' title='bbox 3647 605 3720 662; x_wconf 84' lang='lat' dir='ltr'><strong>ab</strong></span> 
     </span>
    </p>
   </div>
   <div class='ocr_carea' id='block_1_20' title="bbox 2131 691 3715 760">
    <p class='ocr_par' dir='ltr' id='par_1_20' title="bbox 2131 691 3715 760">
     <span class='ocr_line' id='line_1_20' title="bbox 2131 691 3715 760; baseline 0.001 -13"><span class='ocrx_word' id='word_1_133' title='bbox 2131 695 2378 750; x_wconf 83' lang='lat' dir='ltr'><strong>ubertate</strong></span> <span class='ocrx_word' id='word_1_134' title='bbox 2422 696 2612 750; x_wconf 89' lang='lat' dir='ltr'><strong>domus</strong></span> <span class='ocrx_word' id='word_1_135' title='bbox 2667 695 2882 750; x_wconf 85' lang='lat' dir='ltr'><strong>Domini</strong></span> <span class='ocrx_word' id='word_1_136' title='bbox 2927 695 3284 760; x_wconf 84' lang='lat' dir='ltr'><strong>iuebriantur,</strong></span> <span class='ocrx_word' id='word_1_137' title='bbox 3334 695 3466 748; x_wconf 82' lang='lat' dir='ltr'><strong>nihil</strong></span> <span class='ocrx_word' id='word_1_138' title='bbox 3517 691 3715 750; x_wconf 88' lang='lat' dir='ltr'><strong>mirum</strong></span> 
     </span>
    </p>
   </div>
   <div class='ocr_carea' id='block_1_21' title="bbox 2127 785 3719 857">
    <p class='ocr_par' dir='ltr' id='par_1_21' title="bbox 2127 785 3719 857">
     <span class='ocr_line' id='line_1_21' title="bbox 2127 785 3719 857; baseline 0 -18"><span class='ocrx_word' id='word_1_139' title='bbox 2127 785 2170 840; x_wconf 89' lang='lat' dir='ltr'><strong>si</strong></span> <span class='ocrx_word' id='word_1_140' title='bbox 2199 786 2387 840; x_wconf 89' lang='lat' dir='ltr'><strong>eadem</strong></span> <span class='ocrx_word' id='word_1_141' title='bbox 2430 795 2618 840; x_wconf 85' lang='lat' dir='ltr'><strong>sancte</strong></span> <span class='ocrx_word' id='word_1_142' title='bbox 2663 795 2718 840; x_wconf 90' lang='lat' dir='ltr'><strong>et</strong></span> <span class='ocrx_word' id='word_1_143' title='bbox 2775 800 2909 856; x_wconf 80' lang='lat' dir='ltr'><strong>pure</strong></span> <span class='ocrx_word' id='word_1_144' title='bbox 2963 786 3168 840; x_wconf 87' lang='lat' dir='ltr'><strong>mellito</strong></span> <span class='ocrx_word' id='word_1_145' title='bbox 3211 795 3430 857; x_wconf 81' lang='lat' dir='ltr'><strong>gutture</strong></span> <span class='ocrx_word' id='word_1_146' title='bbox 3463 795 3719 842; x_wconf 81' lang='lat' dir='ltr'><strong>eructare</strong></span> 
     </span>
    </p>
   </div>
   <div class='ocr_carea' id='block_1_22' title="bbox 2133 876 3716 948">
    <p class='ocr_par' dir='ltr' id='par_1_22' title="bbox 2133 876 3716 948">
     <span class='ocr_line' id='line_1_22' title="bbox 2133 876 3716 948; baseline 0.001 -19"><span class='ocrx_word' id='word_1_147' title='bbox 2133 877 2457 946; x_wconf 76' lang='lat' dir='ltr'><strong>gloriantur.</strong></span> <span class='ocrx_word' id='word_1_148' title='bbox 2487 877 2754 932; x_wconf 65' lang='lat' dir='ltr'><strong>Caeterum</strong></span> <span class='ocrx_word' id='word_1_149' title='bbox 2800 891 2963 947; x_wconf 89' lang='lat' dir='ltr'><strong>super</strong></span> <span class='ocrx_word' id='word_1_150' title='bbox 2993 878 3099 942; x_wconf 89' lang='lat' dir='ltr'><strong>his,</strong></span> <span class='ocrx_word' id='word_1_151' title='bbox 3127 893 3246 948; x_wconf 79' lang='lat' dir='ltr'><strong>qua:</strong></span> <span class='ocrx_word' id='word_1_152' title='bbox 3273 887 3345 942; x_wconf 91' lang='lat' dir='ltr'><strong>te,</strong></span> <span class='ocrx_word' id='word_1_153' title='bbox 3395 877 3578 942; x_wconf 75' lang='lat' dir='ltr'><strong>Patrr,</strong></span> <span class='ocrx_word' id='word_1_154' title='bbox 3625 876 3716 945; x_wconf 87' lang='lat' dir='ltr'><strong>ju-</strong></span> 
     </span>
    </p>
   </div>
   <div class='ocr_carea' id='block_1_23' title="bbox 2134 969 3720 1039">
    <p class='ocr_par' dir='ltr' id='par_1_23' title="bbox 2134 969 3720 1039">
     <span class='ocr_line' id='line_1_23' title="bbox 2134 969 3720 1039; baseline 0 -15"><span class='ocrx_word' id='word_1_155' title='bbox 2134 969 2292 1024; x_wconf 84' lang='lat' dir='ltr'><strong>bente</strong></span> <span class='ocrx_word' id='word_1_156' title='bbox 2317 985 2413 1038; x_wconf 88' lang='lat' dir='ltr'><strong>pro</strong></span> <span class='ocrx_word' id='word_1_157' title='bbox 2439 985 2556 1024; x_wconf 89' lang='lat' dir='ltr'><strong>mea</strong></span> <span class='ocrx_word' id='word_1_158' title='bbox 2607 970 3081 1038; x_wconf 57' lang='lat' dir='ltr'><strong>«(utautttlacunque</strong></span> <span class='ocrx_word' id='word_1_159' title='bbox 3111 969 3448 1032; x_wconf 79' lang='lat' dir='ltr'><strong>facultatula,</strong></span> <span class='ocrx_word' id='word_1_160' title='bbox 3497 979 3720 1039; x_wconf 84' lang='lat' dir='ltr'><strong>pectore</strong></span> 
     </span>
    </p>
   </div>
   <div class='ocr_carea' id='block_1_24' title="bbox 2131 1061 3718 1130">
    <p class='ocr_par' dir='ltr' id='par_1_24' title="bbox 2131 1061 3718 1130">
     <span class='ocr_line' id='line_1_24' title="bbox 2131 1061 3718 1130; baseline -0.001 -18"><span class='ocrx_word' id='word_1_161' title='bbox 2131 1061 2290 1130; x_wconf 85' lang='lat' dir='ltr'><strong>pleno</strong></span> <span class='ocrx_word' id='word_1_162' title='bbox 2321 1061 2554 1124; x_wconf 59' lang='lat' dir='ltr'><strong>(illucue.</strong></span> <span class='ocrx_word' id='word_1_163' title='bbox 2577 1063 2684 1116; x_wconf 80' lang='lat' dir='ltr'><strong>dixi</strong></span> <span class='ocrx_word' id='word_1_164' title='bbox 2707 1103 2722 1124; x_wconf 92' lang='lat'><strong>,</strong></span> <span class='ocrx_word' id='word_1_165' title='bbox 2771 1061 3302 1116; x_wconf 83' lang='lat' dir='ltr'><strong>lnunilitcr‘obsecro</strong></span> <span class='ocrx_word' id='word_1_166' title='bbox 3339 1077 3444 1114; x_wconf 81' lang='lat' dir='ltr'><strong>non</strong></span> <span class='ocrx_word' id='word_1_167' title='bbox 3478 1061 3718 1123; x_wconf 81' lang='lat' dir='ltr'><strong>mireris,</strong></span> 
     </span>
    </p>
   </div>
   <div class='ocr_carea' id='block_1_25' title="bbox 2147 1151 3722 1230">
    <p class='ocr_par' dir='ltr' id='par_1_25' title="bbox 2147 1151 3722 1230">
     <span class='ocr_line' id='line_1_25' title="bbox 2147 1151 3722 1230; baseline 0 -24"><span class='ocrx_word' id='word_1_168' title='bbox 2147 1152 2192 1206; x_wconf 86' lang='lat' dir='ltr'><strong>si</strong></span> <span class='ocrx_word' id='word_1_169' title='bbox 2237 1151 2454 1222; x_wconf 87' lang='lat' dir='ltr'><strong>garrula</strong></span> <span class='ocrx_word' id='word_1_170' title='bbox 2512 1153 2977 1207; x_wconf 82' lang='lat' dir='ltr'><strong>Aristotelieorum</strong></span> <span class='ocrx_word' id='word_1_171' title='bbox 3027 1151 3110 1230; x_wconf 86' lang='lat' dir='ltr'><strong>vel</strong></span> <span class='ocrx_word' id='word_1_172' title='bbox 3164 1151 3605 1224; x_wconf 79' lang='lat' dir='ltr'><strong>Cripsippeorum</strong></span> <span class='ocrx_word' id='word_1_173' title='bbox 3635 1169 3722 1206; x_wconf 85' lang='lat' dir='ltr'><strong>ar-</strong></span> 
     </span>
    </p>
   </div>
   <div class='ocr_carea' id='block_1_26' title="bbox 2130 1242 3718 1314">
    <p class='ocr_par' dir='ltr' id='par_1_26' title="bbox 2130 1242 3718 1314">
     <span class='ocr_line' id='line_1_26' title="bbox 2130 1242 3718 1314; baseline 0 -18"><span class='ocrx_word' id='word_1_174' title='bbox 2130 1253 2386 1314; x_wconf 82' lang='lat' dir='ltr'><strong>gumenta</strong></span> <span class='ocrx_word' id='word_1_175' title='bbox 2435 1243 2722 1308; x_wconf 82' lang='lat' dir='ltr'><strong>lrutinare,</strong></span> <span class='ocrx_word' id='word_1_176' title='bbox 2777 1244 2860 1296; x_wconf 86' lang='lat' dir='ltr'><strong>vel</strong></span> <span class='ocrx_word' id='word_1_177' title='bbox 2917 1258 2984 1297; x_wconf 75' lang='lat' dir='ltr'><strong>ex</strong></span> <span class='ocrx_word' id='word_1_178' title='bbox 3029 1242 3248 1297; x_wconf 86' lang='lat' dir='ltr'><strong>ﬂumine</strong></span> <span class='ocrx_word' id='word_1_179' title='bbox 3299 1242 3558 1298; x_wconf 68' lang='lat' dir='ltr'><strong>Tulliana)</strong></span> <span class='ocrx_word' id='word_1_180' title='bbox 3601 1243 3718 1297; x_wconf 88' lang='lat' dir='ltr'><strong>clo-</strong></span> 
     </span>
    </p>
   </div>
   <div class='ocr_carea' id='block_1_27' title="bbox 2131 1331 3722 1404">
    <p class='ocr_par' dir='ltr' id='par_1_27' title="bbox 2131 1331 3722 1404">
     <span class='ocr_line' id='line_1_27' title="bbox 2131 1331 3722 1404; baseline 0 -18"><span class='ocrx_word' id='word_1_181' title='bbox 2131 1335 2371 1403; x_wconf 69' lang='lat' dir='ltr'><strong>quentiaa</strong></span> <span class='ocrx_word' id='word_1_182' title='bbox 2409 1333 2642 1388; x_wconf 79' lang='lat' dir='ltr'><strong>rivulum</strong></span> <span class='ocrx_word' id='word_1_183' title='bbox 2673 1331 3033 1396; x_wconf 50' lang='lat' dir='ltr'><strong>ducet-moon</strong></span> <span class='ocrx_word' id='word_1_184' title='bbox 3083 1335 3412 1404; x_wconf 82' lang='lat' dir='ltr'><strong>perpendis:</strong></span> <span class='ocrx_word' id='word_1_185' title='bbox 3461 1335 3558 1388; x_wconf 88' lang='lat' dir='ltr'><strong>sed</strong></span> <span class='ocrx_word' id='word_1_186' title='bbox 3609 1351 3722 1387; x_wconf 88' lang='lat' dir='ltr'><strong>me-</strong></span> 
     </span>
    </p>
   </div>
   <div class='ocr_carea' id='block_1_28' title="bbox 2133 1423 3720 1497">
    <p class='ocr_par' dir='ltr' id='par_1_28' title="bbox 2133 1423 3720 1497">
     <span class='ocr_line' id='line_1_28' title="bbox 2133 1423 3720 1497; baseline -0.003 -15"><span class='ocrx_word' id='word_1_187' title='bbox 2133 1436 2315 1482; x_wconf 86' lang='lat' dir='ltr'><strong>mento</strong></span> <span class='ocrx_word' id='word_1_188' title='bbox 2341 1423 2468 1497; x_wconf 70' lang='lat' dir='ltr'><strong>quia</strong></span> <span class='ocrx_word' id='word_1_189' title='bbox 2501 1425 2820 1494; x_wconf 85' lang='lat' dir='ltr'><strong>simpliciter</strong></span> <span class='ocrx_word' id='word_1_190' title='bbox 2863 1425 3071 1480; x_wconf 83' lang='lat' dir='ltr'><strong>fruetus</strong></span> <span class='ocrx_word' id='word_1_191' title='bbox 3111 1427 3386 1497; x_wconf 85' lang='lat' dir='ltr'><strong>carpimus</strong></span> <span class='ocrx_word' id='word_1_192' title='bbox 3431 1426 3483 1480; x_wconf 91' lang='lat' dir='ltr'><strong>in</strong></span> <span class='ocrx_word' id='word_1_193' title='bbox 3518 1425 3720 1480; x_wconf 72' lang='lat' dir='ltr'><strong>divina:</strong></span> 
     </span>
    </p>
   </div>
   <div class='ocr_carea' id='block_1_29' title="bbox 2127 1513 3722 1587">
    <p class='ocr_par' dir='ltr' id='par_1_29' title="bbox 2127 1513 3722 1587">
     <span class='ocr_line' id='line_1_29' title="bbox 2127 1513 3722 1587; baseline -0.001 -17"><span class='ocrx_word' id='word_1_194' title='bbox 2127 1517 2338 1587; x_wconf 81' lang='lat' dir='ltr'><strong>paginae</strong></span> <span class='ocrx_word' id='word_1_195' title='bbox 2373 1515 2614 1582; x_wconf 77' lang='lat' dir='ltr'><strong>hortulo,</strong></span> <span class='ocrx_word' id='word_1_196' title='bbox 2641 1529 2868 1586; x_wconf 87' lang='lat' dir='ltr'><strong>quorum</strong></span> <span class='ocrx_word' id='word_1_197' title='bbox 2899 1515 3115 1572; x_wconf 86' lang='lat' dir='ltr'><strong>radices</strong></span> <span class='ocrx_word' id='word_1_198' title='bbox 3153 1515 3388 1585; x_wconf 77' lang='lat' dir='ltr'><strong>gloriose</strong></span> <span class='ocrx_word' id='word_1_199' title='bbox 3438 1513 3558 1568; x_wconf 69' lang='lat' dir='ltr'><strong>ﬁxae</strong></span> <span class='ocrx_word' id='word_1_200' title='bbox 3593 1523 3722 1570; x_wconf 85' lang='lat' dir='ltr'><strong>sunt</strong></span> 
     </span>
    </p>
   </div>
   <div class='ocr_carea' id='block_1_30' title="bbox 2129 1605 2565 1663">
    <p class='ocr_par' dir='ltr' id='par_1_30' title="bbox 2129 1605 2565 1663">
     <span class='ocr_line' id='line_1_30' title="bbox 2129 1605 2565 1663; baseline -0.002 -1"><span class='ocrx_word' id='word_1_201' title='bbox 2129 1608 2183 1662; x_wconf 88' lang='lat' dir='ltr'><strong>in</strong></span> <span class='ocrx_word' id='word_1_202' title='bbox 2212 1607 2370 1663; x_wconf 63' lang='lat' dir='ltr'><strong>corio.</strong></span> <span class='ocrx_word' id='word_1_203' title='bbox 2415 1605 2565 1662; x_wconf 83' lang='lat' dir='ltr'><strong>Vale.</strong></span> 
     </span>
    </p>
   </div>
   <div class='ocr_carea' id='block_1_31' title="bbox 444 1769 3712 1823">
    <p class='ocr_par' dir='ltr' id='par_1_31' title="bbox 444 1769 3712 1823">
     <span class='ocr_line' id='line_1_31' title="bbox 444 1769 3712 1823; baseline 0.003 -10"><span class='ocrx_word' id='word_1_204' title='bbox 444 1769 3712 1823; x_wconf 55' lang='lat' dir='ltr'>MM</span> 
     </span>
    </p>
   </div>
   <div class='ocr_carea' id='block_1_32' title="bbox 1937 1805 2060 1820">
    <p class='ocr_par' dir='ltr' id='par_1_32' title="bbox 1937 1805 2060 1820">
     <span class='ocr_line' id='line_1_32' title="bbox 1937 1805 2060 1820; baseline 0 0"><span class='ocrx_word' id='word_1_205' title='bbox 1937 1805 2060 1820; x_wconf 53' lang='grc' dir='ltr'><strong>ξέοι--</strong></span> 
     </span>
    </p>
   </div>
   <div class='ocr_carea' id='block_1_33' title="bbox 1647 1899 2426 1946">
    <p class='ocr_par' dir='ltr' id='par_1_33' title="bbox 1647 1899 2426 1946">
     <span class='ocr_line' id='line_1_33' title="bbox 1647 1899 2426 1946; baseline 0.005 -4"><span class='ocrx_word' id='word_1_206' title='bbox 1647 1899 1818 1944; x_wconf 74' lang='grc' dir='ltr'><strong>ΔΝΝΟ</strong></span> <span class='ocrx_word' id='word_1_207' title='bbox 1859 1899 2090 1945; x_wconf 69' lang='lat' dir='ltr'><strong>DOMINI</strong></span> <span class='ocrx_word' id='word_1_208' title='bbox 2133 1899 2426 1946; x_wconf 53' lang='lat' dir='ltr'><strong>MLKIXV.</strong></span> 
     </span>
    </p>
   </div>
   <div class='ocr_carea' id='block_1_34' title="bbox 846 2053 3317 2360">
    <p class='ocr_par' dir='ltr' id='par_1_34' title="bbox 846 2053 3317 2360">
     <span class='ocr_line' id='line_1_34' title="bbox 846 2053 3317 2360; baseline 0.002 -130"><span class='ocrx_word' id='word_1_209' title='bbox 846 2067 1918 2237; x_wconf 79' lang='lat' dir='ltr'><strong>SANCTUS</strong></span> <span class='ocrx_word' id='word_1_210' title='bbox 2003 2061 3317 2360; x_wconf 45' lang='lat' dir='ltr'><strong>TaNSELMUS</strong></span> 
     </span>
    </p>
   </div>
   <div class='ocr_carea' id='block_1_35' title="bbox 1597 2353 2370 2498">
    <p class='ocr_par' dir='ltr' id='par_1_35' title="bbox 1597 2353 2370 2498">
     <span class='ocr_line' id='line_1_35' title="bbox 1597 2353 2370 2498; baseline -0.001 -38"><span class='ocrx_word' id='word_1_211' title='bbox 1597 2353 2370 2498; x_wconf 47' lang='lat' dir='ltr'><strong>Lucensisﬁriscorus.</strong></span> 
     </span>
    </p>
   </div>
   <div class='ocr_carea' id='block_1_36' title="bbox 1087 2487 1806 2522">
    <p class='ocr_par' dir='ltr' id='par_1_36' title="bbox 1087 2487 1806 2522">
     <span class='ocr_line' id='line_1_36' title="bbox 1087 2487 1806 2522; baseline 0.006 -8"><span class='ocrx_word' id='word_1_212' title='bbox 1087 2487 1124 2514; x_wconf 49' lang='grc' dir='ltr'><strong>,κ’</strong></span> <span class='ocrx_word' id='word_1_213' title='bbox 1599 2493 1806 2522; x_wconf 49' lang='lat' dir='ltr'><strong>H“</strong></span> 
     </span>
    </p>
   </div>
   <div class='ocr_carea' id='block_1_37' title="bbox 845 2529 1306 2586">
    <p class='ocr_par' dir='ltr' id='par_1_37' title="bbox 845 2529 1306 2586">
     <span class='ocr_line' id='line_1_37' title="bbox 845 2529 1306 2586; baseline 0.002 -17"><span class='ocrx_word' id='word_1_214' title='bbox 845 2529 866 2548; x_wconf 68' lang='lat'><strong><em>&quot;</em></strong></span> <span class='ocrx_word' id='word_1_215' title='bbox 953 2529 1074 2574; x_wconf 64' lang='grc' dir='ltr'><strong>έ...ῼέ</strong></span> <span class='ocrx_word' id='word_1_216' title='bbox 1113 2547 1152 2582; x_wconf 56' lang='grc' dir='ltr'><strong>,σε</strong></span> <span class='ocrx_word' id='word_1_217' title='bbox 1175 2547 1190 2582; x_wconf 34' lang='grc' dir='ltr'><strong>,θ</strong></span> <span class='ocrx_word' id='word_1_218' title='bbox 1221 2543 1262 2586; x_wconf 50' lang='lat'><strong>:1.-</strong></span> <span class='ocrx_word' id='word_1_219' title='bbox 1303 2567 1306 2570; x_wconf 74' lang='grc'>.</span> 
     </span>
    </p>
   </div>
   <div class='ocr_carea' id='block_1_38' title="bbox 1088 2683 2023 2768">
    <p class='ocr_par' dir='ltr' id='par_1_38' title="bbox 1088 2683 2023 2766">
     <span class='ocr_line' id='line_1_38' title="bbox 1088 2683 2023 2766; baseline 0.004 -6"><span class='ocrx_word' id='word_1_220' title='bbox 1088 2683 1402 2764; x_wconf 65' lang='lat' dir='ltr'><strong>ROTI&#39;X</strong></span> <span class='ocrx_word' id='word_1_221' title='bbox 1433 2684 1528 2764; x_wconf 77' lang='lat' dir='ltr'><strong>1A</strong></span> <span class='ocrx_word' id='word_1_222' title='bbox 1594 2685 2023 2766; x_wconf 83' lang='lat' dir='ltr'><strong>HISTOBI</strong></span> 
     </span>
    </p>
   </div>
   <div class='ocr_carea' id='block_1_39' title="bbox 2128 2683 3072 2768">
    <p class='ocr_par' dir='ltr' id='par_1_39' title="bbox 2128 2685 3072 2768">
     <span class='ocr_line' id='line_1_39' title="bbox 2128 2685 3072 2768; baseline 0.003 -4"><span class='ocrx_word' id='word_1_223' title='bbox 2128 2693 2155 2764; x_wconf 66' lang='grc' dir='ltr'>ι</span> <span class='ocrx_word' id='word_1_224' title='bbox 2215 2686 2348 2764; x_wconf 88' lang='grc' dir='ltr'><strong>ΕΤ</strong></span> <span class='ocrx_word' id='word_1_225' title='bbox 2407 2685 3072 2768; x_wconf 48' lang='grc' dir='ltr'><strong>ΙΑΙΤΤΕΒΑΙΠΑ.</strong></span> 
     </span>
    </p>
   </div>
   <div class='ocr_carea' id='block_1_40' title="bbox 715 2821 2705 2962">
    <p class='ocr_par' dir='ltr' id='par_1_40' title="bbox 715 2821 2705 2938">
     <span class='ocr_line' id='line_1_40' title="bbox 715 2821 2705 2938; baseline 0.005 -28"><span class='ocrx_word' id='word_1_226' title='bbox 715 2821 730 2835; x_wconf 59' lang='grc'><strong><em>³</em></strong></span> <span class='ocrx_word' id='word_1_227' title='bbox 793 2881 824 2904; x_wconf 72' lang='grc' dir='ltr'><strong><em>ο</em></strong></span> <span class='ocrx_word' id='word_1_228' title='bbox 1354 2859 1596 2932; x_wconf 86' lang='lat' dir='ltr'><strong>(Oudin.,</strong></span> <span class='ocrx_word' id='word_1_229' title='bbox 1629 2857 1900 2921; x_wconf 73' lang='lat' dir='ltr'><strong>Comment</strong></span> <span class='ocrx_word' id='word_1_230' title='bbox 1925 2863 1990 2920; x_wconf 79' lang='lat' dir='ltr'><strong>de</strong></span> <span class='ocrx_word' id='word_1_231' title='bbox 2025 2863 2226 2936; x_wconf 84' lang='lat' dir='ltr'><strong>Script.</strong></span> <span class='ocrx_word' id='word_1_232' title='bbox 2249 2863 2435 2919; x_wconf 80' lang='lat' dir='ltr'><strong>eccles.</strong></span> <span class='ocrx_word' id='word_1_233' title='bbox 2465 2865 2530 2934; x_wconf 86' lang='grc' dir='ltr'><strong>ιι,</strong></span> <span class='ocrx_word' id='word_1_234' title='bbox 2554 2865 2705 2938; x_wconf 77' lang='lat'><strong>710.)</strong></span> 
     </span>
    </p>
   </div>
   <div class='ocr_carea' id='block_1_41' title="bbox 503 3027 3724 3117">
    <p class='ocr_par' dir='ltr' id='par_1_41' title="bbox 503 3027 3724 3117">
     <span class='ocr_line' id='line_1_41' title="bbox 503 3027 3724 3117; baseline 0.005 -26"><span class='ocrx_word' id='word_1_235' title='bbox 503 3041 562 3097; x_wconf 87' lang='lat' dir='ltr'><strong>s.</strong></span> <span class='ocrx_word' id='word_1_236' title='bbox 593 3041 882 3099; x_wconf 76' lang='lat' dir='ltr'><strong>Anselmus</strong></span> <span class='ocrx_word' id='word_1_237' title='bbox 911 3044 1176 3101; x_wconf 69' lang='lat' dir='ltr'><strong>Lucensis</strong></span> <span class='ocrx_word' id='word_1_238' title='bbox 1219 3045 1525 3117; x_wconf 77' lang='lat' dir='ltr'><strong>cpiscopus,</strong></span> <span class='ocrx_word' id='word_1_239' title='bbox 1559 3047 1736 3116; x_wconf 73' lang='lat' dir='ltr'><strong>patria</strong></span> <span class='ocrx_word' id='word_1_240' title='bbox 1777 3046 2022 3104; x_wconf 75' lang='lat' dir='ltr'><strong>Mantua-</strong></span> <span class='ocrx_word' id='word_1_241' title='bbox 2053 3027 2096 3086; x_wconf 81' lang='grc' dir='ltr'><strong>Β</strong></span> <span class='ocrx_word' id='word_1_242' title='bbox 2125 3058 2261 3112; x_wconf 88' lang='lat' dir='ltr'><strong>quas</strong></span> <span class='ocrx_word' id='word_1_243' title='bbox 2291 3041 2470 3113; x_wconf 92' lang='lat' dir='ltr'><strong>legito.</strong></span> <span class='ocrx_word' id='word_1_244' title='bbox 2497 3043 2832 3101; x_wconf 86' lang='lat' dir='ltr'><strong>Promiserat</strong></span> <span class='ocrx_word' id='word_1_245' title='bbox 2861 3045 3020 3116; x_wconf 85' lang='lat' dir='ltr'><strong>hujus</strong></span> <span class='ocrx_word' id='word_1_246' title='bbox 3047 3045 3393 3105; x_wconf 88' lang='lat' dir='ltr'><strong>Collectionis</strong></span> <span class='ocrx_word' id='word_1_247' title='bbox 3421 3049 3724 3108; x_wconf 87' lang='lat' dir='ltr'><strong>editionem</strong></span> 
     </span>
    </p>
   </div>
   <div class='ocr_carea' id='block_1_42' title="bbox 433 3133 2020 3206">
    <p class='ocr_par' dir='ltr' id='par_1_42' title="bbox 433 3133 2020 3206">
     <span class='ocr_line' id='line_1_42' title="bbox 433 3133 2020 3206; baseline 0.006 -20"><span class='ocrx_word' id='word_1_248' title='bbox 433 3149 556 3198; x_wconf 80' lang='lat' dir='ltr'><strong>nos,</strong></span> <span class='ocrx_word' id='word_1_249' title='bbox 587 3133 652 3188; x_wconf 89' lang='lat' dir='ltr'><strong>de</strong></span> <span class='ocrx_word' id='word_1_250' title='bbox 701 3151 809 3204; x_wconf 91' lang='lat' dir='ltr'><strong>quo</strong></span> <span class='ocrx_word' id='word_1_251' title='bbox 852 3151 1020 3206; x_wconf 85' lang='lat' dir='ltr'><strong>parce</strong></span> <span class='ocrx_word' id='word_1_252' title='bbox 1065 3137 1354 3194; x_wconf 86' lang='lat' dir='ltr'><strong>admodum</strong></span> <span class='ocrx_word' id='word_1_253' title='bbox 1396 3137 1712 3196; x_wconf 88' lang='lat' dir='ltr'><strong>Guillelmus</strong></span> <span class='ocrx_word' id='word_1_254' title='bbox 1749 3139 1929 3198; x_wconf 75' lang='lat' dir='ltr'><strong>Carus</strong></span> <span class='ocrx_word' id='word_1_255' title='bbox 1966 3142 2020 3197; x_wconf 87' lang='lat' dir='ltr'><strong>in</strong></span> 
     </span>
    </p>
   </div>
   <div class='ocr_carea' id='block_1_43' title="bbox 437 3225 2020 3300">
    <p class='ocr_par' dir='ltr' id='par_1_43' title="bbox 437 3225 2020 3300">
     <span class='ocr_line' id='line_1_43' title="bbox 437 3225 2020 3300; baseline 0.007 -22"><span class='ocrx_word' id='word_1_256' title='bbox 437 3225 674 3282; x_wconf 75' lang='lat' dir='ltr'><strong>Historia</strong></span> <span class='ocrx_word' id='word_1_257' title='bbox 693 3228 1022 3300; x_wconf 81' lang='lat' dir='ltr'><strong>Scriptorum</strong></span> <span class='ocrx_word' id='word_1_258' title='bbox 1044 3230 1534 3298; x_wconf 77' lang='lat' dir='ltr'><strong>ecclesiasticarum,</strong></span> <span class='ocrx_word' id='word_1_259' title='bbox 1551 3233 1618 3288; x_wconf 86' lang='lat' dir='ltr'><strong>ad</strong></span> <span class='ocrx_word' id='word_1_260' title='bbox 1641 3250 1840 3289; x_wconf 88' lang='lat' dir='ltr'><strong>annum</strong></span> <span class='ocrx_word' id='word_1_261' title='bbox 1859 3229 2020 3298; x_wconf 71' lang='grc' dir='ltr'><strong>ιῡῖι,</strong></span> 
     </span>
    </p>
   </div>
   <div class='ocr_carea' id='block_1_44' title="bbox 433 3319 2020 3394">
    <p class='ocr_par' dir='ltr' id='par_1_44' title="bbox 433 3319 2020 3394">
     <span class='ocr_line' id='line_1_44' title="bbox 433 3319 2020 3394; baseline 0.006 -22"><span class='ocrx_word' id='word_1_262' title='bbox 433 3335 552 3391; x_wconf 86' lang='lat' dir='ltr'><strong>pag.</strong></span> <span class='ocrx_word' id='word_1_263' title='bbox 575 3319 698 3375; x_wconf 84' lang='lat'><strong>617.</strong></span> <span class='ocrx_word' id='word_1_264' title='bbox 717 3319 816 3377; x_wconf 76' lang='lat' dir='ltr'><strong>llic</strong></span> <span class='ocrx_word' id='word_1_265' title='bbox 838 3323 906 3377; x_wconf 86' lang='lat' dir='ltr'><strong>ab</strong></span> <span class='ocrx_word' id='word_1_266' title='bbox 929 3322 1238 3379; x_wconf 80' lang='lat' dir='ltr'><strong>Alexandro</strong></span> <span class='ocrx_word' id='word_1_267' title='bbox 1255 3339 1388 3394; x_wconf 89' lang='lat' dir='ltr'><strong>papa</strong></span> <span class='ocrx_word' id='word_1_268' title='bbox 1409 3327 1666 3392; x_wconf 89' lang='lat' dir='ltr'><strong>secundo,</strong></span> <span class='ocrx_word' id='word_1_269' title='bbox 1693 3341 1834 3381; x_wconf 87' lang='lat' dir='ltr'><strong>anno</strong></span> <span class='ocrx_word' id='word_1_270' title='bbox 1861 3326 2020 3392; x_wconf 71' lang='lat' dir='ltr'><strong>l073,</strong></span> 
     </span>
    </p>
   </div>
   <div class='ocr_carea' id='block_1_45' title="bbox 433 3410 2018 3487">
    <p class='ocr_par' dir='ltr' id='par_1_45' title="bbox 433 3410 2018 3487">
     <span class='ocr_line' id='line_1_45' title="bbox 433 3410 2018 3487; baseline 0.006 -25"><span class='ocrx_word' id='word_1_271' title='bbox 433 3410 690 3468; x_wconf 79' lang='lat' dir='ltr'><strong>Lucensis</strong></span> <span class='ocrx_word' id='word_1_272' title='bbox 717 3412 768 3467; x_wconf 87' lang='lat' dir='ltr'><strong>in</strong></span> <span class='ocrx_word' id='word_1_273' title='bbox 797 3413 994 3469; x_wconf 81' lang='lat' dir='ltr'><strong>Tuscia</strong></span> <span class='ocrx_word' id='word_1_274' title='bbox 1017 3415 1302 3487; x_wconf 84' lang='lat' dir='ltr'><strong>episeOpus</strong></span> <span class='ocrx_word' id='word_1_275' title='bbox 1333 3413 1526 3481; x_wconf 81' lang='lat' dir='ltr'><strong>factus,</strong></span> <span class='ocrx_word' id='word_1_276' title='bbox 1551 3427 1604 3472; x_wconf 90' lang='lat' dir='ltr'><strong>et</strong></span> <span class='ocrx_word' id='word_1_277' title='bbox 1629 3417 1695 3471; x_wconf 88' lang='lat' dir='ltr'><strong>ad</strong></span> <span class='ocrx_word' id='word_1_278' title='bbox 1727 3415 2018 3474; x_wconf 83' lang='lat' dir='ltr'><strong>llenricum</strong></span> 
     </span>
    </p>
   </div>
   <div class='ocr_carea' id='block_1_46' title="bbox 437 3503 2022 3578">
    <p class='ocr_par' dir='ltr' id='par_1_46' title="bbox 437 3503 2022 3578">
     <span class='ocr_line' id='line_1_46' title="bbox 437 3503 2022 3578; baseline 0.005 -24"><span class='ocrx_word' id='word_1_279' title='bbox 437 3517 615 3570; x_wconf 76' lang='lat' dir='ltr'><strong>regem</strong></span> <span class='ocrx_word' id='word_1_280' title='bbox 633 3503 699 3557; x_wconf 87' lang='lat' dir='ltr'><strong>ad</strong></span> <span class='ocrx_word' id='word_1_281' title='bbox 717 3503 1188 3560; x_wconf 76' lang='lat' dir='ltr'><strong>confirmationem</strong></span> <span class='ocrx_word' id='word_1_282' title='bbox 1209 3507 1600 3576; x_wconf 87' lang='lat' dir='ltr'><strong>impetrandam</strong></span> <span class='ocrx_word' id='word_1_283' title='bbox 1625 3507 1847 3572; x_wconf 85' lang='lat' dir='ltr'><strong>missus.</strong></span> <span class='ocrx_word' id='word_1_284' title='bbox 1865 3525 1890 3562; x_wconf 84' lang='lat' dir='ltr'><strong>a</strong></span> <span class='ocrx_word' id='word_1_285' title='bbox 1915 3522 2022 3578; x_wconf 81' lang='lat' dir='ltr'><strong>quo</strong></span> 
     </span>
    </p>
   </div>
   <div class='ocr_carea' id='block_1_47' title="bbox 433 3593 2020 3671">
    <p class='ocr_par' dir='ltr' id='par_1_47' title="bbox 433 3593 2020 3671">
     <span class='ocr_line' id='line_1_47' title="bbox 433 3593 2020 3671; baseline 0.006 -27"><span class='ocrx_word' id='word_1_286' title='bbox 433 3593 808 3651; x_wconf 87' lang='lat' dir='ltr'><strong>investituram</strong></span> <span class='ocrx_word' id='word_1_287' title='bbox 858 3612 955 3668; x_wconf 90' lang='lat' dir='ltr'><strong>per</strong></span> <span class='ocrx_word' id='word_1_288' title='bbox 1003 3599 1259 3654; x_wconf 87' lang='lat' dir='ltr'><strong>annulum</strong></span> <span class='ocrx_word' id='word_1_289' title='bbox 1297 3609 1351 3655; x_wconf 88' lang='lat' dir='ltr'><strong>et</strong></span> <span class='ocrx_word' id='word_1_290' title='bbox 1389 3599 1641 3655; x_wconf 84' lang='lat' dir='ltr'><strong>baculum</strong></span> <span class='ocrx_word' id='word_1_291' title='bbox 1692 3600 2020 3671; x_wconf 80' lang='lat' dir='ltr'><strong>pastoralem</strong></span> 
     </span>
    </p>
   </div>
   <div class='ocr_carea' id='block_1_48' title="bbox 430 3686 2021 3760">
    <p class='ocr_par' dir='ltr' id='par_1_48' title="bbox 430 3686 2021 3760">
     <span class='ocr_line' id='line_1_48' title="bbox 430 3686 2021 3760; baseline 0.006 -25"><span class='ocrx_word' id='word_1_292' title='bbox 430 3686 661 3754; x_wconf 65' lang='lat' dir='ltr'><strong>accepit.</strong></span> <span class='ocrx_word' id='word_1_293' title='bbox 697 3687 819 3741; x_wconf 81' lang='lat' dir='ltr'><strong>Mox</strong></span> <span class='ocrx_word' id='word_1_294' title='bbox 853 3703 983 3742; x_wconf 85' lang='lat' dir='ltr'><strong>vero</strong></span> <span class='ocrx_word' id='word_1_295' title='bbox 1017 3687 1144 3746; x_wconf 75' lang='lat' dir='ltr'><strong>facti</strong></span> <span class='ocrx_word' id='word_1_296' title='bbox 1177 3691 1498 3760; x_wconf 86' lang='lat' dir='ltr'><strong>poenitentia</strong></span> <span class='ocrx_word' id='word_1_297' title='bbox 1535 3691 1728 3745; x_wconf 90' lang='lat' dir='ltr'><strong>ductus</strong></span> <span class='ocrx_word' id='word_1_298' title='bbox 1770 3691 2021 3746; x_wconf 88' lang='lat' dir='ltr'><strong>baculum</strong></span> 
     </span>
    </p>
   </div>
   <div class='ocr_carea' id='block_1_49' title="bbox 430 3777 2025 3851">
    <p class='ocr_par' dir='ltr' id='par_1_49' title="bbox 430 3777 2025 3851">
     <span class='ocr_line' id='line_1_49' title="bbox 430 3777 2025 3851; baseline 0.009 -25"><span class='ocrx_word' id='word_1_299' title='bbox 430 3777 697 3844; x_wconf 82' lang='lat' dir='ltr'><strong>deposuit,</strong></span> <span class='ocrx_word' id='word_1_300' title='bbox 750 3787 827 3842; x_wconf 87' lang='lat' dir='ltr'><strong>et,</strong></span> <span class='ocrx_word' id='word_1_301' title='bbox 877 3779 1128 3835; x_wconf 88' lang='lat' dir='ltr'><strong>abdicato</strong></span> <span class='ocrx_word' id='word_1_302' title='bbox 1175 3782 1508 3851; x_wconf 85' lang='lat' dir='ltr'><strong>episcopatu,</strong></span> <span class='ocrx_word' id='word_1_303' title='bbox 1560 3785 1629 3837; x_wconf 89' lang='lat' dir='ltr'><strong>ad</strong></span> <span class='ocrx_word' id='word_1_304' title='bbox 1667 3783 2025 3841; x_wconf 83' lang='lat' dir='ltr'><strong>Cluniacense</strong></span> 
     </span>
    </p>
   </div>
   <div class='ocr_carea' id='block_1_50' title="bbox 433 3867 2024 3944">
    <p class='ocr_par' dir='ltr' id='par_1_50' title="bbox 433 3867 2024 3944">
     <span class='ocr_line' id='line_1_50' title="bbox 433 3867 2024 3944; baseline 0.01 -28"><span class='ocrx_word' id='word_1_305' title='bbox 433 3867 820 3922; x_wconf 76' lang='lat' dir='ltr'><strong>monasterium</strong></span> <span class='ocrx_word' id='word_1_306' title='bbox 863 3871 1123 3936; x_wconf 87' lang='lat' dir='ltr'><strong>secessit,</strong></span> <span class='ocrx_word' id='word_1_307' title='bbox 1156 3873 1327 3928; x_wconf 86' lang='lat' dir='ltr'><strong>donec</strong></span> <span class='ocrx_word' id='word_1_308' title='bbox 1353 3888 1386 3927; x_wconf 85' lang='lat' dir='ltr'><strong>a</strong></span> <span class='ocrx_word' id='word_1_309' title='bbox 1411 3873 1674 3944; x_wconf 79' lang='lat' dir='ltr'><strong>Gregorio</strong></span> <span class='ocrx_word' id='word_1_310' title='bbox 1705 3876 1794 3931; x_wconf 76' lang='grc' dir='ltr'><strong>νη</strong></span> <span class='ocrx_word' id='word_1_311' title='bbox 1825 3877 1892 3932; x_wconf 89' lang='lat' dir='ltr'><strong>ad</strong></span> <span class='ocrx_word' id='word_1_312' title='bbox 1925 3877 2024 3932; x_wconf 84' lang='lat' dir='ltr'><strong>Ec-</strong></span> 
     </span>
    </p>
   </div>
   <div class='ocr_carea' id='block_1_51' title="bbox 431 3958 2026 4040">
    <p class='ocr_par' dir='ltr' id='par_1_51' title="bbox 431 3958 2026 4040">
     <span class='ocr_line' id='line_1_51' title="bbox 431 3958 2026 4040; baseline 0.009 -30"><span class='ocrx_word' id='word_1_313' title='bbox 431 3958 609 4012; x_wconf 68' lang='lat' dir='ltr'><strong>clesite</strong></span> <span class='ocrx_word' id='word_1_314' title='bbox 663 3961 906 4030; x_wconf 80' lang='lat' dir='ltr'><strong>regimen</strong></span> <span class='ocrx_word' id='word_1_315' title='bbox 957 3973 1274 4030; x_wconf 85' lang='lat' dir='ltr'><strong>revocatus,</strong></span> <span class='ocrx_word' id='word_1_316' title='bbox 1335 3981 1478 4020; x_wconf 88' lang='lat' dir='ltr'><strong>anno</strong></span> <span class='ocrx_word' id='word_1_317' title='bbox 1529 3967 1667 4022; x_wconf 78' lang='grc'><strong>1075</strong></span> <span class='ocrx_word' id='word_1_318' title='bbox 1719 3969 2026 4040; x_wconf 79' lang='lat' dir='ltr'><strong>episcopale</strong></span> 
     </span>
    </p>
   </div>
   <div class='ocr_carea' id='block_1_52' title="bbox 433 4053 2025 4129">
    <p class='ocr_par' dir='ltr' id='par_1_52' title="bbox 433 4053 2025 4129">
     <span class='ocr_line' id='line_1_52' title="bbox 433 4053 2025 4129; baseline 0.008 -25"><span class='ocrx_word' id='word_1_319' title='bbox 433 4067 631 4105; x_wconf 84' lang='lat' dir='ltr'><strong>munus</strong></span> <span class='ocrx_word' id='word_1_320' title='bbox 663 4053 896 4122; x_wconf 85' lang='lat' dir='ltr'><strong>repetiit.</strong></span> <span class='ocrx_word' id='word_1_321' title='bbox 939 4055 1096 4110; x_wconf 82' lang='lat' dir='ltr'><strong>Anno</strong></span> <span class='ocrx_word' id='word_1_322' title='bbox 1129 4056 1262 4110; x_wconf 77' lang='lat'><strong>1077</strong></span> <span class='ocrx_word' id='word_1_323' title='bbox 1302 4073 1330 4110; x_wconf 89' lang='lat' dir='ltr'><strong>a</strong></span> <span class='ocrx_word' id='word_1_324' title='bbox 1363 4057 1628 4129; x_wconf 87' lang='lat' dir='ltr'><strong>Gregorio</strong></span> <span class='ocrx_word' id='word_1_325' title='bbox 1661 4061 1728 4116; x_wconf 86' lang='lat' dir='ltr'><strong>ad</strong></span> <span class='ocrx_word' id='word_1_326' title='bbox 1768 4061 2025 4116; x_wconf 85' lang='lat' dir='ltr'><strong>Mediola-</strong></span> 
     </span>
    </p>
   </div>
   <div class='ocr_carea' id='block_1_53' title="bbox 431 4147 2023 4224">
    <p class='ocr_par' dir='ltr' id='par_1_53' title="bbox 431 4147 2023 4224">
     <span class='ocr_line' id='line_1_53' title="bbox 431 4147 2023 4224; baseline 0.01 -30"><span class='ocrx_word' id='word_1_327' title='bbox 431 4158 628 4198; x_wconf 76' lang='lat' dir='ltr'><strong>nrnses</strong></span> <span class='ocrx_word' id='word_1_328' title='bbox 671 4159 776 4197; x_wconf 82' lang='lat' dir='ltr'><strong>una</strong></span> <span class='ocrx_word' id='word_1_329' title='bbox 823 4161 946 4200; x_wconf 89' lang='lat' dir='ltr'><strong>cum</strong></span> <span class='ocrx_word' id='word_1_330' title='bbox 987 4147 1220 4204; x_wconf 86' lang='lat' dir='ltr'><strong>Geraldo</strong></span> <span class='ocrx_word' id='word_1_331' title='bbox 1255 4149 1512 4221; x_wconf 84' lang='lat' dir='ltr'><strong>episc0po</strong></span> <span class='ocrx_word' id='word_1_332' title='bbox 1544 4150 1779 4210; x_wconf 88' lang='lat' dir='ltr'><strong>Ostiensi</strong></span> <span class='ocrx_word' id='word_1_333' title='bbox 1813 4153 2023 4224; x_wconf 89' lang='lat' dir='ltr'><strong>legatus</strong></span> 
     </span>
    </p>
   </div>
   <div class='ocr_carea' id='block_1_54' title="bbox 435 4237 2024 4302">
    <p class='ocr_par' dir='ltr' id='par_1_54' title="bbox 435 4237 2024 4302">
     <span class='ocr_line' id='line_1_54' title="bbox 435 4237 2024 4302; baseline 0.008 -14"><span class='ocrx_word' id='word_1_334' title='bbox 435 4248 538 4302; x_wconf 85' lang='lat' dir='ltr'><strong>est,</strong></span> <span class='ocrx_word' id='word_1_335' title='bbox 584 4245 642 4290; x_wconf 91' lang='lat' dir='ltr'><strong>ut</strong></span> <span class='ocrx_word' id='word_1_336' title='bbox 672 4253 765 4292; x_wconf 89' lang='lat' dir='ltr'><strong>eos</strong></span> <span class='ocrx_word' id='word_1_337' title='bbox 797 4237 1054 4294; x_wconf 76' lang='lat' dir='ltr'><strong>Ecclesia:</strong></span> <span class='ocrx_word' id='word_1_338' title='bbox 1092 4237 1348 4296; x_wconf 73' lang='lat' dir='ltr'><strong>Romana:</strong></span> <span class='ocrx_word' id='word_1_339' title='bbox 1375 4243 1574 4298; x_wconf 90' lang='lat' dir='ltr'><strong>uniret.</strong></span> <span class='ocrx_word' id='word_1_340' title='bbox 1603 4243 1766 4299; x_wconf 77' lang='lat' dir='ltr'><strong>Anno</strong></span> <span class='ocrx_word' id='word_1_341' title='bbox 1791 4245 1929 4301; x_wconf 73' lang='grc'><strong>1084</strong></span> <span class='ocrx_word' id='word_1_342' title='bbox 1956 4247 2024 4301; x_wconf 90' lang='lat' dir='ltr'><strong>ab</strong></span> 
     </span>
    </p>
   </div>
   <div class='ocr_carea' id='block_1_55' title="bbox 431 4329 2020 4408">
    <p class='ocr_par' dir='ltr' id='par_1_55' title="bbox 431 4329 2020 4408">
     <span class='ocr_line' id='line_1_55' title="bbox 431 4329 2020 4408; baseline 0.006 -26"><span class='ocrx_word' id='word_1_343' title='bbox 431 4329 622 4383; x_wconf 87' lang='lat' dir='ltr'><strong>eodem</strong></span> <span class='ocrx_word' id='word_1_344' title='bbox 651 4329 934 4399; x_wconf 81' lang='lat' dir='ltr'><strong>Gregorio,</strong></span> <span class='ocrx_word' id='word_1_345' title='bbox 967 4333 1122 4403; x_wconf 80' lang='lat' dir='ltr'><strong>cujus</strong></span> <span class='ocrx_word' id='word_1_346' title='bbox 1151 4343 1330 4404; x_wconf 89' lang='lat' dir='ltr'><strong>partes</strong></span> <span class='ocrx_word' id='word_1_347' title='bbox 1353 4345 1542 4390; x_wconf 87' lang='lat' dir='ltr'><strong>contra</strong></span> <span class='ocrx_word' id='word_1_348' title='bbox 1573 4335 1864 4391; x_wconf 82' lang='lat' dir='ltr'><strong>llenricum</strong></span> <span class='ocrx_word' id='word_1_349' title='bbox 1889 4338 2020 4408; x_wconf 86' lang='lat' dir='ltr'><strong>imp.</strong></span> 
     </span>
    </p>
   </div>
   <div class='ocr_carea' id='block_1_56' title="bbox 434 4421 2020 4500">
    <p class='ocr_par' dir='ltr' id='par_1_56' title="bbox 434 4421 2020 4500">
     <span class='ocr_line' id='line_1_56' title="bbox 434 4421 2020 4500; baseline 0.004 -24"><span class='ocrx_word' id='word_1_350' title='bbox 434 4435 648 4476; x_wconf 85' lang='lat' dir='ltr'><strong>summo</strong></span> <span class='ocrx_word' id='word_1_351' title='bbox 671 4421 838 4476; x_wconf 86' lang='lat' dir='ltr'><strong>animi</strong></span> <span class='ocrx_word' id='word_1_352' title='bbox 867 4423 1048 4478; x_wconf 84' lang='lat' dir='ltr'><strong>studio</strong></span> <span class='ocrx_word' id='word_1_353' title='bbox 1074 4439 1289 4493; x_wconf 87' lang='lat' dir='ltr'><strong>semper</strong></span> <span class='ocrx_word' id='word_1_354' title='bbox 1321 4431 1524 4481; x_wconf 87' lang='lat' dir='ltr'><strong>lutatus</strong></span> <span class='ocrx_word' id='word_1_355' title='bbox 1547 4435 1652 4492; x_wconf 87' lang='lat' dir='ltr'><strong>est,</strong></span> <span class='ocrx_word' id='word_1_356' title='bbox 1683 4425 1833 4482; x_wconf 88' lang='lat' dir='ltr'><strong>vices</strong></span> <span class='ocrx_word' id='word_1_357' title='bbox 1863 4429 2020 4500; x_wconf 79' lang='lat' dir='ltr'><strong>legati</strong></span> 
     </span>
    </p>
   </div>
   <div class='ocr_carea' id='block_1_57' title="bbox 433 4509 2026 4587">
    <p class='ocr_par' dir='ltr' id='par_1_57' title="bbox 433 4509 2026 4587">
     <span class='ocr_line' id='line_1_57' title="bbox 433 4509 2026 4587; baseline 0.004 -22"><span class='ocrx_word' id='word_1_358' title='bbox 433 4527 532 4580; x_wconf 84' lang='lat' dir='ltr'><strong>per</strong></span> <span class='ocrx_word' id='word_1_359' title='bbox 559 4509 766 4564; x_wconf 84' lang='lat' dir='ltr'><strong>italiam</strong></span> <span class='ocrx_word' id='word_1_360' title='bbox 811 4512 1043 4582; x_wconf 84' lang='lat' dir='ltr'><strong>accepit,</strong></span> <span class='ocrx_word' id='word_1_361' title='bbox 1075 4521 1136 4566; x_wconf 91' lang='lat' dir='ltr'><strong>ut</strong></span> <span class='ocrx_word' id='word_1_362' title='bbox 1179 4529 1368 4569; x_wconf 90' lang='lat' dir='ltr'><strong>omnes</strong></span> <span class='ocrx_word' id='word_1_363' title='bbox 1409 4514 1476 4569; x_wconf 89' lang='lat' dir='ltr'><strong>ab</strong></span> <span class='ocrx_word' id='word_1_364' title='bbox 1519 4517 1846 4587; x_wconf 89' lang='lat' dir='ltr'><strong>imperatore</strong></span> <span class='ocrx_word' id='word_1_365' title='bbox 1891 4519 2026 4572; x_wconf 89' lang='lat' dir='ltr'><strong>deli-</strong></span> 
     </span>
    </p>
   </div>
   <div class='ocr_carea' id='block_1_58' title="bbox 430 4602 2023 4676">
    <p class='ocr_par' dir='ltr' id='par_1_58' title="bbox 430 4602 2023 4676">
     <span class='ocr_line' id='line_1_58' title="bbox 430 4602 2023 4676; baseline 0.007 -22"><span class='ocrx_word' id='word_1_366' title='bbox 430 4602 638 4658; x_wconf 75' lang='lat' dir='ltr'><strong>nientes</strong></span> <span class='ocrx_word' id='word_1_367' title='bbox 686 4605 740 4658; x_wconf 88' lang='lat' dir='ltr'><strong>in</strong></span> <span class='ocrx_word' id='word_1_368' title='bbox 787 4603 1043 4659; x_wconf 66' lang='lat' dir='ltr'><strong>Ecclesiae</strong></span> <span class='ocrx_word' id='word_1_369' title='bbox 1088 4606 1354 4674; x_wconf 84' lang='lat' dir='ltr'><strong>gremium</strong></span> <span class='ocrx_word' id='word_1_370' title='bbox 1405 4606 1690 4676; x_wconf 83' lang='lat' dir='ltr'><strong>reciperet.</strong></span> <span class='ocrx_word' id='word_1_371' title='bbox 1724 4608 1800 4664; x_wconf 87' lang='lat' dir='ltr'><strong>ita</strong></span> <span class='ocrx_word' id='word_1_372' title='bbox 1847 4609 2023 4665; x_wconf 85' lang='lat' dir='ltr'><strong>Cavus</strong></span> 
     </span>
    </p>
   </div>
   <div class='ocr_carea' id='block_1_59' title="bbox 432 4693 2022 4768">
    <p class='ocr_par' dir='ltr' id='par_1_59' title="bbox 432 4693 2022 4768">
     <span class='ocr_line' id='line_1_59' title="bbox 432 4693 2022 4768; baseline 0.004 -21"><span class='ocrx_word' id='word_1_373' title='bbox 432 4693 552 4748; x_wconf 88' lang='lat' dir='ltr'><strong>loco</strong></span> <span class='ocrx_word' id='word_1_374' title='bbox 578 4695 766 4748; x_wconf 85' lang='lat' dir='ltr'><strong>citato.</strong></span> <span class='ocrx_word' id='word_1_375' title='bbox 801 4694 894 4749; x_wconf 85' lang='lat' dir='ltr'><strong>Vir</strong></span> <span class='ocrx_word' id='word_1_376' title='bbox 922 4697 1212 4752; x_wconf 86' lang='lat' dir='ltr'><strong>sanctitate</strong></span> <span class='ocrx_word' id='word_1_377' title='bbox 1243 4707 1295 4752; x_wconf 92' lang='lat' dir='ltr'><strong>et</strong></span> <span class='ocrx_word' id='word_1_378' title='bbox 1321 4699 1564 4754; x_wconf 89' lang='lat' dir='ltr'><strong>doctrina</strong></span> <span class='ocrx_word' id='word_1_379' title='bbox 1595 4701 1773 4756; x_wconf 89' lang='lat' dir='ltr'><strong>clarus</strong></span> <span class='ocrx_word' id='word_1_380' title='bbox 1796 4703 2022 4768; x_wconf 85' lang='lat' dir='ltr'><strong>scilicet,</strong></span> 
     </span>
    </p>
   </div>
   <div class='ocr_carea' id='block_1_60' title="bbox 433 4783 2025 4860">
    <p class='ocr_par' dir='ltr' id='par_1_60' title="bbox 433 4783 2025 4860">
     <span class='ocr_line' id='line_1_60' title="bbox 433 4783 2025 4860; baseline 0.006 -22"><span class='ocrx_word' id='word_1_381' title='bbox 433 4785 706 4840; x_wconf 75' lang='lat' dir='ltr'><strong>iunximus</strong></span> <span class='ocrx_word' id='word_1_382' title='bbox 731 4783 978 4856; x_wconf 83' lang='lat' dir='ltr'><strong>Gregorii</strong></span> <span class='ocrx_word' id='word_1_383' title='bbox 1024 4787 1110 4842; x_wconf 73' lang='lat' dir='ltr'><strong>Vll</strong></span> <span class='ocrx_word' id='word_1_384' title='bbox 1155 4789 1350 4844; x_wconf 87' lang='lat' dir='ltr'><strong>summi</strong></span> <span class='ocrx_word' id='word_1_385' title='bbox 1397 4791 1672 4860; x_wconf 78' lang='lat' dir='ltr'><strong>pontiﬁcis</strong></span> <span class='ocrx_word' id='word_1_386' title='bbox 1716 4793 1913 4857; x_wconf 80' lang='lat' dir='ltr'><strong>fautor,</strong></span> <span class='ocrx_word' id='word_1_387' title='bbox 1958 4795 2025 4848; x_wconf 89' lang='lat' dir='ltr'><strong>de</strong></span> 
     </span>
    </p>
   </div>
   <div class='ocr_carea' id='block_1_61' title="bbox 431 4875 2023 4954">
    <p class='ocr_par' dir='ltr' id='par_1_61' title="bbox 431 4875 2023 4954">
     <span class='ocr_line' id='line_1_61' title="bbox 431 4875 2023 4954; baseline 0.008 -26"><span class='ocrx_word' id='word_1_388' title='bbox 431 4891 540 4944; x_wconf 78' lang='lat' dir='ltr'><strong>quo</strong></span> <span class='ocrx_word' id='word_1_389' title='bbox 567 4875 929 4932; x_wconf 84' lang='lat' dir='ltr'><strong>Bellarm&#39;mus</strong></span> <span class='ocrx_word' id='word_1_390' title='bbox 957 4887 1012 4933; x_wconf 91' lang='lat' dir='ltr'><strong>et</strong></span> <span class='ocrx_word' id='word_1_391' title='bbox 1033 4879 1292 4946; x_wconf 72' lang='lat' dir='ltr'><strong>Labbeus</strong></span> <span class='ocrx_word' id='word_1_392' title='bbox 1322 4882 1376 4936; x_wconf 90' lang='lat' dir='ltr'><strong>in</strong></span> <span class='ocrx_word' id='word_1_393' title='bbox 1403 4881 1542 4938; x_wconf 79' lang='lat' dir='ltr'><strong>libro</strong></span> <span class='ocrx_word' id='word_1_394' title='bbox 1575 4883 1648 4938; x_wconf 89' lang='lat' dir='ltr'><strong>De</strong></span> <span class='ocrx_word' id='word_1_395' title='bbox 1678 4886 2023 4954; x_wconf 84' lang='lat' dir='ltr'><strong>scriptoribus</strong></span> 
     </span>
    </p>
   </div>
   <div class='ocr_carea' id='block_1_62' title="bbox 431 4963 2024 5035">
    <p class='ocr_par' dir='ltr' id='par_1_62' title="bbox 431 4963 2024 5035">
     <span class='ocr_line' id='line_1_62' title="bbox 431 4963 2024 5035; baseline 0.008 -17"><span class='ocrx_word' id='word_1_396' title='bbox 431 4963 832 5030; x_wconf 74' lang='lat' dir='ltr'><strong>ecclesiasticis;</strong></span> <span class='ocrx_word' id='word_1_397' title='bbox 858 4967 1054 5035; x_wconf 85' lang='lat' dir='ltr'><strong>quibus</strong></span> <span class='ocrx_word' id='word_1_398' title='bbox 1075 4967 1214 5024; x_wconf 84' lang='lat' dir='ltr'><strong>addo</strong></span> <span class='ocrx_word' id='word_1_399' title='bbox 1241 4970 1294 5024; x_wconf 90' lang='lat' dir='ltr'><strong>in</strong></span> <span class='ocrx_word' id='word_1_400' title='bbox 1321 4971 1508 5026; x_wconf 85' lang='lat' dir='ltr'><strong>multis</strong></span> <span class='ocrx_word' id='word_1_401' title='bbox 1528 4973 1804 5029; x_wconf 85' lang='lat' dir='ltr'><strong>codicibus</strong></span> <span class='ocrx_word' id='word_1_402' title='bbox 1835 4990 2024 5030; x_wconf 87' lang='lat' dir='ltr'><strong>manu-</strong></span> 
     </span>
    </p>
   </div>
   <div class='ocr_carea' id='block_1_63' title="bbox 431 5056 2022 5122">
    <p class='ocr_par' dir='ltr' id='par_1_63' title="bbox 431 5056 2022 5122">
     <span class='ocr_line' id='line_1_63' title="bbox 431 5056 2022 5122; baseline 0.007 -12"><span class='ocrx_word' id='word_1_403' title='bbox 431 5056 645 5122; x_wconf 83' lang='lat' dir='ltr'><strong>scriptis</strong></span> <span class='ocrx_word' id='word_1_404' title='bbox 689 5057 956 5122; x_wconf 85' lang='lat' dir='ltr'><strong>insignem</strong></span> <span class='ocrx_word' id='word_1_405' title='bbox 997 5061 1194 5116; x_wconf 84' lang='lat' dir='ltr'><strong>ascribi</strong></span> <span class='ocrx_word' id='word_1_406' title='bbox 1239 5061 1312 5116; x_wconf 86' lang='lat' dir='ltr'><strong>illi</strong></span> <span class='ocrx_word' id='word_1_407' title='bbox 1350 5063 1718 5119; x_wconf 78' lang='lat' dir='ltr'><strong>Colleclionem</strong></span> <span class='ocrx_word' id='word_1_408' title='bbox 1763 5083 2022 5121; x_wconf 82' lang='lat' dir='ltr'><strong>canonum</strong></span> 
     </span>
    </p>
   </div>
   <div class='ocr_carea' id='block_1_64' title="bbox 2125 3133 3724 3214">
    <p class='ocr_par' dir='ltr' id='par_1_64' title="bbox 2125 3133 3724 3214">
     <span class='ocr_line' id='line_1_64' title="bbox 2125 3133 3724 3214; baseline 0.006 -26"><span class='ocrx_word' id='word_1_409' title='bbox 2125 3135 2178 3188; x_wconf 90' lang='lat' dir='ltr'><strong>in</strong></span> <span class='ocrx_word' id='word_1_410' title='bbox 2209 3133 2498 3204; x_wconf 87' lang='lat' dir='ltr'><strong>Spieilegio</strong></span> <span class='ocrx_word' id='word_1_411' title='bbox 2524 3150 2622 3190; x_wconf 90' lang='lat' dir='ltr'><strong>suo</strong></span> <span class='ocrx_word' id='word_1_412' title='bbox 2644 3136 2896 3191; x_wconf 88' lang='lat' dir='ltr'><strong>dominus</strong></span> <span class='ocrx_word' id='word_1_413' title='bbox 2921 3135 2978 3192; x_wconf 88' lang='lat' dir='ltr'><strong>S.</strong></span> <span class='ocrx_word' id='word_1_414' title='bbox 3005 3137 3179 3194; x_wconf 87' lang='lat' dir='ltr'><strong>Lucas</strong></span> <span class='ocrx_word' id='word_1_415' title='bbox 3209 3139 3520 3210; x_wconf 82' lang='lat' dir='ltr'><strong>Dacberius,</strong></span> <span class='ocrx_word' id='word_1_416' title='bbox 3549 3159 3724 3214; x_wconf 82' lang='lat' dir='ltr'><strong>quam</strong></span> 
     </span>
    </p>
   </div>
   <div class='ocr_carea' id='block_1_65' title="bbox 2125 3227 3722 3305">
    <p class='ocr_par' dir='ltr' id='par_1_65' title="bbox 2125 3227 3722 3305">
     <span class='ocr_line' id='line_1_65' title="bbox 2125 3227 3722 3305; baseline 0.009 -27"><span class='ocrx_word' id='word_1_417' title='bbox 2125 3241 2232 3280; x_wconf 87' lang='lat' dir='ltr'><strong>non</strong></span> <span class='ocrx_word' id='word_1_418' title='bbox 2273 3227 2559 3296; x_wconf 66' lang='lat' dir='ltr'><strong>praestitit.</strong></span> <span class='ocrx_word' id='word_1_419' title='bbox 2603 3229 2856 3297; x_wconf 89' lang='lat' dir='ltr'><strong>opinatus</strong></span> <span class='ocrx_word' id='word_1_420' title='bbox 2905 3227 3086 3284; x_wconf 81' lang='lat' dir='ltr'><strong>forsan</strong></span> <span class='ocrx_word' id='word_1_421' title='bbox 3131 3246 3248 3285; x_wconf 90' lang='lat' dir='ltr'><strong>eam</strong></span> <span class='ocrx_word' id='word_1_422' title='bbox 3298 3249 3404 3288; x_wconf 85' lang='lat' dir='ltr'><strong>non</strong></span> <span class='ocrx_word' id='word_1_423' title='bbox 3443 3235 3722 3305; x_wconf 83' lang='lat' dir='ltr'><strong>pertinere</strong></span> 
     </span>
    </p>
   </div>
   <div class='ocr_carea' id='block_1_66' title="bbox 2125 3315 3720 3393">
    <p class='ocr_par' dir='ltr' id='par_1_66' title="bbox 2125 3315 3720 3393">
     <span class='ocr_line' id='line_1_66' title="bbox 2125 3315 3720 3393; baseline 0.005 -23"><span class='ocrx_word' id='word_1_424' title='bbox 2125 3317 2192 3370; x_wconf 85' lang='lat' dir='ltr'><strong>ad</strong></span> <span class='ocrx_word' id='word_1_425' title='bbox 2229 3315 2542 3372; x_wconf 79' lang='lat' dir='ltr'><strong>Anselmum</strong></span> <span class='ocrx_word' id='word_1_426' title='bbox 2574 3316 2893 3372; x_wconf 87' lang='lat' dir='ltr'><strong>Lucensem.</strong></span> <span class='ocrx_word' id='word_1_427' title='bbox 2937 3319 3050 3373; x_wconf 90' lang='lat' dir='ltr'><strong>lloc</strong></span> <span class='ocrx_word' id='word_1_428' title='bbox 3082 3329 3262 3375; x_wconf 87' lang='lat' dir='ltr'><strong>autem</strong></span> <span class='ocrx_word' id='word_1_429' title='bbox 3309 3337 3467 3393; x_wconf 81' lang='lat' dir='ltr'><strong>Opus,</strong></span> <span class='ocrx_word' id='word_1_430' title='bbox 3511 3325 3580 3380; x_wconf 92' lang='lat' dir='ltr'><strong>ob</strong></span> <span class='ocrx_word' id='word_1_431' title='bbox 3632 3343 3720 3378; x_wconf 87' lang='lat' dir='ltr'><strong>ra-</strong></span> 
     </span>
    </p>
   </div>
   <div class='ocr_carea' id='block_1_67' title="bbox 2127 3407 3720 3474">
    <p class='ocr_par' dir='ltr' id='par_1_67' title="bbox 2127 3407 3720 3474">
     <span class='ocr_line' id='line_1_67' title="bbox 2127 3407 3720 3474; baseline 0.007 -13"><span class='ocrx_word' id='word_1_432' title='bbox 2127 3408 2302 3462; x_wconf 77' lang='lat' dir='ltr'><strong>tiones</strong></span> <span class='ocrx_word' id='word_1_433' title='bbox 2337 3425 2364 3461; x_wconf 87' lang='lat' dir='ltr'><strong>a</strong></span> <span class='ocrx_word' id='word_1_434' title='bbox 2399 3407 2622 3462; x_wconf 85' lang='lat' dir='ltr'><strong>Baluzio</strong></span> <span class='ocrx_word' id='word_1_435' title='bbox 2656 3409 2877 3474; x_wconf 86' lang='lat' dir='ltr'><strong>allatas,</strong></span> <span class='ocrx_word' id='word_1_436' title='bbox 2923 3409 3052 3464; x_wconf 89' lang='lat' dir='ltr'><strong>olim</strong></span> <span class='ocrx_word' id='word_1_437' title='bbox 3091 3411 3224 3466; x_wconf 87' lang='lat' dir='ltr'><strong>mihi</strong></span> <span class='ocrx_word' id='word_1_438' title='bbox 3271 3413 3554 3470; x_wconf 86' lang='lat' dir='ltr'><strong>videbatur</strong></span> <span class='ocrx_word' id='word_1_439' title='bbox 3595 3431 3720 3472; x_wconf 85' lang='lat' dir='ltr'><strong>esse</strong></span> 
     </span>
    </p>
   </div>
   <div class='ocr_carea' id='block_1_68' title="bbox 2127 3499 3720 3575">
    <p class='ocr_par' dir='ltr' id='par_1_68' title="bbox 2127 3499 3720 3575">
     <span class='ocr_line' id='line_1_68' title="bbox 2127 3499 3720 3575; baseline 0.003 -21"><span class='ocrx_word' id='word_1_440' title='bbox 2127 3499 2421 3556; x_wconf 80' lang='lat' dir='ltr'><strong>Hildeberti</strong></span> <span class='ocrx_word' id='word_1_441' title='bbox 2457 3500 2867 3556; x_wconf 81' lang='lat' dir='ltr'><strong>Cenomanensis</strong></span> <span class='ocrx_word' id='word_1_442' title='bbox 2910 3502 3158 3572; x_wconf 80' lang='lat' dir='ltr'><strong>episcopi,</strong></span> <span class='ocrx_word' id='word_1_443' title='bbox 3193 3501 3346 3571; x_wconf 85' lang='lat' dir='ltr'><strong>cujus</strong></span> <span class='ocrx_word' id='word_1_444' title='bbox 3383 3507 3720 3575; x_wconf 82' lang='lat' dir='ltr'><strong>temporibus</strong></span> 
     </span>
    </p>
   </div>
   <div class='ocr_carea' id='block_1_69' title="bbox 2125 3591 3720 3667">
    <p class='ocr_par' dir='ltr' id='par_1_69' title="bbox 2125 3591 3720 3667">
     <span class='ocr_line' id='line_1_69' title="bbox 2125 3591 3720 3667; baseline 0.003 -21"><span class='ocrx_word' id='word_1_445' title='bbox 2125 3593 2328 3662; x_wconf 87' lang='lat' dir='ltr'><strong>optime</strong></span> <span class='ocrx_word' id='word_1_446' title='bbox 2351 3593 2628 3658; x_wconf 88' lang='lat' dir='ltr'><strong>convenit,</strong></span> <span class='ocrx_word' id='word_1_447' title='bbox 2656 3591 2751 3663; x_wconf 91' lang='lat' dir='ltr'><strong>qui</strong></span> <span class='ocrx_word' id='word_1_448' title='bbox 2786 3602 3020 3648; x_wconf 87' lang='lat' dir='ltr'><strong>tentasse</strong></span> <span class='ocrx_word' id='word_1_449' title='bbox 3050 3593 3255 3663; x_wconf 83' lang='lat' dir='ltr'><strong>aliquid</strong></span> <span class='ocrx_word' id='word_1_450' title='bbox 3285 3597 3466 3652; x_wconf 89' lang='lat' dir='ltr'><strong>simile</strong></span> <span class='ocrx_word' id='word_1_451' title='bbox 3497 3598 3720 3667; x_wconf 78' lang='lat' dir='ltr'><strong>legitur,</strong></span> 
     </span>
    </p>
   </div>
   <div class='ocr_carea' id='block_1_70' title="bbox 2125 3683 3720 3757">
    <p class='ocr_par' dir='ltr' id='par_1_70' title="bbox 2125 3683 3720 3757">
     <span class='ocr_line' id='line_1_70' title="bbox 2125 3683 3720 3757; baseline 0.004 -21"><span class='ocrx_word' id='word_1_452' title='bbox 2125 3691 2179 3737; x_wconf 88' lang='lat' dir='ltr'><strong>et</strong></span> <span class='ocrx_word' id='word_1_453' title='bbox 2202 3683 2294 3754; x_wconf 78' lang='lat' dir='ltr'><strong>qui</strong></span> <span class='ocrx_word' id='word_1_454' title='bbox 2319 3683 2388 3737; x_wconf 83' lang='lat' dir='ltr'><strong>ad</strong></span> <span class='ocrx_word' id='word_1_455' title='bbox 2413 3683 2620 3739; x_wconf 85' lang='lat' dir='ltr'><strong>calcem</strong></span> <span class='ocrx_word' id='word_1_456' title='bbox 2649 3684 2834 3752; x_wconf 85' lang='lat' dir='ltr'><strong>operis</strong></span> <span class='ocrx_word' id='word_1_457' title='bbox 2867 3687 2950 3738; x_wconf 88' lang='lat' dir='ltr'><strong>sui</strong></span> <span class='ocrx_word' id='word_1_458' title='bbox 2995 3685 3170 3754; x_wconf 87' lang='lat' dir='ltr'><strong>potuit</strong></span> <span class='ocrx_word' id='word_1_459' title='bbox 3197 3687 3464 3757; x_wconf 73' lang='lat' dir='ltr'><strong>adiecisse</strong></span> <span class='ocrx_word' id='word_1_460' title='bbox 3497 3688 3720 3742; x_wconf 79' lang='lat' dir='ltr'><strong>Decreta</strong></span> 
     </span>
    </p>
   </div>
   <div class='ocr_carea' id='block_1_71' title="bbox 2125 3774 3723 3849">
    <p class='ocr_par' dir='ltr' id='par_1_71' title="bbox 2125 3774 3723 3849">
     <span class='ocr_line' id='line_1_71' title="bbox 2125 3774 3723 3849; baseline 0.005 -22"><span class='ocrx_word' id='word_1_461' title='bbox 2125 3775 2304 3846; x_wconf 67' lang='lat' dir='ltr'><strong>ntiqua</strong></span> <span class='ocrx_word' id='word_1_462' title='bbox 2356 3774 2655 3830; x_wconf 78' lang='lat' dir='ltr'><strong>Innocentii</strong></span> <span class='ocrx_word' id='word_1_463' title='bbox 2699 3776 2934 3841; x_wconf 71' lang='lat' dir='ltr'><strong>secundi,</strong></span> <span class='ocrx_word' id='word_1_464' title='bbox 2965 3793 3084 3846; x_wconf 76' lang='lat' dir='ltr'><strong>qum</strong></span> <span class='ocrx_word' id='word_1_465' title='bbox 3135 3777 3186 3831; x_wconf 87' lang='lat' dir='ltr'><strong>iu</strong></span> <span class='ocrx_word' id='word_1_466' title='bbox 3233 3779 3503 3849; x_wconf 70' lang='lat' dir='ltr'><strong>aliquibus</strong></span> <span class='ocrx_word' id='word_1_467' title='bbox 3536 3796 3723 3834; x_wconf 84' lang='lat' dir='ltr'><strong>manu-</strong></span> 
     </span>
    </p>
   </div>
   <div class='ocr_carea' id='block_1_72' title="bbox 2127 3865 3720 3938">
    <p class='ocr_par' dir='ltr' id='par_1_72' title="bbox 2127 3865 3720 3938">
     <span class='ocr_line' id='line_1_72' title="bbox 2127 3865 3720 3938; baseline 0.001 -16"><span class='ocrx_word' id='word_1_468' title='bbox 2127 3868 2342 3937; x_wconf 88' lang='lat' dir='ltr'><strong>scriptis</strong></span> <span class='ocrx_word' id='word_1_469' title='bbox 2391 3867 2458 3920; x_wconf 90' lang='lat' dir='ltr'><strong>ad</strong></span> <span class='ocrx_word' id='word_1_470' title='bbox 2506 3865 2708 3921; x_wconf 88' lang='lat' dir='ltr'><strong>calcem</strong></span> <span class='ocrx_word' id='word_1_471' title='bbox 2755 3867 2916 3938; x_wconf 83' lang='lat' dir='ltr'><strong>hujus</strong></span> <span class='ocrx_word' id='word_1_472' title='bbox 2951 3867 3300 3924; x_wconf 81' lang='lat' dir='ltr'><strong>Collectionis</strong></span> <span class='ocrx_word' id='word_1_473' title='bbox 3347 3871 3720 3926; x_wconf 83' lang='lat' dir='ltr'><strong>invenientur.</strong></span> 
     </span>
    </p>
   </div>
   <div class='ocr_carea' id='block_1_73' title="bbox 2127 3959 3722 4031">
    <p class='ocr_par' dir='ltr' id='par_1_73' title="bbox 2127 3959 3722 4031">
     <span class='ocr_line' id='line_1_73' title="bbox 2127 3959 3722 4031; baseline 0 -17"><span class='ocrx_word' id='word_1_474' title='bbox 2127 3959 2356 4026; x_wconf 77' lang='lat' dir='ltr'><strong>Verum,</strong></span> <span class='ocrx_word' id='word_1_475' title='bbox 2411 3969 2732 4028; x_wconf 89' lang='lat' dir='ltr'><strong>argumento</strong></span> <span class='ocrx_word' id='word_1_476' title='bbox 2791 3961 2987 4016; x_wconf 89' lang='lat' dir='ltr'><strong>melius</strong></span> <span class='ocrx_word' id='word_1_477' title='bbox 3031 3975 3297 4031; x_wconf 81' lang='lat' dir='ltr'><strong>expenso,</strong></span> <span class='ocrx_word' id='word_1_478' title='bbox 3347 3961 3722 4014; x_wconf 81' lang='lat' dir='ltr'><strong>Collectionem</strong></span> 
     </span>
    </p>
   </div>
   <div class='ocr_carea' id='block_1_74' title="bbox 2127 4053 3722 4125">
    <p class='ocr_par' dir='ltr' id='par_1_74' title="bbox 2127 4053 3722 4125">
     <span class='ocr_line' id='line_1_74' title="bbox 2127 4053 3722 4125; baseline -0.001 -15"><span class='ocrx_word' id='word_1_479' title='bbox 2127 4056 2268 4110; x_wconf 88' lang='lat' dir='ltr'><strong>hanc</strong></span> <span class='ocrx_word' id='word_1_480' title='bbox 2295 4053 2638 4123; x_wconf 87' lang='lat' dir='ltr'><strong>postmodum</strong></span> <span class='ocrx_word' id='word_1_481' title='bbox 2669 4053 2924 4108; x_wconf 85' lang='lat' dir='ltr'><strong>Ansehuo</strong></span> <span class='ocrx_word' id='word_1_482' title='bbox 2947 4053 3176 4108; x_wconf 86' lang='lat' dir='ltr'><strong>Lucensi</strong></span> <span class='ocrx_word' id='word_1_483' title='bbox 3211 4056 3466 4124; x_wconf 85' lang='lat' dir='ltr'><strong>episcopo</strong></span> <span class='ocrx_word' id='word_1_484' title='bbox 3495 4055 3722 4125; x_wconf 81' lang='lat' dir='ltr'><strong>dignam</strong></span> 
     </span>
    </p>
   </div>
   <div class='ocr_carea' id='block_1_75' title="bbox 2127 4149 3726 4220">
    <p class='ocr_par' dir='ltr' id='par_1_75' title="bbox 2127 4149 3726 4220">
     <span class='ocr_line' id='line_1_75' title="bbox 2127 4149 3726 4220; baseline 0 -16"><span class='ocrx_word' id='word_1_485' title='bbox 2127 4165 2550 4220; x_wconf 80' lang='lat' dir='ltr'><strong>germanamque</strong></span> <span class='ocrx_word' id='word_1_486' title='bbox 2595 4149 2846 4220; x_wconf 82' lang='lat' dir='ltr'><strong>Opinattts</strong></span> <span class='ocrx_word' id='word_1_487' title='bbox 2896 4165 3046 4214; x_wconf 89' lang='lat' dir='ltr'><strong>sum;</strong></span> <span class='ocrx_word' id='word_1_488' title='bbox 3098 4157 3208 4202; x_wconf 87' lang='lat' dir='ltr'><strong>tum</strong></span> <span class='ocrx_word' id='word_1_489' title='bbox 3257 4149 3388 4218; x_wconf 77' lang='lat' dir='ltr'><strong>quia</strong></span> <span class='ocrx_word' id='word_1_490' title='bbox 3436 4151 3536 4204; x_wconf 87' lang='lat' dir='ltr'><strong>hoc</strong></span> <span class='ocrx_word' id='word_1_491' title='bbox 3583 4165 3726 4218; x_wconf 86' lang='lat' dir='ltr'><strong>opus</strong></span> 
     </span>
    </p>
   </div>
   <div class='ocr_carea' id='block_1_76' title="bbox 2125 4237 3725 4308">
    <p class='ocr_par' dir='ltr' id='par_1_76' title="bbox 2125 4237 3725 4308">
     <span class='ocr_line' id='line_1_76' title="bbox 2125 4237 3725 4308; baseline 0.001 -14"><span class='ocrx_word' id='word_1_492' title='bbox 2125 4239 2410 4304; x_wconf 79' lang='lat' dir='ltr'><strong>Anselmo,</strong></span> <span class='ocrx_word' id='word_1_493' title='bbox 2457 4239 2693 4293; x_wconf 62' lang='lat' dir='ltr'><strong>Inarime</strong></span> <span class='ocrx_word' id='word_1_494' title='bbox 2738 4237 2986 4308; x_wconf 83' lang='lat' dir='ltr'><strong>Gregorii</strong></span> <span class='ocrx_word' id='word_1_495' title='bbox 3041 4237 3128 4292; x_wconf 81' lang='lat' dir='ltr'><strong>Vll</strong></span> <span class='ocrx_word' id='word_1_496' title='bbox 3181 4239 3488 4304; x_wconf 77' lang='lat' dir='ltr'><strong>defensori,</strong></span> <span class='ocrx_word' id='word_1_497' title='bbox 3523 4255 3725 4295; x_wconf 85' lang='lat' dir='ltr'><strong>conve-</strong></span> 
     </span>
    </p>
   </div>
   <div class='ocr_carea' id='block_1_77' title="bbox 2130 4329 3722 4399">
    <p class='ocr_par' dir='ltr' id='par_1_77' title="bbox 2130 4329 3722 4399">
     <span class='ocr_line' id='line_1_77' title="bbox 2130 4329 3722 4399; baseline 0.001 -17"><span class='ocrx_word' id='word_1_498' title='bbox 2130 4329 2336 4394; x_wconf 86' lang='lat' dir='ltr'><strong>niebat,</strong></span> <span class='ocrx_word' id='word_1_499' title='bbox 2365 4341 2478 4384; x_wconf 88' lang='lat' dir='ltr'><strong>tum</strong></span> <span class='ocrx_word' id='word_1_500' title='bbox 2509 4330 2635 4399; x_wconf 76' lang='lat' dir='ltr'><strong>quia</strong></span> <span class='ocrx_word' id='word_1_501' title='bbox 2665 4329 2752 4383; x_wconf 89' lang='lat' dir='ltr'><strong>his</strong></span> <span class='ocrx_word' id='word_1_502' title='bbox 2785 4329 3114 4397; x_wconf 86' lang='lat' dir='ltr'><strong>temporibus</strong></span> <span class='ocrx_word' id='word_1_503' title='bbox 3147 4329 3198 4382; x_wconf 92' lang='lat' dir='ltr'><strong>in</strong></span> <span class='ocrx_word' id='word_1_504' title='bbox 3231 4329 3380 4382; x_wconf 84' lang='lat' dir='ltr'><strong>Italia</strong></span> <span class='ocrx_word' id='word_1_505' title='bbox 3417 4329 3567 4384; x_wconf 90' lang='lat' dir='ltr'><strong>multi</strong></span> <span class='ocrx_word' id='word_1_506' title='bbox 3603 4331 3722 4384; x_wconf 83' lang='lat' dir='ltr'><strong>col-</strong></span> 
     </span>
    </p>
   </div>
   <div class='ocr_carea' id='block_1_78' title="bbox 2127 4417 3726 4486">
    <p class='ocr_par' dir='ltr' id='par_1_78' title="bbox 2127 4417 3726 4486">
     <span class='ocr_line' id='line_1_78' title="bbox 2127 4417 3726 4486; baseline -0.001 -10"><span class='ocrx_word' id='word_1_507' title='bbox 2127 4421 2452 4477; x_wconf 86' lang='lat' dir='ltr'><strong>lectionibus</strong></span> <span class='ocrx_word' id='word_1_508' title='bbox 2497 4435 2764 4476; x_wconf 85' lang='lat' dir='ltr'><strong>canonum</strong></span> <span class='ocrx_word' id='word_1_509' title='bbox 2809 4417 3072 4486; x_wconf 84' lang='lat' dir='ltr'><strong>ejusmodi</strong></span> <span class='ocrx_word' id='word_1_510' title='bbox 3119 4421 3515 4474; x_wconf 77' lang='lat' dir='ltr'><strong>concinnantlis</strong></span> <span class='ocrx_word' id='word_1_511' title='bbox 3559 4437 3726 4476; x_wconf 84' lang='lat' dir='ltr'><strong>vaca-</strong></span> 
     </span>
    </p>
   </div>
   <div class='ocr_carea' id='block_1_79' title="bbox 2127 4509 3722 4582">
    <p class='ocr_par' dir='ltr' id='par_1_79' title="bbox 2127 4509 3722 4582">
     <span class='ocr_line' id='line_1_79' title="bbox 2127 4509 3722 4582; baseline 0 -16"><span class='ocrx_word' id='word_1_512' title='bbox 2127 4512 2286 4576; x_wconf 87' lang='lat' dir='ltr'><strong>bant,</strong></span> <span class='ocrx_word' id='word_1_513' title='bbox 2337 4521 2395 4566; x_wconf 85' lang='lat' dir='ltr'><strong>ut</strong></span> <span class='ocrx_word' id='word_1_514' title='bbox 2440 4510 2732 4566; x_wconf 86' lang='lat' dir='ltr'><strong>Deusdedit</strong></span> <span class='ocrx_word' id='word_1_515' title='bbox 2779 4518 2835 4564; x_wconf 91' lang='lat' dir='ltr'><strong>et</strong></span> <span class='ocrx_word' id='word_1_516' title='bbox 2883 4509 3178 4579; x_wconf 80' lang='lat' dir='ltr'><strong>Gregorius</strong></span> <span class='ocrx_word' id='word_1_517' title='bbox 3229 4513 3546 4582; x_wconf 62' lang='lat' dir='ltr'><strong>presbyter;</strong></span> <span class='ocrx_word' id='word_1_518' title='bbox 3603 4522 3722 4566; x_wconf 85' lang='lat' dir='ltr'><strong>tum</strong></span> 
     </span>
    </p>
   </div>
   <div class='ocr_carea' id='block_1_80' title="bbox 2127 4601 3722 4673">
    <p class='ocr_par' dir='ltr' id='par_1_80' title="bbox 2127 4601 3722 4673">
     <span class='ocr_line' id='line_1_80' title="bbox 2127 4601 3722 4673; baseline 0.001 -16"><span class='ocrx_word' id='word_1_519' title='bbox 2127 4604 2362 4673; x_wconf 83' lang='lat' dir='ltr'><strong>denique</strong></span> <span class='ocrx_word' id='word_1_520' title='bbox 2409 4617 2535 4671; x_wconf 77' lang='lat' dir='ltr'><strong>quia</strong></span> <span class='ocrx_word' id='word_1_521' title='bbox 2587 4601 2862 4656; x_wconf 86' lang='lat' dir='ltr'><strong>invenitur</strong></span> <span class='ocrx_word' id='word_1_522' title='bbox 2913 4601 3000 4654; x_wconf 83' lang='lat' dir='ltr'><strong>illa</strong></span> <span class='ocrx_word' id='word_1_523' title='bbox 3059 4601 3111 4656; x_wconf 89' lang='lat' dir='ltr'><strong>in</strong></span> <span class='ocrx_word' id='word_1_524' title='bbox 3164 4617 3291 4657; x_wconf 84' lang='lat' dir='ltr'><strong>mss.</strong></span> <span class='ocrx_word' id='word_1_525' title='bbox 3325 4603 3604 4658; x_wconf 81' lang='lat' dir='ltr'><strong>codicibus</strong></span> <span class='ocrx_word' id='word_1_526' title='bbox 3653 4607 3722 4658; x_wconf 84' lang='lat' dir='ltr'><strong>ad</strong></span> 
     </span>
    </p>
   </div>
   <div class='ocr_carea' id='block_1_81' title="bbox 2125 4695 3719 4766">
    <p class='ocr_par' dir='ltr' id='par_1_81' title="bbox 2125 4695 3719 4766">
     <span class='ocr_line' id='line_1_81' title="bbox 2125 4695 3719 4766; baseline 0 -16"><span class='ocrx_word' id='word_1_527' title='bbox 2125 4695 2367 4750; x_wconf 78' lang='lat' dir='ltr'><strong>Anselmi</strong></span> <span class='ocrx_word' id='word_1_528' title='bbox 2402 4696 2561 4766; x_wconf 85' lang='lat' dir='ltr'><strong>hujus</strong></span> <span class='ocrx_word' id='word_1_529' title='bbox 2589 4703 2799 4750; x_wconf 72' lang='lat' dir='ltr'><strong>mtatem</strong></span> <span class='ocrx_word' id='word_1_530' title='bbox 2829 4697 3229 4750; x_wconf 79' lang='lat' dir='ltr'><strong>accedentibus.</strong></span> <span class='ocrx_word' id='word_1_531' title='bbox 3262 4695 3336 4750; x_wconf 85' lang='lat' dir='ltr'><strong>Ita</strong></span> <span class='ocrx_word' id='word_1_532' title='bbox 3371 4695 3517 4749; x_wconf 87' lang='lat' dir='ltr'><strong>enim</strong></span> <span class='ocrx_word' id='word_1_533' title='bbox 3553 4695 3719 4750; x_wconf 81' lang='lat' dir='ltr'><strong>Baiu-</strong></span> 
     </span>
    </p>
   </div>
   <div class='ocr_carea' id='block_1_82' title="bbox 2127 4787 3720 4859">
    <p class='ocr_par' dir='ltr' id='par_1_82' title="bbox 2127 4787 3720 4859">
     <span class='ocr_line' id='line_1_82' title="bbox 2127 4787 3720 4859; baseline -0.003 -13"><span class='ocrx_word' id='word_1_534' title='bbox 2127 4791 2243 4846; x_wconf 80' lang='lat' dir='ltr'><strong>zius</strong></span> <span class='ocrx_word' id='word_1_535' title='bbox 2291 4799 2524 4846; x_wconf 84' lang='lat' dir='ltr'><strong>testatur</strong></span> <span class='ocrx_word' id='word_1_536' title='bbox 2563 4790 2619 4845; x_wconf 93' lang='lat' dir='ltr'><strong>in</strong></span> <span class='ocrx_word' id='word_1_537' title='bbox 2668 4787 2983 4859; x_wconf 68' lang='lat' dir='ltr'><strong>praefatione</strong></span> <span class='ocrx_word' id='word_1_538' title='bbox 3028 4803 3124 4843; x_wconf 87' lang='lat' dir='ltr'><strong>sua</strong></span> <span class='ocrx_word' id='word_1_539' title='bbox 3165 4791 3230 4844; x_wconf 88' lang='lat' dir='ltr'><strong>ad</strong></span> <span class='ocrx_word' id='word_1_540' title='bbox 3277 4789 3720 4844; x_wconf 63' lang='lat' dir='ltr'><strong>en‘tendatiouem</strong></span> 
     </span>
    </p>
   </div>
   <div class='ocr_carea' id='block_1_83' title="bbox 2126 4880 3722 4944">
    <p class='ocr_par' dir='ltr' id='par_1_83' title="bbox 2126 4880 3722 4944">
     <span class='ocr_line' id='line_1_83' title="bbox 2126 4880 3722 4944; baseline -0.003 -5"><span class='ocrx_word' id='word_1_541' title='bbox 2126 4883 2396 4944; x_wconf 86' lang='lat' dir='ltr'><strong>Gratiani,</strong></span> <span class='ocrx_word' id='word_1_542' title='bbox 2430 4897 2523 4936; x_wconf 88' lang='lat' dir='ltr'><strong>seu</strong></span> <span class='ocrx_word' id='word_1_543' title='bbox 2557 4882 2622 4936; x_wconf 87' lang='lat' dir='ltr'><strong>ad</strong></span> <span class='ocrx_word' id='word_1_544' title='bbox 2653 4881 3168 4936; x_wconf 84' lang='lat' dir='ltr'><strong>conuuentatioucm</strong></span> <span class='ocrx_word' id='word_1_545' title='bbox 3201 4880 3466 4936; x_wconf 88' lang='lat' dir='ltr'><strong>librorum</strong></span> <span class='ocrx_word' id='word_1_546' title='bbox 3495 4882 3722 4934; x_wconf 78' lang='lat' dir='ltr'><strong>Antonii</strong></span> 
     </span>
    </p>
   </div>
   <div class='ocr_carea' id='block_1_84' title="bbox 2125 4969 3716 5044">
    <p class='ocr_par' dir='ltr' id='par_1_84' title="bbox 2125 4969 3716 5044">
     <span class='ocr_line' id='line_1_84' title="bbox 2125 4969 3716 5044; baseline -0.002 -17"><span class='ocrx_word' id='word_1_547' title='bbox 2125 4973 2408 5044; x_wconf 80' lang='lat' dir='ltr'><strong>Augustini</strong></span> <span class='ocrx_word' id='word_1_548' title='bbox 2432 4972 2506 5026; x_wconf 83' lang='lat' dir='ltr'><strong>De</strong></span> <span class='ocrx_word' id='word_1_549' title='bbox 2525 4971 2884 5026; x_wconf 81' lang='lat' dir='ltr'><strong>emendatione</strong></span> <span class='ocrx_word' id='word_1_550' title='bbox 2901 4969 3164 5036; x_wconf 76' lang='lat' dir='ltr'><strong>Gratiani,</strong></span> <span class='ocrx_word' id='word_1_551' title='bbox 3189 4987 3340 5025; x_wconf 87' lang='lat' dir='ltr'><strong>num.</strong></span> <span class='ocrx_word' id='word_1_552' title='bbox 3369 4972 3455 5027; x_wconf 81' lang='lat' dir='ltr'><strong>l9.</strong></span> <span class='ocrx_word' id='word_1_553' title='bbox 3487 4989 3504 5022; x_wconf 72' lang='grc' dir='ltr'><strong><em>ι</em></strong></span> <span class='ocrx_word' id='word_1_554' title='bbox 3531 4971 3716 5025; x_wconf 83' lang='lat' dir='ltr'><strong>Aiium</strong></span> 
     </span>
    </p>
   </div>
   <div class='ocr_carea' id='block_1_85' title="bbox 2125 5063 3716 5120">
    <p class='ocr_par' dir='ltr' id='par_1_85' title="bbox 2125 5063 3716 5120">
     <span class='ocr_line' id='line_1_85' title="bbox 2125 5063 3716 5120; baseline -0.001 -1"><span class='ocrx_word' id='word_1_555' title='bbox 2125 5081 2226 5120; x_wconf 73' lang='lat' dir='ltr'><strong>eeo</strong></span> <span class='ocrx_word' id='word_1_556' title='bbox 2257 5081 2428 5120; x_wconf 86' lang='lat' dir='ltr'><strong>nuner</strong></span> <span class='ocrx_word' id='word_1_557' title='bbox 2456 5067 2718 5119; x_wconf 87' lang='lat' dir='ltr'><strong>codicem.</strong></span> <span class='ocrx_word' id='word_1_558' title='bbox 2753 5078 2986 5120; x_wconf 72' lang='lat' dir='ltr'><strong>eumque</strong></span> <span class='ocrx_word' id='word_1_559' title='bbox 3011 5064 3274 5120; x_wconf 81' lang='lat' dir='ltr'><strong>ootimum</strong></span> <span class='ocrx_word' id='word_1_560' title='bbox 3307 5073 3360 5118; x_wconf 90' lang='lat' dir='ltr'><strong>et</strong></span> <span class='ocrx_word' id='word_1_561' title='bbox 3396 5063 3716 5118; x_wconf 83' lang='lat' dir='ltr'><strong>antiuuissi-</strong></span> 
     </span>
    </p>
   </div>
  </div>
