4018 5330
199 309 308 366 ιιῦτ

1494 295 1772 358 NOTITIA
1799 293 2194 354 lllSTORICA.

3349 282 3506 340 138‘

199 423 350 479 stulta
391 423 444 477 in
487 421 593 478 isto
623 422 850 476 Decreta
883 417 1200 490 pontiﬁcum
1245 415 1784 472 Romanorum-con-
1819 424 1869 484 Α
1893 410 2130 465 canonici
2179 421 2322 461 anno
2356 403 2514 468 1580,
2545 403 2750 470 Romm,
2787 402 2837 456 in
2885 399 3090 456 aedibus
3137 396 3323 490 Populi
3371 395 3490 454 Ro-

201 518 502 579 tineantur,
531 511 622 584 qui
657 522 778 584 post
809 527 1008 567 annum
1053 509 1190 567 1086
1221 507 1574 580 apostolicam
1607 505 1790 560 sedem

201 613 514 662 tenuerunt.
551 605 682 660 Item
721 605 866 658 aliud
908 603 1173 674 ejusmodi
1202 615 1336 672 Opus
1379 615 1480 652 ms.
1516 599 1566 652 iu
1593 597 1790 652 biblio-

201 699 360 754 theca
395 696 588 765 Regia,
624 693 777 762 cujus
823 695 992 750 codex
1031 709 1136 747 non
1168 691 1453 746 admodum
1495 697 1682 751 vetus,
1717 695 1796 742 ut-

201 798 328 859 pote
360 789 602 852 scriptus
631 787 911 855 superiore
943 795 1154 838 tantum
1183 781 1401 846 Str-culo,
1431 779 1572 852 quod
1615 789 1793 833 tamen

198 897 268 934 ex
323 877 642 946 antiquiore
691 875 1026 944 descriptum
1071 889 1192 930 esse
1243 881 1475 927 constat.
1508 871 1566 924 In
1617 867 1796 922 fronte

199 981 484 1040 ponuntur
511 969 766 1025 nonnulla
802 969 866 1023 de
896 969 1057 1023 modo
1080 965 1390 1022 celebrandi
1415 963 1651 1027 concilii,
1683 971 1794 1014 tum

199 1070 388 1131 postea
449 1059 698 1129 sequitur
751 1058 803 1112 in
863 1057 982 1113 loco
1031 1055 1168 1110 tituli
1203 1070 1218 1109 :
1251 1053 1444 1114 Incipit
1489 1049 1798 1122 capitulatio

199 1151 460 1204 librorum
491 1165 622 1218 quos
652 1149 831 1202 beatus
862 1145 1138 1200 Anselmus
1171 1143 1418 1198 Lucensis
1445 1144 1712 1212 episcOpus
1735 1141 1799 1194 de

202 1240 562 1312 coccqualibus
607 1240 780 1292 causis
823 1237 1058 1306 singulos
1109 1237 1162 1291 in
1201 1237 1298 1290 hoc
1332 1235 1591 1290 columine
1638 1233 1798 1286 libros

203 1333 515 1403 composuit.
551 1331 612 1385 Et
646 1331 805 1400 paulo
833 1330 1004 1385 infra:
1039 1327 1229 1396 Incipit
1256 1327 1555 1380 authentiea
1585 1334 1632 1378 et
1660 1340 1801 1378 cont-

201 1425 460 1494 pendiosa
483 1421 734 1477 Collectio
765 1421 1062 1490 regularum
1097 1429 1144 1473 et
1176 1417 1554 1472 sententiarum
1582 1424 1798 1468 sancto-

205 1531 324 1566 rum
369 1514 626 1578 Patrum,
675 1520 724 1566 et
767 1511 1172 1565 aurtorabilium
1231 1505 1608 1570 conciliorum,
1659 1505 1802 1574 facta

203 1616 444 1672 tempore
485 1602 726 1673 Gregorii
761 1601 1080 1656 sanctissimi
1115 1615 1286 1668 papas,
1309 1615 1340 1651 a
1371 1597 1519 1651 beato
1558 1595 1802 1650 Anselmo

205 1696 452 1764 episcopo
477 1692 722 1760 Lucensi,
751 1693 868 1763 ejus
895 1691 1134 1761 diligenti
1159 1691 1423 1743 imitatore
1450 1695 1500 1740 et
1522 1685 1800 1755 discipulo,

205 1785 364 1853 cujus
389 1785 630 1854 jussione
661 1795 710 1838 et
745 1793 1004 1852 pracepta
1037 1780 1400 1834 desideranter
1425 1777 1802 1832 consummauit

209 1879 310 1930 hoc
333 1893 484 1946 opus.
525 1874 768 1943 Denique
807 1874 860 1927 in
905 1871 1076 1926 veteri
1109 1871 1299 1926 codice
1331 1870 1489 1926 istius
1517 1867 1804 1924 Collectio-

209 1968 332 2032 nis,
377 1966 534 2035 cujus
575 1965 882 2034 exemplum
931 1963 984 2018 in
1024 1962 1350 2018 bibliotheca
1399 1960 1694 2016 Barberiua
1739 1957 1808 2013 ad

209 2065 322 2112 etc.
337 2059 614 2123 ,missum,
629 2056 775 2111 idem
803 2055 1100 2111 Dacherius
1121 2054 1342 2109 Baluzio
1364 2053 1804 2120 communicavit,

213 2150 336 2202 haec
356 2149 410 2202 in
437 2148 591 2203 titulo
622 2148 824 2217 scripta
849 2154 994 2212 sunt,
1023 2161 1142 2216 qua:
1167 2145 1364 2200 librum
1389 2145 1538 2200 illum
1553 2145 1809 2200 Anselmo

213 2238 450 2292 Lucensi
495 2239 752 2306 episeopo
789 2235 1122 2305 adjudicant.
1167 2235 1234 2289 In
1279 2236 1490 2290 nomine
1531 2234 1808 2292 Trinitatis

213 2337 420 2382 sancta:
441 2338 488 2383 et
519 2327 824 2392 individuus,
853 2329 1036 2397 incipit
1079 2327 1199 2380 hinc
1239 2327 1464 2397 feliciter
1499 2328 1650 2382 istius
1688 2327 1808 2381 libri

215 2423 407 2484 series,
465 2438 617 2491 quem
671 2431 886 2475 sanctus
935 2421 991 2476 in
1047 2419 1209 2474 Italia
1263 2420 1574 2486 Auselmus,
1623 2421 1811 2491 quique

215 2513 454 2584 pontifex
485 2512 712 2566 Lucana:
733 2513 832 2582 [uit
867 2510 1142 2574 Erciesite,
1173 2511 1252 2565 uir
1285 2512 1511 2580 prudens
1539 2527 1600 2564 ac
1629 2511 1812 2564 catho-

216 2606 376 2670 licus,
401 2607 454 2658 in
481 2604 674 2658 Christi
697 2604 802 2672 ﬁde
829 2603 1081 2672 feruidus,
1111 2604 1300 2669 cerpsit
1324 2617 1389 2656 ea:
1416 2611 1522 2656 toto
1549 2617 1810 2655 cattonum

217 2709 264 2752 et
299 2697 522 2750 Patrum
563 2705 867 2750 sanctarum
911 2711 1148 2764 corpore.
1185 2693 1454 2765 Opinatur
1497 2694 1810 2764 Stephanus

217 2787 474 2842 Baluzius
511 2783 698 2840 fallere
729 2786 966 2852 titulum,
1010 2801 1073 2841 ac
1109 2797 1260 2841 certe
1300 2785 1526 2840 multum
1566 2787 1810 2854 interpo-

219 2881 394 2934 latum
423 2893 546 2935 esse
581 2881 726 2934 hunc
759 2879 975 2946 librum,
1005 2889 1064 2934 ut
1092 2889 1242 2936 recte
1272 2879 1340 2934 ab
1364 2880 1600 2936 Antonio
1627 2881 1810 2951 Augu-

218 2975 366 3028 stino
409 2973 724 3026 adnotatum
767 2980 872 3039 est,
907 2973 1037 3042 quia
1066 2972 1176 3027 illic
1205 2971 1434 3042 plurima
1465 2973 1813 3028 continentur

157 3065 160 3067 λ
223 3061 430 3118 Urbani
455 3061 500 3116 ll
521 3069 576 3116 et
599 3063 944 3132 sequentium
969 3063 1288 3132 pontificum
1317 3065 1556 3132 decreta,
1581 3079 1810 3134 quorum

221 3255 352 3301 sunt
381 3261 502 3316 quae
537 3246 680 3301 hanc
705 3245 1094 3302 Collectiouem
1131 3247 1388 3303 Anselmo
1421 3247 1654 3304 Lucensi
1695 3249 1811 3318 epi-

221 3355 390 3408 scopo
422 3337 736 3408 abjudicare
761 3338 1033 3393 videntur.
1069 3339 1254 3394 Primo
1279 3341 1578 3396 auctoritas
1611 3340 1814 3395 vetusti

223 3435 504 3503 scriptoris
539 3433 678 3488 Vita:
717 3433 950 3504 ejusdem
993 3437 1228 3492 Ansetmt
1263 3455 1292 3492 a
1325 3438 1646 3494 Sebastiano
1673 3439 1814 3495 Ten-

225 3527 472 3596 guagelio
517 3526 728 3590 editus,
772 3529 862 3596 qui
901 3528 1309 3584 lucubrationes
1349 3529 1595 3599 magistri
1627 3545 1689 3584 ac
1719 3530 1815 3586 do-

225 3623 360 3675 mini
402 3622 482 3675 sui
517 3634 832 3684 recensens,
863 3620 1064 3676 nullam
1093 3621 1441 3676 Collectionis
1472 3621 1628 3676 istius
1659 3637 1814 3676 men-

230 3715 432 3768 tionem
460 3711 624 3779 l‘aeit;
670 3727 778 3768 nou
823 3714 1151 3778 amissurus,
1184 3721 1246 3767 ut
1275 3714 1505 3780 videtur,
1537 3722 1644 3768 tam
1675 3729 1816 3783 prac-

228 3806 432 3860 elaruut
469 3819 626 3876 opus,
672 3805 720 3858 si
765 3813 876 3858 tum
919 3805 1062 3858 fatua
1105 3805 1300 3860 fuisset
1347 3807 1702 3878 compositum
1747 3808 1816 3860 ab

231 3897 488 3951 Auselmo
536 3896 724 3952 fuisse.
781 3897 986 3952 Deinde
1040 3896 1356 3968 Sigebertus
1409 3899 1815 3955 Gemblacensis

235 3990 564 4055 monachus,
629 3990 826 4043 borum
899 3999 1201 4058 temporum
1263 3993 1517 4062 scriptor,
1577 3991 1704 4046 dum
1761 3991 1814 4046 in

235 4075 490 4132 Chronico
537 4087 592 4132 et
641 4079 696 4132 in
751 4077 888 4133 libro
939 4077 1012 4132 De
1060 4081 1400 4148 scriptoribus
1455 4081 1816 4136 ecclesiasticis

236 4179 518 4226 extinxerat
551 4171 718 4226 libros
756 4173 824 4226 ab
866 4173 1124 4228 Ansebuo
1155 4175 1507 4242 compositos,
1539 4173 1606 4230 de
1643 4175 1818 4230 Colle-

233 4257 406 4315 ctione
433 4261 538 4315 ista
571 4277 639 4314 ne
665 4263 892 4316 verbum
934 4265 1150 4332 quidem
1199 4263 1348 4317 illum
1390 4265 1537 4319 fecit.
1579 4265 1820 4335 Denique

237 4350 583 4416 Tritbemius,
615 4352 706 4422 qui
744 4361 820 4406 tot
863 4353 1030 4409 libros
1072 4353 1298 4414 viderat,
1335 4371 1438 4410 non
1481 4353 1618 4409 vidit
1659 4357 1817 4410 istam

1895 498 2042 554 mani
2085 497 2238 566 jussu
2275 495 2520 566 Gregorii
2555 491 2702 558 XIII,
2741 490 3102 547 voluminibus
3161 489 3194 543 3
3255 489 3306 542 in
3357 486 3500 543 folitr
3538 552 3540 554 _

1897 609 2038 649 anno
2075 591 2208 647 1582
2237 591 2579 659 impressum,
2623 587 2762 641 inter
2792 601 2920 640 mss.
2953 584 3168 640 codices
3196 581 3393 652 quibus
3421 579 3490 636 ad

1897 685 2038 740 hanc
2075 681 2510 737 emendationem
2561 689 2722 747 atque
2772 677 3167 731 correctionem
3211 674 3294 728 usi
3339 683 3490 738 s-utit,

1897 785 2114 832 exstant
2156 777 2260 830 duo
2300 790 2430 829 mss.
2464 771 2679 827 codices
2714 769 3044 825 Collectionis
3073 767 3344 820 Canonum
3377 768 3490 818 An-

1897 869 2046 924 schni
2077 865 2324 920 Lucensis
2353 864 2600 935 episcopi,
2633 877 2862 932 quorum
2897 875 3036 913 unus
3067 859 3118 912 in
3161 858 3488 914 bibliotheca

1899 960 2161 1014 Vaticana
2211 965 2423 1022 exstat,
2469 943 2608 1010 alter
2663 954 2898 1008 hominis
2947 952 3139 1022 privati
3187 961 3241 1006 et
3291 951 3492 1003 eruditi

1899 1052 2130 1114 exstitit,
2161 1049 2472 1120 Hieronymi
2519 1047 2792 1110 Parisetti,
2835 1059 2993 1116 quem
3029 1043 3342 1096 B’arberinze
3373 1056 3492 1096 cre-

1901 1144 2077 1198 dimus
2121 1141 2417 1197 accessisse
2458 1137 2823 1193 bibliothecze.
2852 1135 3002 1202 Quod
3043 1134 3086 1188 si
3133 1131 3373 1187 nonnulli
3403 1147 3495 1184 ca-

1901 1249 2072 1290 nones
2111 1234 2164 1288 in
2217 1232 2383 1288 certis
2429 1245 2560 1286 mss.
2608 1229 2890 1285 codicibus
2940 1227 3097 1296 hujus
3144 1223 3492 1280 Collectiouis

1903 1325 2283 1388 inveniantur,
2333 1322 2426 1394 qui
2475 1321 2733 1377 Anselmo
2782 1317 3110 1390 posteriores
3159 1315 3316 1385 longe
3359 1314 3520 1378 sint,.

1903 1417 2020 1472 lucc
2067 1415 2389 1486 interpolata
2435 1415 2562 1470 vitia
2603 1421 2750 1478 sunt,
2783 1427 2888 1466 non
2936 1417 3252 1478 argumenta
3299 1415 3512 1462 contra-

1903 1506 2219 1562 Auselmum
2261 1505 2460 1572 valida,
2493 1505 2730 1561 maxime
2770 1517 2890 1557 cum
2937 1499 3070 1554 nulli
3112 1513 3352 1552 canones
3382 1497 3492 1550 An-

1906 1598 2075 1654 selmo
2103 1595 2432 1665 posteriores
2463 1597 2812 1651 inveniantur
2842 1591 2895 1650 in
2925 1589 3314 1662 antiquissimis
3345 1587 3494 1643 codi-

1907 1689 2062 1744 cibus
2111 1687 2170 1742 S.
2220 1687 2478 1744 Germani
2529 1689 2874 1744 l’arisiensis.
2918 1685 3260 1741 Hildebertus
3310 1691 3491 1737 autem

1835 1777 2330 1836 BCeuomanensis
2382 1780 2668 1852 episcOpus
2739 1773 2979 1834 tentasse
3051 1776 3256 1844 aliquid
3319 1773 3496 1826 simile

1909 1873 2165 1940 creditur,
2196 1873 2320 1945 quia
2353 1873 2494 1927 inter
2519 1873 2635 1943 ejus
2661 1871 2918 1944 epistolas
2946 1868 3219 1924 invenitur
3245 1865 3494 1936 qua-dam

1908 1964 2156 2034 prtel'alio
2212 1966 2264 2020 in
2309 1963 2694 2020 Colleclionem
2749 1976 3016 2016 canonum
3057 1975 3123 2014 ex
3164 1957 3410 2012 conciliis
3443 1966 3498 2010 et

1909 2060 2114 2114 sanctis
2139 2060 2404 2120 Patribus,
2440 2073 2600 2128 quam
2641 2058 2708 2111 ad
2741 2056 2912 2128 ipsum
2949 2055 3223 2124 pertinere
3255 2049 3496 2106 nonnulli

1909 2153 2110 2222 opinati
2161 2161 2302 2206 sunt.
2351 2149 2552 2204 Verum
2604 2147 2693 2202 illa
2750 2146 2954 2202 nullam
3008 2161 3130 2200 cum
3185 2143 3500 2197 llildeberto

1909 2243 2299 2298 connexiouem
2342 2240 2522 2304 habet,
2565 2247 2756 2308 estque
2795 2236 3043 2306 pra-latio
3087 2234 3264 2289 lvonis
3296 2234 3501 2288 Carum

1913 2342 2078 2396 tensis
2126 2339 2364 2411 episcopi
2410 2339 2462 2392 in
2492 2353 2648 2392 suum
2680 2337 2991 2398 Decretum,
3019 2348 3140 2402 qua:
3169 2341 3376 2386 temere
3415 2330 3500 2383 vel

1911 2435 2134 2490 fortuito
2179 2433 2230 2487 in
2265 2431 2556 2489 Ilildeberti
2596 2428 2875 2500 epistolas,
2904 2425 2960 2481 in
2998 2425 3327 2482 coitionibus
3356 2424 3498 2478 anti-

1912 2531 2054 2601 quis,
2091 2527 2330 2598 irrepsit.

1983 2621 2254 2676 llabemus
2278 2619 2574 2688 impressas
2595 2616 2695 2672 sub
2719 2611 2960 2670 Auselmi
2991 2611 3206 2667 nomine
3229 2609 3413 2664 Libros
3437 2606 3502 2661 ιι

1913 2723 2096 2767 contra
2141 2710 2448 2766 Gnibertum
2491 2709 2796 2778 antipapam
2845 2713 2894 2760 et
2952 2719 3206 2775 sequaces
3241 2701 3356 2772 ejus
3407 2715 3502 2770 pro

1913 2803 2209 2874 defensione
2247 2800 2482 2870 Gregorii
2529 2797 2632 2852 VII
2676 2813 2855 2868 papw,
2894 2806 2949 2849 et
2985 2793 3314 2849 Collectanea
3359 2799 3504 2862 qua."-

1913 2896 2036 2948 dam
2086 2909 2178 2948 seu
2228 2891 2524 2946 Sententias
2567 2905 2632 2943 ετ
2675 2889 2831 2942 rariis
2872 2885 3174 2940 auctoribus
3201 2891 3520 2953 congestas,

1912 2989 2097 3060 quibus
2133 2987 2520 3042 demonstratur
2563 2981 2811 3037 Ecclesia:
2834 2981 3114 3052 facultates
3165 2995 3269 3033 non
3305 2994 3413 3032 esse
3451 2977 3507 3030 in

224 3071 500 3118 Urbani“
521 3071 576 3116 ει
599 3071 1288 3132 εθίιυθιιιῑυιιιροηιῑιίουιη
1317 3071 1810 3134 σεεΐθιθνφιοΐυῐη
1867 3127 1882 3148 ,
1912 3087 2164 3148 potestate
2211 3077 2343 3148 regis
2387 3085 2478 3128 aut
2531 3071 2791 3138 Ca'saris;
2841 3073 2984 3142 quod
3032 3086 3166 3141 opus
3215 3079 3507 3138 utrumque

221 3169 339 3209 ³³ῖό
375 3152 666 3208 Αηδθιηιυε
713 3153 900 3207 Vivere
945 3153 1204 3209 ἀθείθνθῑ·
1249 3154 1389 3222 QUI“
1433 3155 1600 3211 θιίειιῐι
1643 3155 1811 3211 multa
1839 3129 1885 3189 (⁸
1915 3179 2094 3222 exstat
2142 3169 2279 3222 apud
2315 3165 2603 3222 llenricum
2636 3165 2911 3220 (ianisium
2959 3163 3202 3222 Antiqua:
3241 3159 3506 3214 Lectionis

1915 3179 2094 3226 exstat
2142 3169 2279 3238 apud
2315 3165 2603 3222 Henricum
2636 3165 2911 3220 (ianisium
2959 3163 3202 3232 Antiquae
3241 3159 3506 3214 Lectionis

1917 3271 2050 3317 tom.
2096 3259 2180 3324 Vl,
2205 3277 2328 3329 pag.
2359 3259 2465 3313 20?.
2497 3267 2553 3312 et
2582 3257 2708 3318 255,
2739 3265 2902 3325 atque
2947 3255 2999 3308 in
3037 3251 3372 3329 Bibliotheca
3405 3251 3508 3304 Pa-

1919 3365 2061 3412 trum
2100 3354 2354 3410 editionis
2393 3352 2520 3406 anni
2565 3351 2696 3404 “577
2731 3323 3104 3418 Lugdunensis
3149 3323 3504 3410 tout.'XVlll,

1917 3463 2042 3518 pag.
2075 3445 2196 3518 602.
2233 3443 2431 3498 Verum
2469 3439 2665 3496 eruditi
2707 3440 2774 3492 de
2821 3439 2968 3492 hisce
3005 3437 3169 3491 rebus
3197 3434 3512 3504 judicandis

1917 3517 2092 3594 idonei
2129 3517 2350 3590 censent
2392 3543 2681 3599 utrumque
2705 3527 3019 3599 opusculqu
3051 3525 3185 3579 uihii
3213 3539 3332 3579 esse
3357 3523 3508 3578 aliud

1917 3647 2080 3702 quam
2132 3636 2374 3696 excerpta
2429 3625 2670 3696 qua'dam
2733 3639 2798 3678 ex
2847 3619 3178 3677 Callet-tione
3235 3631 3508 3673 canonum

1918 3722 2158 3794 ejusdem
2203 3717 2477 3782 Auselmi,
2541 3715 2759 3770 aliunde
2814 3729 2844 3769 a
2897 3712 3116 3770 Cartisio
3171 3719 3505 3779 comparata.

1917 3817 2138 3874 Certum
2169 3815 2314 3869 enim
2343 3821 2428 3867 est
2459 3811 2559 3866 hoc
2591 3809 2980 3866 Collectanettm
3012 3821 3106 3861 seu
3137 3803 3509 3860 Cotlectionem

1919 3927 2176 3966 canonum
2222 3923 2342 3962 esse
2377 3907 2575 3962 lactant
2617 3907 2684 3959 ab
2721 3903 2976 3958 Ansclmo
3015 3903 3068 3956 in
3113 3901 3344 3972 gratiam
3374 3898 3508 3954 Gre-

1920 4003 2053 4074 gorii
2091 4016 2245 4072 papze
2283 3999 2365 4052 Vll
2393 4007 2582 4054 contra
2620 3995 2938 4052 Guibertum
2977 3994 3304 4062 antipapam,
3341 3989 3510 4044 illius-

1921 4111 2026 4164 que
2069 4091 2364 4148 scnteutias
2404 4106 2471 4144 ex
2513 4085 2900 4142 vetustioribus
2940 4083 3284 4145 auctoribus,
3317 4089 3508 4136 contra

1919 4183 2176 4238 Ecclesia:
2213 4171 2475 4234 bonorum
2524 4188 2580 4230 et
2624 4175 2941 4229 facultatum
2979 4181 3354 4240 occupatores,
3387 4184 3510 4222 esse

1920 4273 2192 4329 collectas.
2225 4271 2462 4325 Possunt
2491 4278 2669 4322 autem
2721 4265 2868 4320 nullo
2913 4261 3130 4328 negotio
3173 4257 3406 4326 eXperiri
3439 4273 3533 4310 an.

1923 4366 2036 4419 base
2067 4363 2377 4433 conjectura
2401 4376 2528 4414 vera
2558 4358 2649 4423 sit,
2681 4357 2875 4428 quibus
2899 4354 3095 4407 adsunt
3122 4351 3300 4418 aliqua
3323 4361 3510 4401 exem-

235 4441 618 4497 Collectionem
681 4459 950 4498 canonum
1029 4453 1084 4498 et
1151 4445 1494 4500 decretorum
1561 4447 1808 4502 Auselmo

1923 4457 2093 4525 pluria
2125 4469 2255 4508 mss.
2284 4451 2630 4506 Collectiouis
2662 4461 2928 4503 canomun
2956 4441 3196 4498 Auselmi
3227 4437 3506 4500 Lucensis,
3533 4489 3536 4494 ,

237 4533 458 4589 Lueeusi
499 4535 758 4606 episcopo
787 4537 1066 4598 tributam,
1095 4551 1217 4592 cum
1260 4538 1424 4592 altum
1455 4540 1520 4592 de
1553 4553 1617 4592 ea
1651 4539 1818 4594 silen-

237 4627 362 4681 tium
403 4630 546 4696 apud
599 4629 750 4683 illum
800 4631 889 4684 sit.
944 4629 1060 4685 Non
1113 4643 1358 4687 senserat
1407 4633 1506 4688 ista
1547 4645 1819 4689 momenta

236 4717 500 4773 Antonius
559 4719 925 4790 Augustinus,
1001 4731 1055 4774 et
1126 4730 1305 4775 tamen
1377 4723 1483 4777 huc
1555 4725 1821 4780 inclinare

235 4811 379 4868 visus
417 4822 523 4878 est,
553 4823 614 4869 ut
657 4815 1040 4872 Collectionem
1095 4819 1256 4872 istam
1305 4833 1414 4872 non
1448 4829 1664 4889 putanet
1695 4834 1821 4876 esse

239 4905 501 4970 Auselmi;
555 4907 798 4977 adeoque
834 4909 1208 4979 conjecturam
1247 4909 1378 4984 fecit
1411 4911 1476 4966 de
1506 4911 1820 4970 Hildeberto

238 4996 669 5067 Ceuomaneusi,
723 5017 884 5072 quem
941 5009 1156 5059 constat
1207 5003 1384 5058 simile
1439 5001 1640 5073 aliquid
1688 5003 1819 5059 olim

239 5094 490 5146 [8013558.
518 5111 536 5142 ι

309 5181 430 5212 ηις-ι.

470 5181 716 5212 ραι-.-ζιελ
748 5188 796 5212 ξι.
829 5203 892 5212 ..ιη
923 5187 1041 5208 -ιῩ-ίθ
1059 5203 1148 5212 κοιλ
1194 5191 1256 5212 οη.³
1313 5189 1540 5212 Ᾱ-ιιιΑ--ξ-.

1923 4565 2044 4603 cum
2093 4545 2286 4616 quibus
2330 4545 2444 4597 lure
2493 4541 2749 4612 Opuscula
2801 4541 3060 4608 impressa
3111 4531 3343 4588 conferri
3387 4545 3542 4600 pos--
3573 4587 3588 4598 _

1923 4648 2068 4694 sunt.

1993 4731 2048 4784 lu
2081 4738 2368 4798 utrumque
2393 4741 2527 4796 Opus
2556 4725 2738 4780 retulit
2765 4720 3051 4778 Anselmus
3088 4717 3348 4789 epistolas
3379 4730 3514 4785 sup-

1921 4824 2192 4896 posilitias
2239 4821 2427 4876 lsidori
2457 4819 2792 4874 Mercator-is.
2825 4815 2989 4870 Libro
3036 4830 3049 4868 I
3097 4813 3356 4866 adversus
3384 4807 3518 4861 Cui-

1923 4915 2136 4971 bertum
2183 4914 2494 4982 antipapam
2547 4919 2713 4963 testes
2759 4907 2988 4962 advocat
3032 4902 3237 4974 pseudo
3265 4899 3516 4955 Clemen-

1924 5015 2055 5068 tem,
2107 5006 2266 5075 epist.
2305 5003 2369 5068 '5;
2423 5002 2624 5072 pseudo
2653 5001 2836 5064 Pium,
2889 4997 3053 5070 epist.
3099 4998 3163 5062 1,
3201 5003 3254 5048 et
3308 4991 3542 5062 pseudo

1923 5095 2220 5151 Fabianum
2274 5093 2432 5162 epist.
2491 5091 2544 5144 5.
2609 5089 2777 5149 Libro
2826 5091 2896 5158 2',
2959 5089 3165 5159 pseudo
3194 5083 3515 5150 Callistum,

1925 5187 2058 5212 unt..-
2161 5185 2180 5212 ι
2207 5202 2220 5212 .
2296 5185 2500 5212 ..ηπ-..ιλ
2546 5181 2881 5212 ειη-κιαιιηηι.
2975 5184 3112 5212 ωηιξη.
3189 5183 3256 5212 ω-
3318 5175 3520 5212 ncnut‘n

2296 5185 2500 5212 Itan-unln
2546 5181 2881 5212 c.hnI-An.I-Ii
2975 5184 3112 5212 Anz".
