4018 5330
476 155 585 212 459

1546 153 1604 211 S.
1630 150 2000 208 ANSELMUS
2038 149 2371 206 LUCENSIS
2411 150 2785 209 EPISCOPUS

2230 26 2272 41 ἀο-
2315 34 2323 41 ι

3648 145 3762 200 4ιῦ

477 270 599 340 ejus
626 266 910 338 scriptore,
951 267 1042 337 qui
1069 276 1503 339 ptenttenttartus
1532 265 1676 320 illius
1706 264 1827 332 fuit,
1854 274 1910 320 et
1936 280 2057 321 ver-
2090 280 2134 334 Α
2162 275 2314 335 ptum
2349 265 2647 331 invenitur,
2677 266 2806 321 illud
2850 281 3012 325 omne
3052 273 3333 336 prooatur.
3365 264 3641 331 Quantum
3682 263 3755 317 ad

476 359 561 416 bis
588 347 805 430 quidem
840 355 1010 428 ipsius
1035 376 1047 411 :
1075 356 1160 412 Ea:
1187 356 1364 411 multis
1389 366 1436 410 et
1465 356 1680 411 diversis
1711 355 2063 409 sanctissimo-

477 466 596 503 rum
629 445 853 502 Patrum
882 446 1231 501 voluminibus
1270 462 1431 500 unum
1462 446 1755 516 compilavit
1786 445 2063 499 canonica-

478 556 595 594 rum
631 539 1008 610 sententiarum
1049 554 1153 591 non
1190 539 1452 591 ntodicum
1487 553 1693 604 corpus.
1732 535 1887 598 Item,
1924 536 2064 605 Apo-

475 629 753 700 logetitum
793 645 954 682 unum
987 644 1051 682 ex
1080 628 1299 682 diversis
1333 639 1633 680 sanctorum
1669 625 1887 679 Patrum
1920 624 2061 679 volu-

474 722 707 776 minibus
747 719 1060 790 compilavit,
1088 719 1274 789 quibus
1308 718 1523 773 Domini
1561 734 1711 788 papa:
1749 718 2059 771 sententiam

475 823 523 867 et
565 813 810 866 uniuersa
839 812 954 881 ejus
993 810 1135 880 facta
1175 822 1332 881 atque
1373 820 1632 881 pra'cepta
1664 810 1931 864 canonicis
1971 810 2062 862 de-

475 906 706 976 fenderet
737 903 1047 958 rationibus.
1082 902 1281 957 Multos
1315 902 1516 957 libellos
1552 903 1780 973 propriis
1818 901 2059 955 manibus

473 995 803 1065 conscripsit,
853 994 906 1048 in
952 993 1377 1048 Lamentationes
1410 994 1653 1049 Ieremia:
1699 992 2059 1046 dulcissimam

470 1085 590 1156 fecit
634 1082 1049 1153 Eaposittonem.
1077 1082 1399 1138 Psalterium
1434 1097 1638 1154 quoque
1672 1093 1856 1153 rogatu
1909 1082 2061 1134 bene-

472 1174 777 1229 dictissimte
815 1173 1090 1230 Mat/tiniae
1120 1173 1528 1228 luculentissima
1555 1172 1812 1243 exposuit,
1843 1171 2061 1225 breviter

470 1267 701 1340 quidem,
730 1267 820 1322 sed
852 1267 1069 1331 utiliter,
1096 1283 1256 1337 usque
1279 1267 1348 1320 ad
1371 1265 1518 1319 illum
1551 1271 1746 1331 locum,
1776 1261 2060 1318 Benedixi-

470 1374 592 1414 mus
620 1358 769 1413 vobis
802 1357 853 1412 in
889 1357 1111 1412 nomine
1141 1356 1373 1422 Domini,
1401 1355 1469 1409 ibi
1496 1354 1750 1426 siquidem
1778 1353 2059 1423 expositio-

471 1462 587 1503 nent
617 1448 807 1516 ﬁn'vit.

541 1541 598 1595 ln
636 1539 820 1595 ultima
850 1541 1087 1596 editione
1123 1540 1371 1595 maxima:
1409 1537 1663 1594 Veterum
1703 1536 1924 1592 Patrum
1966 1535 2055 1590 Bi-

2165 355 2422 425 opnscula
2462 355 2571 409 alia
2603 356 2704 409 ttia
2737 355 2802 410 de
2830 357 3029 424 quibus
3065 371 3253 423 supra,
3284 355 3473 408 horum
3508 353 3762 407 meminit

2163 447 2430 502 Antonius
2458 445 2787 502 Possevinus
2823 462 2889 501 ex
2930 462 3032 501 ms.
3071 446 3364 500 Mantuano
3394 444 3447 497 in
3479 443 3762 512 Apparam

2163 554 2339 604 sacro,
2382 537 2545 593 verbo
2579 538 2857 593 Anselmus
2897 538 3243 601 Mantuanus,
3277 545 3408 590 tom.
3440 536 3481 601 Ι,
3507 552 3632 606 pag.
3663 534 3758 590 86.

2162 631 2426 685 Attribuit
2475 631 2562 691 illa
2606 631 2817 702 primus
2864 631 2925 687 S.
2967 632 3211 686 Anselmo
3252 631 3473 685 Lucensi
3515 633 3761 697 episcopo

2162 721 2338 777 Lucas
2391 722 2694 794 Wadingus
2750 724 2801 776 in
2849 723 3088 778 editione
3141 724 3340 790 citata,
3390 739 3508 791 qnze
3573 733 3759 775 tamen

2163 824 2323 869 antea
2379 814 2640 869 attributa
2690 814 2908 868 fuerant
2956 812 3013 868 S.
3068 813 3449 869 Bonarenturw
3500 811 3761 866 Ecclesia!

2162 907 2385 970 doctori,
2417 907 2484 959 ad
2521 906 2722 961 calcem
2768 906 3011 975 opusculi
3056 907 3199 975 quod
3251 904 3506 960 Stimulus
3554 904 3761 957 amoris

2162 996 2502 1062 inscribitur,
2535 1007 2687 1068 parte
2728 1013 2823 1062 ut,
2861 1014 2979 1067 cap.
3017 996 3083 1050 16
3126 1005 3180 1051 et
3209 997 3579 1066 sequentibus,
3628 1010 3758 1064 pag.

2159 1086 2266 1142 255
2305 1096 2359 1142 et
2395 1088 2748 1158 sequentibus
2786 1087 3040 1161 editionis
3084 1086 3409 1141 Parisiensis
3445 1086 3571 1140 anui
3616 1084 3760 1138 1647

2161 1183 2216 1239 in
2270 1181 2362 1237 fol.
2418 1182 2557 1253 apud
2616 1181 2899 1237 Nicolaum
2970 1181 3248 1236 Wiveuais
3312 1181 3398 1235 \ia
3459 1179 3755 1235 Citbarm:

2160 1275 2409 1345 quamvis
2454 1276 2507 1329 in
2553 1276 2790 1330 editione
2843 1276 3045 1330 Veneta
3091 1275 3215 1328 anni
3260 1274 3419 1339 l6ll,
3453 1274 3596 1343 apud
3643 1273 3762 1326 ha:—

2163 1366 2318 1421 redcs
2349 1366 2664 1438 llieronymi
2705 1366 2877 1430 Scoti,
2909 1381 3012 1419 non
3046 1375 3397 1435 compareant
3432 1365 3485 1419 in
3516 1372 3759 1419 tractatu

2162 1457 2221 1513 S.
2253 1459 2650 1514 Bonavcutura:
2693 1459 2784 1529 qui
2816 1458 3074 1513 Stimulns
3113 1459 3557 1529 artiorisldicitur.
3589 1457 3758 1525 Quis-

2161 1550 2282 1619 quis
2311 1566 2476 1620 porro
2512 1549 2596 1604 vel
2633 1549 2952 1604 monoculus
2996 1549 3179 1614 fuerit,
3207 1558 3605 1618 tractatumque
3644 1548 3759 1602 Sti-

468 1628 775 1691 bliothectc,
816 1629 1159 1700 Lngdunensi
1198 1630 1322 1684 anni
1363 1628 1496 1684 1677
1540 1629 1679 1699 apud
1714 1626 2054 1691 Attissonios,

2160 1637 2290 1692 muli
2315 1641 2511 1693 amoris
2533 1637 3065 1693 Bonaventnrianum
3095 1638 3175 1694 vel
3203 1637 3307 1692 levi
3333 1637 3492 1692 oculo
3521 1654 3757 1707 pereur-

470 1722 616 1777 edita
661 1719 761 1776 sub
804 1723 977 1777 sancti
1014 1720 1253 1776 Anselmi
1285 1719 1544 1776 Lucensis
1572 1719 1809 1790 episcopi
1842 1719 2061 1773 nomine

474 1811 740 1882 Opuscula
778 1823 1007 1884 quatuor
1040 1829 1179 1883 qua),
1225 1822 1382 1867 antea
1416 1827 1445 1865 ιι
1488 1810 1634 1865 Luca
1667 1810 1935 1882 Wadingo
1970 1824 2062 1863 or-

472 1905 616 1960 dinis
642 1889 905 1959 Minorum
937 1906 1376 1976 ltistoriographo
1398 1913 1452 1960 et
1474 1903 1884 1959 hibliotbecario
1914 1902 2060 1956 circa

473 1995 676 2052 annum
712 1997 849 2052 1654
878 1999 1021 2052 edita
1066 1998 1281 2052 fuerant
1310 1998 1567 2067 primunt,
1601 1995 1846 2050 dedicata
1879 1993 2061 2049 Marco

473 2090 709 2145 Antonio
748 2088 1082 2163 Franeiotto,
1127 2087 1184 2144 S.
1222 2089 1286 2142 Β.
1320 2088 1381 2141 Ε.
1417 2086 1679 2142 eardinali
1730 2096 1783 2142 ct
1825 2083 2059 2140 Lucensi

473 2184 748 2254 episcopo,
773 2184 838 2239 de
862 2184 1057 2253 quibus
1088 2185 1202 2253 ipse
1228 2181 1403 2238 Lucas
1428 2181 1729 2249 Wadingns
1754 2182 1804 2235 in
1834 2180 2061 2250 Scripto-

474 2281 620 2335 ribus
668 2280 787 2336 ord.
830 2279 1127 2343 Minornm,
1174 2294 1299 2349 pag.
1328 2277 1456 2333 240.
1495 2276 1620 2332 limo
1663 2286 1841 2330 autem
1884 2285 2056 2330 sunt:

473 2370 844 2442 Expositiones
884 2370 940 2425 in
963 2367 1268 2424 Orationem
1300 2367 1655 2430 Dominicant,
1680 2367 1733 2420 in
1765 2364 2058 2421 Salutatio-

473 2478 587 2515 nem
632 2462 952 2533 angelicant,
999 2462 1100 2514 Are
1146 2458 1351 2522 Maria,
1400 2459 1453 2511 in
1508 2457 1859 2527 Antiphonem
1903 2454 2059 2509 Salve

470 2550 690 2624 rugam.
733 2569 852 2623 qua:
898 2562 1045 2607 tomo
1090 2549 1282 2607 XXVII
1326 2566 1420 2605 seu
1468 2548 1853 2618 Supplementa
1900 2544 2059 2615 huius

469 2644 840 2708 llibliotltecm,
870 2657 990 2711 pag.
1024 2640 1128 2694 456
1171 2649 1224 2695 et
1268 2640 1643 2710 sequentibus,
1672 2653 1796 2692 cum
1838 2634 2060 2690 Medita-

469 2738 697 2793 tiouibus
726 2734 953 2789 metricis
978 2734 1040 2785 tle
1063 2732 1218 2801 gestis
1248 2731 1460 2784 Domini
1494 2729 1656 2783 nostri
1682 2726 1810 2780 Jcsu
1842 2724 2054 2790 Christi,

469 2847 589 2901 qua:
618 2829 881 2898 incipiunt
914 2843 926 2880 :
959 2824 1296 2894 Deserejam,
1323 2823 1524 2886 anima,
1549 2820 1795 2875 lectulum
1830 2820 2054 2888 soporis,

469 2934 573 2977 etc.
603 2919 932 2992 Opusenlutn
964 2934 1001 2982 ι,
1035 2917 1088 2970 in
1122 2914 1426 2970 Orationem
1462 2912 1811 2975 Dominicam,
1849 2910 2052 2980 incipit,

2162 1732 2315 1796 rcrit,
2350 1730 2586 1786 inveniet
2615 1730 2876 1800 opuscula
2919 1731 3032 1784 haec
3067 1730 3165 1783 tria
3198 1744 3320 1783 esse
3354 1744 3563 1783 merum
3592 1744 3758 1781 assu-

2160 1832 2434 1884 mentunt,
2484 1821 2552 1874 ab
2604 1820 2825 1875 indocto
2872 1819 3238 1874 Franciscano
3282 1819 3466 1887 aliquo
3511 1818 3757 1871 additum

2161 1910 2289 1965 huic
2330 1912 2503 1982 operi,
2543 1926 2665 1965 cum
2706 1926 2814 1980 quo
2865 1909 3068 1964 nullam
3126 1907 3288 1963 habet
3334 1908 3756 1970 connexionem,

2160 2006 2362 2061 nullam
2405 2006 2859 2068 consonantiam;
2892 2005 3033 2059 unde
3082 2003 3332 2056 laciniam
3381 2016 3502 2056 esse
3546 2017 3754 2055 Inerant

2160 2096 2337 2167 quivis
2363 2097 2600 2167 prudens
2628 2111 2734 2149 non
2762 2094 3112 2148 iuliciabitur.
3143 2091 3375 2146 'l'antum
3405 2106 3571 2160 porro
3596 2091 3756 2144 abest.

2160 2200 2221 2245 ut
2251 2190 2365 2244 luce
2392 2188 2651 2259 upuscula
2700 2188 2783 2243 vel
2813 2188 3069 2243 Anselmo
3098 2187 3181 2241 vel
3214 2187 3608 2240 Bouaventurre
3657 2185 3756 2237 ho-

2162 2302 2352 2342 norem
2403 2286 2637 2355 aliquem
2684 2285 2998 2354 famamque
3048 2283 3245 2339 alicrre
3283 2283 3513 2354 possint,
3541 2282 3673 2352 quin
3723 2296 3759 2334 ο

2159 2385 2347 2432 contra
2405 2376 2624 2445 indigna
2686 2376 2910 2429 omnino
2963 2374 3073 2429 sint
3127 2389 3246 2442 qua}
3304 2374 3467 2429 tantis
3532 2382 3757 2441 tamque

2160 2467 2419 2535 gravibus
2449 2469 2530 2537 (ut
2562 2465 2774 2534 volunt)
2807 2465 3064 2531 Ecclesia:
3111 2464 3428 2521 doctoribus
3472 2462 3757 2519 ascribun-

2162 2564 2266 2610 tur.
2296 2554 2437 2611 Sunt
2463 2555 2606 2610 enim
2638 2556 2892 2626 anonytui
2923 2555 3204 2624 cujusdam
3241 2553 3484 2616 infantis,
3515 2553 3753 2617 ridiculi,

2159 2648 2506 2712 insanientis,
2530 2657 2581 2703 et
2614 2649 2665 2703 in
2696 2649 3146 2720 expressionibus
3177 2649 3290 2701 suis
3320 2649 3392 2700 ita
3431 2647 3607 2710 hardi,
3643 2647 3753 2700 imo

2159 2746 2436 2816 impudici,
2469 2756 2528 2801 ut
2564 2746 2732 2799 mirer
2767 2745 3040 2815 quomodo
3090 2743 3262 2797 Lucas
3308 2742 3635 2812 Wadingus,
3669 2742 3753 2794 vir

2159 2835 2396 2905 alioquin
2429 2836 2674 2890 eruditus
2710 2845 2763 2887 et
2795 2834 3055 2904 prudens,
3082 2832 3343 2887 Anseltno
3369 2831 3601 2886 Lucensi
3632 2833 3755 2901 epi-

2158 2942 2324 2997 scopo
2371 2926 2670 2981 attribuere
2717 2926 2807 2979 illa
2859 2941 3024 2979 ausus
3091 2923 3271 2978 fuetit.
3323 2921 3434 2977 Nec
3481 2923 3753 2991 opuscula

471 3012 636 3066 Pater
671 3020 862 3073 noster,
896 3010 985 3080 qui
1023 3025 1077 3062 es
1108 3009 1162 3061 in
1195 3007 1354 3071 ralis,
1391 3005 1434 3061 Ο
1464 3007 1714 3059 immensa
1748 3002 2051 3058 clementia!

2158 3018 2422 3075 eiusmodi
2464 3018 2723 3086 inscripta
2760 3016 2826 3070 ad
2870 3016 3014 3070 aliud
3046 3016 3243 3085 juvant
3269 3030 3431 3084 quam
3463 3023 3521 3066 ut
3551 3028 3751 3084 graves

472 3100 516 3155 0
550 3100 831 3171 ine/futtilis
856 3100 1167 3171 benignitas,
1203 3109 1308 3153 etc.
1343 3098 1651 3154 Secundum
1680 3097 1732 3151 in
1762 3095 2053 3151 Salutatio-

468 3213 584 3251 nem
633 3194 955 3265 angelicam;
1006 3193 1227 3263 incipit,
1266 3191 1371 3246 Are
1422 3191 1619 3253 Maria.
1663 3190 1834 3261 gratia
1873 3190 2051 3259 plena,

467 3284 726 3340 Dominus
765 3295 929 3339 tecum
963 3299 981 3339 :
1015 3283 1162 3344 'l'ibi,
1209 3282 1429 3337 Domine
1470 3282 1635 3345 Deus,
1685 3281 1884 3351 gratias
1931 3295 2050 3350 ago,

470 3390 578 3431 etc.
599 3375 862 3442 Tertium,
885 3375 1156 3431 Meditatio
1178 3378 1229 3430 in
1244 3375 1596 3445 Antipltonam
1621 3374 1794 3429 Sam:
1813 3373 2044 3440 Raetus;

467 3470 657 3541 incipit
687 3488 700 3524 :
730 3470 811 3524 Ad
850 3469 1186 3524 salutandam
1232 3468 1433 3523 beatam
1480 3466 1711 3520 Mariam
1764 3464 2050 3537 Virginem,

466 3559 636 3630 primo
672 3560 825 3614 debes
864 3561 1279 3630 magnitudinem
1321 3559 1474 3628 ejus,
1518 3571 1626 3611 etc.
1659 3557 1944 3624 Quartum,
1978 3555 2052 3609 De

469 3651 639 3708 Gestis
689 3653 898 3707 Domini
951 3654 1116 3707 nostri
1160 3652 1288 3707 Jesu
1337 3651 1565 3716 Christi,
1612 3659 1671 3704 nt
1714 3667 1898 3719 supra,
1945 3659 2050 3704 etc.

467 3749 738 3816 Quantum
767 3746 834 3801 ad
860 3755 1113 3816 quartum
1159 3745 1260 3800 hoc
1285 3744 1599 3814 opusculum
1641 3742 1718 3797 De
1757 3744 1913 3813 gcstis
1947 3757 2054 3795 nte-

466 3842 613 3895 tricis
650 3839 859 3894 Domisi
907 3839 1072 3894 nostri
1120 3839 1246 3893 Jesu
1297 3838 1526 3902 Christi,
1576 3835 1814 3905 loquitur
1857 3839 1923 3891 de
1963 3835 2053 3891 illo

465 3930 739 3986 Arnoldius
762 3930 922 3986 \Vion
942 3931 992 3984 in
1024 3928 1411 4001 Martyrologio
1428 3927 1796 3985 Benedictino.
1817 3928 1883 3982 ad
1909 3927 2049 3982 diem

467 4024 535 4080 i8
585 4023 782 4089 Martii,
829 4024 1085 4078 Anselmo
1124 4022 1352 4078 Lucensi
1399 4036 1653 4092 episcopo
1694 4036 1927 4085 sacram,
1961 4017 2049 4074 ubi

467 4119 516 4172 ei
568 4118 698 4173 illud
749 4118 1018 4173 attribuit.
1046 4118 1115 4171 At
1162 4117 1341 4172 Lucas
1387 4112 1708 4184 \Vadingns,
1742 4113 1832 4184 qui
1881 4112 2051 4166 edidit

464 4207 598 4263 illud
651 4208 703 4262 in
750 4208 1072 4263 Bibliotheca
1118 4205 1221 4261 SS.
1266 4205 1485 4260 Patrum
1535 4203 1786 4261 editionis
1835 4203 2052 4258 Anisso-

465 4300 643 4355 niana:
686 4299 1082 4371 Lugdunensis,
1125 4308 1271 4353 tomo
1317 4296 1537 4363 XXVII,
1580 4314 1703 4368 pag.
1736 4296 1872 4361 1H4,
1921 4294 2047 4349 illud
2080 4334 2126 4392 ι)

434 4393 539 4447 ‘ita
569 4408 689 4447 esse
721 4392 993 4451 inlirmum
1031 4401 1202 4455 notat,
1229 4402 1287 4447 ut
1317 4392 1488 4446 sancti
1519 4390 1758 4446 Ansclini
1788 4390 2049 4445 Lucensis

464 4484 702 4554 episcopi
735 4500 929 4540 nomen
967 4499 1073 4537 non
1105 4493 1395 4539 mereatur.
1430 4483 1544 4538 lloe
1573 4499 1738 4538 tuuun
1769 4485 1899 4538 mihi
1931 4499 2049 4538 eer-

465 4585 603 4639 tum,
627 4577 807 4630 omnia
842 4576 941 4630 ista
975 4590 1146 4631 metra
1178 4576 1293 4630 sive
1328 4575 1582 4630 Anselmo
1623 4574 1851 4629 Lucensi
1894 4572 2047 4627 attri-

463 4667 722 4731 boantur,
750 4667 865 4720 sive
904 4666 1157 4723 Auseltno
1193 4666 1573 4722 Cantuariensi
1616 4666 2045 4735 archiepiscoiio,

463 4762 575 4813 sive
608 4758 883 4814 Bernardo
911 4758 1082 4815 Clara:
1109 4758 1279 4815 Vallis
1305 4759 1507 4822 abbati,
1539 4767 1597 4812 nt
1624 4757 1726 4811 alia
1769 4756 1919 4827 plura
1959 4773 2049 4811 eo-

463 4869 583 4906 rum
611 4852 868 4921 operibns
897 4853 1156 4917 immista,
1188 4868 1310 4907 esse
1338 4867 1500 4922 opera
1533 4850 1713 4906 surculi
1751 4866 1843 4905 XIII
1874 4849 1955 4902 vel
1980 4849 2046 4902 ad

463 4960 734 4999 sumntum
782 4945 962 5000 szeettli
993 4960 1066 4999 xu
1101 4945 1455 5001 senescentis.
1498 4944 1788 5007 l’rmterca,
1820 4951 1879 4995 ut
1923 4942 2049 4996 sab-

455 5035 637 5104 iungit
679 5035 840 5106 hujus
888 5034 1091 5089 ultima:
1132 5034 1386 5090 editionis
1416 5033 1761 5087 Bibliotheca:
1793 5030 2046 5087 Veterum

461 5125 686 5185 Patrum
724 5126 1003 5190 collector,
1048 5126 1150 5180 hoc
1178 5140 1317 5194 opus
1344 5125 1588 5179 continet
1625 5124 1790 5179 multa
1831 5124 2047 5194 indigna

460 5219 580 5269 viro
629 5216 814 5287 gravi.
871 5215 1047 5285 qualis
1096 5215 1390 5269 Anscltnus
1444 5213 1703 5268 Lucensis
1763 5215 2047 5282 episcopus

545 5318 558 5330 ι
636 5309 889 5330 Π....--.--2-
936 5318 1109 5330 ..--ι.....
1158 5306 1417 5330 Δ-.....1.1..ι.
1453 5305 1611 5330 ἶῖἵζ--.
1647 5316 1871 5330 .....s-...-..
1907 5307 2047 5330 2.....l

2158 3109 2417 3167 Ecclesia:
2444 3109 2739 3178 scriptores
2773 3116 3049 3179 exponant
3084 3106 3438 3175 contemptui,
3474 3104 3754 3159 irrisioni-

2155 3204 2277 3268 bus.
2307 3202 2612 3258 doctrinam
2640 3200 3000 3254 orthodoxam
3031 3215 3093 3254 ac
3121 3214 3310 3269 puram
3352 3196 3752 3262 incertitndini,

2156 3297 2417 3367 mysteria
2449 3293 2857 3364 Scripturarum
2891 3289 3335 3345 insolentissimis
3360 3290 3657 3344 verborum
3688 3302 3755 3341 ac

2149 3388 2499 3461 joeositatum
2544 3384 2990 3441 obscenitatibus.
3023 3383 3143 3438 Jam
3176 3383 3458 3436 videamus
3497 3397 3565 3435 ex
3620 3379 3759 3449 ipsis

2154 3482 2541 3551 upuscnlorum
2592 3479 2772 3533 verbis
2826 3492 2987 3546 quam
3040 3475 3347 3539 absurdus,
3400 3473 3753 3543 imprudens,

2158 3576 2263 3632 imo
2307 3574 2585 3628 insaniens
2614 3573 2666 3627 in
2696 3572 3142 3642 expressionibus
3183 3572 3297 3625 suis
3327 3570 3414 3624 hic
3444 3580 3755 3637 anonymns

2156 3663 2334 3718 fuerit.
2365 3664 2418 3717 ln
2449 3662 2800 3731 ExposTIioue
2847 3676 3004 3729 super
3053 3659 3360 3713 Orationem
3393 3657 3751 3721 Dominicam,

2155 3753 2256 3809 sub
2278 3754 2487 3808 initium
2510 3771 2522 3802 τ
2545 3752 2684 3818 Quid
2707 3753 2836 3804 mihi
2858 3751 2996 3803 ultra
3019 3751 3083 3804 de
3103 3752 3318 3804 terrenis
3339 3748 3754 3817 Iwnoribus,qui

2153 3861 2269 3898 sum
2310 3843 2452 3911 [ilius
2498 3842 2629 3895 Dei?
2668 3840 2851 3910 Majas
2900 3839 3124 3893 dedi-cus
3168 3849 3300 3892 esset
3343 3838 3469 3891 nti/ti
3510 3848 3753 3906 appetere

2152 3946 2609 4005 quantumcunque
2632 3932 2877 3985 honorem
2900 3940 3186 3994 terrenum,
3202 3945 3360 3997 quant
3386 3928 3499 3996 ﬁlio
3522 3929 3750 3995 impera-

2154 4026 2282 4080 toris
2307 4024 2513 4077 latrina'
2538 4023 2779 4093 oﬁiciutu.
2808 4020 2948 4086 Quid
2986 4020 3113 4072 mihi
3148 4020 3289 4072 ultra
3311 4021 3375 4072 de
3409 4020 3632 4073 terrenis
3658 4020 3744 4071 di-

2154 4115 2294 4170 vitiis
2345 4115 2433 4184 qui
2464 4114 2605 4183 regni
2660 4112 2843 4165 atterui
2888 4126 3004 4163 sum
3064 4109 3283 4163 Ita’res.’
3328 4107 3745 4179 lgnominiosius

2153 4222 2283 4268 esset
2316 4210 2442 4265 ntilti
2471 4211 2534 4264 de
2560 4220 3022 4280 quantumcunque
3050 4208 3252 4275 magnis
3281 4206 3478 4259 divitiis
3526 4207 3749 4258 terrenis

2153 4319 2358 4368 curare,
2389 4317 2544 4373 quam
2564 4299 2964 4369 primogenitum
2992 4298 3318 4364 imperatoris
3334 4297 3397 4349 de
3423 4296 3551 4363 ﬁmo
3585 4313 3747 4365 equo-

2152 4412 2291 4449 rum.
2332 4393 2470 4460 Quid
2520 4391 2637 4446 istis
2678 4389 3176 4458 comparationibus
3239 4388 3543 4441 insulsius?
3594 4386 3746 4440 Haud

2151 4476 2370 4540 ddbinnt
2415 4484 2543 4554 quin
2595 4481 2843 4536 latrinam
2887 4480 3096 4545 oleret,
3138 4481 3226 4550 qui
3274 4480 3480 4533 latritne
3527 4497 3592 4535 ac
3635 4480 3743 4533 litui

2153 4590 2415 4645 equorum
2472 4574 2738 4627 insuetum
2776 4572 3031 4627 Patribus
3076 4572 3539 4641 comparationem
3594 4586 3748 4639 repe-

2152 4670 2317 4722 tebat.
2342 4665 2491 4721 Tune.
2519 4675 2703 4736 pestca
2737 4678 2750 4717 :
2786 4662 2826 4717 Ο
2854 4665 3199 4725 exsultatio,o
3225 4664 3531 4722 admiratio,
3563 4679 3593 4714 ο
3632 4677 3743 4714 me-

2150 4758 2375 4813 dullaris
2430 4757 2741 4821 ntodulatio,
2794 4758 2917 4825 quia
2956 4752 3120 4809 Pater
3173 4771 3315 4808 meus
3372 4771 3426 4808 es
3469 4765 3523 4807 tu
3553 4754 3574 4805 !
3604 4752 3740 4819 Quid

2150 4852 2499 4920 expressione
2531 4851 2632 4904 ista
2679 4851 2958 4918 nugacius,
2986 4847 3031 4901 Ο
3064 4846 3371 4900 medullaris
3400 4845 3690 4898 modulatio
3720 4844 3741 4897 .'

2151 4942 2288 5008 Quid
2315 4956 2417 4995 vox
2456 4922 2578 5002 ista,
2603 4939 2908 4993 medullaris
2933 4939 2959 4992 ξ’
2982 4955 3140 5008 quam
3170 4935 3361 4991 Latina
3394 4937 3407 4991 ἔ
3439 4951 3601 5006 quam
3632 4936 3741 4990 cxi-

2152 5033 2258 5088 mie
2294 5032 2495 5102 juncta:
2530 5046 2714 5097 voces,
2754 5030 2798 5085 Ο
2842 5030 3149 5084 medullaris
3195 5028 3486 5082 modulatio
3518 5029 3540 5081 !
3578 5027 3740 5096 Quasi

2151 5122 2446 5177 modulatio
2475 5123 2559 5176 vel
2591 5124 2642 5176 in
2672 5122 2902 5177 medulla
2939 5122 3031 5189 sit,
3066 5120 3149 5175 vel
3174 5137 3238 5175 ex
3271 5121 3476 5175 ossium
3513 5119 3742 5175 medulla

2151 5215 2408 5284 procedat
2438 5215 2455 5269 ι
2486 5213 2700 5267 Siccine
2751 5214 3114 5281 loquebantur
3142 5212 3310 5267 sancti
3349 5211 3565 5275 Patres,
3592 5212 3733 5279 jutli-
3772 5258 3775 5265 ,

2186 5306 2233 5330 ελ
2282 5319 2470 5330 “Ann-VA-
2557 5307 2900 5330 ‘I-C-\-l‘(~l‘:‘\-hn
2958 5306 3073 5330 ..ι-..ἶ
3175 5304 3277 5330 ΩΑΙΛ

2804 5320 2900 5330 η..η
2958 5306 3073 5330 ..ι-..ἶ
3175 5304 3277 5330 ΩΑΙΛ
3324 5303 3521 5330 ζιιοηιν-αἶ
3553 5303 3575 5330 9
3612 5304 3735 5330 ίΙΛηι

2157 5322 2233 5330 ...Α
2282 5321 2371 5330 ...λιιι
2382 5319 2470 5330 ινΑΑ
2557 5319 2616 5330 ιι..
2628 5320 2793 5330 .ὶ“ι·ιι.ι‹ι
