4018 5330
233 291 333 346 Ml

1511 301 1789 358 NOTITIA
1837 301 2214 360 lllSTOlllCA.

3419 323 3526 380 MS

231 415 528 468 clementia
583 415 686 472 Dei
728 417 828 470 mei
873 418 1262 472 tabernaculum
1295 419 1430 490 ejus.
1463 420 1604 474 Ecce
1655 421 1846 472 iterum
1875 423 1924 480 Α
1953 430 2058 480 est,
2084 435 2190 488 quo
2221 424 2390 488 magis
2428 426 2658 480 narbare
2684 437 2736 482 et
2777 429 2980 486 insulse
3009 433 3234 504 quisque
3281 436 3525 506 loquere-

231 524 558 578 auonymus
579 512 656 564 ad
688 511 869 565 lituum
898 521 950 566 et
974 511 1240 572 latrinam,
1269 527 1428 582 quam
1457 513 1540 565 vix
1586 515 1846 581 tantisper

229 595 550 664 abiecerat,
583 611 796 656 utvere
828 603 1262 656 stercoranistam
1296 602 1674 671 appellaverint
1701 604 1844 659 hunc

229 702 614 756 anonymum,
645 691 732 759 qui
759 703 866 743 tam
893 707 1030 760 sarpe
1059 693 1168 744 limi
1195 701 1247 745 et
1275 691 1480 746 latrina-
1509 695 1840 751 recordatur.

225 785 464 838 Inﬁnita:
497 803 646 840 vero
695 801 984 858 suppetunt
1027 789 1284 856 ejusmodi
1321 791 1698 858 expressiones
1749 792 1842 844 ab-

220 877 404 944 iecte,
445 879 731 944 ridiculae,
757 881 986 940 rustica},
1015 883 1317 949 impudicae,
1349 897 1468 950 qua:
1501 881 1670 934 virum
1701 881 1841 936 hunc

225 967 398 1022 fuisse
455 971 904 1024 tuodicissimum
943 973 1156 1040 ingenio
1197 983 1250 1025 et
1296 973 1508 1039 eloquio
1554 973 1838 1025 Lat-barum

223 1060 492 1126 produnt.
533 1058 690 1127 Lege
733 1063 830 1115 ista
859 1063 1110 1130 opuscula
1163 1065 1262 1118 tria
1299 1083 1309 1116 :
1347 1063 1732 1132 E.rposi.-'ionem
1787 1065 1838 1118 in

225 1149 552 1204 Orationem
613 1152 972 1218 Dominieant,
1015 1155 1398 1208 Saluttuionem
1439 1157 1746 1224 angelicam,
1791 1165 1838 1210 et

219 1243 610 1308 Αηιὶριιοητιηι
653 1262 664 1297 :
710 1245 880 1298 Sam:
927 1245 1150 1310 lucus,
1197 1265 1314 1302 esse
1369 1249 1656 1318 inscriptas
1702 1249 1840 1304 Con-

221 1333 642 1400 templationes,
662 1348 716 1392 et
740 1337 1026 1406 impressas
1057 1339 1221 1392 fuisse
1249 1355 1388 1392 anno
1421 1339 1572 1404 1521,
1593 1341 1836 1408 Parisiis,

223 1423 274 1476 in
311 1423 368 1484 4,
402 1427 516 1480 sub
571 1429 795 1484 nomine
850 1432 1090 1500 magistri
1153 1432 1360 1486 Martini
1411 1433 1475 1488 de
1519 1433 1786 1506 Magistris
1817 1479 1832 1502 ,

219 1511 470 1570 doctoris
529 1519 770 1590 theologi
805 1561 818 1584 ,
849 1523 988 1591 typis
1033 1522 1216 1576 Jodori
1264 1522 1414 1577 Badii
1463 1526 1728 1590 Ascr.s'.i,
1770 1527 1836 1582 dc

220 1621 326 1674 quo
351 1607 664 1676 loquemur
693 1612 756 1664 ad
791 1629 988 1666 annum
1027 1613 1162 1666 1461)
1195 1624 1404 1682 postea.

289 1695 410 1750 iam
440 1701 701 1764 accedat,
733 1720 849 1770 qum
877 1705 1032 1773 nugis
1063 1704 1403 1758 inlerioruon
1436 1715 1536 1773 est,
1565 1707 1832 1776 Expositio

219 1785 272 1838 in
315 1785 724 1844 Salutationem
765 1793 1076 1862 angelicam,
1120 1813 1211 1850 seu
1247 1797 1516 1851 illeditatio
1547 1817 1702 1866 super
1729 1803 1832 1854 Are

223 1873 420 1930 Maria.
459 1879 544 1931 lia
581 1881 818 1950 loquitur
841 1887 940 1938 sub
975 1886 1182 1939 ἱιιίεἱιιιη
1213 1905 1228 1940 :
1265 1887 1364 1952 Qui
1403 1905 1578 1940 anima
1625 1907 1830 1942 conser-

221 1981 307 2018 τοι
343 1979 390 2020 et
426 1973 596 2038 regis,
621 1985 668 2026 et
700 1991 778 2028 me
797 1975 1136 2044 [redissimam
1169 1983 1364 2034 saniem
1383 1993 1428 2034 et
1457 1983 1826 2051 turpitudinem

227 2059 618 2129 detestabilem,
647 2077 692 2120 et
735 2070 1121 2125 abominatione
1167 2073 1468 2140 plenum,ct
1514 2077 1654 2129 οηιηί
1701 2077 1822 2142 vita,

223 2150 326 2203 imo
361 2157 602 2210 essentia
634 2159 1182 2232 indignant,dignatus
1217 2183 1269 2220 es
1304 2177 1504 2220 tantum
1539 2169 1818 2231 illustrare,

225 2252 272 2291 ut
297 2243 464 2294 sciam
499 2257 553 2298 te
583 2258 798 2302 matrem
826 2252 1012 2306 ltubere
1049 2271 1068 2308 :
1097 2267 1144 2308 et
1187 2258 1284 2311 hoc
1308 2261 1432 2312 milii
1463 2259 1820 2327 indignisimo

227 2336 576 2400 concessisti,
629 2349 684 2390 ut
733 2341 896 2408 ipsum
955 2351 1144 2413 possint
1191 2359 1237 2400 et
1291 2351 1512 2404 audeant
1565 2351 1816 2405 salutare.

223 2419 340 2474 llzec
369 2423 638 2492 loquendi
669 2432 806 2484 ratio
852 2432 959 2486 olet
1005 2437 1172 2488 virum
1213 2439 1532 2508 abreptum,
1565 2443 1657 2496 sed
1711 2459 1814 2497 sa:-

225 2511 322 2564 culi
369 2529 481 2580 xiv,
517 2519 612 2572 ubi
653 2523 1032 2590 expressiones
1081 2527 1195 2582 ista:
1244 2533 1520 2586 ccs:atic:e
1572 2533 1730 2587 simul
1762 2545 1816 2589 et

225 2602 436 2656 rustica:
489 2618 656 2662 erant
701 2609 1042 2668 admirationi
1091 2627 1144 2670 et
1193 2621 1330 2674 usui.
1389 2621 1668 2677 llabebant
1703 2627 1816 2693 qni-

225 2691 337 2744 dem
376 2695 599 2766 antiqui
647 2699 898 2758 Ecclesitu
945 2705 1131 2762 Patres
1180 2713 1496 2780 profundam
1543 2717 1812 2772 humilita-

225 2790 348 2847 tem,
387 2793 484 2844 sed
533 2808 700 2858 quam
745 2799 1182 2864 prudentioribus
1224 2808 1405 2864 verbis
1455 2827 1518 2864 ac
1569 2814 1810 2868 solidiori

226 2881 577 2944 expressione
613 2885 665 2938 in
700 2890 914 2958 scriptis
951 2897 1063 2949 suis
1104 2901 1282 2953 testati
1313 2913 1458 2956 sunt.
1498 2903 1593 2958 Ubi
1627 2918 1806 2964 autem

227 2964 308 3020 hic
335 2985 646 3044 auonymus
677 2981 911 3048 appellat
948 3001 1005 3039 se
1033 2987 1374 3056 {tardissimum
1403 2997 1596 3050 saniem
1620 3010 1666 3051 el
1694 3009 1804 3052 tar-

225 3057 506 3122 pitudinem
538 3066 890 3126 detestabilem
912 3087 956 3128 et
976 3079 1360 3138 abominatione
1378 3085 1605 3152 plenum,
1622 3099 1800 3144 osten-

229 3147 297 3198 dit
327 3155 564 3210 uondum
593 3173 653 3213 se
681 3177 802 3216 esse
823 3165 1043 3220 oblitum
1067 3170 1272 3226 lati-inte
1301 3187 1346 3228 et
1373 3177 1486 3244 ﬁmi
1515 3197 1794 3250 equorum,

228 3235 288 3288 de
313 3242 508 3307 quibus
552 3248 766 3306 loeutus
805 3266 884 3308 est
915 3257 966 3310 iu
1007 3261 1343 3332 Expositione
1391 3267 1658 3324 Orationis
1696 3275 1802 3327 Do-

229 3331 438 3390 minicw.
475 3339 575 3394 Ubi
624 3359 684 3397 se
728 3349 866 3398 omni
919 3352 1058 3416 uita,
1106 3356 1207 3406 imo
1255 3362 1477 3413 essentia
1528 3363 1798 3433 indignum

227 3431 390 3488 vocat,
422 3433 667 3485 ostendit
695 3449 752 3488 se
775 3439 1088 3509 scriptorem
1124 3447 1432 3503 ultimorum
1467 3431 1794 3522 temporum,

229 3514 408 3578 quibus
473 3522 560 3576 ha:
619 3541 781 3582 voces
827 3531 878 3585 in
943 3533 1278 3592 Scholasticis
1351 3544 1615 3612 palustris
1673 3565 1794 3604 cum

231 3603 556 3668 aliectatione
592 3631 863 3688 usurpata:
893 3637 1036 3690 sunt,
1068 3631 1220 3698 quasi
1255 3635 1486 3688 tnaxima
1539 3642 1792 3708 mysteria

228 3693 597 3764 signiﬁcantes.
639 3709 754 3764 Sub
796 3717 1023 3770 medium
1059 3721 1214 3790 hujus
1253 3726 1491 3793 opusculi
1529 3746 1541 3780 :
1579 3729 1795 3784 Patien-

229 3786 340 3840 tium
377 3793 538 3862 habe,
585 3801 829 3870 domina,
883 3809 1006 3876 quia
1055 3814 1340 3881 angelicam
1407 3817 1790 3876 Salutationem

227 3891 410 3976 promo,
451 3898 504 3940 et
541 3891 774 3960 angelice
820 3913 920 3952 non
961 3902 1096 3964 vivo,
1129 3907 1220 3958 sed
1273 3909 1448 3976 potius
1512 3901 1795 3969 diabolicei

230 3965 524 4063 llorrenclus
579 4000 696 4036 sum
725 4026 740 4050 ,
771 3995 820 4038 et
876 3999 925 4043 te
978 3993 1208 4048 salutare
1257 4015 1535 4063 pra'sumo.
1582 4004 1790 4061 llorreo

227 4055 380 4120 fateor
408 4069 612 4126 Lucam
643 4075 990 4150 Wadingum,
1021 4087 1109 4154 qui
1159 4099 1266 4142 tam
1317 4089 1474 4161 iu'sipi
1500 4098 1604 4148 tum
1645 4097 1788 4152 hunc

228 4169 534 4256 alionymum
585 4169 642 4222 S.
687 4171 924 4227 Ausehui
977 4175 1233 4236 Lucens‘s
1285 4184 1518 4256 episcopi
1569 4191 1786 4244 nomine

226 4241 594 4342 lmuestaverit.
619 4259 749 4326 Quis
795 4280 1028 4334 unquam
1059 4269 1276 4325 Patrum
1307 4289 1475 4342 usque
1518 4278 1584 4331 ad
1617 4294 1785 4334 saecu-

227 4331 318 4390 lIun
367 4357 436 4398 xu
495 4347 778 4417 inclusive,
845 4356 1008 4410 verbo
1060 4360 1268 4414 etiamsi
1325 4363 1684 4434 humillimus,
1729 4371 1780 4424 iu

229 4429 416 4534 fct‘iplis
441 4438 558 4491 suis
589 4440 784 4496 dixerit.
818 4463 872 4498 se
899 4464 1001 4500 non
1045 4452 1290 4518 angelice,
1329 4455 1420 4506 scd
1464 4459 1635 4524 potius
1666 4462 1780 4513 dia-
1813 4477 1858 4534 ι)

228 4511 364 4573 bolice
397 4525 623 4582 vivere?
659 4531 800 4586 idem
852 4547 1032 4604 postea
1071 4557 1083 4592 :
1119 4537 1290 4607 Igirur
1327 4543 1450 4608 Ave,
1485 4561 1514 4597 ο
1547 4551 1779 4603 catenale

228 4603 340 4674 Αινε,
363 4619 498 4682 quod
543 4636 632 4673 cor
669 4629 978 4696 constringis
1003 4646 1118 4682 cum
1163 4629 1393 4702 Virgine,
1425 4645 1471 4688 et
1501 4653 1713 4704 separas
1745 4657 1776 4693 a

227 4707 411 4760 terrenis
439 4725 458 4762 .'
489 4730 606 4766 cum
657 4717 1141 4776 misericordissima
1181 4728 1447 4792 miserum,
1499 4745 1616 4784 cum
1667 4732 1772 4785 Do-

231 4793 346 4848 mina
373 4818 600 4868 servum,
631 4825 746 4860 cum
787 4823 954 4864 matre
989 4813 1158 4878 ﬁlium
1204 4817 1502 4884 ﬁrmissime
1545 4821 1697 4892 ligas.
1729 4822 1772 4878 0

232 4890 417 4948 antabile
454 4897 560 4951 Ave
589 4899 612 4952 !
639 4901 858 4954 Accedat
907 4913 964 4954 ut
1007 4908 1228 4973 salutet,
1262 4911 1350 4979 qui
1382 4911 1488 4965 vult
1541 4890 1772 4969 ralenari

229 4992 414 5050 amore;
452 5000 498 5042 et
530 5007 648 5044 cum
675 4993 979 5046 salutaverit
1003 5013 1064 5048 ex
1098 5001 1268 5062 corde,
1302 5002 1526 5069 amplius
1555 5008 1768 5076 fortius-

231 5081 307 5132 que
337 5079 751 5147 constringatur:
776 5091 822 5134 et
875 5095 1072 5152 quanto
1108 5092 1488 5160 constringetur
1528 5097 1715 5160 fortius
1752 5139 1766 5160 ,

1869 5147 1972 5160 Iun"

1949 519 2112 564 retur.

2017 600 2342 670 Opusculum
2372 608 2586 662 tertium
2629 609 2900 666 Meditatio
2937 632 3092 684 super
3124 617 3263 672 salve
3299 618 3518 689 Regina,

1945 707 2052 746 non
2082 703 2188 746 tam
2220 697 2394 764 primo
2431 701 2738 770 eruigatnm
2774 707 2838 758 ab
2885 705 3029 761 Luca
3065 708 3330 779 Wadiugo
3358 727 3517 778 quam

1945 781 2138 838 iterum
2177 789 2399 842 editum.
2445 791 2667 846 Constat
2729 796 2870 848 enim
2917 799 3057 852 hanc
3116 801 3516 854 meditationem

1945 875 2126 929 haberi
2181 877 2230 930 in
2285 882 2534 936 omnibus
2573 885 2722 940 lirme
2763 888 3086 944 editionibus
3127 892 3358 962 Operum
3407 895 3515 947 diri

1943 967 2222 1032 Bernardi,
2255 971 2322 1024 ab
2351 989 2493 1028 anno
2525 976 2660 1030 15’56
2685 979 2750 1030 ad
2780 995 2978 1034 annum
3025 983 3179 1037 iii-l0.
3231 984 3336 1038 Sed
3369 984 3511 1040 illam

1945 1059 2158 1112 tandem
2211 1061 2282 1114 ita
2339 1064 2658 1132 absurdam,
2723 1069 2988 1124 indoctam
3047 1085 3206 1140 atque
3251 1091 3512 1140 uugacem

1939 1165 2060 1205 esse
2100 1154 2286 1218 \isam,
2315 1164 2370 1208 ut
2403 1156 2454 1210 in
2487 1157 2688 1212 ultim's
2729 1163 3038 1218 eorunnlem
3067 1165 3296 1232 Operum
3325 1166 3512 1218 editio-

1941 1244 2098 1296 nibus
2147 1245 2214 1296 ab
2266 1244 2472 1302 Joanre
2531 1248 2770 1304 Merlane
2833 1253 3045 1307 llorstio
3100 1254 3406 1318 Germano,
3458 1264 3512 1308 et

1937 1331 2144 1388 Joanne
2193 1334 2502 1392 Mabillouio
2545 1339 2718 1404 Gallo,
2749 1345 2878 1399 viris
2923 1346 3184 1400 auibobus
3209 1355 3260 1398 et
3287 1347 3510 1400 eruditis

1937 1431 1988 1475 et
2011 1423 2238 1488 criticis,
2271 1425 2340 1478 ab
2383 1425 2648 1496 Operibus
2693 1431 3040 1488 Beruardinis
3084 1435 3384 1504 proscripta
3415 1437 3502 1488 sit.

1937 1511 2052 1575 Quo
2083 1529 2256 1581 porro
2302 1515 2450 1582 jure,
2497 1535 2616 1588 qtae
2663 1521 2876 1591 indigna
2937 1524 3209 1582 Bernardo
3256 1528 3367 1580 visa
3425 1537 3508 1580 est

1937 1600 2238 1668 hie-dilatio,
2268 1604 2318 1658 iu
2349 1606 2472 1674 jura
2521 1625 2822 1679 nomenque
2849 1614 3084 1668 Auselmi
3118 1615 3371 1671 Lucensis
3397 1615 3506 1685 epi-

1938 1695 2086 1760 scopi
2133 1697 2400 1750 trausiit?
2438 1698 2492 1752 St
2533 1699 2804 1756 Bernarth
2851 1703 3090 1774 indigna,
3135 1722 3262 1776 ergo
3301 1715 3354 1760 et
3399 1709 3505 1762 Au-

1938 1782 2106 1836 selmo
2133 1795 2238 1838 tam
2289 1785 2518 1843 Lucensi
2571 1793 2842 1862 episcopo,
2877 1795 2960 1848 cui
3001 1795 3174 1851 Lucas
3212 1797 3506 1870 Wadingus

1929 1884 2048 1924 eam
2097 1873 2380 1943 ascripsit,
2412 1893 2570 1944 quam
2625 1879 2996 1938 Cantuariensi
3051 1887 3454 1956 archiepiscom
3487 1929 3504 1952 ,

1927 1962 2012 2014 cui
2059 1962 2204 2016 illam
2257 1965 2348 2019 alii
2399 1969 2796 2025 atlribuuut.0
2853 1975 3096 2038 Domina,
3141 1977 3332 2046 inquit,
3388 1995 3504 2048 qua:

1926 2051 2066 2120 rapis
2107 2053 2266 2106 corda
2305 2055 2616 2124 dulcedine,
2648 2077 2816 2114 nonne
2865 2080 2956 2116 cor
3003 2081 3196 2130 meum,
3245 2068 3456 2120 damma
3484 2109 3498 2131 ,

1925 2145 2193 2210 rapuisti?
2221 2144 2288 2199 Et
2321 2149 2408 2201 ubi
2447 2167 2622 2218 quiusa
2663 2155 2881 2216 posuisti
2917 2156 3071 2222 illud,
3103 2169 3158 2212 ut
3187 2160 3354 2228 ipsum
3413 2177 3530 2216 va-.

1921 2231 2054 2285 leam
2095 2236 2322 2291 invenire
2357 2240 2385 2291 .’
2411 2239 2666 2310 Nunquid
2703 2243 2756 2296 in
2785 2246 2900 2298 sinu
2941 2257 3052 2312 tuo,
3091 2265 3153 2302 ne
3202 2249 3496 2318 inveniam,

1921 2325 2190 2382 collocasti
2227 2330 2250 2382 Ρ
2287 2333 2523 2401 nunquid
2563 2335 2700 2386 inter
2735 2336 2890 2390 ubera
2927 2348 3020 2392 tua
3059 2342 3282 2408 posuisti
3313 2341 3444 2394 illud
3475 2343 3500 2395 2

1919 2414 2176 2472 Fortasse
2208 2420 2279 2474 ibi
2320 2426 2538 2490 posuisti
2583 2425 2714 2478 illud
2761 2445 2850 2480 cor
2884 2446 3072 2494 nteant,
3101 2441 3157 2485 ut
3213 2434 3352 2502 quod
3398 2436 3498 2504 [ri-

1915 2519 2096 2576 guerat
2151 2510 2271 2574 tibi,
2307 2513 2514 2580 culeﬁat
2555 2515 2578 2570 !
2616 2515 2661 2572 0
2717 2521 2922 2587 raptria:
2968 2524 3236 2588 cordium,
3281 2527 3494 2592 quando

1915 2598 2044 2650 milii
2072 2601 2306 2654 restitues
2331 2619 2421 2656 cor
2441 2621 2606 2658 meum
2631 2607 2656 2660 ?
2691 2605 2867 2672 Quare
2889 2611 2963 2663 sic
2989 2613 3148 2664 corda
3174 2614 3492 2682 simplicium

1915 2691 2056 2756 rapis
2089 2691 2114 2742 .9
2145 2707 2306 2760 quare
2331 2693 2622 2748 violentiam
2657 2697 2788 2765 facis
2829 2699 2932 2753 tuis
2967 2702 3203 2755 amicis?
3237 2701 3492 2772 Nunquid

1910 2795 2112 2848 semper
2133 2782 2207 2835 ris
2228 2784 2396 2852 ipsum
2437 2797 2608 2840 tenere
2634 2789 2659 2841 .9
2695 2788 2788 2844 Vel
2821 2791 2934 2846 hinc
2961 2791 3306 2862 interrogatio
3336 2797 3490 2850 unica

1909 2883 2236 2940 anonymum
2267 2875 2456 2940 probat
2493 2880 2790 2933 tuoriouem
2829 2892 2990 2951 atque
3019 2883 3366 2954 insipientem
3413 2887 3490 2938 vi-

1908 2971 2052 3023 rum,
2085 2975 2242 3028 quem
2277 2962 2600 3020 indiscretus
2632 2969 2782 3022 zelus
2807 2969 2964 3026 eﬂ'ert
2991 2971 3058 3026 ad
3107 2973 3486 3042 inquisitiones

1909 3048 2100 3102 stultas
2125 3061 2180 3104 et
2205 3052 2500 3121 impudicas
2525 3097 2539 3118 ,
2565 3058 2608 3110 si
2641 3059 2801 3113 verba
2835 3071 3122 3116 sumantur
3158 3065 3222 3118 ad
3253 3065 3488 3120 litteram

1827 3139 1872 3199 ε
1905 3147 2060 3204 prout
2087 3151 2301 3194 sonant.
2343 3141 2674 3213 Stupendam
2721 3153 2993 3205 ecstasin!
3027 3151 3070 3206 0
3119 3155 3320 3222 raptria:
3369 3173 3486 3210 cor-

1903 3227 2068 3295 dimn,
2097 3232 2298 3297 quand.
2338 3234 2466 3286 milii
2513 3246 2748 3292 restitues
2793 3257 2884 3292 cor
2929 3244 3155 3296 meum?
3189 3243 3231 3300 0
3275 3245 3484 3302 insania

1903 3317 2201 3385 set-iptoris,
2241 3320 2494 3390 Nunquid
2531 3325 2664 3378 inter
2712 3328 2868 3382 ubera
2915 3342 3006 3384 tua
3042 3335 3263 3400 posuisti
3307 3337 3438 3390 illud
3463 3340 3488 3392 ?

1901 3406 2060 3460 Olent
2087 3423 2248 3464 voces
2285 3411 2400 3464 ista?
2431 3416 2746 3470 ecstaticmn
2795 3422 3082 3488 quemdam
3125 3431 3484 3496 extravagan-

1902 3505 2048 3558 tcm,
2099 3512 2259 3566 quem
2313 3497 2454 3553 Deus
2501 3517 2826 3572 anouymuut
2898 3509 3084 3562 voluit.
3143 3510 3264 3567 lltee
3321 3515 3480 3582 paulo

1897 3590 2074 3640 aerius
2120 3591 2380 3645 adversus
2405 3591 2749 3663 Wadiugum,
2777 3599 2867 3666 qui
2911 3601 3090 3656 minus
3141 3605 3480 3662 considerate

1895 3681 2150 3748 Opuscula
2195 3681 2458 3748 ejusmodi
2501 3687 2744 3741 Auselmo
2771 3688 2992 3746 Lucensi
3035 3695 3272 3763 episcopo
3309 3699 3479 3751 ascri-

1893 3770 2018 3838 ps‘t.
2049 3769 2350 3826 Detrahunt
2375 3789 2504 3830 sane
2533 3775 2713 3832 multis
2757 3791 3068 3836 sanetoruu'i
3097 3783 3346 3840 Ecclesitu
3370 3785 3476 3840 Pa-

1895 3869 2034 3913 trum
2089 3861 2307 3928 honori,
2365 3879 2500 3932 quos
2547 3867 2726 3922 nobile
2773 3871 3042 3941 ingenium
3099 3890 3163 3930 ac
3211 3876 3474 3945 judicium

1891 3967 2054 4020 grave
2086 3956 2418 4012 venerabiles
2439 3959 2592 4014 nobis
2617 3961 2865 4028 reddidit,
2893 3965 2986 4034 qui
3020 3967 3100 4021 eis
3135 3967 3361 4024 absurda
3387 3970 3469 4024 iu-

1889 4045 2170 4115 sipidaque
2197 4063 2361 4117 opera
2393 4065 2675 4122 perperam
2725 4057 2946 4126 zeloque
2989 4060 3283 4116 iudiscreto
3329 4063 3472 4116 assi-

1887 4145 2074 4204 guunt.
2106 4137 2318 4206 Scripta
2355 4152 2594 4198 veterum
2629 4161 2732 4200 non
2775 4149 2938 4214 mole,
2967 4151 3060 4205 sed
3105 4155 3325 4217 virtute,
3372 4156 3504 4208 sed.

1889 4227 2116 4291 ratione,
2145 4231 2238 4284 sed
2264 4231 2468 4298 judicio
2505 4249 2624 4288 cum
2655 4237 2874 4304 pietate,
2905 4241 2998 4294 sed
3023 4244 3287 4311 gravitate
3330 4257 3468 4310 pen-

1884 4318 2048 4370 sanda
2079 4329 2222 4373 sunt.
2255 4319 2376 4376 Haae
2420 4325 2678 4392 ampliora
2731 4328 2892 4396 paulo
2941 4345 3100 4398 quam
3159 4347 3256 4400 pro
3308 4347 3462 4389 more

1885 4418 2090 4474 nostro,
2120 4411 2186 4464 ad
2239 4412 2495 4468 honorem
2537 4415 2774 4472 Anse'ini
2823 4420 3094 4476 Mantuani
3141 4431 3324 4491 postea
3351 4423 3462 4476 Lu-

1885 4501 2063 4554 censis
2092 4503 2349 4572 episcopi,
2382 4514 2436 4558 et
2473 4505 2864 4564 Bouaventurte
2899 4509 2957 4564 S.
2983 4510 3045 4564 Β.
3081 4511 3142 4564 Ε.
3172 4512 3464 4568 cardinalis

1881 4600 1936 4644 et
1985 4593 2244 4657 doctoris,
2293 4595 2691 4653 defendendum
2720 4641 2734 4665 ,
2782 4615 2938 4669 quem
2971 4601 3024 4656 in
3077 4602 3462 4660 substitutioue

1880 4682 2246 4750 insipientium
2297 4689 2680 4756 opusculorqu
2749 4690 2932 4762 impeti
3001 4693 3251 4762 opinatus
3313 4711 3454 4750 sum.

1877 4774 2022 4828 Obiit
2043 4788 2220 4832 autem
2239 4779 2524 4834 Auselmus
2547 4780 2806 4836 Lucensis
2825 4783 3108 4852 episcopus
3129 4802 3274 4840 anno
3297 4787 3460 4851 1086,

1874 4864 1960 4919 die
1993 4866 2053 4921 18
2083 4866 2284 4936 Martii,
2317 4885 2404 4938 qtn
2431 4879 2482 4922 et
2516 4870 2746 4926 Mantua:
2785 4871 2836 4925 in
2879 4875 3052 4940 patria
3081 4875 3318 4944 sepultus
3347 4887 3450 4932 est.

1873 4951 1948 5006 De.
1972 4953 2063 5008 illo
2091 4954 2451 5012 Bellarminus
2492 4968 2546 5012 et
2569 4959 2820 5018 Labbeus
2861 4961 2992 5016 locis
3020 4979 3184 5034 supra
3228 4965 3404 5020 citatis
3435 4984 3450 5032 ;

1869 5040 2138 5100 Antonius
2221 5047 2542 5102 I’osscviuus
2615 5061 2762 5110 tomo

2823 5051 2843 5105 l
2897 5053 3190 5121 Apparatus
3260 5058 3448 5119 sacri,

2021 5134 2114 5160 ορ.
2155 5134 2360 5160 λτ-.-11..
2409 5137 2578 5160 Al..-.-.
2629 5146 2641 5160 ι
2738 5146 2748 5158 ι
2847 5142 2876 5160 n
