4018 5330
453 317 590 376 ,ΗΞ

1559 319 1620 376 S.
1645 317 1946 378 ANSELMI
1979 313 2316 375 LUCENSIS
2353 313 2660 368 lli’lSCOl‘l

3659 309 3776 367 ιιι

1291 495 1638 614 VlTA
1731 493 2252 610 SANCTI
2337 490 2960 606 ANSELMI

1779 712 2119 771 LUCENSIS
2153 710 2458 770 EPISCOPI

555 889 1102 984 AUCTOBE
1170 893 1328 994 Β...
1396 891 1682 981 EJUS
1757 885 2401 981 DISCIPULO
2469 889 2623 976 ET
2691 883 3699 980 PCENITENTIARIO

1261 1096 1512 1156 mnum.
1553 1085 1684 1140 Acta
1720 1083 1825 1140 So.
1859 1039 1975 1138 0rd.
2007 1083 2071 1138 S.
2093 1081 2316 1145 Bened.,
2348 1091 2478 1136 tom.
2503 1078 2596 1148 1X,
2627 1093 2751 1152 pag.
2779 1077 2933 1151 ΗΞ.)

1457 1411 2306 1494 OBSERVATIONES
2343 1408 2792 1492 PRIEVIE.

1906 1569 1962 1602 θ

1877 1615 1958 1650 ιω

1866 1645 1956 1670 Αιῗδ

557 1709 610 1763 1.
654 1707 756 1776 Qui
790 1713 1108 1778 sequentem
1155 1703 1396 1764 libellum
1453 1703 1674 1774 scripsit
1713 1675 1932 1768 auctor;
1957 1716 2064 1756 non
2097 1679 2142 1740 Α
2172 1711 2296 1749 num
2328 1693 2631 1748 Anselmum
2660 1693 2946 1752 Lucensem
2969 1699 3208 1768 electum,
3245 1701 3416 1755 virum
3463 1701 3607 1757 omni
3637 1701 3768 1756 lau-

487 1817 596 1857 uno
625 1802 680 1856 in
713 1803 832 1856 loco
885 1808 1104 1854 aetatem
1135 1811 1290 1854 suam
1339 1796 1566 1862 indicat,
1615 1810 1779 1864 seque
1825 1794 2067 1849 Anselmi

485 1891 747 1962 aequalem
781 1907 845 1946 ac
869 1889 1192 1960 discipulum
1219 1887 1420 1958 prodit,
1469 1897 1528 1941 ut
1553 1903 1708 1942 num;
1733 1885 1822 1950 l9,
1850 1885 1941 1950 ‘20,
1973 1885 2068 1950 2|,

484 1983 557 2038 24
581 1993 636 2038 et
655 1983 746 2039 29.
771 1983 978 2037 Nomen
1018 1995 1174 2038 suum
1201 1981 1376 2050 prima
1421 1980 1687 2036 duntaxat
1739 1979 1920 2034 littera
1968 1979 2072 2032 ini-

490 2073 604 2130 tiali
635 2075 696 2128 Β.
743 2075 990 2144 designat
1017 2087 1166 2126 num.
1209 2071 1300 2126 45.
1349 2069 1482 2125 Haec
1537 2071 1602 2125 de
1641 2071 1962 2136 beatissimo,
1989 2069 2072 2124 in-

487 2166 630 2235 quit.
677 2175 826 2236 patre
863 2182 925 2218 ac
973 2173 1196 2234 patrono
1225 2172 1404 2218 nostra
1433 2172 1616 2218 sancto
1667 2161 1913 2216 Anselmo
1959 2161 2074 2216 Lu-

487 2255 632 2309 censi
653 2255 912 2324 episcopo.
929 2291 946 2308 .
967 2293 980 2308 .
1001 2291 1015 2306 .
1041 2270 1134 2324 ego
1159 2252 1226 2307 Β.
1280 2263 1521 2324 peccator
1559 2253 1825 2324 presbyter
1864 2269 1992 2308 suus
2017 2254 2074 2307 in

485 2344 812 2414 paenitentia,
842 2361 946 2398 non
971 2344 1090 2398 dico
1113 2342 1278 2412 ﬁlius,
1307 2343 1398 2398 sed
1426 2359 1628 2408 servus,
1649 2343 1716 2396 ab
1749 2344 1860 2414 ipso
1889 2343 2073 2398 multis

485 2450 606 2488 cum
625 2433 872 2504 lacrymis
891 2433 961 2488 ad
977 2433 1214 2488 eumdem
1236 2434 1469 2488 ordinem
1493 2444 1782 2503 promotus,
1814 2445 1922 2490 etc.
1941 2435 2077 2490 Erat

492 2541 624 2596 ergo
656 2526 758 2580 iste
817 2525 876 2579 Β.
914 2525 1376 2595 pteuitcntiarins,
1427 2525 1589 2596 idque
1629 2527 1984 2582 conﬁrmatur
2008 2542 2074 2583 ex

487 2631 638 2670 num.
663 2615 732 2668 42
755 2615 844 2670 ubi
865 2616 930 2668 de
961 2613 1262 2670 Teutonico
1293 2617 1526 2684 quodam
1562 2617 1852 2670 vulnerato
1875 2633 2069 2688 agens,

501 2705 682 2762 Vocati
710 2725 890 2762 sumus
921 2716 1166 2778 dentque,
1195 2709 1294 2774 ait,
1345 2719 1396 2762 et
1440 2725 1554 2774 nos,
1585 2719 1862 2780 quatenus,
1900 2710 2080 2780 injun-

493 2811 576 2854 cta
597 2801 642 2854 ei
662 2802 981 2870 paenitentia,
1010 2807 1426 2856 communionem
1451 2802 1717 2856 daretmts.
1741 2801 1894 2858 llunc
1916 2819 2080 2873 porro

487 2897 766 2943 auctorem
789 2889 1026 2944 Bardum
1050 2890 1374 2960 appellatum
1415 2891 1582 2946 fuisse
1610 2893 1923 2960 suspicatur
1949 2893 2079 2948 Wa-

493 2979 688 3048 diugus
711 2979 762 3032 in
787 2979 1198 3035 commentariis
1223 2981 1290 3035 ad
1315 2981 1456 3036 hanc
1492 2981 1693 3048 Vitam,
1720 2999 1868 3037 num.
1913 2985 1960 3048 i,
1989 2987 2078 3040 ubi

486 3069 746 3124 observat
775 3085 840 3124 ex
873 3070 1130 3126 Lucensis
1169 3071 1412 3126 ecclesia:
1443 3075 1809 3129 monumeu:is
1839 3074 2070 3129 Bai-dum

485 3159 724 3230 tjnsdem
762 3163 1010 3218 ecclesiae
1039 3165 1326 3218 diaconum
1356 3176 1410 3220 et
1437 3167 1810 3234 printicerium
1858 3183 2073 3238 semper

491 3251 750 3306 Ausclmo
779 3261 966 3308 nostro
1001 3268 1124 3307 cum
1161 3253 1454 3310 Lamberto
1481 3257 1956 3334 archipresbytero
1983 3258 2074 3312 ad-

487 3343 732 3408 haesisse,
761 3361 996 3416 eumque
1019 3347 1184 3400 etiam
1215 3346 1552 3403 exsulantem
1585 3347 1750 3402 fuisse
1799 3358 2070 3405 secutum.

488 3435 600 3490 Nec
629 3436 832 3502 obstat,
861 3447 918 3491 ut
945 3447 1129 3492 censet
1175 3436 1502 3508 Wadingus,
1551 3441 1692 3509 quod
1733 3440 1936 3496 Bardus
1986 3441 2074 3496 ille

487 3527 750 3584 diaconus
781 3529 1120 3584 solummodo
1162 3531 1212 3584 in
1251 3532 1366 3586 istis
1396 3533 1593 3588 tabulis
1649 3536 1974 3588 nominetur.
2007 3536 2068 3589 Β.

487 3619 634 3672 enim
661 3619 787 3674 vitae
815 3629 1095 3676 auctorem
1119 3623 1209 3676 diu
1239 3623 1524 3678 diaconum
1575 3625 1757 3688 fuisse,
1801 3641 1864 3680 ex
1905 3627 2076 3692 ipsius

485 3707 602 3772 ejus
623 3707 804 3760 verbis
823 3707 1010 3778 colligi
1042 3719 1242 3778 potest,
1281 3727 1406 3765 nam
1437 3729 1586 3766 num.
1631 3714 1701 3767 45
1743 3715 1921 3768 multis
1955 3731 2074 3768 cum

492 3797 742 3865 lucrymis
767 3812 796 3849 a
819 3797 974 3852 beate
1016 3801 1266 3856 antistite
1303 3802 1370 3854 ad
1397 3803 1804 3872 presbyteratus
1829 3804 2075 3859 ordinem

491 3901 550 3941 se
573 3887 738 3942 fuisse
764 3897 1068 3958 promotum
1097 3892 1194 3956 ait,
1241 3907 1390 3957 cum,
1419 3895 1606 3962 procul
1653 3895 1816 3950 dubio
1847 3906 2077 3966 uterque

491 3980 546 4032 in
576 3978 768 4033 exsilio
825 3991 1152 4038 moraretur.
1201 3983 1462 4039 Eumdem
1512 3999 1640 4042 vero
1693 4001 1759 4042 ex
1815 3987 2078 4044 Lucensis

488 4068 734 4124 ecclesia:
779 4071 986 4141 gremio
1035 4071 1206 4129 fuisse
1261 4074 1344 4130 his
1383 4077 1567 4132 verbis
1615 4079 1888 4133 indicatur
1921 4093 2073 4133 num.

487 4161 588 4224 ‘25,
628 4161 716 4216 ubi
754 4159 1000 4218 Psalmos
1028 4165 1235 4234 quidem
1265 4175 1320 4219 ut
1356 4175 1508 4220 caute
1535 4183 1598 4220 ac
1629 4169 1918 4222 meditatim
1951 4187 2077 4224 can-

490 4263 741 4318 taremus,
767 4256 1058 4324 prwcepit;
1089 4255 1324 4326 alioquin
1375 4275 1556 4328 aspere
1597 4261 1906 4328 increpavit.
1955 4261 2077 4315 Ca:-

2169 1788 2250 1842 dis
2275 1788 2538 1856 pra'conio
2568 1787 2806 1858 dignum,
2842 1806 2979 1845 nunc
3007 1792 3169 1862 felici,
3197 1793 3391 1864 inquit.
3425 1794 3634 1847 beatum
3661 1811 3758 1847 e1:-

2171 1894 2337 1941 cessu,
2371 1877 2424 1931 in
2459 1895 2560 1948 quo
2582 1881 2750 1934 omnis
2779 1879 2895 1935 laus
2917 1899 3098 1937 secure
3133 1887 3361 1938 canitur.
3400 1883 3534 1938 Tum
3575 1885 3768 1939 addit:

2172 1967 2306 2024 Cum
2355 1969 2452 2022 hoc
2485 1971 2685 2040 itaque,
2719 1971 2926 2026 scilicet
2963 1973 3186 2044 llugone
3243 1975 3443 2040 Diensi,
3493 1983 3642 2028 tanto
3673 1974 3768 2042 fa-

2173 2059 2502 2112 miliaritatis
2531 2069 2578 2112 et
2609 2059 2906 2115 dilectionis
2937 2063 3144 2136 vinculo
3191 2081 3454 2118 connexus
3485 2075 3580 2125 est,
3613 2073 3660 2116 et
3687 2062 3770 2115 ita

2176 2149 2296 2216 sibi,
2328 2149 2443 2203 licet
2467 2152 2633 2204 divisa
2657 2151 2904 2208 haberent
2951 2155 3200 2224 hospitia,
3235 2157 3288 2210 in
3315 2156 3514 2224 palatio
3547 2154 3774 2208 Latera-

2173 2239 2322 2293 nensi
2347 2239 2611 2295 individue
2637 2241 2996 2308 admei-ebant,
3024 2255 3080 2298 ut
3123 2261 3286 2299 unum
3335 2245 3496 2298 rideri
3527 2246 3637 2298 sine
3681 2243 3766 2298 al-

2177 2342 2288 2385 tero
2317 2333 2505 2386 mirum
2541 2333 2801 2388 videretur
2824 2335 2903 2388 Itis
2928 2337 3018 2406 qui
3057 2353 3238 2390 eorum
3280 2346 3528 2390 noverant
3573 2335 3770 2388 unani-

2177 2427 2434 2492 mitatem,
2480 2428 2611 2482 adeo
2655 2439 2710 2482 ut
2757 2427 2911 2484 Urbis
2947 2433 3226 2500 prtrfectns
3254 2432 3482 2496 quodam
3531 2431 3770 2484 veritatis

2177 2517 2436 2589 pnesagio
2463 2519 2686 2574 alterum
2737 2522 2923 2576 horum
2961 2523 3119 2588 diem,
3173 2523 3394 2576 alterunt
3426 2532 3634 2576 uocaret
3677 2521 3770 2576 lu-

2179 2625 2288 2663 cem
2313 2626 2330 2662 :
2360 2612 2498 2682 quod
2539 2613 2649 2667 dies
2673 2631 2774 2667 non
2799 2615 2866 2668 sit
2895 2615 3007 2670 sine
3037 2615 3170 2681 luce,
3212 2626 3258 2668 et
3283 2614 3446 2668 lucem
3472 2615 3582 2667 dies
3605 2617 3772 2667 comi-

2181 2712 2341 2755 tetur.
2391 2701 2622 2758 Lucebat
2683 2705 2818 2759 enim
2857 2707 2912 2760 in
2959 2723 3138 2760 eorum
3171 2707 3404 2760 moribus
3445 2707 3675 2776 justitite
3717 2715 3768 2760 et

2179 2794 2386 2862 pietatis
2411 2795 2567 2850 decus
2599 2812 2618 2850 :
2645 2797 3079 2866 prwpondcralmt
3103 2797 3336 2850 amicitia
3361 2806 3628 2861 constans,
3653 2813 3771 2848 mn-

2183 2889 2455 2943 tabilitatis
2479 2891 2674 2944 nescia.
2693 2931 2706 2944 .
2727 2931 2739 2945 .
2761 2931 2775 2946 .
2807 2889 2968 2946 Senes
2997 2903 3174 2946 autent
3214 2903 3383 2955 erant,
3417 2907 3520 2945 non
3571 2891 3772 2961 longa:-

2183 2981 2338 3034 citate
2387 2983 2506 3036 vitta
2537 3025 2552 3046 ,
2606 2983 2697 3037 sed
2741 3001 2945 3037 morum
3007 2985 3429 3038 παραυ-ἑταίρη..
3458 2983 3590 3037 Cum
3638 3000 3766 3054 ergo

2183 3069 2362 3126 Romae
2389 3075 2544 3143 positi
2573 3073 3010 3144 prwstolareutnr
3036 3075 3172 3128 diem
3196 3073 3602 3128 consecrationis
3629 3090 3767 3136 sum,

2173 3177 2419 3220 venerunt
2447 3169 2616 3221 nuntii
2629 3169 2762 3238 regis
2779 3165 3014 3222 Heinrici
3035 3167 3276 3232 Romam,
3291 3177 3546 3236 rogantes,
3565 3183 3630 3218 ne
3643 3183 3772 3219 con-

2175 3267 2256 3310 tra
2287 3274 2482 3311 morem
2502 3259 2936 3325 pt'wdecrssorum
2978 3275 3192 3312 suorum
3217 3259 3436 3310 domnus
3463 3273 3600 3326 pupa
3615 3253 3770 3324 (Gre—

2180 3349 2362 3417 gorius
2393 3347 2526 3418 VII)
2556 3365 2642 3404 eos
2668 3366 2970 3403 consecrare
3007 3351 3176 3415 rellet,
3199 3351 3288 3419 qui
3313 3351 3639 3418 episcopatus
3667 3347 3766 3402 ele-

2176 3443 2396 3495 ctionem
2423 3441 2609 3506 solum,
2643 3459 2742 3496 non
2780 3453 2954 3496 autem
2985 3442 3181 3494 donum
3236 3457 3328 3508 per
3360 3443 3556 3518 regiam
3608 3459 3760 3494 acce-

2175 3545 2358 3603 perant
2392 3535 2774 3588 inrestitnram.
2813 3533 3056 3604 Denique
3097 3533 3278 3588 subdit
3309 3542 3497 3588 auctor
3543 3533 3766 3604 pontiti-

2179 3641 2294 3678 rem
2325 3625 2376 3678 in
2415 3623 2636 3679 Lucensi
2660 3625 2820 3678 electo
2843 3625 3180 3694 acquievisse,
3231 3635 3285 3677 ut
3315 3625 3760 3678 consecrationem

2177 3711 2292 3782 ejus
2313 3715 2572 3782 cli/Ierret,
2595 3716 2760 3768 donec
2783 3717 3138 3769 investituram
3171 3715 3497 3784 episcopatus
3527 3730 3592 3767 ea:
3621 3713 3764 3782 regio

2178 3807 2315 3861 dono
2353 3809 2628 3878 accepisset
2675 3823 2695 3863 .'
2748 3811 2800 3861 in
2855 3807 3038 3863 Diensi
3109 3825 3230 3863 vero
3291 3809 3622 3876 acquiescere
3675 3823 3765 3859 no-

2181 3893 2362 3950 luisse.

2249 3988 2300 4041 5.
2345 3989 2469 4042 llaec
2507 3987 2641 4042 Vitta
2680 3991 2925 4058 sequenti
2965 3990 3138 4044 lucem
3179 3988 3371 4043 aﬂ‘erre
3401 3997 3657 4058 possunt,
3689 3988 3762 4040 uti

2181 4087 2237 4132 et
2265 4079 2492 4147 cpistola
2519 4095 2642 4144 mox
2675 4079 2803 4135 dicti
2835 4079 3077 4150 llugonis
3127 4080 3520 4150 archiepiscopi
3555 4077 3766 4147 Lugdu-

2181 4170 2366 4224 nensis
2403 4171 2469 4225 ad
2523 4169 2838 4226 Mathildem
2891 4173 3246 4235 comitissam,
3303 4186 3462 4239 quant
3517 4171 3766 4223 hortatur

2181 4262 2247 4316 ad
2277 4261 2700 4316 subveniendum
2737 4275 2834 4331 pro
2878 4276 2975 4316 suo
3017 4277 3167 4316 more
3211 4261 3466 4315 Ecclesize
3503 4259 3764 4312 Ruinam:

493 4351 666 4398 terum
699 4345 841 4397 beati
899 4345 1140 4400 Anselmi
1201 4345 1378 4402 Vitam
1429 4350 1648 4404 edidere
1694 4351 2074 4422 'l‘egnagellus,
2105 4371 2150 4430 ο
2186 4353 2236 4406 in
2262 4351 2524 4408 electione
2554 4351 2720 4406 futuri
2748 4352 3042 4422 pontificis,
3073 4361 3196 4422 post
3245 4362 3474 4406 mortem
3525 4349 3764 4404 Victoris

487 4435 700 4502 Surius,
731 4439 1029 4509 Wadingus
1053 4447 1110 4493 et
1129 4438 1496 4506 Bollautliani,
1536 4457 1604 4496 ex
1628 4443 1826 4513 quibus
1852 4442 2078 4500 Wadin-

484 4545 584 4596 gtts
613 4529 794 4598 plures
825 4547 956 4583 mss.
985 4531 1199 4586 codices
1223 4533 1516 4596 consuluit,
1537 4549 1768 4604 eamque
1792 4551 2074 4591 commen-

495 4619 649 4672 tat-iis
679 4620 992 4674 illustravit.

542 4713 596 4766 Ξ.
613 4713 686 4766 De
701 4715 1162 4772 sanctoAnselmo
1178 4717 1862 4790 Lucensicpiscopoaguut,
1880 4729 2078 4790 prseter

483 4803 634 4858 varia
667 4803 1046 4875 Martyrologia
1063 4817 1118 4862 et
1145 4807 1280 4864 alios
1302 4807 1593 4876 scriptores
1617 4809 1962 4874 recentiores,
1981 4826 2076 4864 au-

485 4897 643 4968 tiqui,
674 4899 765 4969 qui
797 4897 913 4967 ejus
942 4915 1055 4955 aevo
1079 4901 1398 4966 ﬂoruerunt,
1425 4901 1688 4956 Donmizo
1713 4903 1998 4973 presbyter
2021 4904 2074 4957 in

487 4987 730 5043 carmine
781 4988 850 5042 de
894 4987 1149 5044 Mathilde
1203 4992 1508 5048 cemitissa.
1563 4991 1763 5047 Paulus
1819 4991 2072 5047 Bernrie-

2179 4443 2265 4510 Ill,
2289 4445 2373 4499 cui
2413 4445 2688 4500 Urbanum
2715 4443 2758 4498 ll
2803 4445 3096 4500 succedere
3125 4458 3266 4512 mare
3295 4441 3520 4496 ferebat.
3547 4441 3766 4494 Habetis

2179 4541 2432 4612 siquidem
2460 4541 2510 4594 in
2534 4542 2633 4594 hac
2681 4555 2734 4594 re
2773 4539 3056 4608 ﬁdissimos
3107 4541 3396 4608 adjutores,
3432 4547 3478 4590 et
3514 4537 3760 4606 benignos

2179 4631 2463 4684 devotionis
2511 4639 2693 4684 vestra:
2749 4631 2890 4700 apud
2941 4629 3108 4683 Deum
3140 4630 3608 4691 commendatores,
3641 4629 3766 4698 piis-

2179 4723 2368 4776 simum
2390 4722 2587 4776 scilicet
2621 4733 2821 4792 patrem
2858 4733 3090 4775 nostrum
3128 4732 3322 4776 sancta!
3363 4721 3630 4774 memerita
3661 4738 3754 4789 pn-

2177 4832 2321 4885 pam,
2359 4831 2550 4884 nempe
2573 4813 2893 4884 Gregorium
2927 4813 3033 4880 γη,
3057 4825 3102 4867 et
3129 4815 3332 4866 beatum
3383 4815 3445 4866 Α.
3481 4812 3764 4865 Lucensem

2179 4909 2475 4977 episcopum
2507 4923 2526 4961 :
2555 4909 2663 4977 qui,
2691 4908 2826 4960 sicut
2877 4923 2995 4959 cum
3024 4907 3196 4959 adhuc
3247 4907 3496 4967 rirerent,
3527 4903 3580 4958 in
3624 4904 3764 4956 onmi

2177 5000 2372 5046 pietate
2417 5010 2463 5046 et
2516 4997 2719 5046 iustitia
2748 5015 2833 5046 nos
2859 4997 3217 5046 instruxerunt
3248 5011 3264 5046 :
3295 4997 3368 5046 ita
3395 5011 3536 5046 nunc
3561 4996 3628 5044 ab
3673 4994 3760 5044 illo
