4018 5330
183 295 278 352 415
899 299 1177 357 CONTRA
1214 298 1624 358 GUIBERTUM
1667 301 2064 359 ANTIPAPAM
2112 299 2291 356 LIBRI
2335 299 2569 358 DUO.—
2592 300 2722 356 LIB.
2751 300 2788 355 1.

3373 291 3479 348 416

187 425 330 465 num.
355 409 470 466 ὅθι
504 427 677 484 seqq.
701 411 798 483 fAn
844 429 932 469 res
959 413 1208 469 eﬂ'ectnm
1249 430 1315 470 eo
1351 416 1566 472 vivente
1597 419 1787 473 sortita
1817 422 1866 482 Α
1894 427 2287 474 enumerantur
2332 416 2387 472 in
2435 417 2569 471 Vitae
2623 425 2900 487 semiemis
2948 429 3095 469 num.
3153 437 3201 466 ..ι
3224 453 3238 476 ,
3285 427 3479 481 nempe

191 505 281 568 sit,
321 521 434 560 non
463 505 546 560 ita
583 507 779 579 liquet.
811 507 1081 575 Quosdam
1114 511 1328 563 tandem
1362 511 1652 566 canonicos
1689 511 1788 567 sub
1890 511 2302 580 Apologeticum
2351 525 2452 581 pro
2504 509 2769 580 Gregorio
2815 508 2925 574 VII,
2978 508 3253 577 Expositio
3283 507 3334 560 in
3381 505 3481 560 La-

188 599 356 652 altero
383 598 510 666 ejus
541 616 869 658 successore
899 601 1173 672 Rangorio
1202 603 1500 658 accessisse
1536 604 1603 658 ad
1622 617 1788 658 ncom-

187 703 408 743 munem
440 690 630 746 vitam
688 692 881 762 colligo
908 707 974 745 ex
1022 693 1266 762 sequenti
1310 693 1661 763 professionis
1686 693 1791 750 lor-

186 777 343 840 nmla,
369 793 550 848 quam
602 782 655 836 in
691 783 860 837 veteri
893 784 1077 838 codice
1108 783 1368 839 Lucensis
1411 786 1652 841 ecclesiae
1708 787 1790 840 in-

183 873 456 926 venimus.
500 873 626 944 Ego
655 877 903 944 promitto
944 877 1284 931 stabilitatem
1329 879 1385 931 in
1427 879 1522 932 hoc
1562 879 1676 933 loco
1720 882 1790 934 ad

180 963 545 1018 obedientiam
584 965 682 1021 Dei
710 977 758 1020 et
798 967 934 1020 beati
974 967 1217 1030 Martini,
1250 978 1298 1021 et
1331 970 1559 1038 episcopi
1602 969 1666 1022 ιι.
1703 972 1791 1040 qui

187 1074 322 1110 nunc
357 1069 464 1122 est,
502 1069 558 1113 et
611 1077 791 1114 eorum
817 1063 906 1131 qui
937 1063 1185 1115 canonice
1227 1063 1517 1116 successuri
1555 1072 1718 1116 sunt:
1744 1073 1792 1116 et

175 1152 424 1220 promitto
449 1151 601 1206 bona
628 1153 882 1217 ecclesiw,
915 1163 963 1207 et
983 1171 1098 1224 qute
1123 1171 1213 1224 per
1238 1155 1458 1224 ofﬁcium
1485 1154 1792 1210 ecclesiasti-

176 1258 289 1294 cam
333 1244 672 1312 acquisiero,
724 1244 779 1298 in
827 1244 1096 1298 communi
1116 1245 1229 1298 sine
1277 1245 1466 1314 fraude
1504 1246 1714 1308 habere,
1743 1254 1792 1299 et

180 1335 473 1402 pmposito
556 1335 769 1390 obedire
814 1338 1065 1390 canonice
1121 1338 1382 1391 ordinato.
1436 1337 1472 1407 ἦ·
1502 1336 1627 1406 ff.
1675 1333 1794 1390 Hoc

180 1425 422 1491 fecerunt
477 1427 546 1482 in
601 1438 783 1481 sancto
833 1426 1042 1482 Donato
1094 1427 1359 1482 Martinus
1416 1428 1701 1498 presbyter,
1745 1437 1793 1480 et

175 1514 476 1583 Henricus,
514 1528 569 1573 et
628 1518 928 1575 Mascarus.
979 1520 1247 1576 Vivebant
1278 1535 1408 1590 ergo
1439 1519 1514 1573 illi
1546 1517 1793 1575 canonici

178 1608 412 1663 seorsim
460 1612 540 1666 ab
573 1612 696 1666 aliis
752 1612 804 1666 in
835 1612 1065 1668 ecclesia
1129 1613 1315 1668 Sancti
1358 1613 1571 1668 Donati.
1602 1613 1659 1667 lu
1687 1612 1792 1667 alio

182 1699 394 1764 codice,
428 1702 538 1770 qui
589 1704 749 1758 modo
773 1715 855 1759 est
885 1719 1048 1774 penes
1076 1703 1467 1759 Florentiuium
1523 1705 1791 1759 medicum

184 1785 525 1858 Lucensem,
578 1791 694 1846 hac
721 1793 789 1848 de
834 1772 1100 1863 ejusmodi
1157 1795 1440 1848 canonicrs
1494 1798 1788 1866 leguntur:
1826 1772 1866 1831 Β

183 1875 377 1945 Incipit
429 1880 587 1935 Ordo
622 1885 996 1938 canonicorum
1042 1886 1133 1957 qui
1161 1886 1231 1939 ad
1261 1886 1651 1941 conversionem
1706 1905 1793 1942 re-

179 1968 361 2022 nittnt.
422 1970 685 2027 Novitius
717 1982 958 2044 [acturus
1016 1978 1415 2047 professionem,
1447 1988 1566 2032 ante
1622 1979 1791 2033 altare

178 2073 290 2130 post
322 2065 668 2133 oﬁerendam
708 2072 877 2124 veniat
925 2080 974 2123 et
1023 2069 1251 2124 'ratrum
1301 2082 1579 2125 concentus
1607 2071 1660 2124 in
1685 2074 1788 2125 εἰν-ο

183 2154 326 2207 cuitu
349 2161 635 2225 assistat;
686 2172 732 2213 et
786 2163 1042 2230 flectendo
1089 2179 1261 2233 genua
1312 2165 1479 2230 tertio,
1544 2161 1791 2218 Noeitius

183 2252 317 2299 tum
341 2265 559 2302 versum
587 2251 771 2304 dicat:
808 2239 1028 2308 Suscnes
1080 2271 1175 2318 us,
1229 2254 1463 2320 Domsn,
1511 2270 1789 2310 secumnuu

183 2349 336 2398 ειορ.
374 2355 560 2405 'ruuu,
595 2350 702 2396 etc.
743 2340 887 2396 Tunc
939 2360 1158 2414 surgens
1217 2346 1440 2399 novitius
1487 2351 1625 2416 tegat
1654 2346 1791 2400 lianc

188 2427 574 2496 professionem
606 2445 626 2484 :
663 2451 680 2484 I
719 2431 832 2503 Ego
877 2433 1045 2503 frater
1076 2435 1149 2490 N.
1185 2438 1408 2506 offerens
1440 2438 1595 2492 trado
1626 2438 1788 2506 meip-

193 2534 306 2571 sum
344 2520 592 2576 ecclesia:
632 2525 804 2577 sancti
850 2524 1064 2592 Donati,
1094 2537 1142 2582 et
1177 2531 1423 2598 promitto
1462 2529 1546 2584 hic
1577 2530 1785 2584 stabili-

200 2618 355 2662 tatem
390 2611 523 2678 loci,
550 2621 599 2666 et
622 2613 971 2669 obedientiam
1020 2617 1207 2685 priori.
1236 2630 1284 2671 et
1326 2619 1486 2672 vitam
1538 2619 1792 2689 proﬁteor

199 2703 535 2766 canonicam,
567 2704 746 2757 etsine
766 2707 998 2774 proprio.
1022 2726 1043 2758 ι
1097 2705 1230 2762 Post
1257 2707 1373 2764 haec
1403 2719 1704 2779 sequuntur
1735 2711 1788 2764 in

199 2789 384 2844 eodem
418 2792 611 2848 codice
642 2793 860 2865 Regula:
881 2798 1058 2852 sancti
1080 2797 1390 2870 Augustini,
1439 2810 1494 2858 et
1522 2802 1666 2857 beati
1689 2799 1791 2856 Be-

197 2881 422 2946 uedicti,
461 2898 589 2938 cum
620 2885 780 2954 hujus
804 2885 928 2942 Vita
979 2900 1202 2946 auctore
1226 2889 1491 2962 Gregorio
1529 2891 1744 2964 Magno.

259 2969 314 3023 5.
353 2972 515 3040 Quod
545 2974 741 3031 attinet
764 2977 830 3033 ad
855 2979 1098 3036 Anselmi
1118 2994 1285 3051 opera
1312 2997 1407 3038 seu
1431 2983 1654 3054 scripta,
1674 2984 1789 3039 haec
1815 2965 1862 3027 (Σ

1893 602 2256 656 mentatioucs
2290 599 2558 666 Jeremiaa,
2615 602 2746 655 item
2797 601 3065 671 expositio
3113 602 3165 654 in
3213 601 3478 670 quosdam

1889 691 2146 763 psalmos.
2175 691 2271 746 His
2307 692 2443 748 addc
2467 690 2858 747 Collectionem
2882 707 3172 750 canonum,
3203 691 3354 747 libris
3379 705 3479 745 xm

1892 785 2369 854 comprehensam.
2430 783 2510 837 Ex
2545 784 2628 838 his
2666 785 2871 838 editum
2920 793 3004 838 est
3048 784 3477 854 Apologeticum,

1893 874 2126 944 primum
2157 875 2375 944 quidem
2410 874 2478 928 ab
2509 873 2742 930 llenrico
2771 875 3012 939 Canisio,
3047 885 3232 944 postea
3265 893 3390 930 vero
3420 877 3470 930 in

1893 968 2232 1024 Bibliotheca
2286 969 2528 1024 Palmm.
2590 970 2886 1040 Epistolam
2947 986 3108 1024 unam
3162 979 3216 1024 et
3269 970 3477 1039 aliquot

1893 1063 2152 1132 opuscula
2192 1064 2242 1118 ei
2291 1063 2495 1118 tributa
2545 1064 2713 1118 edidit
2769 1063 3070 1133 Wadingus
3105 1062 3292 1117 Ronlze
3335 1078 3481 1118 anno

1900 1156 2058 1210 1657.
2088 1157 2150 1210 Et
2182 1157 2397 1226 quidem
2425 1155 2580 1224 lmjus
2615 1157 2855 1228 epistolae
2895 1158 3253 1227 fragmentum
3300 1159 3467 1213 habet

1895 1263 2016 1301 cum
2049 1247 2408 1318 Urspergensi
2439 1248 2633 1302 abbate
2671 1247 3132 1318 Cbronographus
3168 1256 3352 1301 uoster
3380 1246 3481 1300 Sa-

1894 1338 2120 1393 xonicus
2186 1355 2289 1392 nis.
2352 1337 2677 1393 Bertholdus
2731 1338 3164 1393 Constantiensis
3215 1341 3479 1406 titiosdam

1896 1444 2086 1484 versus
2116 1428 2335 1485 adducit
2361 1444 2427 1483 ex
2455 1428 2851 1484 commentario
2877 1429 3116 1484 Anselmi
3141 1429 3192 1482 in
3217 1429 3480 1484 Psalmos.

1895 1521 2282 1576 Colleclioncm
2327 1537 2595 1576 canonum
2635 1521 2896 1576 habemus
2943 1536 3110 1591 penes
3169 1539 3266 1576 nos
3314 1537 3479 1576 manu

1895 1614 2224 1683 descriptam
2251 1628 2316 1669 ex
2333 1614 2520 1668 codice
2547 1612 2826 1677 Vaticano,
2874 1628 2942 1667 ex
2967 1627 3070 1682 qua
3103 1613 3217 1667 haec
3240 1612 3482 1668 delibare

1897 1706 2128 1760 suﬂiciat
2153 1707 2206 1760 in
2249 1721 2511 1776 praesens.
2551 1705 2753 1760 INCIPIT
2785 1719 3149 1760 CAPITULLTIO
3189 1717 3481 1767 LIBRORUI,

1899 1814 2030 1862 QUOS
2082 1814 2284 1854 BEATUS
2319 1798 2602 1852 ΛΝεΕωιυε
2638 1797 2897 1851 LUCENSIS
2933 1809 3212 1851 EPISCOPUS
3251 1811 3317 1848 DE
3380 1810 3472 1849 (Ξοο

1899 1905 2210 1952 ,εοωιιηυδ
2263 1903 2447 1945 (ὶΑυδιε
2473 1904 2722 1944 διλῦυωε
2750 1905 2800 1942 1N
2843 1904 2943 1942 HOC
2986 1901 3255 1942 VOLUNINE
3299 1901 3482 1939 LIBROS

1897 1997 2216 2036 (ιοιιροδυιτ.
2263 1979 2420 2034 Liber
2462 1997 2503 2043 ι,
2532 1980 2610 2033 De
2634 1989 2884 2048 potestate
2928 1989 2975 2033 et
2997 1979 3228 2046 primatu
3277 1985 3460 2045 aposto

1899 2071 2015 2126 ἤρα’
2037 2071 2176 2125 sedis
2205 2073 2314 2136 ;‘tl,
2341 2070 2416 2123 De
2473 2070 2711 2124 libertate
2738 2069 3105 2139 appellationis
3133 2085 3151 2130 ,'
3181 2083 3264 2132 ill,
3294 2067 3373 2120 De
3394 2082 3480 2119 or-

1895 2164 2015 2216 dine
2039 2161 2346 2226 uccusandi,
2375 2161 2690 2229 testiﬁcandi
2717 2171 2763 2214 et
2795 2159 3097 2229 judicandi.
3147 2172 3220 2220 Iv,
3251 2156 3327 2210 De
3357 2155 3473 2225 ~pri-

1895 2253 2200 2322 oilegiorum
2224 2253 2558 2304 auctoritate.
2592 2265 2644 2315 v,
2684 2249 2761 2303 De
2795 2247 3213 2302 ordinationibus
3238 2245 3477 2299 ecclesiuo

1895 2358 2031 2404 rum,
2057 2352 2104 2395 et
2134 2342 2198 2395 de
2225 2341 2365 2395 omni
2377 2340 2503 2410 jure
2525 2358 2586 2394 ac
2609 2349 2751 2394 statu
2774 2341 3010 2393 illarum.
3034 2354 3108 2403 vr,
3137 2337 3211 2391 De
3237 2337 3481 2390 electione

1893 2446 1940 2490 et
1965 2435 2313 2499 ordinatione,
2345 2451 2407 2487 ac
2429 2435 2492 2488 de
2518 2435 2660 2488 omni
2685 2443 2933 2502 potestate
2967 2433 3071 2486 sive
3111 2441 3255 2486 statu
3284 2430 3478 2499 episco-

1893 2541 2103 2594 porum.
2150 2540 2250 2589 vn,
2278 2524 2356 2580 De
2402 2525 2506 2579 vita
2541 2535 2590 2580 et
2621 2525 2954 2578 ordinatione
3003 2522 3334 2577 clericorum.
3362 2535 3479 2585 uti,

1894 2614 1972 2670 De
1997 2616 2184 2685 lapsis.
2217 2632 2294 2681 ix,
2343 2614 2422 2670 De
2447 2614 2814 2669 sacramentis.
2861 2630 2916 2678 x,
2970 2611 3048 2667 De
3092 2611 3372 2681 conjugiis.
3403 2624 3477 2662 ιι.

1897 2705 1972 2760 De
2013 2707 2341 2776 paenitentia.
2377 2723 2476 2772 xu,
2540 2707 2617 2760 De
2651 2704 3208 2761 exeommunicatione.
3241 2718 3358 2766 xm,
3406 2701 3478 2754 De

1893 2798 2124 2853 vindicta
2156 2809 2202 2854 et
2234 2799 2595 2869 persecutione
2645 2799 2868 2853 iniusta.
2908 2796 3036 2853 llaec
3077 2795 3211 2853 satis
3257 2795 3310 2850 in
3358 2807 3474 2864 spo-

1894 2905 2094 2946 crmen.

1219 3222 1578 3362 VITA
1637 3246 1756 3358 S.
1849 3245 2470 3360 ANSELMI

647 3438 812 3512 (Vide
853 3438 1178 3512 Patrologite
1206 3450 1335 3498 tant.
1364 3441 1686 3511 CXLVII],
1716 3445 1819 3500 col.
1852 3445 1958 3501 905
1985 3447 2124 3501 inter
2159 3419 2502 3503 Moauusxrs
2542 3447 2915 3503 Gnscontms.

829 3764 1703 3930 SANCTI
1815 3763 2904 3976 ANSELMI'

1466 4037 1803 4095 LUCENSIS
1829 3985 2135 4094 EIPISCOPI

477 4195 1127 4328 CONTRA
1221 4200 2164 4331 GUIBERTUM
2257 4190 3180 4322 ANTIPAPAM

755 4419 895 4478 PRO
925 4418 1360 4478 DEFENSIONE
1385 4417 1716 4477 GREGORII
1763 4415 1849 4472 VII
1888 4415 2187 4474 LEGITIMI
2213 4412 2592 4471 PONTIFICIS
2617 4411 2883 4468 ROMANI

1413 4577 1795 4691 LIBRI
1882 4575 2213 4688 DUO.

322 4789 616 4860 (CANISIUS,
643 4787 889 4859 Antiqua:
916 4771 1212 4853 Lectiones,
1241 4790 1374 4841 tom.
1398 4779 1488 4847 Vl,
1520 4792 1648 4850 pag.
1683 4775 1806 4841 l99,
1834 4792 1900 4830 ex
1930 4775 2241 4831 bibliotheca
2275 4773 2506 4828 ecclesiae
2536 4771 2856 4828 catltedralis
2887 4767 3333 4840 Ratisbonensis.)

1441 5038 1752 5116 LIBER
1807 5035 2232 5116 PBlMUS.

255 5241 533 5316 PrOprium
559 5253 646 5300 est
675 5253 950 5300 .JOIIOI'UIH
981 5240 1244 5297 mentium
1272 5241 1346 5298 ibi
1393 5247 1643 5296 metuere
1670 5234 1783 5292 cul-
1812 5217 1865 5279 Ῐ)
1894 5249 1947 5294 et
1972 5245 2079 5291 tam
2107 5231 2281 5295 utiha,
2329 5238 2384 5286 et
2438 5228 2561 5286 aliis
2613 5233 2794 5308 ignota
2855 5231 3132 5289 videantur
3156 5231 3316 5289 scire.
3337 5226 3480 5283 Cum
