4018 5330
529 313 629 368 447

1625 317 1684 372 S.
1729 318 2030 374 ANSELMI
2067 316 2400 376 LUCENSIS
2437 319 2740 378 EPISCOPI

3705 327 3818 382 ξω

535 437 781 496 spectnm
811 445 968 484 suum
1003 455 1040 500 ,ι
1069 430 1169 484 sal.
1205 429 1346 500 Lm),
1379 439 1432 486 et
1455 432 1506 486 in
1535 433 1652 503 lege
1679 433 1796 502 ejus
1823 435 2114 492 noluerunt
2146 453 2186 500 Α
2217 435 2472 490 Adultera
2493 437 2756 505 siquidem
2789 454 2910 508 qua:
2949 455 3092 495 nunc
3135 450 3218 496 est
3247 441 3298 494 in
3325 451 3478 512 parte
3517 454 3632 509 tua,
3681 446 3818 500 olim

539 521 818 576 ambulare
861 521 1038 592 (Psal.
1092 533 1324 592 Litxvu},
1377 525 1592 580 divitias
1637 543 1774 596 quas
1817 530 2118 584 devorave-

537 621 688 676 runt,
731 623 1008 677 evomant,
1057 625 1112 670 et
1157 615 1222 668 de
1262 625 1449 670 ventre
1505 631 1691 672 eorum
1729 621 1983 676 extrahat
2026 637 2120 676 eas

529 705 812 760 Dominus.
864 706 928 761 Et
955 709 1094 760 sicut
1123 708 1254 762 dicit
1297 709 1587 778 Apostolus
1619 729 1632 764 :
1680 711 1814 777 Quia
1861 729 1967 768 non
1997 731 2122 782 pro-

533 796 800 850 baverunt
842 799 1006 852 Deum
1056 799 1258 852 habere
1297 799 1348 852 in
1375 802 1561 854 notitia
1588 801 1767 871 (Rom.
1803 805 1865 870 ι),
1897 825 1916 856 ι
1955 807 2120 859 tradi-

541 885 622 940 dit
647 886 766 941 illos
784 887 925 942 Deus
957 889 1006 940 in
1035 890 1318 956 reprohuta
1351 907 1567 946 sensum
1601 881 1809 964 (ibid).
1839 914 1858 945 ι
1885 893 2118 965 Spiritus

541 978 686 1032 enim
717 990 938 1034 sanctus
968 982 1264 1049 disciplima
1300 983 1484 1050 eil‘ugit
1516 989 1719 1050 lictum,
1753 999 1806 1042 et
1841 991 2018 1045 aufert
2061 1007 2118 1046 se

542 1083 572 1122 a
612 1071 1024 1140 cogitationibus
1067 1090 1185 1142 qua:
1217 1087 1342 1129 sunt
1379 1077 1496 1132 sine
1534 1078 1826 1134 intellectu.
1876 1102 1892 1133 ι
1947 1084 2121 1152 Super

535 1174 716 1225 quem,
769 1160 961 1230 inquit,
1032 1164 1396 1231 requiescam,
1447 1168 1546 1222 nisi
1579 1185 1742 1238 super
1785 1171 2040 1228 humilem
2069 1185 2123 1230 et

535 1260 894 1315 mansuetum,
924 1261 977 1304 et
1005 1262 1321 1310 trementem
1341 1256 1506 1312 verba
1537 1261 1694 1313 mea?
1727 1281 1746 1312 ι
1776 1261 1931 1332 (Isai.
1950 1269 2120 1334 vat.)

542 1337 610 1392 Et
669 1340 794 1395 alibi
852 1359 864 1394 :
921 1361 938 1394 ι
998 1344 1130 1397 Cum
1183 1347 1518 1414 simplicibus
1567 1354 1951 1410 sermocinatio
1999 1372 2118 1412 mea

537 1429 722 1501 (Prov.
779 1435 926 1500 ιιι).›
993 1435 1111 1502 Quo
1170 1441 1477 1508 recedente,
1525 1453 1847 1500 veternosus
1899 1463 2124 1518 serpens

543 1530 753 1578 tantum
784 1526 932 1582 virus
981 1529 1254 1598 insipienti
1293 1535 1695 1605 obseuratoque
1736 1539 1886 1594 cordi
1949 1539 2126 1594 infun-

541 1617 640 1679 dit,
673 1625 728 1674 et
752 1620 823 1672 ita
859 1627 1028 1674 totum
1055 1637 1262 1678 veneno
1293 1625 1583 1679 mortifera:
1615 1629 1946 1697 deceptiouis
1981 1649 2127 1686 man-

545 1709 806 1777 cipatum,
837 1713 948 1768 sive
979 1729 1192 1768 servum
1225 1715 1476 1781 inebriat,
1503 1727 1560 1772 ut
1595 1736 1838 1774 amarum
1872 1723 2047 1788 dulce,
2071 1735 2126 1778 et

2223 528 2506 580 videbatur
2557 527 2892 584 Hierusalem
2922 571 2937 594 ,
2999 539 3184 586 saneta
3241 533 3490 587 videlicet
3541 530 3816 600 Ecclesia,

2225 618 2332 672 lilia
2373 622 2514 688 regis
2555 621 2744 676 David.
2801 622 2928 688 Sed,
2963 624 3097 691 proh
3141 624 3322 678 dolor!
3367 637 3622 696 corrupta
3657 637 3746 681 est
3785 644 3817 682 a

2224 709 2393 764 fratre
2421 727 2539 774 suo,
2571 722 2626 764 et
2652 722 3004 783 constuprata
3059 730 3231 784 usque
3277 717 3344 769 ad
3373 719 3657 771 verticem.
3688 719 3822 774 Om-

2227 801 2312 854 nis
2341 801 2506 854 decor
2535 800 2648 868 ejus
2679 805 2904 857 recessit
2945 805 3012 858 ab
3045 820 3130 860 ea.
3160 805 3298 858 facta
3333 815 3416 860 est
3461 809 3613 875 quasi
3651 809 3816 862 vidua

2225 891 2440 946 domina
2468 894 2729 960 gentium,
2763 895 2890 962 quia
2937 911 3030 948 rex
3081 893 3367 965 Babylonis
3397 899 3636 966 possidet
3667 915 3816 953 eam.

2227 981 2359 1034 Cum
2417 984 2560 1036 enim
2625 985 2884 1038 Dominus
2921 987 3064 1040 dicat
3110 988 3171 1040 Β.
3213 987 3404 1042 Petro:
3445 1008 3463 1040 ι
3515 988 3632 1042 Tibi
3661 992 3810 1044 dabo

2226 1074 2402 1129 claves
2431 1077 2577 1146 regni
2605 1078 2862 1132 coriorum
2892 1077 3234 1148 (Matt/nx“)
3257 1100 3274 1130 ι
3297 1089 3380 1134 et:
3420 1099 3438 1130 ι
3471 1079 3645 1148 Super
3671 1081 3820 1134 hanc

2223 1175 2432 1236 petram
2484 1170 2762 1223 aediﬁcabo
2821 1170 3116 1224 Ecclesiam
3168 1187 3340 1225 meam
3391 1172 3608 1240 (ibid);
3643 1191 3662 1222 ι
3715 1181 3816 1226 et:

2232 1277 2250 1308 ι
2287 1258 2454 1312 Pasce
2479 1275 2606 1314 oves
2633 1275 2778 1314 meas
2806 1261 2988 1330 (Juan.
3017 1259 3155 1330 xxi),
3179 1281 3198 1312 θ
3231 1273 3288 1315 ct
3322 1263 3446 1316 alibi
3477 1281 3534 1316 ξι
3583 1263 3696 1317 Una
3731 1273 3820 1316 est.

2227 1350 2471 1404 columba
2501 1369 2619 1406 mea
2655 1353 2830 1421 (Cant.
2873 1352 2971 1422 vt),
2997 1373 3014 1405 ι
3059 1371 3392 1424 quaecunque
3419 1357 3642 1410 alterius
3671 1358 3820 1425 juris

2226 1445 2578 1513 usurpatione
2596 1447 2980 1514 corrumpitur,
2999 1463 3101 1502 non
3123 1447 3234 1514 jatn
3267 1463 3460 1516 sponsa
3483 1449 3820 1510 Christi,st

2230 1534 2491 1599 adultera,
2525 1551 2630 1590 non
2659 1537 2850 1600 libera,
2882 1537 2974 1590 sed
3024 1538 3220 1593 ancilla
3260 1539 3628 1603 convincitur,
3675 1540 3822 1592 sicut

2232 1625 2364 1678 dicit
2403 1625 2592 1678 beatus
2623 1626 2943 1680 Ambrosius
2979 1645 2992 1682 :
3049 1647 3066 1679 ι
3103 1627 3412 1682 Com-enior
3459 1645 3489 1681 a
3521 1631 3821 1682 comitibus

2233 1725 2286 1769 et
2311 1716 2558 1782 tribunis,
2595 1727 2650 1769 ut
2681 1733 2777 1786 per
2824 1733 2909 1771 nte
2953 1717 3190 1772 basilicae
3221 1719 3371 1774 lieret
3399 1729 3608 1773 matura
3643 1719 3818 1774 tradi-

537 1799 695 1854 dulce
719 1817 960 1856 amarum
997 1805 1203 1874 sapiat;
1245 1817 1302 1862 ιιι
1345 1811 1595 1862 tenebras
1643 1812 1838 1877 lucem,
1867 1825 1922 1868 et
1947 1815 2122 1869 lucem

2241 1805 2343 1872 tio,
2395 1807 2699 1861 dicentibus
2746 1808 3131 1877 imperatorem
3176 1807 3304 1877 jure
3347 1825 3446 1886 suo
3491 1808 3722 1877 jussisse
3759 1819 3822 1861 ut

541 1893 796 1946 tenebras
822 1896 1034 1961 credat;
1065 1897 1264 1952 botmm
1309 1899 1540 1970 denique
1589 1905 1810 1970 malum,
1837 1915 1892 1960 et
1921 1905 2118 1963 malum

539 1981 743 2036 bonum
802 1997 1011 2042 asserat
1059 1988 1214 2056 (Iani.
1253 1993 1304 2060 v)
1355 2011 1367 2046 :
1414 1995 1598 2062 sicque
1629 1995 1689 2050 iit
1723 2009 1782 2050 ut
1815 2015 1880 2052 ex
1914 2001 2122 2056 duobus

543 2076 994 2134 convenientibus
1049 2081 1340 2137 immundis
1373 2087 1669 2154 spiritibus,
1725 2091 2003 2159 plenitudo
2033 2085 2126 2148 su-

543 2166 747 2234 perbiz'e
775 2169 1008 2236 (irritata,
1049 2174 1398 2232 dzemoniacis
1452 2178 1814 2252 immanisque
1858 2187 2126 2256 contagiis

545 2259 816 2315 desertam
856 2275 1242 2336 vacantetnque
1297 2271 1538 2334 domum,
1579 2275 1819 2328 omnium
1872 2277 2124 2332 vitiorum

547 2352 810 2406 comitatu
835 2355 1052 2424 stipata,
1079 2359 1222 2412 circa
1253 2359 1412 2414 linem
1445 2364 1627 2417 murali
1653 2376 1882 2434 occupet
1907 2368 2122 2437 (Matth.

549 2443 674 2512 xu),
705 2456 1025 2516 occupatam
1056 2449 1348 2517 possideat,
1381 2467 1684 2521 possessam
1731 2458 2041 2524 prostituat,
2071 2469 2130 2514 ut

545 2536 726 2591 minor
751 2538 860 2608 jam
893 2542 1138 2596 videatur
1182 2545 1235 2598 in
1273 2547 1492 2615 capile,.
1525 2557 1580 2602 et
1630 2549 1784 2618 quasi
1817 2565 1912 2618 per
1951 2552 2128 2606 incre-

547 2641 730 2684 menta
766 2642 1070 2702 temporum
1103 2637 1158 2689 in
1201 2647 1358 2691 :etate
1387 2637 1623 2708 perfecta
1658 2643 1974 2708 profecisse.
2007 2643 2128 2696 Dia-

546 2720 702 2777 bolus
739 2725 883 2779 enim
915 2727 1090 2782 dixit:
1127 2747 1146 2779 σ
1189 2729 1402 2784 l’onanr
1442 2733 1622 2785 sedem
1657 2749 1832 2788 meam
1872 2735 1937 2788 ad
1975 2737 2128 2803 aqui—

545 2811 756 2879 lonem,
789 2825 843 2870 ct
886 2833 981 2872 ero
1009 2821 1202 2874 similis
1248 2822 1526 2875 Altissimo
1567 2823 1738 2894 (Isai.
1799 2834 1922 2894 XIV)
1959 2845 2015 2878 ε»
2055 2827 2129 2881 De

547 2915 703 2972 patre
729 2920 856 2960 vero
885 2909 966 2962 vel
995 2912 1142 2965 socio
1198 2923 1288 2967 tuo
1318 2914 1446 2968 dicit
1477 2913 1767 2982 Apostolus
1802 2934 1814 2970 :
1852 2936 1870 2968 ι
1905 2917 2001 2983 Qui
2035 2933 2130 2972 ex-

547 2996 753 3052 tollitur
806 3016 966 3069 supra
1003 3019 1162 3057 omue
1193 3007 1347 3074 quod
1379 3007 1574 3060 dicitur
1613 3018 1704 3061 aut
1749 3013 1892 3078 quod
1923 3009 2123 3064 colitur

545 3089 686 3146 Deus
707 3090 795 3160 (II
820 3093 995 3148 Thess.
1028 3099 1110 3165 ιι).
1137 3118 1152 3147 ι

2234 1914 2352 1966 quae
2381 1897 2432 1952 in
2487 1909 2754 1965 potestate
2785 1901 2902 1968 ejus
2933 1911 3135 1965 essent,
3169 1901 3348 1954 omnia
3405 1902 3544 1955 tradi
3574 1903 3818 1964 debere;

2231 1988 2512 2056 respondi:
2551 1989 2606 2042 Si
2644 2007 2672 2042 a
2708 2005 2793 2042 me
2823 1999 3032 2058 peteret
3067 1992 3210 2059 quod
3261 2006 3440 2044 meum
3469 2001 3578 2054 est,
3619 1991 3672 2054 id
3729 2000 3821 2044 est

2231 2078 2460 2134 fundum
2522 2095 2718 2140 meum,
2780 2091 3060 2150 argentum
3105 2097 3306 2154 meum,
3356 2079 3446 2148 jus
3509 2080 3822 2148 hujumnodi

2232 2185 2436 2234 meum,
2491 2186 2576 2224 nte
2620 2187 2724 2224 non
2779 2169 3215 2240 t'cl'ragatttrum,
3274 2187 3582 2240 quanquam
3639 2171 3824 2224 omnia

2230 2277 2350 2332 qua:
2380 2279 2496 2316 mea
2541 2275 2665 2316 suat
2729 2279 3022 2332 pauperum
3073 2265 3224 2330 sint;
3269 2279 3453 2317 vermu
3483 2279 3548 2316 ea
3587 2278 3710 2331 qute
3739 2263 3824 2316 di-

2231 2353 2352 2406 vina
2385 2353 2912 2424 sunt,iniperatorize
2936 2355 3188 2422 potestati
3221 2370 3326 2408 non
3352 2367 3470 2407 esse
3493 2353 3760 2422 subjema.
3797 2372 3818 2403 ι

2229 2444 2296 2500 Ει
2327 2443 2486 2512 paulo
2517 2454 2680 2514 post:
2721 2463 2739 2496 ι
2773 2444 2882 2500 Nec
2907 2446 3034 2498 mihi
3063 2445 3148 2500 fas
3170 2453 3252 2502 est
3291 2445 3526 2506 tradere,
3563 2460 3668 2498 nec
3695 2443 3822 2508 tibi,

2233 2536 2545 2603 imperator,
2591 2537 2840 2604 accipere
2894 2537 3132 2604 expedit.
3183 2535 3386 2590 Domus
3416 2536 3616 2604 privati
3671 2537 3823 2590 nullo

2231 2625 2550 2696 potestjure
2575 2627 2874 2682 temerari:
2929 2627 3146 2682 domum
3181 2617 3274 2681 Dei
3327 2628 3610 2682 existimas
3673 2629 3820 2680 aute-

2231 2720 2451 2772 rcndam
2483 2718 2506 2770 ?
2551 2719 2827 2789 Allegatur
2857 2720 3166 2788 imperatori
3211 2720 3374 2774 licere
3401 2720 3608 2784 omnia,
3655 2721 3824 2788 ipsius

2229 2825 2348 2864 esse
2365 2811 2632 2873 universa,
2655 2811 2970 2880 licspondeo
2985 2830 2997 2863 :
3013 2809 3128 2864 Noli
3145 2825 3378 2878 gravare
3399 2819 3472 2872 te,
3497 2810 3824 2878 imperator,

2229 2912 2284 2956 ut
2303 2915 2456 2971 putes
2471 2913 2520 2956 te
2537 2903 2586 2956 in
2603 2919 2664 2956 ea
2685 2919 2804 2972 quae
2821 2904 2998 2956 divina
3023 2911 3166 2962 smtt,
3189 2903 3472 2970 imperiale
3491 2901 3712 2969 aliquod
3731 2901 3824 2969 jus

2229 2995 2450 3048 habere.
2477 2993 2590 3054 Noli
2623 3003 2674 3048 te
2700 2993 2982 3056 extollere,
3014 2994 3106 3047 sed
3128 2992 3170 3046 si
3197 2993 3274 3046 vis
3297 2992 3497 3045 diutius
3529 2992 3824 3060 imperare,

2231 3094 2346 3140 esto
2370 3087 2478 3140 Deo
2503 3085 2781 3140 subditus:
2815 3085 3086 3155 Scriptum
3114 3095 3198 3138 est
3222 3085 3364 3138 enim
3399 3083 3562 3150 :Qute
3593 3084 3824 3138 Caesaris

531 3185 538 3234 l
621 3183 759 3238 Audi
791 3187 994 3256 itaque,
1027 3189 1444 3243 sceleratissime
1475 3191 1735 3256 omnium,
1771 3193 1860 3262 qui
1893 3193 1968 3247 sic
1999 3193 2127 3248 mihi

2239 3177 2460 3240 Causari,
2490 3193 2608 3246 qua:
2635 3177 2728 3230 Dei
2763 3177 2872 3230 Deo
2921 3175 3139 3246 (Matth.
3167 3175 3287 3244 xu).
3323 3176 3401 3228 Ad
3435 3175 3824 3244 imperatorem

543 3273 658 3344 jam
687 3279 1049 3334 nominandus
1100 3297 1177 3343 es,
1209 3297 1273 3334 eo
1335 3283 1476 3350 quod
1521 3283 1718 3338 latrare
1759 3299 1862 3338 non
1905 3287 2130 3340 timuisti

549 3377 736 3422 contra
769 3369 1054 3424 Domimun
1083 3381 1134 3425 ct
1155 3371 1464 3442 Magistrum
1500 3383 1644 3428 tuum
1673 3392 1686 3441 ;
1721 3392 1984 3445 cognosce
2012 3392 2132 3447 qua:

532 3455 773 3528 :propria
809 3469 952 3514 sunt.
993 3459 1196 3530 Scripsi
1253 3463 1346 3518 tibi
1377 3479 1547 3533 pauca
1581 3481 1705 3521 cum
1753 3467 1924 3522 multo
1949 3469 2132 3522 dolore

554 3558 610 3604 et
638 3551 864 3607 sincera:
887 3553 1169 3608 charitatis
1191 3553 1407 3620 affectu,
1445 3567 1498 3610 ut
1526 3574 1857 3627 cognoscens
1887 3575 2130 3615 errorem

555 3651 704 3697 tuum
734 3643 937 3699 redires
963 3647 1028 3698 ad
1065 3663 1175 3709 cor,
1219 3657 1270 3702 ct
1297 3649 1668 3718 pmoitcntiam
1693 3668 1884 3721 ageres
1915 3652 2135 3707 delicto-

557 3749 674 3786 rum
709 3741 944 3788 tuorum.
978 3735 1082 3790 Sed
1111 3739 1234 3808 quia
1265 3742 1425 3794 verba
1464 3751 1550 3795 tua
1575 3743 1833 3812 iniquitas
1865 3755 1918 3798 et
1958 3745 2131 3811 dolus,

556 3835 612 3881 et
636 3825 855 3882 noluisti
889 3830 1183 3903 intelligere
1213 3841 1271 3886 ut
1317 3833 1454 3887 bene
1506 3849 1696 3903 ageres
1742 3835 1912 3906 (I’sal.
1943 3841 2132 3907 xxxv),

557 3919 681 3974 audi
739 3921 944 3978 interea
977 3939 1096 3994 quae
1147 3923 1405 3981 Dominus
1452 3937 1640 3982 contra
1691 3937 1740 3982 te
1771 3944 1868 3998 per
1901 3931 2133 4000 prophe-

555 4019 667 4065 tam
699 4013 939 4070 clamat:
976 4034 995 4068 ι
1037 4016 1159 4072 Πειξο
1193 4018 1326 4072 dicit
1372 4019 1631 4074 Dominus
1673 4021 1816 4077 Deus
1851 4040 1863 4075 :
1899 4021 2006 4076 ista
2053 4032 2139 4078 est

559 4099 896 4160 Hierusalem
945 4123 961 4174 ;
1019 4107 1072 4163 in
1116 4109 1292 4162 medio
1331 4111 1572 4180 gentium
1613 4111 1764 4178 posui
1809 4127 1946 4174 eam,
1997 4113 2134 4168 etin

558 4195 786 4251 circuitu
809 4199 926 4270 ejus
945 4209 1167 4256 terram.
1217 4201 1282 4256 Et
1307 4203 1634 4271 contempsit
1673 4203 1874 4273 judicia
1907 4221 2046 4271 mea,
2081 4214 2138 4260 ut

559 4290 678 4359 plus
699 4302 842 4346 esset
869 4292 1031 4364 impia
1059 4309 1222 4364 quam
1251 4305 1454 4364 gentes,
1475 4305 1528 4350 et
1551 4307 1816 4366 praecepta
1849 4312 1965 4352 mea
1996 4300 2136 4354 ultra

560 4397 723 4452 quam
760 4393 916 4439 terra:
939 4401 1059 4455 qua:
1093 4387 1145 4440 in
1182 4388 1410 4442 circuitu
1437 4387 1551 4456 ejus
1579 4399 1723 4444 sunt.
1753 4389 1960 4446 Judicia
1993 4394 2135 4446 enim

2240 3270 2440 3339 palatia
2475 3269 2770 3338 pertinent,
2809 3269 2874 3322 ad
2899 3263 3236 3322 sacerdotem
3264 3266 3531 3321 εειιιυδίειξ.
3573 3266 3825 3320 Publice.-

2238 3375 2356 3413 rum
2399 3360 2491 3414 tibi
2523 3361 2780 3414 ιιιωιιίιιιιι
2833 3360 2921 3428 jus
2959 3368 3042 3413 est
3088 3360 3458 3424 commissum,
3501 3375 3609 3413 non
3641 3373 3824 3413 sacro-

2238 3467 2382 3506 rum.
2413 3451 2613 3505 lterum
2659 3451 2860 3506 dicitur
2891 3451 3020 3504 mihi
3057 3451 3344 3504 mandasse
3383 3451 3769 3519 imperatorem
3807 3467 3818 3501 :

2238 3544 2416 3598 Debeo
2444 3553 2498 3598 et
2538 3559 2640 3614 ego
2667 3559 2827 3597 tutam
2875 3543 3154 3597 basilicam
3200 3541 3418 3595 habere.
3455 3541 3818 3610 llespondco:

2237 3638 2352 3691 Non
2379 3637 2505 3692 iit-et
2557 3638 2652 3692 tibi
2687 3637 2852 3692 ullam
2889 3637 3106 3691 habere.
3145 3635 3282 3702 Quid
3323 3637 3416 3690 tibi
3463 3651 3586 3690 cum
3617 3636 3826 3690 adulte-

2241 3749 2296 3786 ra
2323 3733 2345 3785 ?
2371 3733 2632 3786 Adultera
2664 3733 2808 3787 enim
2847 3741 2950 3797 est,
2981 3747 3100 3800 qua:
3125 3748 3228 3784 non
3263 3739 3348 3784 est
3392 3729 3636 3799 legitimo
3669 3729 3824 3785 Chri-

2239 3826 2583 3895 sricoujugio
2639 3825 2904 3895 copulata.
2966 3823 3147 3879 Veteri
3199 3822 3322 3892 jure
3359 3839 3400 3875 .a
3447 3823 3825 3876 sacerdotibus

2239 3919 2438 3974 donata
2471 3919 2716 3988 imperia,
2743 3935 2844 3973 non
2875 3927 3152 3986 usurpata.
3177 3937 3196 3969 ιν

2308 4009 2535 4066 Constat
2581 4013 2764 4080 itaque
2798 4011 2920 4080 quia
2953 4010 3192 4064 Ecclesia
3227 4009 3342 4063 haec
3402 4023 3506 4062 non
3553 4015 3641 4061 est
3699 4021 3823 4060 vera

2241 4107 2484 4164 Ecclesia
2531 4109 2624 4163 sed
2651 4108 2919 4172 adultera,
2970 4121 3091 4162 cum
3119 4109 3256 4161 sicut
3287 4106 3478 4160 beatus
3519 4105 3826 4176 Cyprianus

2239 4201 2406 4256 dicit:
2453 4220 2471 4251 ε
2507 4201 2764 4272 Quisquis
2810 4201 2877 4254 ab
2927 4199 3166 4254 Ecclesia
3222 4203 3536 4267 segregatus
3566 4197 3826 4252 adultera:

2233 4294 2499 4366 jungitur,
2529 4311 2558 4348 a
2587 4295 2867 4364 promissis
2891 4294 3146 4348 Ecclesia:
3171 4301 3456 4361 separatur
3489 4308 3502 4356 ;
3559 4307 3662 4345 nec
3697 4305 3818 4360 per-

2242 4389 2427 4442 veniet
2457 4389 2524 4441 ad
2577 4389 2778 4442 Christi
2831 4387 3075 4458 pl':‘t‘tlli:l,
3127 4386 3217 4456 qui
3275 4385 3494 4452 reliquit
3523 4384 3824 4438 Ecclesium

559 4491 680 4530 mea
709 4478 1070 4547 projecerunt,
1118 4487 1172 4532 et
1225 4479 1278 4532 in
1329 4482 1612 4549 praeceptis
1644 4481 1778 4536 rueis
1810 4498 1915 4536 non
1949 4483 2136 4537 ambu-
2173 4516 2214 4575 ο
2244 4478 2473 4532 Christi.
2501 4478 2724 4531 Alienus,
2747 4487 2850 4541 est,
2882 4475 3140 4546 profanus
3169 4485 3270 4536 est,
3291 4475 3462 4527 hostis
3485 4482 3589 4534 est,
3625 4473 3825 4525 habere

559 4567 826 4622 laverunt.
863 4569 1070 4624 Idcirco
1118 4571 1229 4624 haec
1279 4571 1410 4625 dicit
1462 4573 1720 4627 Dominus
1763 4576 1948 4629 Deus:
2001 4576 2138 4630 Ecce

559 4675 660 4730 ego
681 4661 748 4714 ad
777 4672 848 4726 te,
879 4669 934 4716 et
967 4661 1078 4730 ipse
1121 4677 1218 4732 ego
1250 4663 1443 4718 faciam
1479 4666 1530 4718 in
1583 4665 1757 4720 medio
1817 4671 1890 4721 tui
1931 4668 2137 4737 judicia

559 4751 614 4806 in
635 4753 806 4806 oculis
828 4751 1086 4823 gentium,
1132 4763 1184 4806 et
1209 4753 1402 4807 faciam
1451 4755 1500 4808 in
1535 4764 1585 4808 te
1623 4771 1743 4824 quae
1773 4774 1876 4809 non
1925 4759 2052 4821 feci,
2085 4769 2138 4812 et

561 4843 758 4912 quibus
782 4843 980 4898 similia
1019 4845 1155 4897 ultra
1184 4862 1289 4898 non
1325 4845 1518 4900 faciam
1547 4858 1767 4917 propter
1796 4863 1985 4902 omnes
2010 4851 2138 4904 abo-

561 4935 886 4991 ntinationes
927 4945 1066 4991 tuas.
1120 4937 1242 4992 ideo
1296 4952 1477 5008 patres
1508 4941 1790 4994 comedent
1825 4957 1952 4995 suos
2003 4941 2140 4997 ﬁlios

562 5029 617 5083 in
643 5029 820 5083 medio
853 5029 952 5095 tui,
977 5039 1032 5084 et
1058 5028 1150 5083 lilii
1182 5033 1471 5084 comedent
1513 5041 1692 5100 patres
1747 5046 1874 5085 suos
1921 5029 2137 5100 (Ezerh.

561 5121 621 5158 νδ
670 5143 687 5158 ι
721 5124 846 5158 ‘l-nn
899 5125 1080 5158 :lnnlla
1128 5139 1250 5158 Anan
1297 5125 1480 5158 υἷιιιιηο
1539 5129 1641 5158 huic
1680 5127 2009 5158 Ιηηιηηιιῖιηιο
2043 5127 2108 5158 ἷηι

2248 4587 2354 4624 non
2394 4579 2570 4637 potest.
2598 4571 2764 4623 Deum
2809 4579 3040 4637 patrem,
3075 4568 3165 4638 qui
3196 4567 3488 4622 Ecclesium
3521 4581 3630 4618 non
3664 4565 3824 4618 habet

2241 4673 2490 4717 matrem.
2523 4683 2540 4715 ι

2315 4755 2468 4810 Unde
2499 4767 2552 4810 et
2583 4759 2771 4808 beatus
2800 4753 3043 4808 ϐςιιηεὶιιε
3075 4755 3216 4809 inter
3254 4763 3448 4807 etetera
3479 4751 3611 4806 dicit
3642 4769 3656 4806 :
3691 4770 3710 4802 ι
3747 4750 3822 4803 Ad

2243 4849 2556 4902 sacerdotes
2600 4847 2741 4900 Dens
2793 4847 2959 4898 voluit
2999 4861 3118 4913 qua:
3161 4844 3416 4898 Ecclesne
3463 4851 3592 4897 sunt
3643 4841 3822 4908 dispo-

2245 4941 2416 4994 nemla
2441 4940 2738 5008 pertinere,
2765 4954 2871 4992 non
2905 4939 2969 4990 ad
3012 4937 3194 4991 sa‘culi
3247 4943 3550 5005 potestates
3590 4951 3604 4999 ;
3639 4947 3758 5002 qua:
3780 4931 3820 4984 si

2245 5031 2431 5087 ﬁdeles
2462 5043 2610 5094 sunt,
2667 5030 2920 5084 Ecclesiae
2963 5045 3072 5081 sua:
3129 5039 3183 5082 et
3230 5025 3609 5080 sacerdotibus
3657 5021 3822 5076 voluit

2879 5119 2979 5158 eihi
3007 5120 3232 5158 υἷιηὶῖι-ρι
3267 5118 3562 5158 imum-ultr:
3591 5115 3820 5158 alienum

2245 5137 2364 5158 occa
2393 5123 2660 5158 οηιιῖηρισις
2733 5120 2846 5158 Nnn
