  <div class='ocr_page' id='page_1' title='image "/cluster/home/n/w/nwhite01/storage/ocr_20150623/149/hvd.32044015473770/230.png"; bbox 0 0 4018 5330; ppageno 0'>
   <div class='ocr_carea' id='block_1_1' title="bbox 220 420 318 477">
    <p class='ocr_par' dir='ltr' id='par_1_1' title="bbox 220 420 318 477">
     <span class='ocr_line' id='line_1_1' title="bbox 220 420 318 477; baseline -0.01 0"><span class='ocrx_word' id='word_1_1' title='bbox 220 420 318 477; x_wconf 68' lang='grc' dir='ltr'><strong>συθ</strong></span> 
     </span>
    </p>
   </div>
   <div class='ocr_carea' id='block_1_2' title="bbox 878 387 2808 464">
    <p class='ocr_par' dir='ltr' id='par_1_2' title="bbox 878 387 2808 464">
     <span class='ocr_line' id='line_1_2' title="bbox 878 387 2808 464; baseline -0.011 0"><span class='ocrx_word' id='word_1_2' title='bbox 878 403 1153 464; x_wconf 71' lang='lat' dir='ltr'><strong>CONTRA</strong></span> <span class='ocrx_word' id='word_1_3' title='bbox 1193 393 1602 458; x_wconf 77' lang='lat' dir='ltr'><strong>GUIBERTUM</strong></span> <span class='ocrx_word' id='word_1_4' title='bbox 1644 387 2040 447; x_wconf 57' lang='lat' dir='ltr'><strong>ANTIPAI’AM</strong></span> <span class='ocrx_word' id='word_1_5' title='bbox 2085 387 2259 443; x_wconf 71' lang='lat' dir='ltr'><strong>LIilIll</strong></span> <span class='ocrx_word' id='word_1_6' title='bbox 2302 387 2459 443; x_wconf 86' lang='lat' dir='ltr'><strong>DUO.</strong></span> <span class='ocrx_word' id='word_1_7' title='bbox 2500 417 2569 429; x_wconf 92' lang='lat'><strong>-——</strong></span> <span class='ocrx_word' id='word_1_8' title='bbox 2609 387 2734 444; x_wconf 83' lang='lat' dir='ltr'><strong>LIB.</strong></span> <span class='ocrx_word' id='word_1_9' title='bbox 2768 387 2808 443; x_wconf 91' lang='lat' dir='ltr'><strong>I.</strong></span> 
     </span>
    </p>
   </div>
   <div class='ocr_carea' id='block_1_3' title="bbox 3363 387 3473 444">
    <p class='ocr_par' dir='ltr' id='par_1_3' title="bbox 3363 387 3473 444">
     <span class='ocr_line' id='line_1_3' title="bbox 3363 387 3473 444; baseline -0.018 0"><span class='ocrx_word' id='word_1_10' title='bbox 3363 387 3473 444; x_wconf 68' lang='lat'><strong>450</strong></span> 
     </span>
    </p>
   </div>
   <div class='ocr_carea' id='block_1_4' title="bbox 220 503 3480 604">
    <p class='ocr_par' dir='ltr' id='par_1_4' title="bbox 220 503 3480 604">
     <span class='ocr_line' id='line_1_4' title="bbox 220 503 3480 604; baseline -0.007 -19"><span class='ocrx_word' id='word_1_11' title='bbox 220 538 298 604; x_wconf 72' lang='grc' dir='ltr'><strong>ι.)</strong></span> <span class='ocrx_word' id='word_1_12' title='bbox 327 528 615 604; x_wconf 78' lang='lat' dir='ltr'><strong>Apostoliea</strong></span> <span class='ocrx_word' id='word_1_13' title='bbox 655 524 800 581; x_wconf 91' lang='lat' dir='ltr'><strong>enim</strong></span> <span class='ocrx_word' id='word_1_14' title='bbox 852 531 909 578; x_wconf 90' lang='lat' dir='ltr'><strong>et</strong></span> <span class='ocrx_word' id='word_1_15' title='bbox 959 517 1282 575; x_wconf 75' lang='lat' dir='ltr'><strong>universalis</strong></span> <span class='ocrx_word' id='word_1_16' title='bbox 1331 512 1570 569; x_wconf 77' lang='lat' dir='ltr'><strong>Ecclesia</strong></span> <span class='ocrx_word' id='word_1_17' title='bbox 1632 522 1788 563; x_wconf 88' lang='lat' dir='ltr'><strong>suum</strong></span> <span class='ocrx_word' id='word_1_18' title='bbox 1822 508 1864 567; x_wconf 82' lang='grc' dir='ltr'><strong>Α</strong></span> <span class='ocrx_word' id='word_1_19' title='bbox 1894 504 2013 567; x_wconf 80' lang='lat' dir='ltr'><strong>bus,</strong></span> <span class='ocrx_word' id='word_1_20' title='bbox 2042 514 2160 574; x_wconf 78' lang='lat' dir='ltr'><strong>qua:</strong></span> <span class='ocrx_word' id='word_1_21' title='bbox 2202 512 2327 558; x_wconf 88' lang='lat' dir='ltr'><strong>sunt</strong></span> <span class='ocrx_word' id='word_1_22' title='bbox 2359 519 2568 567; x_wconf 90' lang='lat' dir='ltr'><strong>eorum,</strong></span> <span class='ocrx_word' id='word_1_23' title='bbox 2617 519 2685 557; x_wconf 87' lang='lat' dir='ltr'><strong>ne</strong></span> <span class='ocrx_word' id='word_1_24' title='bbox 2715 503 2875 558; x_wconf 83' lang='lat' dir='ltr'><strong>simul</strong></span> <span class='ocrx_word' id='word_1_25' title='bbox 2905 505 3138 574; x_wconf 83' lang='lat' dir='ltr'><strong>pereatis</strong></span> <span class='ocrx_word' id='word_1_26' title='bbox 3169 505 3222 561; x_wconf 92' lang='lat' dir='ltr'><strong>in</strong></span> <span class='ocrx_word' id='word_1_27' title='bbox 3255 517 3480 577; x_wconf 85' lang='lat' dir='ltr'><strong>peccato</strong></span> 
     </span>
    </p>
   </div>
   <div class='ocr_carea' id='block_1_5' title="bbox 224 600 1789 691">
    <p class='ocr_par' dir='ltr' id='par_1_5' title="bbox 224 600 1789 691">
     <span class='ocr_line' id='line_1_5' title="bbox 224 600 1789 691; baseline -0.021 -6"><span class='ocrx_word' id='word_1_28' title='bbox 224 600 439 685; x_wconf 65' lang='lat' dir='ltr'><strong>habebat</strong></span> <span class='ocrx_word' id='word_1_29' title='bbox 466 631 762 691; x_wconf 87' lang='lat' dir='ltr'><strong>pastorem.</strong></span> <span class='ocrx_word' id='word_1_30' title='bbox 801 615 869 671; x_wconf 89' lang='lat' dir='ltr'><strong>Ut</strong></span> <span class='ocrx_word' id='word_1_31' title='bbox 897 615 1041 669; x_wconf 88' lang='lat' dir='ltr'><strong>enim</strong></span> <span class='ocrx_word' id='word_1_32' title='bbox 1073 611 1140 667; x_wconf 88' lang='lat' dir='ltr'><strong>de</strong></span> <span class='ocrx_word' id='word_1_33' title='bbox 1201 610 1360 664; x_wconf 89' lang='lat' dir='ltr'><strong>beato</strong></span> <span class='ocrx_word' id='word_1_34' title='bbox 1385 604 1651 675; x_wconf 79' lang='lat' dir='ltr'><strong>Gregorio</strong></span> <span class='ocrx_word' id='word_1_35' title='bbox 1685 600 1789 655; x_wconf 62' lang='lat' dir='ltr'><strong>Pa-</strong></span> 
     </span>
    </p>
   </div>
   <div class='ocr_carea' id='block_1_6' title="bbox 227 694 1791 781">
    <p class='ocr_par' dir='ltr' id='par_1_6' title="bbox 227 694 1791 781">
     <span class='ocr_line' id='line_1_6' title="bbox 227 694 1791 781; baseline -0.019 -6"><span class='ocrx_word' id='word_1_36' title='bbox 227 731 304 776; x_wconf 83' lang='lat' dir='ltr'><strong>tre</strong></span> <span class='ocrx_word' id='word_1_37' title='bbox 339 726 508 772; x_wconf 85' lang='lat' dir='ltr'><strong>nostro</strong></span> <span class='ocrx_word' id='word_1_38' title='bbox 545 715 720 768; x_wconf 86' lang='lat' dir='ltr'><strong>dicam</strong></span> <span class='ocrx_word' id='word_1_39' title='bbox 748 724 869 781; x_wconf 71' lang='lat' dir='ltr'><strong>qute</strong></span> <span class='ocrx_word' id='word_1_40' title='bbox 902 708 969 762; x_wconf 87' lang='lat' dir='ltr'><strong>de</strong></span> <span class='ocrx_word' id='word_1_41' title='bbox 997 702 1250 761; x_wconf 90' lang='lat' dir='ltr'><strong>Cornelio</strong></span> <span class='ocrx_word' id='word_1_42' title='bbox 1303 698 1523 768; x_wconf 76' lang='lat' dir='ltr'><strong>scripsit</strong></span> <span class='ocrx_word' id='word_1_43' title='bbox 1569 694 1791 767; x_wconf 81' lang='lat' dir='ltr'><strong>Cypria-</strong></span> 
     </span>
    </p>
   </div>
   <div class='ocr_carea' id='block_1_7' title="bbox 225 786 1792 873">
    <p class='ocr_par' dir='ltr' id='par_1_7' title="bbox 225 786 1792 873">
     <span class='ocr_line' id='line_1_7' title="bbox 225 786 1792 873; baseline -0.019 -5"><span class='ocrx_word' id='word_1_44' title='bbox 225 829 324 869; x_wconf 83' lang='lat' dir='ltr'><strong>nus</strong></span> <span class='ocrx_word' id='word_1_45' title='bbox 347 831 358 865; x_wconf 87' lang='lat'><strong>:</strong></span> <span class='ocrx_word' id='word_1_46' title='bbox 382 828 398 861; x_wconf 64' lang='grc' dir='ltr'><em>ς</em></span> <span class='ocrx_word' id='word_1_47' title='bbox 422 808 620 863; x_wconf 82' lang='lat' dir='ltr'><strong>Factus</strong></span> <span class='ocrx_word' id='word_1_48' title='bbox 642 815 727 859; x_wconf 88' lang='lat' dir='ltr'><strong>est</strong></span> <span class='ocrx_word' id='word_1_49' title='bbox 752 804 1034 873; x_wconf 89' lang='lat' dir='ltr'><strong>episcopus</strong></span> <span class='ocrx_word' id='word_1_50' title='bbox 1057 799 1123 851; x_wconf 88' lang='lat' dir='ltr'><strong>de</strong></span> <span class='ocrx_word' id='word_1_51' title='bbox 1152 796 1243 849; x_wconf 92' lang='lat' dir='ltr'><strong>Dei</strong></span> <span class='ocrx_word' id='word_1_52' title='bbox 1272 802 1326 849; x_wconf 88' lang='lat' dir='ltr'><strong>et</strong></span> <span class='ocrx_word' id='word_1_53' title='bbox 1347 791 1548 848; x_wconf 90' lang='lat' dir='ltr'><strong>Christi</strong></span> <span class='ocrx_word' id='word_1_54' title='bbox 1573 788 1689 843; x_wconf 76' lang='lat' dir='ltr'><strong>eius</strong></span> <span class='ocrx_word' id='word_1_55' title='bbox 1706 786 1792 857; x_wconf 82' lang='lat' dir='ltr'><strong>ju-</strong></span> 
     </span>
    </p>
   </div>
   <div class='ocr_carea' id='block_1_8' title="bbox 228 889 1790 966">
    <p class='ocr_par' dir='ltr' id='par_1_8' title="bbox 228 889 1790 966">
     <span class='ocr_line' id='line_1_8' title="bbox 228 889 1790 966; baseline -0.02 -4"><span class='ocrx_word' id='word_1_56' title='bbox 228 908 378 966; x_wconf 86' lang='lat' dir='ltr'><strong>dicio,</strong></span> <span class='ocrx_word' id='word_1_57' title='bbox 405 904 469 957; x_wconf 90' lang='lat' dir='ltr'><strong>de</strong></span> <span class='ocrx_word' id='word_1_58' title='bbox 520 901 842 956; x_wconf 86' lang='lat' dir='ltr'><strong>clericorum</strong></span> <span class='ocrx_word' id='word_1_59' title='bbox 897 907 1033 963; x_wconf 87' lang='lat' dir='ltr'><strong>pene</strong></span> <span class='ocrx_word' id='word_1_60' title='bbox 1069 889 1330 949; x_wconf 90' lang='lat' dir='ltr'><strong>omnium,</strong></span> <span class='ocrx_word' id='word_1_61' title='bbox 1390 895 1467 950; x_wconf 92' lang='lat' dir='ltr'><strong>et,</strong></span> <span class='ocrx_word' id='word_1_62' title='bbox 1514 891 1575 935; x_wconf 92' lang='lat' dir='ltr'><strong>ut</strong></span> <span class='ocrx_word' id='word_1_63' title='bbox 1602 894 1790 934; x_wconf 87' lang='lat' dir='ltr'><strong>verum</strong></span> 
     </span>
    </p>
   </div>
   <div class='ocr_carea' id='block_1_9' title="bbox 229 974 1795 1057">
    <p class='ocr_par' dir='ltr' id='par_1_9' title="bbox 229 974 1795 1057">
     <span class='ocr_line' id='line_1_9' title="bbox 229 974 1795 1057; baseline -0.017 -2"><span class='ocrx_word' id='word_1_64' title='bbox 229 1001 410 1057; x_wconf 77' lang='lat' dir='ltr'><strong>dicam.</strong></span> <span class='ocrx_word' id='word_1_65' title='bbox 435 995 656 1051; x_wconf 82' lang='lat' dir='ltr'><strong>Omnino</strong></span> <span class='ocrx_word' id='word_1_66' title='bbox 683 991 924 1045; x_wconf 89' lang='lat' dir='ltr'><strong>onmium</strong></span> <span class='ocrx_word' id='word_1_67' title='bbox 966 983 1279 1039; x_wconf 86' lang='lat' dir='ltr'><strong>testimonio</strong></span> <span class='ocrx_word' id='word_1_68' title='bbox 1306 996 1321 1045; x_wconf 90' lang='lat'><strong>;</strong></span> <span class='ocrx_word' id='word_1_69' title='bbox 1364 980 1429 1034; x_wconf 87' lang='lat' dir='ltr'><strong>de</strong></span> <span class='ocrx_word' id='word_1_70' title='bbox 1473 974 1645 1047; x_wconf 86' lang='lat' dir='ltr'><strong>plebis</strong></span> <span class='ocrx_word' id='word_1_71' title='bbox 1675 988 1795 1042; x_wconf 69' lang='lat' dir='ltr'><strong>quat</strong></span> 
     </span>
    </p>
   </div>
   <div class='ocr_carea' id='block_1_10' title="bbox 230 1070 1798 1153">
    <p class='ocr_par' dir='ltr' id='par_1_10' title="bbox 230 1070 1798 1153">
     <span class='ocr_line' id='line_1_10' title="bbox 230 1070 1798 1153; baseline -0.018 -6"><span class='ocrx_word' id='word_1_72' title='bbox 230 1103 351 1147; x_wconf 90' lang='lat' dir='ltr'><strong>tunc</strong></span> <span class='ocrx_word' id='word_1_73' title='bbox 368 1088 531 1143; x_wconf 79' lang='lat' dir='ltr'><strong>adluit</strong></span> <span class='ocrx_word' id='word_1_74' title='bbox 569 1083 846 1153; x_wconf 66' lang='lat' dir='ltr'><strong>solli-agili,</strong></span> <span class='ocrx_word' id='word_1_75' title='bbox 876 1080 943 1135; x_wconf 88' lang='lat' dir='ltr'><strong>de</strong></span> <span class='ocrx_word' id='word_1_76' title='bbox 969 1076 1310 1132; x_wconf 84' lang='lat' dir='ltr'><strong>sacerdotum</strong></span> <span class='ocrx_word' id='word_1_77' title='bbox 1358 1070 1702 1139; x_wconf 90' lang='lat' dir='ltr'><strong>antiquorum</strong></span> <span class='ocrx_word' id='word_1_78' title='bbox 1742 1072 1798 1120; x_wconf 81' lang='lat' dir='ltr'><strong>et</strong></span> 
     </span>
    </p>
   </div>
   <div class='ocr_carea' id='block_1_11' title="bbox 228 1161 1796 1242">
    <p class='ocr_par' dir='ltr' id='par_1_11' title="bbox 228 1161 1796 1242">
     <span class='ocr_line' id='line_1_11' title="bbox 228 1161 1796 1242; baseline -0.018 -3"><span class='ocrx_word' id='word_1_79' title='bbox 228 1187 452 1239; x_wconf 86' lang='lat' dir='ltr'><strong>virorum</strong></span> <span class='ocrx_word' id='word_1_80' title='bbox 480 1182 749 1235; x_wconf 88' lang='lat' dir='ltr'><strong>bonorum</strong></span> <span class='ocrx_word' id='word_1_81' title='bbox 776 1172 1023 1242; x_wconf 76' lang='lat' dir='ltr'><strong>collegio,</strong></span> <span class='ocrx_word' id='word_1_82' title='bbox 1052 1185 1175 1224; x_wconf 89' lang='lat' dir='ltr'><strong>cum</strong></span> <span class='ocrx_word' id='word_1_83' title='bbox 1200 1180 1360 1221; x_wconf 88' lang='lat' dir='ltr'><strong>nemo</strong></span> <span class='ocrx_word' id='word_1_84' title='bbox 1389 1173 1515 1218; x_wconf 89' lang='lat' dir='ltr'><strong>ante</strong></span> <span class='ocrx_word' id='word_1_85' title='bbox 1540 1177 1598 1216; x_wconf 91' lang='lat' dir='ltr'><strong>se</strong></span> <span class='ocrx_word' id='word_1_86' title='bbox 1624 1161 1796 1215; x_wconf 80' lang='lat' dir='ltr'><strong>factus</strong></span> 
     </span>
    </p>
   </div>
   <div class='ocr_carea' id='block_1_12' title="bbox 230 1249 1797 1339">
    <p class='ocr_par' dir='ltr' id='par_1_12' title="bbox 230 1249 1797 1339">
     <span class='ocr_line' id='line_1_12' title="bbox 230 1249 1797 1339; baseline -0.018 -8"><span class='ocrx_word' id='word_1_87' title='bbox 230 1287 384 1339; x_wconf 84' lang='lat' dir='ltr'><strong>esset,</strong></span> <span class='ocrx_word' id='word_1_88' title='bbox 416 1289 536 1328; x_wconf 90' lang='lat' dir='ltr'><strong>cum</strong></span> <span class='ocrx_word' id='word_1_89' title='bbox 569 1267 858 1323; x_wconf 73' lang='lat' dir='ltr'><strong>Alexandri</strong></span> <span class='ocrx_word' id='word_1_90' title='bbox 890 1264 1055 1323; x_wconf 91' lang='lat' dir='ltr'><strong>locus,</strong></span> <span class='ocrx_word' id='word_1_91' title='bbox 1107 1270 1162 1312; x_wconf 88' lang='lat' dir='ltr'><strong>et</strong></span> <span class='ocrx_word' id='word_1_92' title='bbox 1196 1274 1317 1312; x_wconf 90' lang='lat' dir='ltr'><strong>cum</strong></span> <span class='ocrx_word' id='word_1_93' title='bbox 1346 1258 1497 1311; x_wconf 87' lang='lat' dir='ltr'><strong>locus</strong></span> <span class='ocrx_word' id='word_1_94' title='bbox 1523 1253 1687 1314; x_wconf 82' lang='lat' dir='ltr'><strong>Petri,</strong></span> <span class='ocrx_word' id='word_1_95' title='bbox 1716 1249 1797 1305; x_wconf 88' lang='lat' dir='ltr'><strong>vel</strong></span> 
     </span>
    </p>
   </div>
   <div class='ocr_carea' id='block_1_13' title="bbox 231 1345 1800 1437">
    <p class='ocr_par' dir='ltr' id='par_1_13' title="bbox 231 1345 1800 1437">
     <span class='ocr_line' id='line_1_13' title="bbox 231 1345 1800 1437; baseline -0.017 -19"><span class='ocrx_word' id='word_1_96' title='bbox 231 1366 417 1437; x_wconf 79' lang='lat' dir='ltr'><strong>gradus</strong></span> <span class='ocrx_word' id='word_1_97' title='bbox 432 1361 703 1415; x_wconf 77' lang='lat' dir='ltr'><strong>cathedra-</strong></span> <span class='ocrx_word' id='word_1_98' title='bbox 732 1352 1083 1410; x_wconf 77' lang='lat' dir='ltr'><strong>sacerdotalis</strong></span> <span class='ocrx_word' id='word_1_99' title='bbox 1114 1357 1352 1405; x_wconf 86' lang='lat' dir='ltr'><strong>vacaret.</strong></span> <span class='ocrx_word' id='word_1_100' title='bbox 1386 1345 1505 1412; x_wconf 84' lang='lat' dir='ltr'><strong>Quo</strong></span> <span class='ocrx_word' id='word_1_101' title='bbox 1533 1351 1800 1410; x_wconf 85' lang='lat' dir='ltr'><strong>occupato</strong></span> 
     </span>
    </p>
   </div>
   <div class='ocr_carea' id='block_1_14' title="bbox 231 1442 1800 1514">
    <p class='ocr_par' dir='ltr' id='par_1_14' title="bbox 231 1442 1800 1514">
     <span class='ocr_line' id='line_1_14' title="bbox 231 1442 1800 1514; baseline -0.015 -5"><span class='ocrx_word' id='word_1_102' title='bbox 231 1465 281 1510; x_wconf 78' lang='lat' dir='ltr'><strong>et</strong></span> <span class='ocrx_word' id='word_1_103' title='bbox 306 1456 368 1508; x_wconf 88' lang='lat' dir='ltr'><strong>de</strong></span> <span class='ocrx_word' id='word_1_104' title='bbox 385 1454 473 1506; x_wconf 88' lang='lat' dir='ltr'><strong>Dei</strong></span> <span class='ocrx_word' id='word_1_105' title='bbox 500 1451 776 1505; x_wconf 86' lang='lat' dir='ltr'><strong>voluntate</strong></span> <span class='ocrx_word' id='word_1_106' title='bbox 801 1457 966 1514; x_wconf 88' lang='lat' dir='ltr'><strong>atque</strong></span> <span class='ocrx_word' id='word_1_107' title='bbox 986 1442 1229 1498; x_wconf 88' lang='lat' dir='ltr'><strong>omnium</strong></span> <span class='ocrx_word' id='word_1_108' title='bbox 1264 1448 1508 1493; x_wconf 81' lang='lat' dir='ltr'><strong>nostrum</strong></span> <span class='ocrx_word' id='word_1_109' title='bbox 1531 1447 1800 1490; x_wconf 86' lang='lat' dir='ltr'><strong>consensu</strong></span> 
     </span>
    </p>
   </div>
   <div class='ocr_carea' id='block_1_15' title="bbox 231 1523 1801 1611">
    <p class='ocr_par' dir='ltr' id='par_1_15' title="bbox 231 1523 1801 1611">
     <span class='ocr_line' id='line_1_15' title="bbox 231 1523 1801 1611; baseline -0.015 -12"><span class='ocrx_word' id='word_1_110' title='bbox 231 1546 489 1603; x_wconf 83' lang='lat' dir='ltr'><strong>ordinato,</strong></span> <span class='ocrx_word' id='word_1_111' title='bbox 511 1540 761 1611; x_wconf 90' lang='lat' dir='ltr'><strong>quisquis</strong></span> <span class='ocrx_word' id='word_1_112' title='bbox 809 1535 1033 1606; x_wconf 84' lang='lat' dir='ltr'><strong>jamjam</strong></span> <span class='ocrx_word' id='word_1_113' title='bbox 1068 1533 1355 1602; x_wconf 87' lang='lat' dir='ltr'><strong>episcopus</strong></span> <span class='ocrx_word' id='word_1_114' title='bbox 1401 1528 1518 1581; x_wconf 86' lang='lat' dir='ltr'><strong>ﬁeri</strong></span> <span class='ocrx_word' id='word_1_115' title='bbox 1548 1523 1801 1588; x_wconf 88' lang='lat' dir='ltr'><strong>voluerit,</strong></span> 
     </span>
    </p>
   </div>
   <div class='ocr_carea' id='block_1_16' title="bbox 231 1619 1807 1693">
    <p class='ocr_par' dir='ltr' id='par_1_16' title="bbox 231 1619 1807 1693">
     <span class='ocr_line' id='line_1_16' title="bbox 231 1619 1807 1693; baseline -0.016 -1"><span class='ocrx_word' id='word_1_116' title='bbox 231 1637 369 1692; x_wconf 73' lang='lat' dir='ltr'><strong>foras</strong></span> <span class='ocrx_word' id='word_1_117' title='bbox 391 1636 479 1689; x_wconf 85' lang='lat' dir='ltr'><strong>ﬁat</strong></span> <span class='ocrx_word' id='word_1_118' title='bbox 507 1646 734 1688; x_wconf 89' lang='lat' dir='ltr'><strong>necesse</strong></span> <span class='ocrx_word' id='word_1_119' title='bbox 771 1638 876 1693; x_wconf 89' lang='lat' dir='ltr'><strong>est,</strong></span> <span class='ocrx_word' id='word_1_120' title='bbox 909 1642 1011 1681; x_wconf 87' lang='lat' dir='ltr'><strong>nec</strong></span> <span class='ocrx_word' id='word_1_121' title='bbox 1038 1619 1687 1680; x_wconf 29' lang='lat' dir='ltr'><strong>habeat&#39;ecelesiasticam</strong></span> <span class='ocrx_word' id='word_1_122' title='bbox 1717 1628 1807 1668; x_wconf 82' lang='lat' dir='ltr'><strong>or-</strong></span> 
     </span>
    </p>
   </div>
   <div class='ocr_carea' id='block_1_17' title="bbox 232 1705 1805 1793">
    <p class='ocr_par' dir='ltr' id='par_1_17' title="bbox 232 1705 1805 1793">
     <span class='ocr_line' id='line_1_17' title="bbox 232 1705 1805 1793; baseline -0.015 -10"><span class='ocrx_word' id='word_1_123' title='bbox 232 1729 579 1789; x_wconf 80' lang='lat' dir='ltr'><strong>dinationem,</strong></span> <span class='ocrx_word' id='word_1_124' title='bbox 604 1724 696 1793; x_wconf 92' lang='lat' dir='ltr'><strong>qui</strong></span> <span class='ocrx_word' id='word_1_125' title='bbox 733 1719 985 1775; x_wconf 64' lang='lat' dir='ltr'><strong>Ecclesiae</strong></span> <span class='ocrx_word' id='word_1_126' title='bbox 1012 1733 1117 1772; x_wconf 90' lang='lat' dir='ltr'><strong>non</strong></span> <span class='ocrx_word' id='word_1_127' title='bbox 1143 1721 1292 1768; x_wconf 86' lang='lat' dir='ltr'><strong>tenet</strong></span> <span class='ocrx_word' id='word_1_128' title='bbox 1328 1712 1607 1766; x_wconf 89' lang='lat' dir='ltr'><strong>unitatem</strong></span> <span class='ocrx_word' id='word_1_129' title='bbox 1641 1705 1805 1767; x_wconf 84' lang='lat' dir='ltr'><strong>Ouis-</strong></span> 
     </span>
    </p>
   </div>
   <div class='ocr_carea' id='block_1_18' title="bbox 232 1799 1805 1892">
    <p class='ocr_par' dir='ltr' id='par_1_18' title="bbox 232 1799 1805 1892">
     <span class='ocr_line' id='line_1_18' title="bbox 232 1799 1805 1892; baseline -0.013 -18"><span class='ocrx_word' id='word_1_130' title='bbox 232 1824 344 1892; x_wconf 83' lang='lat' dir='ltr'><strong>quis</strong></span> <span class='ocrx_word' id='word_1_131' title='bbox 368 1822 455 1874; x_wconf 90' lang='lat' dir='ltr'><strong>ille</strong></span> <span class='ocrx_word' id='word_1_132' title='bbox 478 1819 661 1879; x_wconf 78' lang='lat' dir='ltr'><strong>fuerit,</strong></span> <span class='ocrx_word' id='word_1_133' title='bbox 699 1816 825 1870; x_wconf 75' lang='lat' dir='ltr'><strong>licet</strong></span> <span class='ocrx_word' id='word_1_134' title='bbox 866 1815 931 1868; x_wconf 91' lang='lat' dir='ltr'><strong>de</strong></span> <span class='ocrx_word' id='word_1_135' title='bbox 959 1828 1018 1867; x_wconf 92' lang='lat' dir='ltr'><strong>se</strong></span> <span class='ocrx_word' id='word_1_136' title='bbox 1062 1811 1289 1864; x_wconf 89' lang='lat' dir='ltr'><strong>multum</strong></span> <span class='ocrx_word' id='word_1_137' title='bbox 1327 1808 1562 1877; x_wconf 87' lang='lat' dir='ltr'><strong>jactans,</strong></span> <span class='ocrx_word' id='word_1_138' title='bbox 1606 1811 1658 1854; x_wconf 87' lang='lat' dir='ltr'><strong>et</strong></span> <span class='ocrx_word' id='word_1_139' title='bbox 1702 1799 1805 1854; x_wconf 88' lang='lat' dir='ltr'><strong>sibi</strong></span> 
     </span>
    </p>
   </div>
   <div class='ocr_carea' id='block_1_19' title="bbox 234 1894 1808 1987">
    <p class='ocr_par' dir='ltr' id='par_1_19' title="bbox 234 1894 1808 1987">
     <span class='ocr_line' id='line_1_19' title="bbox 234 1894 1808 1987; baseline -0.014 -17"><span class='ocrx_word' id='word_1_140' title='bbox 234 1916 508 1987; x_wconf 78' lang='lat' dir='ltr'><strong>phirinunn</strong></span> <span class='ocrx_word' id='word_1_141' title='bbox 534 1911 837 1969; x_wconf 85' lang='lat' dir='ltr'><strong>vindicans,</strong></span> <span class='ocrx_word' id='word_1_142' title='bbox 865 1906 1125 1978; x_wconf 81' lang='lat' dir='ltr'><strong>profanus</strong></span> <span class='ocrx_word' id='word_1_143' title='bbox 1147 1911 1261 1965; x_wconf 90' lang='lat' dir='ltr'><strong>est,</strong></span> <span class='ocrx_word' id='word_1_144' title='bbox 1295 1901 1502 1955; x_wconf 87' lang='lat' dir='ltr'><strong>alienus</strong></span> <span class='ocrx_word' id='word_1_145' title='bbox 1529 1904 1640 1960; x_wconf 90' lang='lat' dir='ltr'><strong>est,</strong></span> <span class='ocrx_word' id='word_1_146' title='bbox 1677 1894 1808 1948; x_wconf 81' lang='lat' dir='ltr'><strong>foris</strong></span> 
     </span>
    </p>
   </div>
   <div class='ocr_carea' id='block_1_20' title="bbox 236 1988 1808 2072">
    <p class='ocr_par' dir='ltr' id='par_1_20' title="bbox 236 1988 1808 2072">
     <span class='ocr_line' id='line_1_20' title="bbox 236 1988 1808 2072; baseline -0.013 -12"><span class='ocrx_word' id='word_1_147' title='bbox 236 2015 334 2070; x_wconf 84' lang='lat' dir='ltr'><strong>est,</strong></span> <span class='ocrx_word' id='word_1_148' title='bbox 367 2015 420 2058; x_wconf 92' lang='lat' dir='ltr'><strong>et</strong></span> <span class='ocrx_word' id='word_1_149' title='bbox 449 2019 571 2058; x_wconf 88' lang='lat' dir='ltr'><strong>cum</strong></span> <span class='ocrx_word' id='word_1_150' title='bbox 614 2010 736 2072; x_wconf 89' lang='lat' dir='ltr'><strong>post</strong></span> <span class='ocrx_word' id='word_1_151' title='bbox 772 2000 1001 2069; x_wconf 88' lang='lat' dir='ltr'><strong>primum</strong></span> <span class='ocrx_word' id='word_1_152' title='bbox 1027 1996 1294 2050; x_wconf 85' lang='lat' dir='ltr'><strong>secundus</strong></span> <span class='ocrx_word' id='word_1_153' title='bbox 1322 2006 1443 2048; x_wconf 78' lang='lat' dir='ltr'><strong>ese</strong></span> <span class='ocrx_word' id='word_1_154' title='bbox 1474 2005 1578 2044; x_wconf 92' lang='lat' dir='ltr'><strong>non</strong></span> <span class='ocrx_word' id='word_1_155' title='bbox 1622 1988 1808 2058; x_wconf 78' lang='lat' dir='ltr'><strong>possit,</strong></span> 
     </span>
    </p>
   </div>
   <div class='ocr_carea' id='block_1_21' title="bbox 235 2079 1810 2167">
    <p class='ocr_par' dir='ltr' id='par_1_21' title="bbox 235 2079 1810 2167">
     <span class='ocr_line' id='line_1_21' title="bbox 235 2079 1810 2167; baseline -0.015 -17"><span class='ocrx_word' id='word_1_156' title='bbox 235 2095 468 2167; x_wconf 79' lang='lat' dir='ltr'><strong>quisquis</strong></span> <span class='ocrx_word' id='word_1_157' title='bbox 497 2101 618 2163; x_wconf 89' lang='lat' dir='ltr'><strong>post</strong></span> <span class='ocrx_word' id='word_1_158' title='bbox 657 2106 819 2144; x_wconf 89' lang='lat' dir='ltr'><strong>unum</strong></span> <span class='ocrx_word' id='word_1_159' title='bbox 852 2089 941 2158; x_wconf 88' lang='lat' dir='ltr'><strong>qui</strong></span> <span class='ocrx_word' id='word_1_160' title='bbox 963 2088 1109 2142; x_wconf 87' lang='lat' dir='ltr'><strong>solus</strong></span> <span class='ocrx_word' id='word_1_161' title='bbox 1131 2100 1249 2141; x_wconf 86' lang='lat' dir='ltr'><strong>esse</strong></span> <span class='ocrx_word' id='word_1_162' title='bbox 1274 2083 1452 2147; x_wconf 91' lang='lat' dir='ltr'><strong>debet,</strong></span> <span class='ocrx_word' id='word_1_163' title='bbox 1499 2079 1674 2134; x_wconf 81' lang='lat' dir='ltr'><strong>Iactus</strong></span> <span class='ocrx_word' id='word_1_164' title='bbox 1707 2086 1810 2142; x_wconf 84' lang='lat' dir='ltr'><strong>est,</strong></span> 
     </span>
    </p>
   </div>
   <div class='ocr_carea' id='block_1_22' title="bbox 239 2183 1273 2245">
    <p class='ocr_par' dir='ltr' id='par_1_22' title="bbox 239 2183 1273 2245">
     <span class='ocr_line' id='line_1_22' title="bbox 239 2183 1273 2245; baseline -0.015 0"><span class='ocrx_word' id='word_1_165' title='bbox 239 2207 335 2245; x_wconf 84' lang='lat' dir='ltr'><strong>non</strong></span> <span class='ocrx_word' id='word_1_166' title='bbox 361 2190 630 2244; x_wconf 84' lang='lat' dir='ltr'><strong>secundus</strong></span> <span class='ocrx_word' id='word_1_167' title='bbox 658 2185 767 2245; x_wconf 89' lang='lat' dir='ltr'><strong>ille,</strong></span> <span class='ocrx_word' id='word_1_168' title='bbox 801 2187 891 2237; x_wconf 85' lang='lat' dir='ltr'><strong>sed</strong></span> <span class='ocrx_word' id='word_1_169' title='bbox 919 2183 1096 2236; x_wconf 89' lang='lat' dir='ltr'><strong>nullus</strong></span> <span class='ocrx_word' id='word_1_170' title='bbox 1131 2188 1232 2234; x_wconf 89' lang='lat' dir='ltr'><strong>est.</strong></span> <span class='ocrx_word' id='word_1_171' title='bbox 1255 2197 1273 2229; x_wconf 74' lang='grc' dir='ltr'><strong><em>ι</em></strong></span> 
     </span>
    </p>
   </div>
   <div class='ocr_carea' id='block_1_23' title="bbox 300 2267 1812 2350">
    <p class='ocr_par' dir='ltr' id='par_1_23' title="bbox 300 2267 1812 2350">
     <span class='ocr_line' id='line_1_23' title="bbox 300 2267 1812 2350; baseline -0.016 -11"><span class='ocrx_word' id='word_1_172' title='bbox 300 2284 424 2338; x_wconf 72' lang='lat' dir='ltr'><strong>Ilzec</strong></span> <span class='ocrx_word' id='word_1_173' title='bbox 451 2291 575 2336; x_wconf 91' lang='lat' dir='ltr'><strong>sunt</strong></span> <span class='ocrx_word' id='word_1_174' title='bbox 610 2277 813 2350; x_wconf 87' lang='lat' dir='ltr'><strong>judicia</strong></span> <span class='ocrx_word' id='word_1_175' title='bbox 862 2275 976 2338; x_wconf 89' lang='lat' dir='ltr'><strong>Dei,</strong></span> <span class='ocrx_word' id='word_1_176' title='bbox 1033 2289 1153 2343; x_wconf 76' lang='lat' dir='ltr'><strong>qua:</strong></span> <span class='ocrx_word' id='word_1_177' title='bbox 1203 2267 1527 2341; x_wconf 87' lang='lat' dir='ltr'><strong>projecistis,</strong></span> <span class='ocrx_word' id='word_1_178' title='bbox 1572 2273 1625 2320; x_wconf 89' lang='lat' dir='ltr'><strong>et</strong></span> <span class='ocrx_word' id='word_1_179' title='bbox 1673 2276 1812 2332; x_wconf 49' lang='lat' dir='ltr'><strong>pra»</strong></span> 
     </span>
    </p>
   </div>
   <div class='ocr_carea' id='block_1_24' title="bbox 237 2360 1815 2445">
    <p class='ocr_par' dir='ltr' id='par_1_24' title="bbox 237 2360 1815 2445">
     <span class='ocr_line' id='line_1_24' title="bbox 237 2360 1815 2445; baseline -0.015 -13"><span class='ocrx_word' id='word_1_180' title='bbox 237 2387 380 2445; x_wconf 87' lang='lat' dir='ltr'><strong>cepta</strong></span> <span class='ocrx_word' id='word_1_181' title='bbox 414 2377 465 2428; x_wconf 91' lang='lat' dir='ltr'><strong>in</strong></span> <span class='ocrx_word' id='word_1_182' title='bbox 493 2372 690 2443; x_wconf 80' lang='lat' dir='ltr'><strong>quibus</strong></span> <span class='ocrx_word' id='word_1_183' title='bbox 719 2368 995 2423; x_wconf 87' lang='lat' dir='ltr'><strong>ambulare</strong></span> <span class='ocrx_word' id='word_1_184' title='bbox 1018 2363 1283 2425; x_wconf 85' lang='lat' dir='ltr'><strong>noluistis,</strong></span> <span class='ocrx_word' id='word_1_185' title='bbox 1306 2360 1546 2415; x_wconf 89' lang='lat' dir='ltr'><strong>omnium</strong></span> <span class='ocrx_word' id='word_1_186' title='bbox 1578 2360 1815 2428; x_wconf 82' lang='lat' dir='ltr'><strong>gentium</strong></span> 
     </span>
    </p>
   </div>
   <div class='ocr_carea' id='block_1_25' title="bbox 240 2450 1817 2538">
    <p class='ocr_par' dir='ltr' id='par_1_25' title="bbox 240 2450 1817 2538">
     <span class='ocr_line' id='line_1_25' title="bbox 240 2450 1817 2538; baseline -0.011 -16"><span class='ocrx_word' id='word_1_187' title='bbox 240 2469 568 2538; x_wconf 84' lang='lat' dir='ltr'><strong>iniquitatem</strong></span> <span class='ocrx_word' id='word_1_188' title='bbox 598 2458 960 2531; x_wconf 80' lang='lat' dir='ltr'><strong>supergressi,</strong></span> <span class='ocrx_word' id='word_1_189' title='bbox 989 2471 1110 2511; x_wconf 90' lang='lat' dir='ltr'><strong>cum</strong></span> <span class='ocrx_word' id='word_1_190' title='bbox 1154 2455 1208 2509; x_wconf 91' lang='lat' dir='ltr'><strong>in</strong></span> <span class='ocrx_word' id='word_1_191' title='bbox 1259 2453 1526 2508; x_wconf 79' lang='lat' dir='ltr'><strong>internum</strong></span> <span class='ocrx_word' id='word_1_192' title='bbox 1574 2450 1817 2504; x_wconf 85' lang='lat' dir='ltr'><strong>viventes</strong></span> 
     </span>
    </p>
   </div>
   <div class='ocr_carea' id='block_1_26' title="bbox 243 2546 1818 2622">
    <p class='ocr_par' dir='ltr' id='par_1_26' title="bbox 243 2546 1818 2622">
     <span class='ocr_line' id='line_1_26' title="bbox 243 2546 1818 2622; baseline -0.015 -3"><span class='ocrx_word' id='word_1_193' title='bbox 243 2561 609 2619; x_wconf 80' lang='lat' dir='ltr'><strong>descendistis.</strong></span> <span class='ocrx_word' id='word_1_194' title='bbox 639 2559 841 2612; x_wconf 86' lang='lat' dir='ltr'><strong>Omnes</strong></span> <span class='ocrx_word' id='word_1_195' title='bbox 886 2554 1067 2622; x_wconf 79' lang='lat' dir='ltr'><strong>itaque</strong></span> <span class='ocrx_word' id='word_1_196' title='bbox 1111 2557 1298 2620; x_wconf 82' lang='lat' dir='ltr'><strong>gentes</strong></span> <span class='ocrx_word' id='word_1_197' title='bbox 1328 2548 1380 2601; x_wconf 92' lang='lat' dir='ltr'><strong>in</strong></span> <span class='ocrx_word' id='word_1_198' title='bbox 1417 2546 1818 2615; x_wconf 80' lang='lat' dir='ltr'><strong>comparatione</strong></span> 
     </span>
    </p>
   </div>
   <div class='ocr_carea' id='block_1_27' title="bbox 241 2634 1820 2717">
    <p class='ocr_par' dir='ltr' id='par_1_27' title="bbox 241 2634 1820 2717">
     <span class='ocr_line' id='line_1_27' title="bbox 241 2634 1820 2717; baseline -0.014 -8"><span class='ocrx_word' id='word_1_199' title='bbox 241 2654 400 2711; x_wconf 79' lang='lat' dir='ltr'><strong>vestri</strong></span> <span class='ocrx_word' id='word_1_200' title='bbox 454 2652 681 2707; x_wconf 91' lang='lat' dir='ltr'><strong>sceleris</strong></span> <span class='ocrx_word' id='word_1_201' title='bbox 724 2646 1048 2717; x_wconf 79' lang='lat' dir='ltr'><strong>justiﬁcatas</strong></span> <span class='ocrx_word' id='word_1_202' title='bbox 1085 2641 1377 2705; x_wconf 82' lang='lat' dir='ltr'><strong>credimus,</strong></span> <span class='ocrx_word' id='word_1_203' title='bbox 1419 2638 1542 2708; x_wconf 90' lang='lat' dir='ltr'><strong>quia</strong></span> <span class='ocrx_word' id='word_1_204' title='bbox 1576 2648 1696 2706; x_wconf 77' lang='lat' dir='ltr'><strong>post</strong></span> <span class='ocrx_word' id='word_1_205' title='bbox 1724 2634 1820 2689; x_wconf 85' lang='lat' dir='ltr'><strong>do-</strong></span> 
     </span>
    </p>
   </div>
   <div class='ocr_carea' id='block_1_28' title="bbox 245 2732 1821 2813">
    <p class='ocr_par' dir='ltr' id='par_1_28' title="bbox 245 2732 1821 2813">
     <span class='ocr_line' id='line_1_28' title="bbox 245 2732 1821 2813; baseline -0.016 -11"><span class='ocrx_word' id='word_1_206' title='bbox 245 2764 362 2802; x_wconf 89' lang='lat' dir='ltr'><strong>muu</strong></span> <span class='ocrx_word' id='word_1_207' title='bbox 389 2754 673 2813; x_wconf 90' lang='lat' dir='ltr'><strong>acccptum</strong></span> <span class='ocrx_word' id='word_1_208' title='bbox 691 2739 861 2794; x_wconf 87' lang='lat' dir='ltr'><strong>sancti</strong></span> <span class='ocrx_word' id='word_1_209' title='bbox 893 2736 1147 2807; x_wconf 91' lang='lat' dir='ltr'><strong>Spiritus,</strong></span> <span class='ocrx_word' id='word_1_210' title='bbox 1175 2732 1506 2798; x_wconf 90' lang='lat' dir='ltr'><strong>virtutesque</strong></span> <span class='ocrx_word' id='word_1_211' title='bbox 1528 2740 1821 2796; x_wconf 75' lang='lat' dir='ltr'><strong>superven-</strong></span> 
     </span>
    </p>
   </div>
   <div class='ocr_carea' id='block_1_29' title="bbox 245 2816 1821 2900">
    <p class='ocr_par' dir='ltr' id='par_1_29' title="bbox 245 2816 1821 2900">
     <span class='ocr_line' id='line_1_29' title="bbox 245 2816 1821 2900; baseline -0.017 -6"><span class='ocrx_word' id='word_1_212' title='bbox 245 2843 344 2895; x_wconf 87' lang='lat' dir='ltr'><strong>turi</strong></span> <span class='ocrx_word' id='word_1_213' title='bbox 375 2836 577 2900; x_wconf 72' lang='lat' dir='ltr'><strong>szeculi,</strong></span> <span class='ocrx_word' id='word_1_214' title='bbox 612 2849 717 2888; x_wconf 90' lang='lat' dir='ltr'><strong>non</strong></span> <span class='ocrx_word' id='word_1_215' title='bbox 741 2832 913 2886; x_wconf 90' lang='lat' dir='ltr'><strong>solum</strong></span> <span class='ocrx_word' id='word_1_216' title='bbox 957 2830 1097 2882; x_wconf 91' lang='lat' dir='ltr'><strong>sicut</strong></span> <span class='ocrx_word' id='word_1_217' title='bbox 1123 2826 1290 2879; x_wconf 90' lang='lat' dir='ltr'><strong>Deum</strong></span> <span class='ocrx_word' id='word_1_218' title='bbox 1318 2820 1620 2893; x_wconf 85' lang='lat' dir='ltr'><strong>gloriﬁcare</strong></span> <span class='ocrx_word' id='word_1_219' title='bbox 1650 2816 1821 2870; x_wconf 88' lang='lat' dir='ltr'><strong>nolui-</strong></span> 
     </span>
    </p>
   </div>
   <div class='ocr_carea' id='block_1_30' title="bbox 246 2915 1816 2995">
    <p class='ocr_par' dir='ltr' id='par_1_30' title="bbox 246 2915 1816 2995">
     <span class='ocr_line' id='line_1_30' title="bbox 246 2915 1816 2995; baseline -0.017 -7"><span class='ocrx_word' id='word_1_220' title='bbox 246 2935 352 2995; x_wconf 83' lang='lat' dir='ltr'><strong>stis,</strong></span> <span class='ocrx_word' id='word_1_221' title='bbox 386 2931 482 2987; x_wconf 88' lang='lat' dir='ltr'><strong>sed</strong></span> <span class='ocrx_word' id='word_1_222' title='bbox 514 2937 705 2984; x_wconf 89' lang='lat' dir='ltr'><strong>contra</strong></span> <span class='ocrx_word' id='word_1_223' title='bbox 731 2932 997 2995; x_wconf 74' lang='lat' dir='ltr'><strong>prmcepta</strong></span> <span class='ocrx_word' id='word_1_224' title='bbox 1026 2919 1142 2986; x_wconf 89' lang='lat' dir='ltr'><strong>ejus</strong></span> <span class='ocrx_word' id='word_1_225' title='bbox 1170 2917 1313 2987; x_wconf 83' lang='lat' dir='ltr'><strong>leges</strong></span> <span class='ocrx_word' id='word_1_226' title='bbox 1343 2916 1556 2983; x_wconf 91' lang='lat' dir='ltr'><strong>iniquas</strong></span> <span class='ocrx_word' id='word_1_227' title='bbox 1581 2915 1816 2965; x_wconf 76' lang='lat' dir='ltr'><strong>statuen-</strong></span> 
     </span>
    </p>
   </div>
   <div class='ocr_carea' id='block_1_31' title="bbox 249 2998 1823 3092">
    <p class='ocr_par' dir='ltr' id='par_1_31' title="bbox 249 2998 1823 3092">
     <span class='ocr_line' id='line_1_31' title="bbox 249 2998 1823 3092; baseline -0.018 -10"><span class='ocrx_word' id='word_1_228' title='bbox 249 3037 574 3092; x_wconf 85' lang='lat' dir='ltr'><strong>tes,0mnem</strong></span> <span class='ocrx_word' id='word_1_229' title='bbox 607 3021 760 3076; x_wconf 85' lang='lat' dir='ltr'><strong>vobis</strong></span> <span class='ocrx_word' id='word_1_230' title='bbox 788 3019 989 3072; x_wconf 85' lang='lat' dir='ltr'><strong>aditum</strong></span> <span class='ocrx_word' id='word_1_231' title='bbox 1010 3013 1178 3068; x_wconf 64' lang='lat' dir='ltr'><strong>venite</strong></span> <span class='ocrx_word' id='word_1_232' title='bbox 1199 3005 1597 3065; x_wconf 89' lang='lat' dir='ltr'><strong>iuterclusistis.</strong></span> <span class='ocrx_word' id='word_1_233' title='bbox 1626 3003 1727 3055; x_wconf 87' lang='lat' dir='ltr'><strong>uisi</strong></span> <span class='ocrx_word' id='word_1_234' title='bbox 1755 2998 1823 3055; x_wconf 88' lang='lat' dir='ltr'><strong>ad</strong></span> 
     </span>
    </p>
   </div>
   <div class='ocr_carea' id='block_1_32' title="bbox 248 3094 1820 3175">
    <p class='ocr_par' dir='ltr' id='par_1_32' title="bbox 248 3094 1820 3175">
     <span class='ocr_line' id='line_1_32' title="bbox 248 3094 1820 3175; baseline -0.018 -1"><span class='ocrx_word' id='word_1_235' title='bbox 248 3123 500 3175; x_wconf 85' lang='lat' dir='ltr'><strong>unitatem</strong></span> <span class='ocrx_word' id='word_1_236' title='bbox 525 3115 717 3170; x_wconf 88' lang='lat' dir='ltr'><strong>matris</strong></span> <span class='ocrx_word' id='word_1_237' title='bbox 735 3109 1006 3171; x_wconf 63' lang='lat' dir='ltr'><strong>Ecclesiae,</strong></span> <span class='ocrx_word' id='word_1_238' title='bbox 1034 3104 1175 3159; x_wconf 90' lang='lat' dir='ltr'><strong>unde</strong></span> <span class='ocrx_word' id='word_1_239' title='bbox 1203 3100 1410 3171; x_wconf 71' lang='lat' dir='ltr'><strong>praecisi</strong></span> <span class='ocrx_word' id='word_1_240' title='bbox 1439 3097 1590 3159; x_wconf 89' lang='lat' dir='ltr'><strong>estis,</strong></span> <span class='ocrx_word' id='word_1_241' title='bbox 1630 3094 1820 3148; x_wconf 90' lang='lat' dir='ltr'><strong>redea-</strong></span> 
     </span>
    </p>
   </div>
   <div class='ocr_carea' id='block_1_33' title="bbox 250 3186 1827 3282">
    <p class='ocr_par' dir='ltr' id='par_1_33' title="bbox 250 3186 1827 3282">
     <span class='ocr_line' id='line_1_33' title="bbox 250 3186 1827 3282; baseline -0.019 -15"><span class='ocrx_word' id='word_1_242' title='bbox 250 3213 331 3277; x_wconf 90' lang='lat' dir='ltr'><strong>tis,</strong></span> <span class='ocrx_word' id='word_1_243' title='bbox 358 3225 480 3282; x_wconf 63' lang='lat' dir='ltr'><strong>quat</strong></span> <span class='ocrx_word' id='word_1_244' title='bbox 500 3208 611 3264; x_wconf 88' lang='lat' dir='ltr'><strong>sola</strong></span> <span class='ocrx_word' id='word_1_245' title='bbox 638 3204 728 3274; x_wconf 86' lang='lat' dir='ltr'><strong>jus</strong></span> <span class='ocrx_word' id='word_1_246' title='bbox 774 3200 972 3272; x_wconf 88' lang='lat' dir='ltr'><strong>ligandi</strong></span> <span class='ocrx_word' id='word_1_247' title='bbox 997 3209 1051 3253; x_wconf 88' lang='lat' dir='ltr'><strong>et</strong></span> <span class='ocrx_word' id='word_1_248' title='bbox 1080 3193 1317 3251; x_wconf 85' lang='lat' dir='ltr'><strong>solvendi</strong></span> <span class='ocrx_word' id='word_1_249' title='bbox 1348 3193 1603 3263; x_wconf 74' lang='lat' dir='ltr'><strong>possidet.</strong></span> <span class='ocrx_word' id='word_1_250' title='bbox 1632 3186 1827 3282; x_wconf 73' lang='lat' dir='ltr'><strong>Domi-</strong></span> 
     </span>
    </p>
   </div>
   <div class='ocr_carea' id='block_1_34' title="bbox 251 3278 1826 3370">
    <p class='ocr_par' dir='ltr' id='par_1_34' title="bbox 251 3278 1826 3370">
     <span class='ocr_line' id='line_1_34' title="bbox 251 3278 1826 3370; baseline -0.019 -11"><span class='ocrx_word' id='word_1_251' title='bbox 251 3322 343 3359; x_wconf 91' lang='lat' dir='ltr'><strong>nus</strong></span> <span class='ocrx_word' id='word_1_252' title='bbox 378 3278 621 3370; x_wconf 73' lang='lat' dir='ltr'><strong>natoque</strong></span> <span class='ocrx_word' id='word_1_253' title='bbox 672 3296 845 3351; x_wconf 84' lang='lat' dir='ltr'><strong>dicit:</strong></span> <span class='ocrx_word' id='word_1_254' title='bbox 880 3311 898 3343; x_wconf 71' lang='grc' dir='ltr'><strong>ο</strong></span> <span class='ocrx_word' id='word_1_255' title='bbox 935 3290 1116 3346; x_wconf 88' lang='lat' dir='ltr'><strong>Gratis</strong></span> <span class='ocrx_word' id='word_1_256' title='bbox 1160 3285 1466 3354; x_wconf 86' lang='lat' dir='ltr'><strong>accepistis,</strong></span> <span class='ocrx_word' id='word_1_257' title='bbox 1506 3280 1673 3351; x_wconf 79' lang='lat' dir='ltr'><strong>gratis</strong></span> <span class='ocrx_word' id='word_1_258' title='bbox 1702 3278 1826 3330; x_wconf 89' lang='lat' dir='ltr'><strong>date</strong></span> 
     </span>
    </p>
   </div>
   <div class='ocr_carea' id='block_1_35' title="bbox 250 3377 1830 3464">
    <p class='ocr_par' dir='ltr' id='par_1_35' title="bbox 250 3377 1830 3464">
     <span class='ocr_line' id='line_1_35' title="bbox 250 3377 1830 3464; baseline -0.019 -14"><span class='ocrx_word' id='word_1_259' title='bbox 250 3396 455 3464; x_wconf 77' lang='lat' dir='ltr'><strong>(Matth.</strong></span> <span class='ocrx_word' id='word_1_260' title='bbox 482 3394 559 3462; x_wconf 69' lang='grc' dir='ltr'><strong>χ).</strong></span> <span class='ocrx_word' id='word_1_261' title='bbox 589 3390 693 3457; x_wconf 85' lang='lat' dir='ltr'><strong>Qui</strong></span> <span class='ocrx_word' id='word_1_262' title='bbox 723 3404 826 3442; x_wconf 92' lang='lat' dir='ltr'><strong>non</strong></span> <span class='ocrx_word' id='word_1_263' title='bbox 851 3388 1014 3440; x_wconf 86' lang='lat' dir='ltr'><strong>intrat</strong></span> <span class='ocrx_word' id='word_1_264' title='bbox 1040 3395 1136 3451; x_wconf 92' lang='lat' dir='ltr'><strong>per</strong></span> <span class='ocrx_word' id='word_1_265' title='bbox 1159 3379 1375 3437; x_wconf 88' lang='lat' dir='ltr'><strong>ostium,</strong></span> <span class='ocrx_word' id='word_1_266' title='bbox 1403 3390 1508 3429; x_wconf 85' lang='lat' dir='ltr'><strong>non</strong></span> <span class='ocrx_word' id='word_1_267' title='bbox 1535 3380 1619 3425; x_wconf 71' lang='lat' dir='ltr'><strong>est</strong></span> <span class='ocrx_word' id='word_1_268' title='bbox 1643 3377 1830 3438; x_wconf 81' lang='lat' dir='ltr'><strong>pastor</strong></span> 
     </span>
    </p>
   </div>
   <div class='ocr_carea' id='block_1_36' title="bbox 252 3464 1830 3558">
    <p class='ocr_par' dir='ltr' id='par_1_36' title="bbox 252 3464 1830 3558">
     <span class='ocr_line' id='line_1_36' title="bbox 252 3464 1830 3558; baseline -0.022 -13"><span class='ocrx_word' id='word_1_269' title='bbox 252 3491 425 3545; x_wconf 89' lang='lat' dir='ltr'><strong>ovium</strong></span> <span class='ocrx_word' id='word_1_270' title='bbox 475 3487 661 3558; x_wconf 80' lang='lat' dir='ltr'><strong>(Jonn.</strong></span> <span class='ocrx_word' id='word_1_271' title='bbox 712 3479 791 3551; x_wconf 66' lang='grc' dir='ltr'><strong>χ).</strong></span> <span class='ocrx_word' id='word_1_272' title='bbox 841 3480 907 3533; x_wconf 86' lang='lat' dir='ltr'><strong>Et</strong></span> <span class='ocrx_word' id='word_1_273' title='bbox 962 3477 1320 3546; x_wconf 83' lang='lat' dir='ltr'><strong>quodcunque</strong></span> <span class='ocrx_word' id='word_1_274' title='bbox 1372 3464 1624 3558; x_wconf 77' lang='lat' dir='ltr'><strong>ligaveris</strong></span> <span class='ocrx_word' id='word_1_275' title='bbox 1668 3473 1830 3529; x_wconf 87' lang='lat' dir='ltr'><strong>super</strong></span> 
     </span>
    </p>
   </div>
   <div class='ocr_carea' id='block_1_37' title="bbox 254 3557 1698 3654">
    <p class='ocr_par' dir='ltr' id='par_1_37' title="bbox 254 3557 1698 3654">
     <span class='ocr_line' id='line_1_37' title="bbox 254 3557 1698 3654; baseline -0.021 -18"><span class='ocrx_word' id='word_1_276' title='bbox 254 3557 612 3645; x_wconf 80' lang='lat' dir='ltr'><strong>terram,erit</strong></span> <span class='ocrx_word' id='word_1_277' title='bbox 638 3578 861 3645; x_wconf 84' lang='lat' dir='ltr'><strong>ligatum</strong></span> <span class='ocrx_word' id='word_1_278' title='bbox 888 3578 941 3626; x_wconf 89' lang='lat' dir='ltr'><strong>et</strong></span> <span class='ocrx_word' id='word_1_279' title='bbox 967 3570 1019 3623; x_wconf 92' lang='lat' dir='ltr'><strong>in</strong></span> <span class='ocrx_word' id='word_1_280' title='bbox 1044 3567 1184 3622; x_wconf 69' lang='lat' dir='ltr'><strong>caalo</strong></span> <span class='ocrx_word' id='word_1_281' title='bbox 1220 3561 1435 3632; x_wconf 79' lang='lat' dir='ltr'><strong>(Matth.</strong></span> <span class='ocrx_word' id='word_1_282' title='bbox 1460 3557 1595 3654; x_wconf 57' lang='lat' dir='ltr'><strong>xvi).</strong></span> <span class='ocrx_word' id='word_1_283' title='bbox 1630 3573 1649 3605; x_wconf 74' lang='grc' dir='ltr'>ι</span> <span class='ocrx_word' id='word_1_284' title='bbox 1688 3643 1698 3654; x_wconf 44' lang='grc'><strong>.</strong></span> 
     </span>
    </p>
   </div>
   <div class='ocr_carea' id='block_1_38' title="bbox 319 3648 1829 3729">
    <p class='ocr_par' dir='ltr' id='par_1_38' title="bbox 319 3648 1829 3729">
     <span class='ocr_line' id='line_1_38' title="bbox 319 3648 1829 3729; baseline -0.025 0"><span class='ocrx_word' id='word_1_285' title='bbox 319 3675 430 3729; x_wconf 78' lang='lat' dir='ltr'><strong>Rex</strong></span> <span class='ocrx_word' id='word_1_286' title='bbox 462 3683 645 3724; x_wconf 89' lang='lat' dir='ltr'><strong>autem</strong></span> <span class='ocrx_word' id='word_1_287' title='bbox 678 3677 800 3720; x_wconf 91' lang='lat' dir='ltr'><strong>tuus</strong></span> <span class='ocrx_word' id='word_1_288' title='bbox 822 3665 938 3717; x_wconf 87' lang='lat' dir='ltr'><strong>sine</strong></span> <span class='ocrx_word' id='word_1_289' title='bbox 982 3654 1381 3712; x_wconf 87' lang='lat' dir='ltr'><strong>intermissione</strong></span> <span class='ocrx_word' id='word_1_290' title='bbox 1409 3648 1591 3701; x_wconf 79' lang='lat' dir='ltr'><strong>vendit</strong></span> <span class='ocrx_word' id='word_1_291' title='bbox 1616 3648 1829 3711; x_wconf 78' lang='lat' dir='ltr'><strong>episco-</strong></span> 
     </span>
    </p>
   </div>
   <div class='ocr_carea' id='block_1_39' title="bbox 258 3738 1832 3839">
    <p class='ocr_par' dir='ltr' id='par_1_39' title="bbox 258 3738 1832 3839">
     <span class='ocr_line' id='line_1_39' title="bbox 258 3738 1832 3839; baseline -0.021 -16"><span class='ocrx_word' id='word_1_292' title='bbox 258 3780 405 3839; x_wconf 71' lang='lat' dir='ltr'><strong>pazus</strong></span> <span class='ocrx_word' id='word_1_293' title='bbox 426 3780 573 3822; x_wconf 89' lang='lat' dir='ltr'><strong>suos.</strong></span> <span class='ocrx_word' id='word_1_294' title='bbox 601 3763 778 3815; x_wconf 89' lang='lat' dir='ltr'><strong>edicta</strong></span> <span class='ocrx_word' id='word_1_295' title='bbox 808 3762 1110 3826; x_wconf 83' lang='lat' dir='ltr'><strong>proponens</strong></span> <span class='ocrx_word' id='word_1_296' title='bbox 1137 3760 1192 3803; x_wconf 91' lang='lat' dir='ltr'><strong>ut</strong></span> <span class='ocrx_word' id='word_1_297' title='bbox 1217 3746 1393 3802; x_wconf 88' lang='lat' dir='ltr'><strong>nullus</strong></span> <span class='ocrx_word' id='word_1_298' title='bbox 1422 3744 1686 3798; x_wconf 79' lang='lat' dir='ltr'><strong>habeatur</strong></span> <span class='ocrx_word' id='word_1_299' title='bbox 1714 3738 1832 3807; x_wconf 75' lang='lat' dir='ltr'><strong>epi-</strong></span> 
     </span>
    </p>
   </div>
   <div class='ocr_carea' id='block_1_40' title="bbox 261 3836 1834 3933">
    <p class='ocr_par' dir='ltr' id='par_1_40' title="bbox 261 3836 1834 3933">
     <span class='ocr_line' id='line_1_40' title="bbox 261 3836 1834 3933; baseline -0.02 -16"><span class='ocrx_word' id='word_1_300' title='bbox 261 3836 466 3933; x_wconf 71' lang='lat' dir='ltr'><strong>scapus,</strong></span> <span class='ocrx_word' id='word_1_301' title='bbox 494 3858 587 3929; x_wconf 87' lang='lat' dir='ltr'><strong>qui</strong></span> <span class='ocrx_word' id='word_1_302' title='bbox 614 3872 643 3908; x_wconf 92' lang='lat' dir='ltr'><strong>a</strong></span> <span class='ocrx_word' id='word_1_303' title='bbox 672 3853 819 3907; x_wconf 82' lang='lat' dir='ltr'><strong>clero</strong></span> <span class='ocrx_word' id='word_1_304' title='bbox 841 3851 1066 3911; x_wconf 61' lang='lat' dir='ltr'><strong>electus,</strong></span> <span class='ocrx_word' id='word_1_305' title='bbox 1095 3844 1177 3899; x_wconf 64' lang='grc' dir='ltr'><strong>ναὶ</strong></span> <span class='ocrx_word' id='word_1_306' title='bbox 1202 3858 1231 3897; x_wconf 87' lang='lat' dir='ltr'><strong>a</strong></span> <span class='ocrx_word' id='word_1_307' title='bbox 1261 3839 1457 3911; x_wconf 88' lang='lat' dir='ltr'><strong>populo</strong></span> <span class='ocrx_word' id='word_1_308' title='bbox 1481 3836 1644 3891; x_wconf 76' lang='lat' dir='ltr'><strong>fuerit</strong></span> <span class='ocrx_word' id='word_1_309' title='bbox 1670 3846 1834 3933; x_wconf 79' lang='lat' dir='ltr'><strong>expe-</strong></span> 
     </span>
    </p>
   </div>
   <div class='ocr_carea' id='block_1_41' title="bbox 263 3928 1835 4021">
    <p class='ocr_par' dir='ltr' id='par_1_41' title="bbox 263 3928 1835 4021">
     <span class='ocr_line' id='line_1_41' title="bbox 263 3928 1835 4021; baseline -0.018 -11"><span class='ocrx_word' id='word_1_310' title='bbox 263 3928 402 4021; x_wconf 77' lang='lat' dir='ltr'><strong>titus,</strong></span> <span class='ocrx_word' id='word_1_311' title='bbox 458 3928 558 4007; x_wconf 79' lang='lat' dir='ltr'><strong>nisi</strong></span> <span class='ocrx_word' id='word_1_312' title='bbox 591 3947 933 4021; x_wconf 73' lang='lat' dir='ltr'><strong>przrcesserit</strong></span> <span class='ocrx_word' id='word_1_313' title='bbox 976 3943 1146 3997; x_wconf 80' lang='lat' dir='ltr'><strong>honor</strong></span> <span class='ocrx_word' id='word_1_314' title='bbox 1180 3938 1381 4008; x_wconf 77' lang='lat' dir='ltr'><strong>regius,</strong></span> <span class='ocrx_word' id='word_1_315' title='bbox 1419 3934 1571 4005; x_wconf 88' lang='lat' dir='ltr'><strong>quasi</strong></span> <span class='ocrx_word' id='word_1_316' title='bbox 1601 3931 1715 4000; x_wconf 90' lang='lat' dir='ltr'><strong>ipse</strong></span> <span class='ocrx_word' id='word_1_317' title='bbox 1762 3928 1835 3981; x_wconf 90' lang='lat' dir='ltr'><strong>sit</strong></span> 
     </span>
    </p>
   </div>
   <div class='ocr_carea' id='block_1_42' title="bbox 262 4021 1836 4120">
    <p class='ocr_par' dir='ltr' id='par_1_42' title="bbox 262 4021 1836 4120">
     <span class='ocr_line' id='line_1_42' title="bbox 262 4021 1836 4120; baseline -0.02 -15"><span class='ocrx_word' id='word_1_318' title='bbox 262 4052 412 4120; x_wconf 88' lang='lat' dir='ltr'><strong>hujus</strong></span> <span class='ocrx_word' id='word_1_319' title='bbox 441 4048 563 4103; x_wconf 88' lang='lat' dir='ltr'><strong>ostii</strong></span> <span class='ocrx_word' id='word_1_320' title='bbox 594 4043 869 4104; x_wconf 82' lang='lat' dir='ltr'><strong>ostiarius,</strong></span> <span class='ocrx_word' id='word_1_321' title='bbox 921 4039 986 4093; x_wconf 90' lang='lat' dir='ltr'><strong>de</strong></span> <span class='ocrx_word' id='word_1_322' title='bbox 1025 4050 1133 4106; x_wconf 91' lang='lat' dir='ltr'><strong>quo</strong></span> <span class='ocrx_word' id='word_1_323' title='bbox 1167 4033 1379 4087; x_wconf 87' lang='lat' dir='ltr'><strong>Veritas</strong></span> <span class='ocrx_word' id='word_1_324' title='bbox 1421 4028 1591 4083; x_wconf 88' lang='lat' dir='ltr'><strong>dicit:</strong></span> <span class='ocrx_word' id='word_1_325' title='bbox 1625 4043 1644 4076; x_wconf 85' lang='grc'><em>‹</em></span> <span class='ocrx_word' id='word_1_326' title='bbox 1699 4021 1836 4076; x_wconf 88' lang='lat' dir='ltr'><strong>Iluic</strong></span> 
     </span>
    </p>
   </div>
   <div class='ocr_carea' id='block_1_43' title="bbox 263 4130 1104 4207">
    <p class='ocr_par' dir='ltr' id='par_1_43' title="bbox 263 4130 1104 4207">
     <span class='ocr_line' id='line_1_43' title="bbox 263 4130 1104 4207; baseline -0.018 -11"><span class='ocrx_word' id='word_1_327' title='bbox 263 4142 510 4197; x_wconf 81' lang='lat' dir='ltr'><strong>ostiarius</strong></span> <span class='ocrx_word' id='word_1_328' title='bbox 540 4137 714 4207; x_wconf 87' lang='lat' dir='ltr'><strong>aperit</strong></span> <span class='ocrx_word' id='word_1_329' title='bbox 746 4134 926 4205; x_wconf 82' lang='lat' dir='ltr'><strong>(Joan.</strong></span> <span class='ocrx_word' id='word_1_330' title='bbox 966 4130 1043 4201; x_wconf 76' lang='grc' dir='ltr'><strong>χ).</strong></span> <span class='ocrx_word' id='word_1_331' title='bbox 1086 4148 1104 4180; x_wconf 71' lang='grc' dir='ltr'><strong><em>ι</em></strong></span> 
     </span>
    </p>
   </div>
   <div class='ocr_carea' id='block_1_44' title="bbox 327 4211 1838 4289">
    <p class='ocr_par' dir='ltr' id='par_1_44' title="bbox 327 4211 1838 4289">
     <span class='ocr_line' id='line_1_44' title="bbox 327 4211 1838 4289; baseline -0.019 0"><span class='ocrx_word' id='word_1_332' title='bbox 327 4236 403 4289; x_wconf 90' lang='lat' dir='ltr'><strong>&#39;I‘u</strong></span> <span class='ocrx_word' id='word_1_333' title='bbox 435 4248 563 4287; x_wconf 83' lang='lat' dir='ltr'><strong>vero</strong></span> <span class='ocrx_word' id='word_1_334' title='bbox 589 4228 803 4283; x_wconf 83' lang='lat' dir='ltr'><strong>aliunde</strong></span> <span class='ocrx_word' id='word_1_335' title='bbox 831 4219 1141 4283; x_wconf 85' lang='lat' dir='ltr'><strong>ascendisti,</strong></span> <span class='ocrx_word' id='word_1_336' title='bbox 1172 4227 1228 4273; x_wconf 89' lang='lat' dir='ltr'><strong>ct</strong></span> <span class='ocrx_word' id='word_1_337' title='bbox 1270 4233 1376 4272; x_wconf 88' lang='lat' dir='ltr'><strong>non</strong></span> <span class='ocrx_word' id='word_1_338' title='bbox 1417 4224 1639 4270; x_wconf 85' lang='lat' dir='ltr'><strong>vocatus</strong></span> <span class='ocrx_word' id='word_1_339' title='bbox 1661 4224 1689 4264; x_wconf 88' lang='lat' dir='ltr'><strong>a</strong></span> <span class='ocrx_word' id='word_1_340' title='bbox 1729 4211 1838 4263; x_wconf 87' lang='lat' dir='ltr'><strong>Deo</strong></span> 
     </span>
    </p>
   </div>
   <div class='ocr_carea' id='block_1_45' title="bbox 267 4302 1832 4387">
    <p class='ocr_par' dir='ltr' id='par_1_45' title="bbox 267 4302 1832 4387">
     <span class='ocr_line' id='line_1_45' title="bbox 267 4302 1832 4387; baseline -0.016 -7"><span class='ocrx_word' id='word_1_341' title='bbox 267 4325 561 4387; x_wconf 86' lang='lat' dir='ltr'><strong>accessisti,</strong></span> <span class='ocrx_word' id='word_1_342' title='bbox 602 4322 709 4376; x_wconf 88' lang='lat' dir='ltr'><strong>noli</strong></span> <span class='ocrx_word' id='word_1_343' title='bbox 740 4331 999 4386; x_wconf 87' lang='lat' dir='ltr'><strong>usurpare</strong></span> <span class='ocrx_word' id='word_1_344' title='bbox 1028 4313 1121 4367; x_wconf 90' lang='lat' dir='ltr'><strong>tibi</strong></span> <span class='ocrx_word' id='word_1_345' title='bbox 1160 4310 1292 4364; x_wconf 86' lang='lat' dir='ltr'><strong>tanti</strong></span> <span class='ocrx_word' id='word_1_346' title='bbox 1322 4324 1505 4362; x_wconf 79' lang='lat' dir='ltr'><strong>curam</strong></span> <span class='ocrx_word' id='word_1_347' title='bbox 1536 4302 1832 4374; x_wconf 79' lang='lat' dir='ltr'><strong>regiminis.</strong></span> 
     </span>
    </p>
   </div>
   <div class='ocr_carea' id='block_1_46' title="bbox 270 4397 1836 4482">
    <p class='ocr_par' dir='ltr' id='par_1_46' title="bbox 270 4397 1836 4482">
     <span class='ocr_line' id='line_1_46' title="bbox 270 4397 1836 4482; baseline -0.016 -9"><span class='ocrx_word' id='word_1_348' title='bbox 270 4418 414 4475; x_wconf 85' lang='lat' dir='ltr'><strong>Sicut</strong></span> <span class='ocrx_word' id='word_1_349' title='bbox 443 4419 586 4472; x_wconf 89' lang='lat' dir='ltr'><strong>enim</strong></span> <span class='ocrx_word' id='word_1_350' title='bbox 610 4413 724 4482; x_wconf 86' lang='lat' dir='ltr'><strong>jam</strong></span> <span class='ocrx_word' id='word_1_351' title='bbox 749 4410 947 4464; x_wconf 83' lang='lat' dir='ltr'><strong>dictum</strong></span> <span class='ocrx_word' id='word_1_352' title='bbox 980 4414 1084 4482; x_wconf 84' lang='lat' dir='ltr'><strong>est,</strong></span> <span class='ocrx_word' id='word_1_353' title='bbox 1112 4403 1155 4457; x_wconf 88' lang='lat' dir='ltr'><strong>si</strong></span> <span class='ocrx_word' id='word_1_354' title='bbox 1184 4400 1476 4471; x_wconf 78' lang='lat' dir='ltr'><strong>Gregorius</strong></span> <span class='ocrx_word' id='word_1_355' title='bbox 1516 4400 1565 4451; x_wconf 91' lang='lat' dir='ltr'><strong>in</strong></span> <span class='ocrx_word' id='word_1_356' title='bbox 1600 4397 1836 4451; x_wconf 75' lang='lat' dir='ltr'><strong>Ecclesia</strong></span> 
     </span>
    </p>
   </div>
   <div class='ocr_carea' id='block_1_47' title="bbox 269 4480 1918 4592">
    <p class='ocr_par' dir='ltr' id='par_1_47' title="bbox 269 4480 1918 4592">
     <span class='ocr_line' id='line_1_47' title="bbox 269 4480 1918 4592; baseline -0.016 -26"><span class='ocrx_word' id='word_1_357' title='bbox 269 4510 493 4580; x_wconf 78' lang='lat' dir='ltr'><strong>Iuit,qni</strong></span> <span class='ocrx_word' id='word_1_358' title='bbox 530 4480 670 4576; x_wconf 86' lang='lat' dir='ltr'><strong>apud</strong></span> <span class='ocrx_word' id='word_1_359' title='bbox 715 4512 766 4557; x_wconf 89' lang='lat' dir='ltr'><strong>te</strong></span> <span class='ocrx_word' id='word_1_360' title='bbox 806 4502 968 4555; x_wconf 89' lang='lat' dir='ltr'><strong>etiam</strong></span> <span class='ocrx_word' id='word_1_361' title='bbox 1018 4480 1286 4557; x_wconf 79' lang='lat' dir='ltr'><strong>constitit,</strong></span> <span class='ocrx_word' id='word_1_362' title='bbox 1342 4505 1394 4546; x_wconf 80' lang='lat' dir='ltr'><strong>et</strong></span> <span class='ocrx_word' id='word_1_363' title='bbox 1431 4490 1596 4560; x_wconf 51' lang='lat' dir='ltr'><strong>ju’dcx</strong></span> <span class='ocrx_word' id='word_1_364' title='bbox 1635 4508 1662 4543; x_wconf 89' lang='lat' dir='ltr'><strong>a</strong></span> <span class='ocrx_word' id='word_1_365' title='bbox 1693 4488 1838 4543; x_wconf 91' lang='lat' dir='ltr'><strong>nullo</strong></span> <span class='ocrx_word' id='word_1_366' title='bbox 1870 4531 1918 4592; x_wconf 67' lang='grc' dir='ltr'><strong>υ</strong></span> 
     </span>
    </p>
   </div>
   <div class='ocr_carea' id='block_1_48' title="bbox 270 4583 1838 4666">
    <p class='ocr_par' dir='ltr' id='par_1_48' title="bbox 270 4583 1838 4666">
     <span class='ocr_line' id='line_1_48' title="bbox 270 4583 1838 4666; baseline -0.017 -7"><span class='ocrx_word' id='word_1_367' title='bbox 270 4600 609 4659; x_wconf 87' lang='lat' dir='ltr'><strong>condemnari</strong></span> <span class='ocrx_word' id='word_1_368' title='bbox 642 4595 834 4666; x_wconf 88' lang='lat' dir='ltr'><strong>potuit,</strong></span> <span class='ocrx_word' id='word_1_369' title='bbox 887 4589 1227 4645; x_wconf 82' lang='lat' dir='ltr'><strong>manifestum</strong></span> <span class='ocrx_word' id='word_1_370' title='bbox 1274 4596 1358 4642; x_wconf 81' lang='lat' dir='ltr'><strong>est</strong></span> <span class='ocrx_word' id='word_1_371' title='bbox 1410 4594 1459 4639; x_wconf 90' lang='lat' dir='ltr'><strong>te</strong></span> <span class='ocrx_word' id='word_1_372' title='bbox 1490 4586 1555 4648; x_wconf 78' lang='lat' dir='ltr'><strong>ab</strong></span> <span class='ocrx_word' id='word_1_373' title='bbox 1586 4583 1838 4636; x_wconf 70' lang='lat' dir='ltr'><strong>Eetzlesia:</strong></span> 
     </span>
    </p>
   </div>
   <div class='ocr_carea' id='block_1_49' title="bbox 273 4675 1841 4764">
    <p class='ocr_par' dir='ltr' id='par_1_49' title="bbox 273 4675 1841 4764">
     <span class='ocr_line' id='line_1_49' title="bbox 273 4675 1841 4764; baseline -0.013 -16"><span class='ocrx_word' id='word_1_374' title='bbox 273 4697 441 4750; x_wconf 87' lang='lat' dir='ltr'><strong>radice</strong></span> <span class='ocrx_word' id='word_1_375' title='bbox 463 4692 753 4764; x_wconf 61' lang='lat' dir='ltr'><strong>pra&#39;eisum</strong></span> <span class='ocrx_word' id='word_1_376' title='bbox 781 4687 1007 4749; x_wconf 88' lang='lat' dir='ltr'><strong>aruisse,</strong></span> <span class='ocrx_word' id='word_1_377' title='bbox 1044 4681 1284 4750; x_wconf 73' lang='lat' dir='ltr'><strong>nihilque</strong></span> <span class='ocrx_word' id='word_1_378' title='bbox 1320 4678 1522 4732; x_wconf 87' lang='lat' dir='ltr'><strong>habere</strong></span> <span class='ocrx_word' id='word_1_379' title='bbox 1556 4675 1841 4743; x_wconf 72' lang='lat' dir='ltr'><strong>potestatis</strong></span> 
     </span>
    </p>
   </div>
   <div class='ocr_carea' id='block_1_50' title="bbox 274 4769 1843 4859">
    <p class='ocr_par' dir='ltr' id='par_1_50' title="bbox 274 4769 1843 4859">
     <span class='ocr_line' id='line_1_50' title="bbox 274 4769 1843 4859; baseline -0.015 -14"><span class='ocrx_word' id='word_1_380' title='bbox 274 4792 503 4859; x_wconf 83' lang='lat' dir='ltr'><strong>acjuris.</strong></span> <span class='ocrx_word' id='word_1_381' title='bbox 532 4789 685 4842; x_wconf 88' lang='lat' dir='ltr'><strong>Sient</strong></span> <span class='ocrx_word' id='word_1_382' title='bbox 716 4783 856 4839; x_wconf 89' lang='lat' dir='ltr'><strong>enim</strong></span> <span class='ocrx_word' id='word_1_383' title='bbox 883 4782 1070 4833; x_wconf 90' lang='lat' dir='ltr'><strong>beatus</strong></span> <span class='ocrx_word' id='word_1_384' title='bbox 1094 4776 1394 4848; x_wconf 79' lang='lat' dir='ltr'><strong>Cyprianus</strong></span> <span class='ocrx_word' id='word_1_385' title='bbox 1420 4773 1569 4829; x_wconf 87' lang='lat' dir='ltr'><strong>dicit,</strong></span> <span class='ocrx_word' id='word_1_386' title='bbox 1598 4769 1843 4825; x_wconf 81' lang='lat' dir='ltr'><strong>scribens</strong></span> 
     </span>
    </p>
   </div>
   <div class='ocr_carea' id='block_1_51' title="bbox 275 4866 1844 4957">
    <p class='ocr_par' dir='ltr' id='par_1_51' title="bbox 275 4866 1844 4957">
     <span class='ocr_line' id='line_1_51' title="bbox 275 4866 1844 4957; baseline -0.015 -19"><span class='ocrx_word' id='word_1_387' title='bbox 275 4883 453 4957; x_wconf 75' lang='lat' dir='ltr'><strong>Magno</strong></span> <span class='ocrx_word' id='word_1_388' title='bbox 484 4882 803 4954; x_wconf 81' lang='lat' dir='ltr'><strong>presbytero</strong></span> <span class='ocrx_word' id='word_1_389' title='bbox 833 4895 845 4930; x_wconf 91' lang='lat'><strong>:</strong></span> <span class='ocrx_word' id='word_1_390' title='bbox 883 4895 903 4926; x_wconf 84' lang='grc'><strong><em>‹</em></strong></span> <span class='ocrx_word' id='word_1_391' title='bbox 936 4872 1177 4927; x_wconf 81' lang='lat' dir='ltr'><strong>Ecclesia</strong></span> <span class='ocrx_word' id='word_1_392' title='bbox 1214 4884 1315 4924; x_wconf 87' lang='lat' dir='ltr'><strong>una</strong></span> <span class='ocrx_word' id='word_1_393' title='bbox 1350 4876 1453 4928; x_wconf 82' lang='lat' dir='ltr'><strong>est,</strong></span> <span class='ocrx_word' id='word_1_394' title='bbox 1477 4881 1595 4934; x_wconf 64' lang='lat' dir='ltr'><strong>qua:</strong></span> <span class='ocrx_word' id='word_1_395' title='bbox 1619 4866 1667 4918; x_wconf 85' lang='lat' dir='ltr'><strong>in</strong></span> <span class='ocrx_word' id='word_1_396' title='bbox 1699 4880 1760 4918; x_wconf 88' lang='lat' dir='ltr'><strong>ns</strong></span> <span class='ocrx_word' id='word_1_397' title='bbox 1789 4870 1844 4915; x_wconf 85' lang='lat' dir='ltr'><strong>et</strong></span> 
     </span>
    </p>
   </div>
   <div class='ocr_carea' id='block_1_52' title="bbox 278 4958 1841 5041">
    <p class='ocr_par' dir='ltr' id='par_1_52' title="bbox 278 4958 1841 5041">
     <span class='ocr_line' id='line_1_52' title="bbox 278 4958 1841 5041; baseline -0.017 -11"><span class='ocrx_word' id='word_1_398' title='bbox 278 4976 396 5033; x_wconf 76' lang='lat' dir='ltr'><strong>foris</strong></span> <span class='ocrx_word' id='word_1_399' title='bbox 415 4991 535 5032; x_wconf 88' lang='lat' dir='ltr'><strong>esse</strong></span> <span class='ocrx_word' id='word_1_400' title='bbox 562 4990 670 5029; x_wconf 90' lang='lat' dir='ltr'><strong>non</strong></span> <span class='ocrx_word' id='word_1_401' title='bbox 695 4979 889 5041; x_wconf 87' lang='lat' dir='ltr'><strong>potest.</strong></span> <span class='ocrx_word' id='word_1_402' title='bbox 925 4966 983 5021; x_wconf 90' lang='lat' dir='ltr'><strong>Si</strong></span> <span class='ocrx_word' id='word_1_403' title='bbox 1007 4966 1147 5019; x_wconf 89' lang='lat' dir='ltr'><strong>enim</strong></span> <span class='ocrx_word' id='word_1_404' title='bbox 1181 4964 1317 5032; x_wconf 87' lang='lat' dir='ltr'><strong>apud</strong></span> <span class='ocrx_word' id='word_1_405' title='bbox 1352 4958 1709 5012; x_wconf 78' lang='lat' dir='ltr'><strong>Novatianmu</strong></span> <span class='ocrx_word' id='word_1_406' title='bbox 1737 4965 1841 5016; x_wconf 71' lang='lat' dir='ltr'><strong>est,</strong></span> 
     </span>
    </p>
   </div>
   <div class='ocr_carea' id='block_1_53' title="bbox 278 5048 1845 5139">
    <p class='ocr_par' dir='ltr' id='par_1_53' title="bbox 278 5048 1845 5139">
     <span class='ocr_line' id='line_1_53' title="bbox 278 5048 1845 5139; baseline -0.017 -16"><span class='ocrx_word' id='word_1_407' title='bbox 278 5071 403 5139; x_wconf 88' lang='lat' dir='ltr'><strong>apud</strong></span> <span class='ocrx_word' id='word_1_408' title='bbox 453 5065 764 5123; x_wconf 90' lang='lat' dir='ltr'><strong>Cornelium</strong></span> <span class='ocrx_word' id='word_1_409' title='bbox 796 5076 902 5116; x_wconf 86' lang='lat' dir='ltr'><strong>non</strong></span> <span class='ocrx_word' id='word_1_410' title='bbox 937 5057 1055 5112; x_wconf 83' lang='lat' dir='ltr'><strong>fuit.</strong></span> <span class='ocrx_word' id='word_1_411' title='bbox 1088 5055 1144 5111; x_wconf 88' lang='lat' dir='ltr'><strong>Si</strong></span> <span class='ocrx_word' id='word_1_412' title='bbox 1175 5070 1304 5109; x_wconf 87' lang='lat' dir='ltr'><strong>vero</strong></span> <span class='ocrx_word' id='word_1_413' title='bbox 1347 5050 1487 5120; x_wconf 90' lang='lat' dir='ltr'><strong>apud</strong></span> <span class='ocrx_word' id='word_1_414' title='bbox 1533 5048 1845 5103; x_wconf 77' lang='lat' dir='ltr'><strong>Cornelium</strong></span> 
     </span>
    </p>
   </div>
   <div class='ocr_carea' id='block_1_54' title="bbox 281 5143 1850 5190">
    <p class='ocr_par' dir='ltr' id='par_1_54' title="bbox 281 5143 1850 5190">
     <span class='ocr_line' id='line_1_54' title="bbox 281 5143 1850 5190; baseline 0 0"><span class='ocrx_word' id='word_1_415' title='bbox 281 5159 367 5190; x_wconf 64' lang='grc' dir='ltr'><strong>τηε.</strong></span> <span class='ocrx_word' id='word_1_416' title='bbox 414 5160 501 5190; x_wconf 77' lang='grc' dir='ltr'><strong>-..ς</strong></span> <span class='ocrx_word' id='word_1_417' title='bbox 530 5156 768 5190; x_wconf 50' lang='lat' dir='ltr'><strong>annuum</strong></span> <span class='ocrx_word' id='word_1_418' title='bbox 794 5153 1048 5190; x_wconf 63' lang='lat' dir='ltr'><strong>antennnn</strong></span> <span class='ocrx_word' id='word_1_419' title='bbox 1094 5148 1325 5190; x_wconf 73' lang='lat' dir='ltr'><strong>Inoitinm</strong></span> <span class='ocrx_word' id='word_1_420' title='bbox 1356 5143 1700 5190; x_wconf 60' lang='lat' dir='ltr'><strong>nrrlinnlinne</strong></span> <span class='ocrx_word' id='word_1_421' title='bbox 1727 5155 1850 5190; x_wconf 84' lang='lat' dir='ltr'><strong>suc-</strong></span> 
     </span>
    </p>
   </div>
   <div class='ocr_carea' id='block_1_55' title="bbox 1890 597 3483 667">
    <p class='ocr_par' dir='ltr' id='par_1_55' title="bbox 1890 597 3483 667">
     <span class='ocr_line' id='line_1_55' title="bbox 1890 597 3483 667; baseline 0.003 -15"><span class='ocrx_word' id='word_1_422' title='bbox 1890 613 2074 652; x_wconf 88' lang='lat' dir='ltr'><strong>eorum</strong></span> <span class='ocrx_word' id='word_1_423' title='bbox 2104 597 2294 667; x_wconf 74' lang='lat' dir='ltr'><strong>(Nunt.</strong></span> <span class='ocrx_word' id='word_1_424' title='bbox 2344 598 2475 666; x_wconf 80' lang='lat' dir='ltr'><strong>xvr).</strong></span> <span class='ocrx_word' id='word_1_425' title='bbox 2532 598 2600 652; x_wconf 76' lang='lat' dir='ltr'><strong>Et</strong></span> <span class='ocrx_word' id='word_1_426' title='bbox 2643 614 2764 667; x_wconf 77' lang='lat' dir='ltr'><strong>qua:</strong></span> <span class='ocrx_word' id='word_1_427' title='bbox 2801 599 3188 655; x_wconf 84' lang='lat' dir='ltr'><strong>comminitans</strong></span> <span class='ocrx_word' id='word_1_428' title='bbox 3220 599 3483 656; x_wconf 88' lang='lat' dir='ltr'><strong>Dominus</strong></span> 
     </span>
    </p>
   </div>
   <div class='ocr_carea' id='block_1_56' title="bbox 1892 691 3483 763">
    <p class='ocr_par' dir='ltr' id='par_1_56' title="bbox 1892 691 3483 763">
     <span class='ocr_line' id='line_1_56' title="bbox 1892 691 3483 763; baseline 0.002 -17"><span class='ocrx_word' id='word_1_429' title='bbox 1892 708 1989 763; x_wconf 89' lang='lat' dir='ltr'><strong>per</strong></span> <span class='ocrx_word' id='word_1_430' title='bbox 2018 691 2232 763; x_wconf 73' lang='lat' dir='ltr'><strong>Moysen</strong></span> <span class='ocrx_word' id='word_1_431' title='bbox 2268 691 2446 746; x_wconf 82' lang='lat' dir='ltr'><strong>fuerat</strong></span> <span class='ocrx_word' id='word_1_432' title='bbox 2494 691 2759 760; x_wconf 88' lang='lat' dir='ltr'><strong>implevit.</strong></span> <span class='ocrx_word' id='word_1_433' title='bbox 2805 692 2877 747; x_wconf 90' lang='lat' dir='ltr'><strong>Ut</strong></span> <span class='ocrx_word' id='word_1_434' title='bbox 2920 693 3151 763; x_wconf 90' lang='lat' dir='ltr'><strong>quisque</strong></span> <span class='ocrx_word' id='word_1_435' title='bbox 3179 708 3237 748; x_wconf 92' lang='lat' dir='ltr'><strong>se</strong></span> <span class='ocrx_word' id='word_1_436' title='bbox 3266 708 3296 748; x_wconf 85' lang='lat' dir='ltr'><strong>a</strong></span> <span class='ocrx_word' id='word_1_437' title='bbox 3341 693 3483 749; x_wconf 86' lang='lat' dir='ltr'><strong>Core</strong></span> 
     </span>
    </p>
   </div>
   <div class='ocr_carea' id='block_1_57' title="bbox 1893 783 3485 854">
    <p class='ocr_par' dir='ltr' id='par_1_57' title="bbox 1893 783 3485 854">
     <span class='ocr_line' id='line_1_57' title="bbox 1893 783 3485 854; baseline -0.001 -15"><span class='ocrx_word' id='word_1_438' title='bbox 1893 795 1949 839; x_wconf 90' lang='lat' dir='ltr'><strong>et</strong></span> <span class='ocrx_word' id='word_1_439' title='bbox 1982 784 2188 838; x_wconf 82' lang='lat' dir='ltr'><strong>Datlian</strong></span> <span class='ocrx_word' id='word_1_440' title='bbox 2212 794 2267 838; x_wconf 88' lang='lat' dir='ltr'><strong>et</strong></span> <span class='ocrx_word' id='word_1_441' title='bbox 2291 783 2493 839; x_wconf 83' lang='lat' dir='ltr'><strong>Ablron</strong></span> <span class='ocrx_word' id='word_1_442' title='bbox 2532 799 2635 837; x_wconf 90' lang='lat' dir='ltr'><strong>non</strong></span> <span class='ocrx_word' id='word_1_443' title='bbox 2682 793 3012 854; x_wconf 86' lang='lat' dir='ltr'><strong>separasset,</strong></span> <span class='ocrx_word' id='word_1_444' title='bbox 3062 799 3253 854; x_wconf 76' lang='lat' dir='ltr'><strong>ptenas</strong></span> <span class='ocrx_word' id='word_1_445' title='bbox 3301 786 3485 839; x_wconf 88' lang='lat' dir='ltr'><strong>statim</strong></span> 
     </span>
    </p>
   </div>
   <div class='ocr_carea' id='block_1_58' title="bbox 1894 875 3487 949">
    <p class='ocr_par' dir='ltr' id='par_1_58' title="bbox 1894 875 3487 949">
     <span class='ocr_line' id='line_1_58' title="bbox 1894 875 3487 949; baseline 0.004 -20"><span class='ocrx_word' id='word_1_446' title='bbox 1894 892 1993 947; x_wconf 88' lang='lat' dir='ltr'><strong>pro</strong></span> <span class='ocrx_word' id='word_1_447' title='bbox 2044 877 2203 946; x_wconf 88' lang='lat' dir='ltr'><strong>impia</strong></span> <span class='ocrx_word' id='word_1_448' title='bbox 2236 875 2617 931; x_wconf 89' lang='lat' dir='ltr'><strong>communione</strong></span> <span class='ocrx_word' id='word_1_449' title='bbox 2664 875 3019 946; x_wconf 79' lang='lat' dir='ltr'><strong>persolveret.</strong></span> <span class='ocrx_word' id='word_1_450' title='bbox 3068 878 3186 944; x_wconf 89' lang='lat' dir='ltr'><strong>Quo</strong></span> <span class='ocrx_word' id='word_1_451' title='bbox 3238 878 3487 949; x_wconf 77' lang='lat' dir='ltr'><strong>exemplo</strong></span> 
     </span>
    </p>
   </div>
   <div class='ocr_carea' id='block_1_59' title="bbox 1896 968 3490 1042">
    <p class='ocr_par' dir='ltr' id='par_1_59' title="bbox 1896 968 3490 1042">
     <span class='ocr_line' id='line_1_59' title="bbox 1896 968 3490 1042; baseline 0.004 -21"><span class='ocrx_word' id='word_1_452' title='bbox 1896 968 2200 1022; x_wconf 88' lang='lat' dir='ltr'><strong>ostenditur</strong></span> <span class='ocrx_word' id='word_1_453' title='bbox 2254 978 2309 1023; x_wconf 86' lang='lat' dir='ltr'><strong>et</strong></span> <span class='ocrx_word' id='word_1_454' title='bbox 2362 970 2621 1039; x_wconf 89' lang='lat' dir='ltr'><strong>probatur</strong></span> <span class='ocrx_word' id='word_1_455' title='bbox 2666 971 2931 1025; x_wconf 76' lang='lat' dir='ltr'><strong>obnoxios</strong></span> <span class='ocrx_word' id='word_1_456' title='bbox 2976 971 3155 1025; x_wconf 92' lang='lat' dir='ltr'><strong>omnis</strong></span> <span class='ocrx_word' id='word_1_457' title='bbox 3206 972 3376 1042; x_wconf 65' lang='lat' dir='ltr'><strong>culpa:</strong></span> <span class='ocrx_word' id='word_1_458' title='bbox 3433 980 3490 1027; x_wconf 85' lang='lat' dir='ltr'><strong>et</strong></span> 
     </span>
    </p>
   </div>
   <div class='ocr_carea' id='block_1_60' title="bbox 1898 1058 3489 1134">
    <p class='ocr_par' dir='ltr' id='par_1_60' title="bbox 1898 1058 3489 1134">
     <span class='ocr_line' id='line_1_60' title="bbox 1898 1058 3489 1134; baseline 0.005 -23"><span class='ocrx_word' id='word_1_459' title='bbox 1898 1072 2072 1129; x_wconf 65' lang='lat' dir='ltr'><strong>pinna:</strong></span> <span class='ocrx_word' id='word_1_460' title='bbox 2116 1058 2327 1114; x_wconf 82' lang='lat' dir='ltr'><strong>ﬁtturos</strong></span> <span class='ocrx_word' id='word_1_461' title='bbox 2367 1062 2457 1129; x_wconf 92' lang='lat' dir='ltr'><strong>qui</strong></span> <span class='ocrx_word' id='word_1_462' title='bbox 2501 1077 2558 1116; x_wconf 91' lang='lat' dir='ltr'><strong>se</strong></span> <span class='ocrx_word' id='word_1_463' title='bbox 2598 1062 2961 1117; x_wconf 86' lang='lat' dir='ltr'><strong>schismaticis</strong></span> <span class='ocrx_word' id='word_1_464' title='bbox 3002 1071 3189 1117; x_wconf 88' lang='lat' dir='ltr'><strong>contra</strong></span> <span class='ocrx_word' id='word_1_465' title='bbox 3228 1065 3489 1134; x_wconf 57' lang='lat' dir='ltr'><strong>pra&#39;pusi-</strong></span> 
     </span>
    </p>
   </div>
   <div class='ocr_carea' id='block_1_61' title="bbox 1902 1152 3486 1223">
    <p class='ocr_par' dir='ltr' id='par_1_61' title="bbox 1902 1152 3486 1223">
     <span class='ocr_line' id='line_1_61' title="bbox 1902 1152 3486 1223; baseline 0.004 -18"><span class='ocrx_word' id='word_1_466' title='bbox 1902 1161 1984 1206; x_wconf 92' lang='lat' dir='ltr'><strong>tos</strong></span> <span class='ocrx_word' id='word_1_467' title='bbox 2013 1160 2064 1205; x_wconf 90' lang='lat' dir='ltr'><strong>et</strong></span> <span class='ocrx_word' id='word_1_468' title='bbox 2108 1152 2418 1207; x_wconf 89' lang='lat' dir='ltr'><strong>sacerdotes</strong></span> <span class='ocrx_word' id='word_1_469' title='bbox 2462 1153 2760 1223; x_wconf 83' lang='lat' dir='ltr'><strong>irreligiosa</strong></span> <span class='ocrx_word' id='word_1_470' title='bbox 2796 1157 3100 1210; x_wconf 89' lang='lat' dir='ltr'><strong>temeritate</strong></span> <span class='ocrx_word' id='word_1_471' title='bbox 3143 1157 3486 1221; x_wconf 88' lang='lat' dir='ltr'><strong>miscuerint,</strong></span> 
     </span>
    </p>
   </div>
   <div class='ocr_carea' id='block_1_62' title="bbox 1900 1243 3490 1316">
    <p class='ocr_par' dir='ltr' id='par_1_62' title="bbox 1900 1243 3490 1316">
     <span class='ocr_line' id='line_1_62' title="bbox 1900 1243 3490 1316; baseline 0.004 -19"><span class='ocrx_word' id='word_1_472' title='bbox 1900 1243 2042 1297; x_wconf 91' lang='lat' dir='ltr'><strong>sicut</strong></span> <span class='ocrx_word' id='word_1_473' title='bbox 2085 1244 2249 1297; x_wconf 86' lang='lat' dir='ltr'><strong>etiam</strong></span> <span class='ocrx_word' id='word_1_474' title='bbox 2300 1258 2396 1313; x_wconf 88' lang='lat' dir='ltr'><strong>per</strong></span> <span class='ocrx_word' id='word_1_475' title='bbox 2430 1243 2569 1299; x_wconf 86' lang='lat' dir='ltr'><strong>Osee</strong></span> <span class='ocrx_word' id='word_1_476' title='bbox 2612 1247 2931 1315; x_wconf 81' lang='lat' dir='ltr'><strong>prophetam</strong></span> <span class='ocrx_word' id='word_1_477' title='bbox 2990 1246 3226 1316; x_wconf 88' lang='lat' dir='ltr'><strong>Spiritus</strong></span> <span class='ocrx_word' id='word_1_478' title='bbox 3267 1257 3490 1303; x_wconf 86' lang='lat' dir='ltr'><strong>sanctus</strong></span> 
     </span>
    </p>
   </div>
   <div class='ocr_carea' id='block_1_63' title="bbox 1901 1335 3488 1407">
    <p class='ocr_par' dir='ltr' id='par_1_63' title="bbox 1901 1335 3488 1407">
     <span class='ocr_line' id='line_1_63' title="bbox 1901 1335 3488 1407; baseline 0.001 -18"><span class='ocrx_word' id='word_1_479' title='bbox 1901 1344 2243 1389; x_wconf 82' lang='lat' dir='ltr'><strong>contestatur</strong></span> <span class='ocrx_word' id='word_1_480' title='bbox 2291 1344 2346 1389; x_wconf 91' lang='lat' dir='ltr'><strong>et</strong></span> <span class='ocrx_word' id='word_1_481' title='bbox 2399 1335 2577 1390; x_wconf 90' lang='lat' dir='ltr'><strong>dicit:</strong></span> <span class='ocrx_word' id='word_1_482' title='bbox 2628 1336 2915 1391; x_wconf 73' lang='lat' dir='ltr'><strong>Sacriﬁcia</strong></span> <span class='ocrx_word' id='word_1_483' title='bbox 2967 1351 3158 1391; x_wconf 91' lang='lat' dir='ltr'><strong>eorum</strong></span> <span class='ocrx_word' id='word_1_484' title='bbox 3230 1345 3488 1407; x_wconf 89' lang='lat' dir='ltr'><strong>tanquam</strong></span> 
     </span>
    </p>
   </div>
   <div class='ocr_carea' id='block_1_64' title="bbox 1903 1424 3490 1494">
    <p class='ocr_par' dir='ltr' id='par_1_64' title="bbox 1903 1424 3490 1494">
     <span class='ocr_line' id='line_1_64' title="bbox 1903 1424 3490 1494; baseline 0.001 -17"><span class='ocrx_word' id='word_1_485' title='bbox 1903 1427 2059 1493; x_wconf 90' lang='lat' dir='ltr'><strong>panis</strong></span> <span class='ocrx_word' id='word_1_486' title='bbox 2085 1424 2282 1490; x_wconf 83' lang='lat' dir='ltr'><strong>luctus,</strong></span> <span class='ocrx_word' id='word_1_487' title='bbox 2323 1440 2516 1480; x_wconf 89' lang='lat' dir='ltr'><strong>omnes</strong></span> <span class='ocrx_word' id='word_1_488' title='bbox 2532 1426 2625 1494; x_wconf 86' lang='lat' dir='ltr'><strong>qui</strong></span> <span class='ocrx_word' id='word_1_489' title='bbox 2660 1426 2961 1481; x_wconf 85' lang='lat' dir='ltr'><strong>manducan</strong></span> <span class='ocrx_word' id='word_1_490' title='bbox 3019 1441 3080 1479; x_wconf 83' lang='lat' dir='ltr'><strong>ea</strong></span> <span class='ocrx_word' id='word_1_491' title='bbox 3108 1428 3490 1481; x_wconf 84' lang='lat' dir='ltr'><strong>contaminan-</strong></span> 
     </span>
    </p>
   </div>
   <div class='ocr_carea' id='block_1_65' title="bbox 1907 1516 3492 1589">
    <p class='ocr_par' dir='ltr' id='par_1_65' title="bbox 1907 1516 3492 1589">
     <span class='ocr_line' id='line_1_65' title="bbox 1907 1516 3492 1589; baseline 0.001 -17"><span class='ocrx_word' id='word_1_492' title='bbox 1907 1529 1995 1572; x_wconf 89' lang='lat' dir='ltr'><strong>tur</strong></span> <span class='ocrx_word' id='word_1_493' title='bbox 2040 1516 2186 1589; x_wconf 81' lang='lat' dir='ltr'><strong>(Ose.</strong></span> <span class='ocrx_word' id='word_1_494' title='bbox 2242 1518 2339 1588; x_wconf 78' lang='lat' dir='ltr'><strong>Ix),</strong></span> <span class='ocrx_word' id='word_1_495' title='bbox 2387 1519 2585 1573; x_wconf 87' lang='lat' dir='ltr'><strong>docens</strong></span> <span class='ocrx_word' id='word_1_496' title='bbox 2612 1518 2817 1572; x_wconf 76' lang='lat' dir='ltr'><strong>scilicet</strong></span> <span class='ocrx_word' id='word_1_497' title='bbox 2865 1528 2921 1572; x_wconf 90' lang='lat' dir='ltr'><strong>et</strong></span> <span class='ocrx_word' id='word_1_498' title='bbox 2969 1521 3259 1574; x_wconf 81' lang='lat' dir='ltr'><strong>ostendens</strong></span> <span class='ocrx_word' id='word_1_499' title='bbox 3302 1534 3492 1574; x_wconf 85' lang='lat' dir='ltr'><strong>omnes</strong></span> 
     </span>
    </p>
   </div>
   <div class='ocr_carea' id='block_1_66' title="bbox 1906 1613 3492 1686">
    <p class='ocr_par' dir='ltr' id='par_1_66' title="bbox 1906 1613 3492 1686">
     <span class='ocr_line' id='line_1_66' title="bbox 1906 1613 3492 1686; baseline 0.001 -19"><span class='ocrx_word' id='word_1_500' title='bbox 1906 1615 2128 1668; x_wconf 89' lang='lat' dir='ltr'><strong>omnino</strong></span> <span class='ocrx_word' id='word_1_501' title='bbox 2157 1629 2279 1667; x_wconf 86' lang='lat' dir='ltr'><strong>eum</strong></span> <span class='ocrx_word' id='word_1_502' title='bbox 2312 1614 2627 1670; x_wconf 77' lang='lat' dir='ltr'><strong>aucmtibus</strong></span> <span class='ocrx_word' id='word_1_503' title='bbox 2654 1614 2918 1684; x_wconf 86' lang='lat' dir='ltr'><strong>supplicio</strong></span> <span class='ocrx_word' id='word_1_504' title='bbox 2945 1613 3220 1686; x_wconf 81' lang='lat' dir='ltr'><strong>conjungi,</strong></span> <span class='ocrx_word' id='word_1_505' title='bbox 3252 1615 3343 1685; x_wconf 88' lang='lat' dir='ltr'><strong>qui</strong></span> <span class='ocrx_word' id='word_1_506' title='bbox 3375 1620 3492 1669; x_wconf 79' lang='lat' dir='ltr'><strong>lue-</strong></span> 
     </span>
    </p>
   </div>
   <div class='ocr_carea' id='block_1_67' title="bbox 1909 1710 2955 1780">
    <p class='ocr_par' dir='ltr' id='par_1_67' title="bbox 1909 1710 2955 1780">
     <span class='ocr_line' id='line_1_67' title="bbox 1909 1710 2955 1780; baseline 0 -16"><span class='ocrx_word' id='word_1_507' title='bbox 1909 1710 2018 1764; x_wconf 83' lang='lat' dir='ltr'><strong>rint</strong></span> <span class='ocrx_word' id='word_1_508' title='bbox 2043 1725 2230 1764; x_wconf 83' lang='lat' dir='ltr'><strong>eorum</strong></span> <span class='ocrx_word' id='word_1_509' title='bbox 2262 1720 2485 1780; x_wconf 88' lang='lat' dir='ltr'><strong>peccato</strong></span> <span class='ocrx_word' id='word_1_510' title='bbox 2517 1711 2896 1764; x_wconf 82' lang='lat' dir='ltr'><strong>contaminati.</strong></span> <span class='ocrx_word' id='word_1_511' title='bbox 2936 1730 2955 1764; x_wconf 74' lang='grc' dir='ltr'><strong><em>ι</em></strong></span> 
     </span>
    </p>
   </div>
   <div class='ocr_carea' id='block_1_68' title="bbox 1984 1801 3493 1872">
    <p class='ocr_par' dir='ltr' id='par_1_68' title="bbox 1984 1801 3493 1872">
     <span class='ocr_line' id='line_1_68' title="bbox 1984 1801 3493 1872; baseline 0.001 -17"><span class='ocrx_word' id='word_1_512' title='bbox 1984 1801 2077 1856; x_wconf 89' lang='lat' dir='ltr'><strong>llis</strong></span> <span class='ocrx_word' id='word_1_513' title='bbox 2098 1812 2150 1854; x_wconf 87' lang='lat' dir='ltr'><strong>et</strong></span> <span class='ocrx_word' id='word_1_514' title='bbox 2173 1803 2293 1855; x_wconf 90' lang='lat' dir='ltr'><strong>aliis</strong></span> <span class='ocrx_word' id='word_1_515' title='bbox 2324 1803 2623 1857; x_wconf 80' lang='lat' dir='ltr'><strong>innumeris</strong></span> <span class='ocrx_word' id='word_1_516' title='bbox 2648 1803 2975 1857; x_wconf 85' lang='lat' dir='ltr'><strong>salutaribus</strong></span> <span class='ocrx_word' id='word_1_517' title='bbox 2996 1802 3282 1872; x_wconf 74' lang='lat' dir='ltr'><strong>ptzeceptis</strong></span> <span class='ocrx_word' id='word_1_518' title='bbox 3306 1801 3493 1856; x_wconf 67' lang='grc' dir='ltr'><strong>ιιι]ωο-</strong></span> 
     </span>
    </p>
   </div>
   <div class='ocr_carea' id='block_1_69' title="bbox 1918 1891 3493 1957">
    <p class='ocr_par' dir='ltr' id='par_1_69' title="bbox 1918 1891 3493 1957">
     <span class='ocr_line' id='line_1_69' title="bbox 1918 1891 3493 1957; baseline -0.001 -10"><span class='ocrx_word' id='word_1_519' title='bbox 1918 1894 2036 1954; x_wconf 90' lang='lat' dir='ltr'><strong>niti,</strong></span> <span class='ocrx_word' id='word_1_520' title='bbox 2065 1894 2399 1947; x_wconf 87' lang='lat' dir='ltr'><strong>detestamur</strong></span> <span class='ocrx_word' id='word_1_521' title='bbox 2449 1908 2552 1946; x_wconf 84' lang='lat' dir='ltr'><strong>nun</strong></span> <span class='ocrx_word' id='word_1_522' title='bbox 2584 1901 2922 1947; x_wconf 87' lang='lat' dir='ltr'><strong>sacramenta</strong></span> <span class='ocrx_word' id='word_1_523' title='bbox 2949 1892 3232 1957; x_wconf 71' lang='lat' dir='ltr'><strong>Ecclesize,</strong></span> <span class='ocrx_word' id='word_1_524' title='bbox 3265 1891 3406 1946; x_wconf 88' lang='lat' dir='ltr'><strong>sicut</strong></span> <span class='ocrx_word' id='word_1_525' title='bbox 3436 1899 3493 1945; x_wconf 86' lang='lat' dir='ltr'><strong>tu</strong></span> 
     </span>
    </p>
   </div>
   <div class='ocr_carea' id='block_1_70' title="bbox 1916 1985 3493 2054">
    <p class='ocr_par' dir='ltr' id='par_1_70' title="bbox 1916 1985 3493 2054">
     <span class='ocr_line' id='line_1_70' title="bbox 1916 1985 3493 2054; baseline 0.001 -18"><span class='ocrx_word' id='word_1_526' title='bbox 1916 1986 2183 2045; x_wconf 84' lang='lat' dir='ltr'><strong>mentiris,</strong></span> <span class='ocrx_word' id='word_1_527' title='bbox 2230 1985 2323 2039; x_wconf 89' lang='lat' dir='ltr'><strong>sed</strong></span> <span class='ocrx_word' id='word_1_528' title='bbox 2375 1985 2752 2040; x_wconf 84' lang='lat' dir='ltr'><strong>schismaticos</strong></span> <span class='ocrx_word' id='word_1_529' title='bbox 2798 1994 2853 2039; x_wconf 87' lang='lat' dir='ltr'><strong>et</strong></span> <span class='ocrx_word' id='word_1_530' title='bbox 2895 1985 3205 2052; x_wconf 70' lang='lat' dir='ltr'><strong>sacrilegos,</strong></span> <span class='ocrx_word' id='word_1_531' title='bbox 3260 1999 3493 2054; x_wconf 91' lang='lat' dir='ltr'><strong>quorum</strong></span> 
     </span>
    </p>
   </div>
   <div class='ocr_carea' id='block_1_71' title="bbox 1916 2078 3490 2149">
    <p class='ocr_par' dir='ltr' id='par_1_71' title="bbox 1916 2078 3490 2149">
     <span class='ocr_line' id='line_1_71' title="bbox 1916 2078 3490 2149; baseline 0.003 -19"><span class='ocrx_word' id='word_1_532' title='bbox 1916 2078 2327 2149; x_wconf 75' lang='lat' dir='ltr'><strong>parricidalibus</strong></span> <span class='ocrx_word' id='word_1_533' title='bbox 2352 2081 2601 2134; x_wconf 84' lang='lat' dir='ltr'><strong>manibus</strong></span> <span class='ocrx_word' id='word_1_534' title='bbox 2626 2095 2747 2134; x_wconf 87' lang='lat' dir='ltr'><strong>sese</strong></span> <span class='ocrx_word' id='word_1_535' title='bbox 2774 2090 3115 2135; x_wconf 86' lang='lat' dir='ltr'><strong>sacramenta</strong></span> <span class='ocrx_word' id='word_1_536' title='bbox 3143 2080 3325 2134; x_wconf 83' lang='lat' dir='ltr'><strong>divina</strong></span> <span class='ocrx_word' id='word_1_537' title='bbox 3358 2079 3490 2134; x_wconf 86' lang='lat' dir='ltr'><strong>sub-</strong></span> 
     </span>
    </p>
   </div>
   <div class='ocr_carea' id='block_1_72' title="bbox 1919 2171 3496 2235">
    <p class='ocr_par' dir='ltr' id='par_1_72' title="bbox 1919 2171 3496 2235">
     <span class='ocr_line' id='line_1_72' title="bbox 1919 2171 3496 2235; baseline 0.001 -11"><span class='ocrx_word' id='word_1_538' title='bbox 1919 2179 2232 2235; x_wconf 70' lang='lat' dir='ltr'><strong>traxerunt;</strong></span> <span class='ocrx_word' id='word_1_539' title='bbox 2263 2182 2461 2224; x_wconf 79' lang='lat' dir='ltr'><strong>etcum</strong></span> <span class='ocrx_word' id='word_1_540' title='bbox 2485 2171 2750 2225; x_wconf 86' lang='lat' dir='ltr'><strong>catholica</strong></span> <span class='ocrx_word' id='word_1_541' title='bbox 2798 2184 2972 2226; x_wconf 90' lang='lat' dir='ltr'><strong>matre</strong></span> <span class='ocrx_word' id='word_1_542' title='bbox 3020 2181 3206 2226; x_wconf 74' lang='lat' dir='ltr'><strong>nostra</strong></span> <span class='ocrx_word' id='word_1_543' title='bbox 3252 2171 3496 2227; x_wconf 83' lang='lat' dir='ltr'><strong>Ecclesia</strong></span> 
     </span>
    </p>
   </div>
   <div class='ocr_carea' id='block_1_73' title="bbox 1917 2260 3499 2330">
    <p class='ocr_par' dir='ltr' id='par_1_73' title="bbox 1917 2260 3499 2330">
     <span class='ocr_line' id='line_1_73' title="bbox 1917 2260 3499 2330; baseline 0.002 -17"><span class='ocrx_word' id='word_1_544' title='bbox 1917 2275 2213 2330; x_wconf 84' lang='lat' dir='ltr'><strong>persequar</strong></span> <span class='ocrx_word' id='word_1_545' title='bbox 2254 2260 2502 2315; x_wconf 90' lang='lat' dir='ltr'><strong>inimicos</strong></span> <span class='ocrx_word' id='word_1_546' title='bbox 2541 2261 2677 2330; x_wconf 80' lang='lat' dir='ltr'><strong>ejus,</strong></span> <span class='ocrx_word' id='word_1_547' title='bbox 2712 2277 2812 2317; x_wconf 88' lang='lat' dir='ltr'><strong>nec</strong></span> <span class='ocrx_word' id='word_1_548' title='bbox 2846 2274 3135 2319; x_wconf 88' lang='lat' dir='ltr'><strong>convertar</strong></span> <span class='ocrx_word' id='word_1_549' title='bbox 3163 2266 3335 2318; x_wconf 87' lang='lat' dir='ltr'><strong>donec</strong></span> <span class='ocrx_word' id='word_1_550' title='bbox 3365 2261 3499 2317; x_wconf 86' lang='lat' dir='ltr'><strong>deﬁ-</strong></span> 
     </span>
    </p>
   </div>
   <div class='ocr_carea' id='block_1_74' title="bbox 1918 2349 3500 2422">
    <p class='ocr_par' dir='ltr' id='par_1_74' title="bbox 1918 2349 3500 2422">
     <span class='ocr_line' id='line_1_74' title="bbox 1918 2349 3500 2422; baseline 0.001 -16"><span class='ocrx_word' id='word_1_551' title='bbox 1918 2352 2066 2406; x_wconf 83' lang='lat' dir='ltr'><strong>ciant</strong></span> <span class='ocrx_word' id='word_1_552' title='bbox 2091 2349 2267 2422; x_wconf 79' lang='lat' dir='ltr'><strong>(Psal.</strong></span> <span class='ocrx_word' id='word_1_553' title='bbox 2300 2360 2455 2421; x_wconf 75' lang='lat' dir='ltr'><strong>xvii).</strong></span> <span class='ocrx_word' id='word_1_554' title='bbox 2488 2353 2745 2407; x_wconf 89' lang='lat' dir='ltr'><strong>Sanctum</strong></span> <span class='ocrx_word' id='word_1_555' title='bbox 2779 2355 2977 2422; x_wconf 81' lang='lat' dir='ltr'><strong>quippe</strong></span> <span class='ocrx_word' id='word_1_556' title='bbox 3004 2369 3159 2407; x_wconf 87' lang='lat' dir='ltr'><strong>suum</strong></span> <span class='ocrx_word' id='word_1_557' title='bbox 3193 2355 3333 2422; x_wconf 86' lang='lat' dir='ltr'><strong>quod</strong></span> <span class='ocrx_word' id='word_1_558' title='bbox 3369 2353 3500 2407; x_wconf 82' lang='lat' dir='ltr'><strong>foris</strong></span> 
     </span>
    </p>
   </div>
   <div class='ocr_carea' id='block_1_75' title="bbox 1920 2442 3501 2514">
    <p class='ocr_par' dir='ltr' id='par_1_75' title="bbox 1920 2442 3501 2514">
     <span class='ocr_line' id='line_1_75' title="bbox 1920 2442 3501 2514; baseline 0.001 -18"><span class='ocrx_word' id='word_1_559' title='bbox 1920 2443 2151 2505; x_wconf 78' lang='lat' dir='ltr'><strong>habetis,</strong></span> <span class='ocrx_word' id='word_1_560' title='bbox 2168 2442 2313 2511; x_wconf 89' lang='lat' dir='ltr'><strong>quod</strong></span> <span class='ocrx_word' id='word_1_561' title='bbox 2336 2443 2480 2496; x_wconf 90' lang='lat' dir='ltr'><strong>malo</strong></span> <span class='ocrx_word' id='word_1_562' title='bbox 2498 2458 2678 2498; x_wconf 82' lang='lat' dir='ltr'><strong>vestro</strong></span> <span class='ocrx_word' id='word_1_563' title='bbox 2695 2445 3000 2512; x_wconf 86' lang='lat' dir='ltr'><strong>accepistis,</strong></span> <span class='ocrx_word' id='word_1_564' title='bbox 3019 2446 3144 2514; x_wconf 85' lang='lat' dir='ltr'><strong>quia</strong></span> <span class='ocrx_word' id='word_1_565' title='bbox 3172 2447 3311 2498; x_wconf 85' lang='lat' dir='ltr'><strong>bono</strong></span> <span class='ocrx_word' id='word_1_566' title='bbox 3336 2446 3501 2499; x_wconf 81' lang='lat' dir='ltr'><strong>odore</strong></span> 
     </span>
    </p>
   </div>
   <div class='ocr_carea' id='block_1_76' title="bbox 1920 2538 3504 2611">
    <p class='ocr_par' dir='ltr' id='par_1_76' title="bbox 1920 2538 3504 2611">
     <span class='ocr_line' id='line_1_76' title="bbox 1920 2538 3504 2611; baseline 0.003 -21"><span class='ocrx_word' id='word_1_567' title='bbox 1920 2538 2161 2605; x_wconf 81' lang='lat' dir='ltr'><strong>peristis,</strong></span> <span class='ocrx_word' id='word_1_568' title='bbox 2193 2549 2483 2593; x_wconf 88' lang='lat' dir='ltr'><strong>veneratur</strong></span> <span class='ocrx_word' id='word_1_569' title='bbox 2506 2539 2765 2600; x_wconf 85' lang='lat' dir='ltr'><strong>Ecclesia.</strong></span> <span class='ocrx_word' id='word_1_570' title='bbox 2793 2544 2886 2595; x_wconf 89' lang='lat' dir='ltr'><strong>sed</strong></span> <span class='ocrx_word' id='word_1_571' title='bbox 2918 2556 3012 2595; x_wconf 87' lang='lat' dir='ltr'><strong>vos</strong></span> <span class='ocrx_word' id='word_1_572' title='bbox 3046 2542 3414 2611; x_wconf 66' lang='lat' dir='ltr'><strong>persequimur,</strong></span> <span class='ocrx_word' id='word_1_573' title='bbox 3444 2548 3504 2595; x_wconf 86' lang='lat' dir='ltr'><strong>ut</strong></span> 
     </span>
    </p>
   </div>
   <div class='ocr_carea' id='block_1_77' title="bbox 1923 2630 3504 2701">
    <p class='ocr_par' dir='ltr' id='par_1_77' title="bbox 1923 2630 3504 2701">
     <span class='ocr_line' id='line_1_77' title="bbox 1923 2630 3504 2701; baseline 0.001 -16"><span class='ocrx_word' id='word_1_574' title='bbox 1923 2630 2057 2685; x_wconf 86' lang='lat' dir='ltr'><strong>Sara</strong></span> <span class='ocrx_word' id='word_1_575' title='bbox 2099 2631 2373 2695; x_wconf 63' lang='lat' dir='ltr'><strong>ancillam,</strong></span> <span class='ocrx_word' id='word_1_576' title='bbox 2405 2648 2525 2701; x_wconf 71' lang='lat' dir='ltr'><strong>quc</strong></span> <span class='ocrx_word' id='word_1_577' title='bbox 2572 2644 2749 2686; x_wconf 85' lang='lat' dir='ltr'><strong>tamen</strong></span> <span class='ocrx_word' id='word_1_578' title='bbox 2774 2633 2839 2686; x_wconf 91' lang='lat' dir='ltr'><strong>de</strong></span> <span class='ocrx_word' id='word_1_579' title='bbox 2867 2633 3071 2687; x_wconf 84' lang='lat' dir='ltr'><strong>semine</strong></span> <span class='ocrx_word' id='word_1_580' title='bbox 3115 2633 3347 2688; x_wconf 79' lang='lat' dir='ltr'><strong>Abrabte</strong></span> <span class='ocrx_word' id='word_1_581' title='bbox 3375 2648 3504 2687; x_wconf 86' lang='lat' dir='ltr'><strong>con-</strong></span> 
     </span>
    </p>
   </div>
   <div class='ocr_carea' id='block_1_78' title="bbox 1922 2721 3502 2796">
    <p class='ocr_par' dir='ltr' id='par_1_78' title="bbox 1922 2721 3502 2796">
     <span class='ocr_line' id='line_1_78' title="bbox 1922 2721 3502 2796; baseline 0.003 -20"><span class='ocrx_word' id='word_1_582' title='bbox 1922 2724 2067 2793; x_wconf 87' lang='lat' dir='ltr'><strong>cepit</strong></span> <span class='ocrx_word' id='word_1_583' title='bbox 2108 2732 2166 2778; x_wconf 94' lang='lat' dir='ltr'><strong>et</strong></span> <span class='ocrx_word' id='word_1_584' title='bbox 2209 2721 2608 2794; x_wconf 70' lang='lat' dir='ltr'><strong>peperitKGen.</strong></span> <span class='ocrx_word' id='word_1_585' title='bbox 2652 2725 2785 2795; x_wconf 62' lang='lat' dir='ltr'><strong>avt).</strong></span> <span class='ocrx_word' id='word_1_586' title='bbox 2835 2724 3077 2795; x_wconf 80' lang='lat' dir='ltr'><strong>Intelligo</strong></span> <span class='ocrx_word' id='word_1_587' title='bbox 3132 2728 3312 2796; x_wconf 89' lang='lat' dir='ltr'><strong>itaque</strong></span> <span class='ocrx_word' id='word_1_588' title='bbox 3365 2742 3502 2796; x_wconf 81' lang='lat' dir='ltr'><strong>quo-</strong></span> 
     </span>
    </p>
   </div>
   <div class='ocr_carea' id='block_1_79' title="bbox 1924 2815 3507 2883">
    <p class='ocr_par' dir='ltr' id='par_1_79' title="bbox 1924 2815 3507 2883">
     <span class='ocr_line' id='line_1_79' title="bbox 1924 2815 3507 2883; baseline 0.001 -13"><span class='ocrx_word' id='word_1_589' title='bbox 1924 2817 2086 2870; x_wconf 77' lang='lat' dir='ltr'><strong>modo</strong></span> <span class='ocrx_word' id='word_1_590' title='bbox 2117 2824 2475 2883; x_wconf 80' lang='lat' dir='ltr'><strong>persequatur</strong></span> <span class='ocrx_word' id='word_1_591' title='bbox 2510 2817 2687 2871; x_wconf 87' lang='lat' dir='ltr'><strong>adhuc</strong></span> <span class='ocrx_word' id='word_1_592' title='bbox 2738 2815 2987 2871; x_wconf 86' lang='lat' dir='ltr'><strong>ancillam</strong></span> <span class='ocrx_word' id='word_1_593' title='bbox 3039 2818 3277 2880; x_wconf 86' lang='lat' dir='ltr'><strong>domina,</strong></span> <span class='ocrx_word' id='word_1_594' title='bbox 3311 2828 3368 2873; x_wconf 92' lang='lat' dir='ltr'><strong>ut</strong></span> <span class='ocrx_word' id='word_1_595' title='bbox 3411 2821 3507 2873; x_wconf 88' lang='lat' dir='ltr'><strong>do-</strong></span> 
     </span>
    </p>
   </div>
   <div class='ocr_carea' id='block_1_80' title="bbox 1925 2908 3506 2980">
    <p class='ocr_par' dir='ltr' id='par_1_80' title="bbox 1925 2908 3506 2980">
     <span class='ocr_line' id='line_1_80' title="bbox 1925 2908 3506 2980; baseline 0.003 -18"><span class='ocrx_word' id='word_1_596' title='bbox 1925 2908 2102 2962; x_wconf 85' lang='lat' dir='ltr'><strong>cearis</strong></span> <span class='ocrx_word' id='word_1_597' title='bbox 2130 2922 2250 2976; x_wconf 76' lang='lat' dir='ltr'><strong>qua:</strong></span> <span class='ocrx_word' id='word_1_598' title='bbox 2289 2908 2357 2961; x_wconf 88' lang='lat' dir='ltr'><strong>sit</strong></span> <span class='ocrx_word' id='word_1_599' title='bbox 2391 2909 2694 2976; x_wconf 85' lang='lat' dir='ltr'><strong>persecutio</strong></span> <span class='ocrx_word' id='word_1_600' title='bbox 2728 2909 2909 2971; x_wconf 87' lang='lat' dir='ltr'><strong>beata,</strong></span> <span class='ocrx_word' id='word_1_601' title='bbox 2950 2917 3003 2963; x_wconf 93' lang='lat' dir='ltr'><strong>et</strong></span> <span class='ocrx_word' id='word_1_602' title='bbox 3055 2910 3193 2965; x_wconf 85' lang='lat' dir='ltr'><strong>scias</strong></span> <span class='ocrx_word' id='word_1_603' title='bbox 3236 2912 3506 2980; x_wconf 89' lang='lat' dir='ltr'><strong>quomodo</strong></span> 
     </span>
    </p>
   </div>
   <div class='ocr_carea' id='block_1_81' title="bbox 1926 2998 3506 3071">
    <p class='ocr_par' dir='ltr' id='par_1_81' title="bbox 1926 2998 3506 3071">
     <span class='ocr_line' id='line_1_81' title="bbox 1926 2998 3506 3071; baseline 0.002 -17"><span class='ocrx_word' id='word_1_604' title='bbox 1926 3014 2026 3054; x_wconf 90' lang='lat' dir='ltr'><strong>nec</strong></span> <span class='ocrx_word' id='word_1_605' title='bbox 2076 3014 2174 3068; x_wconf 87' lang='lat' dir='ltr'><strong>pro</strong></span> <span class='ocrx_word' id='word_1_606' title='bbox 2219 2998 2428 3067; x_wconf 88' lang='lat' dir='ltr'><strong>justitia</strong></span> <span class='ocrx_word' id='word_1_607' title='bbox 2478 3000 2803 3055; x_wconf 84' lang='lat' dir='ltr'><strong>Christianis</strong></span> <span class='ocrx_word' id='word_1_608' title='bbox 2848 3002 3173 3071; x_wconf 83' lang='lat' dir='ltr'><strong>jnrgandum</strong></span> <span class='ocrx_word' id='word_1_609' title='bbox 3226 3005 3327 3065; x_wconf 90' lang='lat' dir='ltr'><strong>sit,</strong></span> <span class='ocrx_word' id='word_1_610' title='bbox 3384 3018 3506 3057; x_wconf 86' lang='lat' dir='ltr'><strong>eum</strong></span> 
     </span>
    </p>
   </div>
   <div class='ocr_carea' id='block_1_82' title="bbox 1927 3074 3510 3161">
    <p class='ocr_par' dir='ltr' id='par_1_82' title="bbox 1927 3074 3510 3161">
     <span class='ocr_line' id='line_1_82' title="bbox 1927 3074 3510 3161; baseline 0.003 -15"><span class='ocrx_word' id='word_1_611' title='bbox 1927 3100 2300 3161; x_wconf 89' lang='lat' dir='ltr'><strong>competenter</strong></span> <span class='ocrx_word' id='word_1_612' title='bbox 2339 3093 2532 3159; x_wconf 75' lang='lat' dir='ltr'><strong>exponi</strong></span> <span class='ocrx_word' id='word_1_613' title='bbox 2564 3093 2658 3146; x_wconf 85' lang='lat' dir='ltr'><strong>tibi</strong></span> <span class='ocrx_word' id='word_1_614' title='bbox 2689 3096 3021 3161; x_wconf 85' lang='lat' dir='ltr'><strong>permiseris.</strong></span> <span class='ocrx_word' id='word_1_615' title='bbox 3052 3104 3110 3149; x_wconf 89' lang='lat' dir='ltr'><strong>ut</strong></span> <span class='ocrx_word' id='word_1_616' title='bbox 3155 3074 3393 3150; x_wconf 68' lang='lat' dir='ltr'><strong>addatur</strong></span> <span class='ocrx_word' id='word_1_617' title='bbox 3421 3097 3510 3150; x_wconf 86' lang='lat' dir='ltr'><strong>ad-</strong></span> 
     </span>
    </p>
   </div>
   <div class='ocr_carea' id='block_1_83' title="bbox 1852 3185 3509 3260">
    <p class='ocr_par' dir='ltr' id='par_1_83' title="bbox 1852 3185 3509 3260">
     <span class='ocr_line' id='line_1_83' title="bbox 1852 3185 3509 3260; baseline 0.006 -25"><span class='ocrx_word' id='word_1_618' title='bbox 1852 3196 1898 3257; x_wconf 78' lang='lat' dir='ltr'>c</span> <span class='ocrx_word' id='word_1_619' title='bbox 1929 3200 2118 3239; x_wconf 87' lang='lat' dir='ltr'><strong>versus</strong></span> <span class='ocrx_word' id='word_1_620' title='bbox 2167 3185 2493 3247; x_wconf 86' lang='lat' dir='ltr'><strong>Catbolicos,</strong></span> <span class='ocrx_word' id='word_1_621' title='bbox 2523 3197 2577 3240; x_wconf 89' lang='lat' dir='ltr'><strong>et</strong></span> <span class='ocrx_word' id='word_1_622' title='bbox 2610 3203 2715 3240; x_wconf 89' lang='lat' dir='ltr'><strong>non</strong></span> <span class='ocrx_word' id='word_1_623' title='bbox 2756 3189 3051 3259; x_wconf 86' lang='lat' dir='ltr'><strong>redarguas</strong></span> <span class='ocrx_word' id='word_1_624' title='bbox 3099 3189 3391 3253; x_wconf 85' lang='lat' dir='ltr'><strong>Christum,</strong></span> <span class='ocrx_word' id='word_1_625' title='bbox 3418 3191 3509 3260; x_wconf 90' lang='lat' dir='ltr'><strong>qui</strong></span> 
     </span>
    </p>
   </div>
   <div class='ocr_carea' id='block_1_84' title="bbox 1931 3276 3510 3351">
    <p class='ocr_par' dir='ltr' id='par_1_84' title="bbox 1931 3276 3510 3351">
     <span class='ocr_line' id='line_1_84' title="bbox 1931 3276 3510 3351; baseline 0.006 -21"><span class='ocrx_word' id='word_1_626' title='bbox 1931 3276 2060 3331; x_wconf 77' lang='lat' dir='ltr'><strong>dicit</strong></span> <span class='ocrx_word' id='word_1_627' title='bbox 2106 3293 2121 3329; x_wconf 89' lang='lat'><strong>:</strong></span> <span class='ocrx_word' id='word_1_628' title='bbox 2180 3295 2198 3327; x_wconf 75' lang='grc' dir='ltr'>ι</span> <span class='ocrx_word' id='word_1_629' title='bbox 2256 3277 2573 3346; x_wconf 77' lang='lat' dir='ltr'><strong>Coutpclliie</strong></span> <span class='ocrx_word' id='word_1_630' title='bbox 2620 3280 2823 3334; x_wconf 76' lang='lat' dir='ltr'><strong>intrare</strong></span> <span class='ocrx_word' id='word_1_631' title='bbox 2875 3280 3028 3351; x_wconf 82' lang='lat' dir='ltr'><strong>(Luc.</strong></span> <span class='ocrx_word' id='word_1_632' title='bbox 3068 3285 3201 3351; x_wconf 70' lang='lat' dir='ltr'><strong>xxv),</strong></span> <span class='ocrx_word' id='word_1_633' title='bbox 3242 3300 3261 3333; x_wconf 75' lang='grc' dir='ltr'><strong><em>ι</em></strong></span> <span class='ocrx_word' id='word_1_634' title='bbox 3301 3292 3356 3337; x_wconf 88' lang='lat' dir='ltr'><strong>et</strong></span> <span class='ocrx_word' id='word_1_635' title='bbox 3408 3285 3510 3339; x_wconf 81' lang='lat' dir='ltr'><strong>alia</strong></span> 
     </span>
    </p>
   </div>
   <div class='ocr_carea' id='block_1_85' title="bbox 1932 3367 3294 3439">
    <p class='ocr_par' dir='ltr' id='par_1_85' title="bbox 1932 3367 3294 3439">
     <span class='ocr_line' id='line_1_85' title="bbox 1932 3367 3294 3439; baseline 0.004 -18"><span class='ocrx_word' id='word_1_636' title='bbox 1932 3367 2122 3429; x_wconf 85' lang='lat' dir='ltr'><strong>multa,</strong></span> <span class='ocrx_word' id='word_1_637' title='bbox 2158 3384 2277 3436; x_wconf 79' lang='lat' dir='ltr'><strong>quae</strong></span> <span class='ocrx_word' id='word_1_638' title='bbox 2308 3369 2357 3421; x_wconf 91' lang='lat' dir='ltr'><strong>in</strong></span> <span class='ocrx_word' id='word_1_639' title='bbox 2395 3372 2851 3437; x_wconf 72' lang='lat' dir='ltr'><strong>consequentibus</strong></span> <span class='ocrx_word' id='word_1_640' title='bbox 2882 3374 3051 3439; x_wconf 87' lang='lat' dir='ltr'><strong>posita</strong></span> <span class='ocrx_word' id='word_1_641' title='bbox 3087 3374 3294 3427; x_wconf 88' lang='lat' dir='ltr'><strong>audies.</strong></span> 
     </span>
    </p>
   </div>
   <div class='ocr_carea' id='block_1_86' title="bbox 2004 3456 3511 3527">
    <p class='ocr_par' dir='ltr' id='par_1_86' title="bbox 2004 3456 3511 3527">
     <span class='ocr_line' id='line_1_86' title="bbox 2004 3456 3511 3527; baseline 0.009 -19"><span class='ocrx_word' id='word_1_642' title='bbox 2004 3456 2143 3510; x_wconf 80' lang='lat' dir='ltr'><strong>Dicit</strong></span> <span class='ocrx_word' id='word_1_643' title='bbox 2172 3460 2362 3512; x_wconf 83' lang='lat' dir='ltr'><strong>beatus</strong></span> <span class='ocrx_word' id='word_1_644' title='bbox 2378 3459 2706 3527; x_wconf 77' lang='lat' dir='ltr'><strong>Augustimts</strong></span> <span class='ocrx_word' id='word_1_645' title='bbox 2730 3462 2993 3514; x_wconf 62' lang='lat' dir='ltr'><strong>adversus</strong></span> <span class='ocrx_word' id='word_1_646' title='bbox 3024 3462 3329 3518; x_wconf 77' lang='lat' dir='ltr'><strong>Donatistas</strong></span> <span class='ocrx_word' id='word_1_647' title='bbox 3355 3482 3367 3517; x_wconf 92' lang='lat'><strong>:</strong></span> <span class='ocrx_word' id='word_1_648' title='bbox 3403 3483 3422 3515; x_wconf 84' lang='grc'><strong><em>‹</em></strong></span> <span class='ocrx_word' id='word_1_649' title='bbox 3453 3464 3511 3521; x_wconf 90' lang='lat' dir='ltr'><strong>Si</strong></span> 
     </span>
    </p>
   </div>
   <div class='ocr_carea' id='block_1_87' title="bbox 1935 3549 3509 3621">
    <p class='ocr_par' dir='ltr' id='par_1_87' title="bbox 1935 3549 3509 3621">
     <span class='ocr_line' id='line_1_87' title="bbox 1935 3549 3509 3621; baseline 0.004 -18"><span class='ocrx_word' id='word_1_650' title='bbox 1935 3549 2175 3603; x_wconf 78' lang='lat' dir='ltr'><strong>Ecclesia</strong></span> <span class='ocrx_word' id='word_1_651' title='bbox 2210 3550 2322 3617; x_wconf 79' lang='lat' dir='ltr'><strong>ipsa</strong></span> <span class='ocrx_word' id='word_1_652' title='bbox 2371 3562 2453 3601; x_wconf 84' lang='lat' dir='ltr'><strong>est</strong></span> <span class='ocrx_word' id='word_1_653' title='bbox 2494 3566 2614 3618; x_wconf 73' lang='lat' dir='ltr'><strong>qua:</strong></span> <span class='ocrx_word' id='word_1_654' title='bbox 2657 3554 3087 3618; x_wconf 77' lang='lat' dir='ltr'><strong>persecutionem</strong></span> <span class='ocrx_word' id='word_1_655' title='bbox 3130 3552 3352 3621; x_wconf 85' lang='lat' dir='ltr'><strong>patitur,</strong></span> <span class='ocrx_word' id='word_1_656' title='bbox 3402 3570 3509 3610; x_wconf 82' lang='lat' dir='ltr'><strong>non</strong></span> 
     </span>
    </p>
   </div>
   <div class='ocr_carea' id='block_1_88' title="bbox 1935 3643 3512 3716">
    <p class='ocr_par' dir='ltr' id='par_1_88' title="bbox 1935 3643 3512 3716">
     <span class='ocr_line' id='line_1_88' title="bbox 1935 3643 3512 3716; baseline 0.005 -22"><span class='ocrx_word' id='word_1_657' title='bbox 1935 3657 2053 3711; x_wconf 71' lang='lat' dir='ltr'><strong>qua:</strong></span> <span class='ocrx_word' id='word_1_658' title='bbox 2083 3643 2233 3706; x_wconf 83' lang='lat' dir='ltr'><strong>facit,</strong></span> <span class='ocrx_word' id='word_1_659' title='bbox 2285 3653 2527 3710; x_wconf 72' lang='lat' dir='ltr'><strong>qua-rant</strong></span> <span class='ocrx_word' id='word_1_660' title='bbox 2579 3643 2647 3697; x_wconf 89' lang='lat' dir='ltr'><strong>ab</strong></span> <span class='ocrx_word' id='word_1_661' title='bbox 2696 3645 2952 3713; x_wconf 76' lang='lat' dir='ltr'><strong>Apostolo</strong></span> <span class='ocrx_word' id='word_1_662' title='bbox 3004 3661 3164 3716; x_wconf 88' lang='lat' dir='ltr'><strong>quam</strong></span> <span class='ocrx_word' id='word_1_663' title='bbox 3213 3646 3512 3703; x_wconf 83' lang='lat' dir='ltr'><strong>Ecclesiaut</strong></span> 
     </span>
    </p>
   </div>
   <div class='ocr_carea' id='block_1_89' title="bbox 1937 3735 3516 3807">
    <p class='ocr_par' dir='ltr' id='par_1_89' title="bbox 1937 3735 3516 3807">
     <span class='ocr_line' id='line_1_89' title="bbox 1937 3735 3516 3807; baseline 0.004 -18"><span class='ocrx_word' id='word_1_664' title='bbox 1937 3735 2275 3806; x_wconf 78' lang='lat' dir='ltr'><strong>signiﬁcabat</strong></span> <span class='ocrx_word' id='word_1_665' title='bbox 2330 3736 2488 3800; x_wconf 85' lang='lat' dir='ltr'><strong>Sara,</strong></span> <span class='ocrx_word' id='word_1_666' title='bbox 2521 3738 2735 3805; x_wconf 89' lang='lat' dir='ltr'><strong>quando</strong></span> <span class='ocrx_word' id='word_1_667' title='bbox 2795 3739 3225 3807; x_wconf 51' lang='lat' dir='ltr'><strong>persecutionem</strong></span> <span class='ocrx_word' id='word_1_668' title='bbox 3281 3739 3516 3796; x_wconf 83' lang='lat' dir='ltr'><strong>faciebat</strong></span> 
     </span>
    </p>
   </div>
   <div class='ocr_carea' id='block_1_90' title="bbox 1940 3828 3514 3899">
    <p class='ocr_par' dir='ltr' id='par_1_90' title="bbox 1940 3828 3514 3899">
     <span class='ocr_line' id='line_1_90' title="bbox 1940 3828 3514 3899; baseline 0.004 -18"><span class='ocrx_word' id='word_1_669' title='bbox 1940 3830 2165 3885; x_wconf 70' lang='lat' dir='ltr'><strong>ancilla).</strong></span> <span class='ocrx_word' id='word_1_670' title='bbox 2203 3828 2453 3882; x_wconf 75' lang='lat' dir='ltr'><strong>Liberam</strong></span> <span class='ocrx_word' id='word_1_671' title='bbox 2480 3831 2675 3899; x_wconf 84' lang='lat' dir='ltr'><strong>quippe</strong></span> <span class='ocrx_word' id='word_1_672' title='bbox 2705 3840 2929 3884; x_wconf 74' lang='lat' dir='ltr'><strong>matrem</strong></span> <span class='ocrx_word' id='word_1_673' title='bbox 2972 3838 3212 3885; x_wconf 85' lang='lat' dir='ltr'><strong>nostram</strong></span> <span class='ocrx_word' id='word_1_674' title='bbox 3238 3830 3514 3888; x_wconf 81' lang='lat' dir='ltr'><strong>cteleslcm</strong></span> 
     </span>
    </p>
   </div>
   <div class='ocr_carea' id='block_1_91' title="bbox 1938 3920 3520 3985">
    <p class='ocr_par' dir='ltr' id='par_1_91' title="bbox 1938 3920 3520 3985">
     <span class='ocr_line' id='line_1_91' title="bbox 1938 3920 3520 3985; baseline 0.001 -10"><span class='ocrx_word' id='word_1_675' title='bbox 1938 3920 2270 3985; x_wconf 85' lang='lat' dir='ltr'><strong>Jerusalem;</strong></span> <span class='ocrx_word' id='word_1_676' title='bbox 2305 3923 2444 3975; x_wconf 89' lang='lat' dir='ltr'><strong>idem</strong></span> <span class='ocrx_word' id='word_1_677' title='bbox 2477 3937 2659 3976; x_wconf 87' lang='lat' dir='ltr'><strong>veram</strong></span> <span class='ocrx_word' id='word_1_678' title='bbox 2710 3920 2801 3976; x_wconf 87' lang='lat' dir='ltr'><strong>Dei</strong></span> <span class='ocrx_word' id='word_1_679' title='bbox 2843 3920 3143 3977; x_wconf 76' lang='lat' dir='ltr'><strong>Ecclesiant</strong></span> <span class='ocrx_word' id='word_1_680' title='bbox 3188 3923 3241 3977; x_wconf 93' lang='lat' dir='ltr'><strong>in</strong></span> <span class='ocrx_word' id='word_1_681' title='bbox 3273 3923 3359 3978; x_wconf 91' lang='lat' dir='ltr'><strong>illa</strong></span> <span class='ocrx_word' id='word_1_682' title='bbox 3402 3940 3520 3978; x_wconf 85' lang='lat' dir='ltr'><strong>nut-</strong></span> 
     </span>
    </p>
   </div>
   <div class='ocr_carea' id='block_1_92' title="bbox 1943 4013 3522 4087">
    <p class='ocr_par' dir='ltr' id='par_1_92' title="bbox 1943 4013 3522 4087">
     <span class='ocr_line' id='line_1_92' title="bbox 1943 4013 3522 4087; baseline 0.001 -20"><span class='ocrx_word' id='word_1_683' title='bbox 1943 4014 2072 4069; x_wconf 82' lang='lat' dir='ltr'><strong>liere</strong></span> <span class='ocrx_word' id='word_1_684' title='bbox 2106 4013 2234 4068; x_wconf 74' lang='lat' dir='ltr'><strong>dicit</strong></span> <span class='ocrx_word' id='word_1_685' title='bbox 2264 4015 2430 4067; x_wconf 74' lang='lat' dir='ltr'><strong>fuisse</strong></span> <span class='ocrx_word' id='word_1_686' title='bbox 2460 4014 2881 4084; x_wconf 65' lang='lat' dir='ltr'><strong>prreﬁguratam,</strong></span> <span class='ocrx_word' id='word_1_687' title='bbox 2910 4032 3031 4084; x_wconf 78' lang='lat' dir='ltr'><strong>qme</strong></span> <span class='ocrx_word' id='word_1_688' title='bbox 3060 4016 3322 4087; x_wconf 84' lang='lat' dir='ltr'><strong>aﬁligebat</strong></span> <span class='ocrx_word' id='word_1_689' title='bbox 3350 4017 3522 4071; x_wconf 60' lang='lat' dir='ltr'><strong>ancilo</strong></span> 
     </span>
    </p>
   </div>
   <div class='ocr_carea' id='block_1_93' title="bbox 1942 4104 3521 4179">
    <p class='ocr_par' dir='ltr' id='par_1_93' title="bbox 1942 4104 3521 4179">
     <span class='ocr_line' id='line_1_93' title="bbox 1942 4104 3521 4179; baseline 0.004 -22"><span class='ocrx_word' id='word_1_690' title='bbox 1942 4105 2047 4158; x_wconf 81' lang='lat' dir='ltr'><strong>lam</strong></span> <span class='ocrx_word' id='word_1_691' title='bbox 2074 4104 2218 4175; x_wconf 82' lang='lat' dir='ltr'><strong>(Gal.</strong></span> <span class='ocrx_word' id='word_1_692' title='bbox 2258 4107 2352 4175; x_wconf 82' lang='lat' dir='ltr'><strong>iv).</strong></span> <span class='ocrx_word' id='word_1_693' title='bbox 2380 4105 2436 4159; x_wconf 88' lang='lat' dir='ltr'><strong>Si</strong></span> <span class='ocrx_word' id='word_1_694' title='bbox 2475 4116 2652 4160; x_wconf 89' lang='lat' dir='ltr'><strong>autem</strong></span> <span class='ocrx_word' id='word_1_695' title='bbox 2691 4108 2885 4160; x_wconf 80' lang='lat' dir='ltr'><strong>melius</strong></span> <span class='ocrx_word' id='word_1_696' title='bbox 2927 4108 3303 4172; x_wconf 87' lang='lat' dir='ltr'><strong>discntiamtts,</strong></span> <span class='ocrx_word' id='word_1_697' title='bbox 3348 4111 3521 4179; x_wconf 84' lang='lat' dir='ltr'><strong>magis</strong></span> 
     </span>
    </p>
   </div>
   <div class='ocr_carea' id='block_1_94' title="bbox 1944 4200 3520 4271">
    <p class='ocr_par' dir='ltr' id='par_1_94' title="bbox 1944 4200 3520 4271">
     <span class='ocr_line' id='line_1_94' title="bbox 1944 4200 3520 4271; baseline 0.004 -18"><span class='ocrx_word' id='word_1_698' title='bbox 1944 4200 2032 4253; x_wconf 86' lang='lat' dir='ltr'><strong>illa</strong></span> <span class='ocrx_word' id='word_1_699' title='bbox 2071 4202 2499 4269; x_wconf 84' lang='lat' dir='ltr'><strong>persequebatur</strong></span> <span class='ocrx_word' id='word_1_700' title='bbox 2548 4201 2737 4255; x_wconf 79' lang='lat' dir='ltr'><strong>Suram</strong></span> <span class='ocrx_word' id='word_1_701' title='bbox 2779 4203 3139 4270; x_wconf 82' lang='lat' dir='ltr'><strong>superbiendo</strong></span> <span class='ocrx_word' id='word_1_702' title='bbox 3175 4217 3335 4271; x_wconf 84' lang='lat' dir='ltr'><strong>quam</strong></span> <span class='ocrx_word' id='word_1_703' title='bbox 3373 4204 3520 4260; x_wconf 90' lang='lat' dir='ltr'><strong>illam</strong></span> 
     </span>
    </p>
   </div>
   <div class='ocr_carea' id='block_1_95' title="bbox 1944 4290 3519 4364">
    <p class='ocr_par' dir='ltr' id='par_1_95' title="bbox 1944 4290 3519 4364">
     <span class='ocr_line' id='line_1_95' title="bbox 1944 4290 3519 4364; baseline 0.003 -19"><span class='ocrx_word' id='word_1_704' title='bbox 1944 4290 2077 4346; x_wconf 83' lang='lat' dir='ltr'><strong>Sara</strong></span> <span class='ocrx_word' id='word_1_705' title='bbox 2109 4294 2426 4346; x_wconf 83' lang='lat' dir='ltr'><strong>coercendo.</strong></span> <span class='ocrx_word' id='word_1_706' title='bbox 2454 4292 2541 4346; x_wconf 86' lang='lat' dir='ltr'><strong>Illa</strong></span> <span class='ocrx_word' id='word_1_707' title='bbox 2566 4296 2706 4346; x_wconf 82' lang='lat' dir='ltr'><strong>enim</strong></span> <span class='ocrx_word' id='word_1_708' title='bbox 2730 4293 2959 4346; x_wconf 76' lang='lat' dir='ltr'><strong>tlmnina:</strong></span> <span class='ocrx_word' id='word_1_709' title='bbox 2989 4294 3218 4348; x_wconf 82' lang='lat' dir='ltr'><strong>faciebat</strong></span> <span class='ocrx_word' id='word_1_710' title='bbox 3245 4295 3519 4364; x_wconf 79' lang='lat' dir='ltr'><strong>injuria-m,</strong></span> 
     </span>
    </p>
   </div>
   <div class='ocr_carea' id='block_1_96' title="bbox 1946 4382 3522 4455">
    <p class='ocr_par' dir='ltr' id='par_1_96' title="bbox 1946 4382 3522 4455">
     <span class='ocr_line' id='line_1_96' title="bbox 1946 4382 3522 4455; baseline 0.004 -19"><span class='ocrx_word' id='word_1_711' title='bbox 1946 4382 2047 4436; x_wconf 87' lang='lat' dir='ltr'><strong>ista</strong></span> <span class='ocrx_word' id='word_1_712' title='bbox 2073 4383 2381 4450; x_wconf 83' lang='lat' dir='ltr'><strong>imponebat</strong></span> <span class='ocrx_word' id='word_1_713' title='bbox 2413 4384 2679 4451; x_wconf 64' lang='lat' dir='ltr'><strong>superbia?</strong></span> <span class='ocrx_word' id='word_1_714' title='bbox 2709 4383 3070 4453; x_wconf 67' lang='lat' dir='ltr'><strong>disciplinam.</strong></span> <span class='ocrx_word' id='word_1_715' title='bbox 3108 4385 3309 4440; x_wconf 83' lang='lat' dir='ltr'><strong>Deinde</strong></span> <span class='ocrx_word' id='word_1_716' title='bbox 3335 4401 3522 4455; x_wconf 82' lang='lat' dir='ltr'><strong>quer</strong></span> 
     </span>
    </p>
   </div>
   <div class='ocr_carea' id='block_1_97' title="bbox 1946 4474 3517 4546">
    <p class='ocr_par' dir='ltr' id='par_1_97' title="bbox 1946 4474 3517 4546">
     <span class='ocr_line' id='line_1_97' title="bbox 1946 4474 3517 4546; baseline 0.004 -18"><span class='ocrx_word' id='word_1_717' title='bbox 1946 4475 1990 4529; x_wconf 92' lang='lat' dir='ltr'><strong>si</strong></span> <span class='ocrx_word' id='word_1_718' title='bbox 2021 4474 2142 4527; x_wconf 86' lang='lat' dir='ltr'><strong>boui</strong></span> <span class='ocrx_word' id='word_1_719' title='bbox 2175 4484 2229 4527; x_wconf 91' lang='lat' dir='ltr'><strong>et</strong></span> <span class='ocrx_word' id='word_1_720' title='bbox 2254 4476 2428 4529; x_wconf 89' lang='lat' dir='ltr'><strong>sancti</strong></span> <span class='ocrx_word' id='word_1_721' title='bbox 2457 4476 2553 4529; x_wconf 89' lang='lat' dir='ltr'><strong>viri</strong></span> <span class='ocrx_word' id='word_1_722' title='bbox 2599 4478 2796 4529; x_wconf 84' lang='lat' dir='ltr'><strong>nentiui</strong></span> <span class='ocrx_word' id='word_1_723' title='bbox 2824 4476 3027 4528; x_wconf 81' lang='lat' dir='ltr'><strong>faciunt</strong></span> <span class='ocrx_word' id='word_1_724' title='bbox 3062 4480 3517 4546; x_wconf 88' lang='lat' dir='ltr'><strong>persecutionem,</strong></span> 
     </span>
    </p>
   </div>
   <div class='ocr_carea' id='block_1_98' title="bbox 1946 4567 3526 4642">
    <p class='ocr_par' dir='ltr' id='par_1_98' title="bbox 1946 4567 3526 4642">
     <span class='ocr_line' id='line_1_98' title="bbox 1946 4567 3526 4642; baseline 0.004 -20"><span class='ocrx_word' id='word_1_725' title='bbox 1946 4568 2039 4622; x_wconf 86' lang='lat' dir='ltr'><strong>sed</strong></span> <span class='ocrx_word' id='word_1_726' title='bbox 2068 4568 2439 4621; x_wconf 89' lang='lat' dir='ltr'><strong>tantummodo</strong></span> <span class='ocrx_word' id='word_1_727' title='bbox 2472 4569 2772 4638; x_wconf 79' lang='lat' dir='ltr'><strong>patiuntur,</strong></span> <span class='ocrx_word' id='word_1_728' title='bbox 2811 4567 2963 4635; x_wconf 87' lang='lat' dir='ltr'><strong>cujus</strong></span> <span class='ocrx_word' id='word_1_729' title='bbox 2993 4576 3182 4635; x_wconf 88' lang='lat' dir='ltr'><strong>putant</strong></span> <span class='ocrx_word' id='word_1_730' title='bbox 3218 4570 3270 4625; x_wconf 92' lang='lat' dir='ltr'><strong>in</strong></span> <span class='ocrx_word' id='word_1_731' title='bbox 3316 4572 3526 4642; x_wconf 86' lang='lat' dir='ltr'><strong>psalmo</strong></span> 
     </span>
    </p>
   </div>
   <div class='ocr_carea' id='block_1_99' title="bbox 1946 4658 3526 4730">
    <p class='ocr_par' dir='ltr' id='par_1_99' title="bbox 1946 4658 3526 4730">
     <span class='ocr_line' id='line_1_99' title="bbox 1946 4658 3526 4730; baseline 0.006 -19"><span class='ocrx_word' id='word_1_732' title='bbox 1946 4674 2134 4714; x_wconf 85' lang='lat' dir='ltr'><strong>vocem</strong></span> <span class='ocrx_word' id='word_1_733' title='bbox 2180 4659 2269 4713; x_wconf 91' lang='lat' dir='ltr'><strong>ubi</strong></span> <span class='ocrx_word' id='word_1_734' title='bbox 2295 4660 2533 4729; x_wconf 82' lang='lat' dir='ltr'><strong>legitur:</strong></span> <span class='ocrx_word' id='word_1_735' title='bbox 2569 4660 2875 4730; x_wconf 82' lang='lat' dir='ltr'><strong>Pet-sequar</strong></span> <span class='ocrx_word' id='word_1_736' title='bbox 2916 4658 3167 4717; x_wconf 82' lang='lat' dir='ltr'><strong>inimicos</strong></span> <span class='ocrx_word' id='word_1_737' title='bbox 3207 4679 3377 4730; x_wconf 90' lang='lat' dir='ltr'><strong>meos,</strong></span> <span class='ocrx_word' id='word_1_738' title='bbox 3417 4674 3526 4721; x_wconf 65' lang='lat' dir='ltr'><strong>etc.</strong></span> 
     </span>
    </p>
   </div>
   <div class='ocr_carea' id='block_1_100' title="bbox 1948 4753 3533 4827">
    <p class='ocr_par' dir='ltr' id='par_1_100' title="bbox 1948 4753 3533 4827">
     <span class='ocr_line' id='line_1_100' title="bbox 1948 4753 3533 4827; baseline 0.004 -20"><span class='ocrx_word' id='word_1_739' title='bbox 1948 4753 2120 4827; x_wconf 76' lang='grc' dir='ltr'><strong>(1³δαί.</strong></span> <span class='ocrx_word' id='word_1_740' title='bbox 2136 4756 2297 4825; x_wconf 78' lang='lat' dir='ltr'><strong>xvn).</strong></span> <span class='ocrx_word' id='word_1_741' title='bbox 2330 4754 2387 4808; x_wconf 91' lang='lat' dir='ltr'><strong>Si</strong></span> <span class='ocrx_word' id='word_1_742' title='bbox 2416 4768 2545 4823; x_wconf 78' lang='lat' dir='ltr'><strong>ergo</strong></span> <span class='ocrx_word' id='word_1_743' title='bbox 2565 4770 2748 4808; x_wconf 82' lang='lat' dir='ltr'><strong>verum</strong></span> <span class='ocrx_word' id='word_1_744' title='bbox 2767 4756 2944 4809; x_wconf 88' lang='lat' dir='ltr'><strong>dicere</strong></span> <span class='ocrx_word' id='word_1_745' title='bbox 2966 4755 3050 4808; x_wconf 86' lang='lat' dir='ltr'><strong>vel</strong></span> <span class='ocrx_word' id='word_1_746' title='bbox 3066 4771 3362 4824; x_wconf 79' lang='lat' dir='ltr'><strong>agnoscere</strong></span> <span class='ocrx_word' id='word_1_747' title='bbox 3381 4759 3533 4813; x_wconf 85' lang='lat' dir='ltr'><strong>volu-</strong></span> 
     </span>
    </p>
   </div>
   <div class='ocr_carea' id='block_1_101' title="bbox 1952 4847 3536 4920">
    <p class='ocr_par' dir='ltr' id='par_1_101' title="bbox 1952 4847 3536 4920">
     <span class='ocr_line' id='line_1_101' title="bbox 1952 4847 3536 4920; baseline 0.001 -17"><span class='ocrx_word' id='word_1_748' title='bbox 1952 4865 2092 4911; x_wconf 85' lang='lat' dir='ltr'><strong>mus,</strong></span> <span class='ocrx_word' id='word_1_749' title='bbox 2133 4860 2217 4904; x_wconf 91' lang='lat' dir='ltr'><strong>est</strong></span> <span class='ocrx_word' id='word_1_750' title='bbox 2236 4851 2541 4919; x_wconf 81' lang='lat' dir='ltr'><strong>persecutio</strong></span> <span class='ocrx_word' id='word_1_751' title='bbox 2579 4847 2774 4916; x_wconf 90' lang='lat' dir='ltr'><strong>injusta</strong></span> <span class='ocrx_word' id='word_1_752' title='bbox 2802 4863 2963 4916; x_wconf 87' lang='lat' dir='ltr'><strong>quam</strong></span> <span class='ocrx_word' id='word_1_753' title='bbox 3009 4849 3218 4905; x_wconf 80' lang='lat' dir='ltr'><strong>faciunt</strong></span> <span class='ocrx_word' id='word_1_754' title='bbox 3257 4850 3407 4920; x_wconf 88' lang='lat' dir='ltr'><strong>impii</strong></span> <span class='ocrx_word' id='word_1_755' title='bbox 3439 4852 3536 4909; x_wconf 82' lang='lat' dir='ltr'><strong>Ec-</strong></span> 
     </span>
    </p>
   </div>
   <div class='ocr_carea' id='block_1_102' title="bbox 1950 4941 3539 5016">
    <p class='ocr_par' dir='ltr' id='par_1_102' title="bbox 1950 4941 3539 5016">
     <span class='ocr_line' id='line_1_102' title="bbox 1950 4941 3539 5016; baseline 0.003 -19"><span class='ocrx_word' id='word_1_756' title='bbox 1950 4943 2130 4999; x_wconf 76' lang='lat' dir='ltr'><strong>clesiae</strong></span> <span class='ocrx_word' id='word_1_757' title='bbox 2153 4943 2377 5000; x_wconf 88' lang='lat' dir='ltr'><strong>Christi.</strong></span> <span class='ocrx_word' id='word_1_758' title='bbox 2409 4944 2513 4999; x_wconf 88' lang='lat' dir='ltr'><strong>Ista</strong></span> <span class='ocrx_word' id='word_1_759' title='bbox 2556 4956 2794 5014; x_wconf 88' lang='lat' dir='ltr'><strong>namque</strong></span> <span class='ocrx_word' id='word_1_760' title='bbox 2823 4941 2983 4995; x_wconf 87' lang='lat' dir='ltr'><strong>beata</strong></span> <span class='ocrx_word' id='word_1_761' title='bbox 3017 4952 3101 4997; x_wconf 80' lang='lat' dir='ltr'><strong>est</strong></span> <span class='ocrx_word' id='word_1_762' title='bbox 3142 4960 3261 5016; x_wconf 77' lang='lat' dir='ltr'><strong>qua:</strong></span> <span class='ocrx_word' id='word_1_763' title='bbox 3289 4959 3539 5016; x_wconf 83' lang='lat' dir='ltr'><strong>persecu-</strong></span> 
     </span>
    </p>
   </div>
   <div class='ocr_carea' id='block_1_103' title="bbox 1953 5034 3539 5108">
    <p class='ocr_par' dir='ltr' id='par_1_103' title="bbox 1953 5034 3539 5108">
     <span class='ocr_line' id='line_1_103' title="bbox 1953 5034 3539 5108; baseline 0.001 -15"><span class='ocrx_word' id='word_1_764' title='bbox 1953 5039 2155 5093; x_wconf 90' lang='lat' dir='ltr'><strong>tionem</strong></span> <span class='ocrx_word' id='word_1_765' title='bbox 2186 5037 2388 5106; x_wconf 87' lang='lat' dir='ltr'><strong>patitur</strong></span> <span class='ocrx_word' id='word_1_766' title='bbox 2423 5044 2646 5105; x_wconf 90' lang='lat' dir='ltr'><strong>propter</strong></span> <span class='ocrx_word' id='word_1_767' title='bbox 2678 5034 3032 5108; x_wconf 54' lang='lat' dir='ltr'><strong>,iujustitiam.</strong></span> <span class='ocrx_word' id='word_1_768' title='bbox 3068 5055 3086 5088; x_wconf 73' lang='grc' dir='ltr'>ι</span> <span class='ocrx_word' id='word_1_769' title='bbox 3126 5037 3259 5092; x_wconf 88' lang='lat' dir='ltr'><strong>Item</strong></span> <span class='ocrx_word' id='word_1_770' title='bbox 3288 5056 3301 5091; x_wconf 89' lang='lat'><strong>:</strong></span> <span class='ocrx_word' id='word_1_771' title='bbox 3331 5056 3350 5088; x_wconf 77' lang='grc' dir='ltr'><strong><em>ι</em></strong></span> <span class='ocrx_word' id='word_1_772' title='bbox 3383 5037 3539 5104; x_wconf 78' lang='lat' dir='ltr'><strong>Quod</strong></span> 
     </span>
    </p>
   </div>
   <div class='ocr_carea' id='block_1_104' title="bbox 1953 5114 3587 5190">
    <p class='ocr_par' dir='ltr' id='par_1_104' title="bbox 1953 5114 3587 5190">
     <span class='ocr_line' id='line_1_104' title="bbox 1953 5114 3587 5190; baseline 0 -7"><span class='ocrx_word' id='word_1_773' title='bbox 1953 5139 2133 5183; x_wconf 85' lang='lat' dir='ltr'><strong>autem</strong></span> <span class='ocrx_word' id='word_1_774' title='bbox 2156 5128 2363 5190; x_wconf 88' lang='lat' dir='ltr'><strong>dicunt,</strong></span> <span class='ocrx_word' id='word_1_775' title='bbox 2387 5128 2480 5190; x_wconf 85' lang='lat' dir='ltr'><strong>qui</strong></span> <span class='ocrx_word' id='word_1_776' title='bbox 2508 5136 2701 5187; x_wconf 79' lang='lat' dir='ltr'><strong>contra</strong></span> <span class='ocrx_word' id='word_1_777' title='bbox 2725 5144 2850 5186; x_wconf 74' lang='lat' dir='ltr'><strong>sues</strong></span> <span class='ocrx_word' id='word_1_778' title='bbox 2872 5127 3180 5190; x_wconf 82' lang='lat' dir='ltr'><strong>impietates</strong></span> <span class='ocrx_word' id='word_1_779' title='bbox 3203 5126 3539 5190; x_wconf 74' lang='lat' dir='ltr'><strong>legesjustas</strong></span> <span class='ocrx_word' id='word_1_780' title='bbox 3582 5114 3587 5120; x_wconf 54' lang='grc'><em>’</em></span> 
     </span>
    </p>
   </div>
  </div>
