  <div class='ocr_page' id='page_1' title='image "/cluster/home/n/w/nwhite01/storage/ocr_20150623/149/hvd.32044015473770/231.png"; bbox 0 0 4018 5330; ppageno 0'>
   <div class='ocr_carea' id='block_1_1' title="bbox 501 313 3794 396">
    <p class='ocr_par' dir='ltr' id='par_1_1' title="bbox 501 313 3794 396">
     <span class='ocr_line' id='line_1_1' title="bbox 501 313 3794 396; baseline -0 -1"><span class='ocrx_word' id='word_1_1' title='bbox 501 339 601 396; x_wconf 79' lang='lat' dir='ltr'><strong>tsi</strong></span> <span class='ocrx_word' id='word_1_2' title='bbox 1457 365 1460 370; x_wconf 93' lang='lat'><strong><em>-</em></strong></span> <span class='ocrx_word' id='word_1_3' title='bbox 1571 337 1631 392; x_wconf 88' lang='lat' dir='ltr'><strong>s.</strong></span> <span class='ocrx_word' id='word_1_4' title='bbox 1677 313 1972 390; x_wconf 63' lang='lat' dir='ltr'><strong>assum</strong></span> <span class='ocrx_word' id='word_1_5' title='bbox 2015 332 2352 389; x_wconf 68' lang='lat' dir='ltr'><strong>LL’CENSIS</strong></span> <span class='ocrx_word' id='word_1_6' title='bbox 2393 335 2694 394; x_wconf 82' lang='lat' dir='ltr'><strong>EPISCOPI</strong></span> <span class='ocrx_word' id='word_1_7' title='bbox 3680 337 3794 394; x_wconf 64' lang='lat'><strong>43:2</strong></span> 
     </span>
    </p>
   </div>
   <div class='ocr_carea' id='block_1_2' title="bbox 499 449 3790 530">
    <p class='ocr_par' dir='ltr' id='par_1_2' title="bbox 499 449 3790 530">
     <span class='ocr_line' id='line_1_2' title="bbox 499 449 3790 530; baseline 0.001 -19"><span class='ocrx_word' id='word_1_8' title='bbox 499 457 662 511; x_wconf 82' lang='lat' dir='ltr'><strong>batur</strong></span> <span class='ocrx_word' id='word_1_9' title='bbox 682 454 822 525; x_wconf 87' lang='lat' dir='ltr'><strong>quod</strong></span> <span class='ocrx_word' id='word_1_10' title='bbox 853 453 1012 524; x_wconf 89' lang='lat' dir='ltr'><strong>paulo</strong></span> <span class='ocrx_word' id='word_1_11' title='bbox 1045 463 1165 524; x_wconf 86' lang='lat' dir='ltr'><strong>post</strong></span> <span class='ocrx_word' id='word_1_12' title='bbox 1211 453 1262 508; x_wconf 91' lang='lat' dir='ltr'><strong>in</strong></span> <span class='ocrx_word' id='word_1_13' title='bbox 1309 453 1498 508; x_wconf 79' lang='lat' dir='ltr'><strong>eodem</strong></span> <span class='ocrx_word' id='word_1_14' title='bbox 1529 453 1739 523; x_wconf 81' lang='lat' dir='ltr'><strong>psalmo</strong></span> <span class='ocrx_word' id='word_1_15' title='bbox 1781 452 2032 505; x_wconf 76' lang='lat' dir='ltr'><strong>subditur</strong></span> <span class='ocrx_word' id='word_1_16' title='bbox 2065 467 2075 502; x_wconf 93' lang='lat'><strong>:</strong></span> <span class='ocrx_word' id='word_1_17' title='bbox 2111 451 2157 510; x_wconf 82' lang='grc' dir='ltr'><strong>Α</strong></span> <span class='ocrx_word' id='word_1_18' title='bbox 2259 449 2402 505; x_wconf 80' lang='lat' dir='ltr'><strong>hient</strong></span> <span class='ocrx_word' id='word_1_19' title='bbox 2441 452 2776 522; x_wconf 71' lang='lat' dir='ltr'><strong>Augustinus</strong></span> <span class='ocrx_word' id='word_1_20' title='bbox 2807 451 3017 510; x_wconf 88' lang='lat' dir='ltr'><strong>Donato</strong></span> <span class='ocrx_word' id='word_1_21' title='bbox 3055 465 3372 528; x_wconf 85' lang='lat' dir='ltr'><strong>presnytero</strong></span> <span class='ocrx_word' id='word_1_22' title='bbox 3404 476 3416 511; x_wconf 91' lang='lat'><strong>:</strong></span> <span class='ocrx_word' id='word_1_23' title='bbox 3456 476 3475 510; x_wconf 85' lang='grc'><strong>‹</strong></span> <span class='ocrx_word' id='word_1_24' title='bbox 3521 459 3790 530; x_wconf 72' lang='lat' dir='ltr'><strong>Displicet</strong></span> 
     </span>
    </p>
   </div>
   <div class='ocr_carea' id='block_1_3' title="bbox 499 543 3787 618">
    <p class='ocr_par' dir='ltr' id='par_1_3' title="bbox 499 543 3787 618">
     <span class='ocr_line' id='line_1_3' title="bbox 499 543 3787 618; baseline 0.002 -16"><span class='ocrx_word' id='word_1_25' title='bbox 499 548 715 602; x_wconf 83' lang='lat' dir='ltr'><strong>Serviie</strong></span> <span class='ocrx_word' id='word_1_26' title='bbox 743 549 970 602; x_wconf 69' lang='lat' dir='ltr'><strong>Doniino</strong></span> <span class='ocrx_word' id='word_1_27' title='bbox 994 549 1044 602; x_wconf 93' lang='lat' dir='ltr'><strong>iu</strong></span> <span class='ocrx_word' id='word_1_28' title='bbox 1075 549 1268 602; x_wconf 88' lang='lat' dir='ltr'><strong>timore</strong></span> <span class='ocrx_word' id='word_1_29' title='bbox 1290 547 1474 618; x_wconf 46' lang='lat' dir='ltr'><strong>(:Psal.</strong></span> <span class='ocrx_word' id='word_1_30' title='bbox 1513 547 1624 616; x_wconf 85' lang='lat' dir='ltr'><strong>ti.).</strong></span> <span class='ocrx_word' id='word_1_31' title='bbox 1664 546 1890 613; x_wconf 85' lang='lat' dir='ltr'><strong>Quando</strong></span> <span class='ocrx_word' id='word_1_32' title='bbox 1935 548 2082 602; x_wconf 88' lang='lat' dir='ltr'><strong>enim</strong></span> <span class='ocrx_word' id='word_1_33' title='bbox 2193 543 2287 598; x_wconf 86' lang='lat' dir='ltr'><strong>tibi</strong></span> <span class='ocrx_word' id='word_1_34' title='bbox 2319 547 2460 614; x_wconf 89' lang='lat' dir='ltr'><strong>quod</strong></span> <span class='ocrx_word' id='word_1_35' title='bbox 2487 547 2716 601; x_wconf 88' lang='lat' dir='ltr'><strong>traheris</strong></span> <span class='ocrx_word' id='word_1_36' title='bbox 2743 549 2809 602; x_wconf 88' lang='lat' dir='ltr'><strong>ad</strong></span> <span class='ocrx_word' id='word_1_37' title='bbox 2839 547 3092 616; x_wconf 75' lang='lat' dir='ltr'><strong>salutem,</strong></span> <span class='ocrx_word' id='word_1_38' title='bbox 3128 565 3250 606; x_wconf 87' lang='lat' dir='ltr'><strong>cum</strong></span> <span class='ocrx_word' id='word_1_39' title='bbox 3279 561 3389 606; x_wconf 87' lang='lat' dir='ltr'><strong>tam</strong></span> <span class='ocrx_word' id='word_1_40' title='bbox 3437 553 3638 608; x_wconf 82' lang='lat' dir='ltr'><strong>mullos</strong></span> <span class='ocrx_word' id='word_1_41' title='bbox 3683 571 3787 610; x_wconf 61' lang='grc' dir='ltr'><strong>που</strong></span> 
     </span>
    </p>
   </div>
   <div class='ocr_carea' id='block_1_4' title="bbox 499 638 3785 710">
    <p class='ocr_par' dir='ltr' id='par_1_4' title="bbox 499 638 3785 710">
     <span class='ocr_line' id='line_1_4' title="bbox 499 638 3785 710; baseline 0.003 -19"><span class='ocrx_word' id='word_1_42' title='bbox 499 655 656 710; x_wconf 74' lang='lat' dir='ltr'><strong>reges</strong></span> <span class='ocrx_word' id='word_1_43' title='bbox 675 641 922 693; x_wconf 83' lang='lat' dir='ltr'><strong>serviunt</strong></span> <span class='ocrx_word' id='word_1_44' title='bbox 951 639 1178 694; x_wconf 87' lang='lat' dir='ltr'><strong>Domino</strong></span> <span class='ocrx_word' id='word_1_45' title='bbox 1207 639 1258 693; x_wconf 88' lang='lat' dir='ltr'><strong>in</strong></span> <span class='ocrx_word' id='word_1_46' title='bbox 1291 639 1506 703; x_wconf 87' lang='lat' dir='ltr'><strong>timore,</strong></span> <span class='ocrx_word' id='word_1_47' title='bbox 1537 639 1642 694; x_wconf 83' lang='lat' dir='ltr'><strong>nisi</strong></span> <span class='ocrx_word' id='word_1_48' title='bbox 1667 655 1728 694; x_wconf 90' lang='lat' dir='ltr'><strong>ea</strong></span> <span class='ocrx_word' id='word_1_49' title='bbox 1751 654 1871 709; x_wconf 72' lang='lat' dir='ltr'><strong>qua:</strong></span> <span class='ocrx_word' id='word_1_50' title='bbox 1891 648 2082 694; x_wconf 86' lang='lat' dir='ltr'><strong>contra</strong></span> <span class='ocrx_word' id='word_1_51' title='bbox 2187 643 2360 689; x_wconf 88' lang='lat' dir='ltr'><strong>strum</strong></span> <span class='ocrx_word' id='word_1_52' title='bbox 2409 638 2474 690; x_wconf 89' lang='lat' dir='ltr'><strong>ad</strong></span> <span class='ocrx_word' id='word_1_53' title='bbox 2508 638 2804 706; x_wconf 85' lang='lat' dir='ltr'><strong>perniciem</strong></span> <span class='ocrx_word' id='word_1_54' title='bbox 2857 642 3110 697; x_wconf 81' lang='lat' dir='ltr'><strong>traxeris.</strong></span> <span class='ocrx_word' id='word_1_55' title='bbox 3169 643 3308 710; x_wconf 84' lang='lat' dir='ltr'><strong>Quid</strong></span> <span class='ocrx_word' id='word_1_56' title='bbox 3345 647 3492 700; x_wconf 85' lang='lat' dir='ltr'><strong>enim</strong></span> <span class='ocrx_word' id='word_1_57' title='bbox 3522 647 3785 703; x_wconf 82' lang='lat' dir='ltr'><strong>volumus</strong></span> 
     </span>
    </p>
   </div>
   <div class='ocr_carea' id='block_1_5' title="bbox 493 717 3786 804">
    <p class='ocr_par' dir='ltr' id='par_1_5' title="bbox 493 717 3786 804">
     <span class='ocr_line' id='line_1_5' title="bbox 493 717 3786 804; baseline 0.002 -20"><span class='ocrx_word' id='word_1_58' title='bbox 493 731 640 800; x_wconf 82' lang='lat' dir='ltr'><strong>jussa</strong></span> <span class='ocrx_word' id='word_1_59' title='bbox 675 734 768 790; x_wconf 86' lang='lat' dir='ltr'><strong>Dei</strong></span> <span class='ocrx_word' id='word_1_60' title='bbox 801 735 936 788; x_wconf 81' lang='lat' dir='ltr'><strong>ﬁunt</strong></span> <span class='ocrx_word' id='word_1_61' title='bbox 968 733 1214 804; x_wconf 78' lang='lat' dir='ltr'><strong>religiosa</strong></span> <span class='ocrx_word' id='word_1_62' title='bbox 1238 734 1534 788; x_wconf 83' lang='lat' dir='ltr'><strong>severitate</strong></span> <span class='ocrx_word' id='word_1_63' title='bbox 1556 733 1896 803; x_wconf 85' lang='lat' dir='ltr'><strong>prohibendo</strong></span> <span class='ocrx_word' id='word_1_64' title='bbox 1923 717 2084 800; x_wconf 85' lang='lat' dir='ltr'><strong>atque</strong></span> <span class='ocrx_word' id='word_1_65' title='bbox 2187 725 2289 780; x_wconf 80' lang='lat' dir='ltr'><strong>niSi</strong></span> <span class='ocrx_word' id='word_1_66' title='bbox 2321 735 2372 780; x_wconf 78' lang='lat' dir='ltr'><strong>te</strong></span> <span class='ocrx_word' id='word_1_67' title='bbox 2422 729 2808 798; x_wconf 73' lang='lat' dir='ltr'><strong>comprehendi</strong></span> <span class='ocrx_word' id='word_1_68' title='bbox 2857 739 2912 784; x_wconf 86' lang='lat' dir='ltr'><strong>et</strong></span> <span class='ocrx_word' id='word_1_69' title='bbox 2955 735 3294 802; x_wconf 62' lang='lat' dir='ltr'><strong>praesentari,</strong></span> <span class='ocrx_word' id='word_1_70' title='bbox 3349 746 3404 792; x_wconf 88' lang='lat' dir='ltr'><strong>et</strong></span> <span class='ocrx_word' id='word_1_71' title='bbox 3447 739 3654 792; x_wconf 83' lang='lat' dir='ltr'><strong>servari</strong></span> <span class='ocrx_word' id='word_1_72' title='bbox 3711 754 3786 794; x_wconf 81' lang='lat' dir='ltr'><strong>ne</strong></span> 
     </span>
    </p>
   </div>
   <div class='ocr_carea' id='block_1_6' title="bbox 497 818 2084 896">
    <p class='ocr_par' dir='ltr' id='par_1_6' title="bbox 497 825 2084 896">
     <span class='ocr_line' id='line_1_6' title="bbox 497 825 2084 896; baseline 0 -17"><span class='ocrx_word' id='word_1_73' title='bbox 497 826 818 894; x_wconf 85' lang='lat' dir='ltr'><strong>plectendn?</strong></span> <span class='ocrx_word' id='word_1_74' title='bbox 859 845 878 878; x_wconf 70' lang='grc' dir='ltr'><strong><em>ι</em></strong></span> <span class='ocrx_word' id='word_1_75' title='bbox 927 827 1068 881; x_wconf 85' lang='lat' dir='ltr'><strong>idem</strong></span> <span class='ocrx_word' id='word_1_76' title='bbox 1103 827 1228 880; x_wconf 90' lang='lat' dir='ltr'><strong>alibi</strong></span> <span class='ocrx_word' id='word_1_77' title='bbox 1269 845 1282 879; x_wconf 92' lang='lat'><em>:</em></span> <span class='ocrx_word' id='word_1_78' title='bbox 1329 844 1348 877; x_wconf 72' lang='grc' dir='ltr'><strong>α</strong></span> <span class='ocrx_word' id='word_1_79' title='bbox 1387 827 1482 882; x_wconf 88' lang='lat' dir='ltr'><strong>Ubi</strong></span> <span class='ocrx_word' id='word_1_80' title='bbox 1537 828 1790 896; x_wconf 91' lang='lat' dir='ltr'><strong>estquod</strong></span> <span class='ocrx_word' id='word_1_81' title='bbox 1835 827 1924 880; x_wconf 88' lang='lat' dir='ltr'><strong>isti</strong></span> <span class='ocrx_word' id='word_1_82' title='bbox 1974 825 2084 880; x_wconf 79' lang='lat' dir='ltr'><strong>cla-</strong></span> 
     </span>
    </p>
   </div>
   <div class='ocr_carea' id='block_1_7' title="bbox 883 818 2470 896">
    <p class='ocr_par' dir='ltr' id='par_1_7' title="bbox 927 818 2470 896">
     <span class='ocr_line' id='line_1_7' title="bbox 927 818 2470 896; baseline 0.003 -16"><span class='ocrx_word' id='word_1_83' title='bbox 927 827 1068 881; x_wconf 85' lang='lat' dir='ltr'><strong>idem</strong></span> <span class='ocrx_word' id='word_1_84' title='bbox 1103 827 1228 880; x_wconf 91' lang='lat' dir='ltr'><strong>alibi</strong></span> <span class='ocrx_word' id='word_1_85' title='bbox 1269 845 1282 879; x_wconf 78' lang='lat'><em>:</em></span> <span class='ocrx_word' id='word_1_86' title='bbox 1329 844 1348 877; x_wconf 72' lang='grc' dir='ltr'><strong>α</strong></span> <span class='ocrx_word' id='word_1_87' title='bbox 1387 827 1482 882; x_wconf 90' lang='lat' dir='ltr'><strong>Ubi</strong></span> <span class='ocrx_word' id='word_1_88' title='bbox 1537 828 1790 896; x_wconf 88' lang='lat' dir='ltr'><strong>estquod</strong></span> <span class='ocrx_word' id='word_1_89' title='bbox 1835 827 1924 880; x_wconf 91' lang='lat' dir='ltr'><strong>isti</strong></span> <span class='ocrx_word' id='word_1_90' title='bbox 1974 825 2085 880; x_wconf 78' lang='lat' dir='ltr'><strong>ela-</strong></span> <span class='ocrx_word' id='word_1_91' title='bbox 2187 818 2414 884; x_wconf 77' lang='lat' dir='ltr'><strong>pereas?</strong></span> <span class='ocrx_word' id='word_1_92' title='bbox 2451 839 2470 870; x_wconf 76' lang='grc' dir='ltr'><strong><em>ι</em></strong></span> 
     </span>
    </p>
   </div>
   <div class='ocr_carea' id='block_1_8' title="bbox 499 907 3775 988">
    <p class='ocr_par' dir='ltr' id='par_1_8' title="bbox 499 907 3775 988">
     <span class='ocr_line' id='line_1_8' title="bbox 499 907 3775 988; baseline 0.002 -19"><span class='ocrx_word' id='word_1_93' title='bbox 499 932 652 970; x_wconf 86' lang='lat' dir='ltr'><strong>mare</strong></span> <span class='ocrx_word' id='word_1_94' title='bbox 673 919 1108 970; x_wconf 83' lang='lat' dir='ltr'><strong>consueverunt?</strong></span> <span class='ocrx_word' id='word_1_95' title='bbox 1142 917 1238 971; x_wconf 86' lang='lat' dir='ltr'><strong>Cui</strong></span> <span class='ocrx_word' id='word_1_96' title='bbox 1269 918 1374 972; x_wconf 91' lang='lat' dir='ltr'><strong>vim</strong></span> <span class='ocrx_word' id='word_1_97' title='bbox 1404 917 1652 973; x_wconf 81' lang='lat' dir='ltr'><strong>Christus</strong></span> <span class='ocrx_word' id='word_1_98' title='bbox 1679 917 1892 972; x_wconf 86' lang='lat' dir='ltr'><strong>intulit?</strong></span> <span class='ocrx_word' id='word_1_99' title='bbox 1911 917 2080 984; x_wconf 82' lang='lat' dir='ltr'><strong>Quem</strong></span> <span class='ocrx_word' id='word_1_100' title='bbox 2255 907 2502 979; x_wconf 66' lang='lat' dir='ltr'><strong>Pelagius</strong></span> <span class='ocrx_word' id='word_1_101' title='bbox 2527 925 2658 981; x_wconf 68' lang='lat' dir='ltr'><strong>papa</strong></span> <span class='ocrx_word' id='word_1_102' title='bbox 2686 929 2698 964; x_wconf 79' lang='grc' dir='ltr'><strong>ε</strong></span> <span class='ocrx_word' id='word_1_103' title='bbox 2730 931 2748 964; x_wconf 73' lang='grc' dir='ltr'>ι</span> <span class='ocrx_word' id='word_1_104' title='bbox 2783 910 2897 966; x_wconf 82' lang='lat' dir='ltr'><strong>Non</strong></span> <span class='ocrx_word' id='word_1_105' title='bbox 2925 914 3651 988; x_wconf 65' lang='grc' dir='ltr'><strong>νος,ιιοιῐιίηυηινεηῑῐοιιιιίτι</strong></span> <span class='ocrx_word' id='word_1_106' title='bbox 3681 933 3775 974; x_wconf 87' lang='lat' dir='ltr'><strong>re-</strong></span> 
     </span>
    </p>
   </div>
   <div class='ocr_carea' id='block_1_9' title="bbox 500 1003 3777 1078">
    <p class='ocr_par' dir='ltr' id='par_1_9' title="bbox 500 1003 3777 1078">
     <span class='ocr_line' id='line_1_9' title="bbox 500 1003 3777 1078; baseline 0.002 -18"><span class='ocrx_word' id='word_1_107' title='bbox 500 1007 714 1078; x_wconf 80' lang='lat' dir='ltr'><strong>coegit?</strong></span> <span class='ocrx_word' id='word_1_108' title='bbox 741 1007 882 1061; x_wconf 91' lang='lat' dir='ltr'><strong>Ecce</strong></span> <span class='ocrx_word' id='word_1_109' title='bbox 919 1007 1122 1061; x_wconf 80' lang='lat' dir='ltr'><strong>habent</strong></span> <span class='ocrx_word' id='word_1_110' title='bbox 1153 1007 1378 1060; x_wconf 86' lang='lat' dir='ltr'><strong>Paulum</strong></span> <span class='ocrx_word' id='word_1_111' title='bbox 1409 1008 1734 1077; x_wconf 79' lang='lat' dir='ltr'><strong>apostolum.</strong></span> <span class='ocrx_word' id='word_1_112' title='bbox 1767 1008 2082 1077; x_wconf 78' lang='lat' dir='ltr'><strong>Agnoscant</strong></span> <span class='ocrx_word' id='word_1_113' title='bbox 2187 1003 2404 1056; x_wconf 86' lang='lat' dir='ltr'><strong>tardent</strong></span> <span class='ocrx_word' id='word_1_114' title='bbox 2436 1003 2730 1058; x_wconf 86' lang='lat' dir='ltr'><strong>dicentium</strong></span> <span class='ocrx_word' id='word_1_115' title='bbox 2763 1006 2888 1074; x_wconf 88' lang='lat' dir='ltr'><strong>quia</strong></span> <span class='ocrx_word' id='word_1_116' title='bbox 2929 1010 3360 1075; x_wconf 84' lang='lat' dir='ltr'><strong>persecutionem</strong></span> <span class='ocrx_word' id='word_1_117' title='bbox 3403 1012 3645 1068; x_wconf 80' lang='lat' dir='ltr'><strong>Ecclesia</strong></span> <span class='ocrx_word' id='word_1_118' title='bbox 3689 1014 3777 1067; x_wconf 83' lang='lat' dir='ltr'><strong>fa-</strong></span> 
     </span>
    </p>
   </div>
   <div class='ocr_carea' id='block_1_10' title="bbox 500 1092 3780 1172">
    <p class='ocr_par' dir='ltr' id='par_1_10' title="bbox 500 1092 3780 1172">
     <span class='ocr_line' id='line_1_10' title="bbox 500 1092 3780 1172; baseline 0.002 -19"><span class='ocrx_word' id='word_1_119' title='bbox 500 1100 552 1153; x_wconf 90' lang='lat' dir='ltr'><strong>iu</strong></span> <span class='ocrx_word' id='word_1_120' title='bbox 578 1115 642 1154; x_wconf 89' lang='lat' dir='ltr'><strong>eo</strong></span> <span class='ocrx_word' id='word_1_121' title='bbox 672 1100 821 1168; x_wconf 85' lang='lat' dir='ltr'><strong>prius</strong></span> <span class='ocrx_word' id='word_1_122' title='bbox 845 1109 1124 1170; x_wconf 75' lang='lat' dir='ltr'><strong>cogentem</strong></span> <span class='ocrx_word' id='word_1_123' title='bbox 1157 1100 1432 1154; x_wconf 87' lang='lat' dir='ltr'><strong>Christum</strong></span> <span class='ocrx_word' id='word_1_124' title='bbox 1461 1110 1515 1154; x_wconf 90' lang='lat' dir='ltr'><strong>et</strong></span> <span class='ocrx_word' id='word_1_125' title='bbox 1551 1109 1738 1170; x_wconf 88' lang='lat' dir='ltr'><strong>postea</strong></span> <span class='ocrx_word' id='word_1_126' title='bbox 1771 1101 2078 1165; x_wconf 89' lang='lat' dir='ltr'><strong>docentem,</strong></span> <span class='ocrx_word' id='word_1_127' title='bbox 2185 1092 2310 1156; x_wconf 82' lang='lat' dir='ltr'><strong>ciat,</strong></span> <span class='ocrx_word' id='word_1_128' title='bbox 2339 1093 2464 1147; x_wconf 90' lang='lat' dir='ltr'><strong>dum</strong></span> <span class='ocrx_word' id='word_1_129' title='bbox 2517 1095 2600 1150; x_wconf 90' lang='lat' dir='ltr'><strong>vel</strong></span> <span class='ocrx_word' id='word_1_130' title='bbox 2646 1111 2708 1150; x_wconf 86' lang='lat' dir='ltr'><strong>ea</strong></span> <span class='ocrx_word' id='word_1_131' title='bbox 2757 1111 2878 1167; x_wconf 71' lang='lat' dir='ltr'><strong>qua:</strong></span> <span class='ocrx_word' id='word_1_132' title='bbox 2915 1100 3331 1155; x_wconf 87' lang='lat' dir='ltr'><strong>committuntur</strong></span> <span class='ocrx_word' id='word_1_133' title='bbox 3379 1104 3642 1172; x_wconf 86' lang='lat' dir='ltr'><strong>reprimit,</strong></span> <span class='ocrx_word' id='word_1_134' title='bbox 3687 1103 3780 1160; x_wconf 88' lang='lat' dir='ltr'><strong>vel</strong></span> 
     </span>
    </p>
   </div>
   <div class='ocr_carea' id='block_1_11' title="bbox 497 1185 2084 1265">
    <p class='ocr_par' dir='ltr' id='par_1_11' title="bbox 497 1193 2074 1265">
     <span class='ocr_line' id='line_1_11' title="bbox 497 1193 2074 1265; baseline 0.001 -21"><span class='ocrx_word' id='word_1_135' title='bbox 497 1195 646 1262; x_wconf 86' lang='lat' dir='ltr'><strong>prius</strong></span> <span class='ocrx_word' id='word_1_136' title='bbox 679 1193 985 1256; x_wconf 84' lang='lat' dir='ltr'><strong>ferientem,</strong></span> <span class='ocrx_word' id='word_1_137' title='bbox 1018 1202 1071 1247; x_wconf 91' lang='lat' dir='ltr'><strong>et</strong></span> <span class='ocrx_word' id='word_1_138' title='bbox 1109 1203 1299 1263; x_wconf 83' lang='lat' dir='ltr'><strong>postea</strong></span> <span class='ocrx_word' id='word_1_139' title='bbox 1341 1195 1710 1250; x_wconf 89' lang='lat' dir='ltr'><strong>cousolantem</strong></span> <span class='ocrx_word' id='word_1_140' title='bbox 1743 1195 1882 1265; x_wconf 79' lang='lat' dir='ltr'><strong>(Act.</strong></span> <span class='ocrx_word' id='word_1_141' title='bbox 1917 1194 2018 1264; x_wconf 72' lang='lat' dir='ltr'><strong>ts).</strong></span> <span class='ocrx_word' id='word_1_142' title='bbox 2056 1213 2074 1246; x_wconf 70' lang='grc' dir='ltr'>ι</span> 
     </span>
    </p>
   </div>
   <div class='ocr_carea' id='block_1_12' title="bbox 2194 1185 3781 1265">
    <p class='ocr_par' dir='ltr' id='par_1_12' title="bbox 2194 1185 3781 1263">
     <span class='ocr_line' id='line_1_12' title="bbox 2194 1185 3781 1263; baseline 0.008 -23"><span class='ocrx_word' id='word_1_143' title='bbox 2194 1185 2486 1240; x_wconf 72' lang='lat' dir='ltr'><strong>animarum</strong></span> <span class='ocrx_word' id='word_1_144' title='bbox 2534 1188 2763 1244; x_wconf 83' lang='lat' dir='ltr'><strong>salutem</strong></span> <span class='ocrx_word' id='word_1_145' title='bbox 2792 1191 3038 1260; x_wconf 85' lang='lat' dir='ltr'><strong>requirit.</strong></span> <span class='ocrx_word' id='word_1_146' title='bbox 3070 1191 3270 1247; x_wconf 84' lang='lat' dir='ltr'><strong>Errant</strong></span> <span class='ocrx_word' id='word_1_147' title='bbox 3321 1194 3630 1263; x_wconf 89' lang='lat' dir='ltr'><strong>hujusmodi</strong></span> <span class='ocrx_word' id='word_1_148' title='bbox 3679 1212 3781 1252; x_wconf 85' lang='lat' dir='ltr'><strong>ru-</strong></span> 
     </span>
    </p>
   </div>
   <div class='ocr_carea' id='block_1_13' title="bbox 498 1277 2085 1360">
    <p class='ocr_par' dir='ltr' id='par_1_13' title="bbox 498 1284 2079 1354">
     <span class='ocr_line' id='line_1_13' title="bbox 498 1284 2079 1354; baseline 0.003 -17"><span class='ocrx_word' id='word_1_149' title='bbox 498 1286 630 1338; x_wconf 78' lang='lat' dir='ltr'><strong>ltcm</strong></span> <span class='ocrx_word' id='word_1_150' title='bbox 665 1302 680 1337; x_wconf 86' lang='lat'><strong><em>:</em></strong></span> <span class='ocrx_word' id='word_1_151' title='bbox 721 1305 736 1334; x_wconf 78' lang='grc' dir='ltr'><strong><em>ι</em></strong></span> <span class='ocrx_word' id='word_1_152' title='bbox 775 1284 888 1338; x_wconf 65' lang='lat' dir='ltr'><strong>Non</strong></span> <span class='ocrx_word' id='word_1_153' title='bbox 933 1285 1063 1338; x_wconf 88' lang='lat' dir='ltr'><strong>mihi</strong></span> <span class='ocrx_word' id='word_1_154' title='bbox 1111 1286 1302 1354; x_wconf 84' lang='lat' dir='ltr'><strong>placet,</strong></span> <span class='ocrx_word' id='word_1_155' title='bbox 1341 1295 1398 1340; x_wconf 91' lang='lat' dir='ltr'><strong>ut</strong></span> <span class='ocrx_word' id='word_1_156' title='bbox 1439 1301 1628 1341; x_wconf 89' lang='lat' dir='ltr'><strong>omnes</strong></span> <span class='ocrx_word' id='word_1_157' title='bbox 1677 1287 2079 1342; x_wconf 83' lang='lat' dir='ltr'><strong>habeantocci-</strong></span> 
     </span>
    </p>
   </div>
   <div class='ocr_carea' id='block_1_14' title="bbox 2186 1277 3773 1360">
    <p class='ocr_par' dir='ltr' id='par_1_14' title="bbox 2186 1277 3773 1360">
     <span class='ocr_line' id='line_1_14' title="bbox 2186 1277 3773 1360; baseline 0.009 -30"><span class='ocrx_word' id='word_1_158' title='bbox 2186 1277 2352 1332; x_wconf 90' lang='lat' dir='ltr'><strong>moris</strong></span> <span class='ocrx_word' id='word_1_159' title='bbox 2403 1277 2735 1336; x_wconf 82' lang='lat' dir='ltr'><strong>fabulatores</strong></span> <span class='ocrx_word' id='word_1_160' title='bbox 2768 1300 2780 1334; x_wconf 96' lang='lat'>:</span> <span class='ocrx_word' id='word_1_161' title='bbox 2811 1297 2915 1336; x_wconf 90' lang='lat' dir='ltr'><strong>non</strong></span> <span class='ocrx_word' id='word_1_162' title='bbox 2969 1286 3334 1354; x_wconf 82' lang='lat' dir='ltr'><strong>persequitur,</strong></span> <span class='ocrx_word' id='word_1_163' title='bbox 3397 1289 3500 1343; x_wconf 88' lang='lat' dir='ltr'><strong>nisi</strong></span> <span class='ocrx_word' id='word_1_164' title='bbox 3557 1289 3650 1360; x_wconf 87' lang='lat' dir='ltr'><strong>qui</strong></span> <span class='ocrx_word' id='word_1_165' title='bbox 3697 1291 3773 1344; x_wconf 85' lang='lat' dir='ltr'><strong>ad</strong></span> 
     </span>
    </p>
   </div>
   <div class='ocr_carea' id='block_1_15' title="bbox 497 1369 3770 1456">
    <p class='ocr_par' dir='ltr' id='par_1_15' title="bbox 497 1369 3770 1456">
     <span class='ocr_line' id='line_1_15' title="bbox 497 1369 3770 1456; baseline 0.006 -28"><span class='ocrx_word' id='word_1_166' title='bbox 497 1376 654 1430; x_wconf 74' lang='grc' dir='ltr'><strong>ειυιιίιί</strong></span> <span class='ocrx_word' id='word_1_167' title='bbox 715 1376 1011 1442; x_wconf 89' lang='lat' dir='ltr'><strong>licentiam,</strong></span> <span class='ocrx_word' id='word_1_168' title='bbox 1067 1378 1169 1432; x_wconf 86' lang='lat' dir='ltr'><strong>nisi</strong></span> <span class='ocrx_word' id='word_1_169' title='bbox 1207 1377 1344 1433; x_wconf 85' lang='lat' dir='ltr'><strong>forte</strong></span> <span class='ocrx_word' id='word_1_170' title='bbox 1383 1379 1457 1433; x_wconf 91' lang='lat' dir='ltr'><strong>sit</strong></span> <span class='ocrx_word' id='word_1_171' title='bbox 1503 1380 1676 1441; x_wconf 86' lang='lat' dir='ltr'><strong>miles.</strong></span> <span class='ocrx_word' id='word_1_172' title='bbox 1719 1389 1812 1434; x_wconf 84' lang='lat' dir='ltr'><strong>aut</strong></span> <span class='ocrx_word' id='word_1_173' title='bbox 1861 1381 2076 1448; x_wconf 89' lang='lat' dir='ltr'><strong>publica</strong></span> <span class='ocrx_word' id='word_1_174' title='bbox 2182 1369 2382 1424; x_wconf 72' lang='lat' dir='ltr'><strong>malum</strong></span> <span class='ocrx_word' id='word_1_175' title='bbox 2411 1373 2574 1443; x_wconf 71' lang='grc' dir='ltr'><strong>ειιεῖιο</strong></span> <span class='ocrx_word' id='word_1_176' title='bbox 2609 1373 2710 1438; x_wconf 82' lang='lat' dir='ltr'><strong>Qui</strong></span> <span class='ocrx_word' id='word_1_177' title='bbox 2737 1389 2862 1430; x_wconf 77' lang='lat' dir='ltr'><strong>vero</strong></span> <span class='ocrx_word' id='word_1_178' title='bbox 2889 1377 3085 1432; x_wconf 78' lang='lat' dir='ltr'><strong>malum</strong></span> <span class='ocrx_word' id='word_1_179' title='bbox 3121 1379 3770 1456; x_wconf 71' lang='lat' dir='ltr'><strong>veliamfaclumpunil.</strong></span> 
     </span>
    </p>
   </div>
   <div class='ocr_carea' id='block_1_16' title="bbox 497 1459 2084 1546">
    <p class='ocr_par' dir='ltr' id='par_1_16' title="bbox 497 1469 2078 1543">
     <span class='ocr_line' id='line_1_16' title="bbox 497 1469 2078 1543; baseline 0.004 -21"><span class='ocrx_word' id='word_1_180' title='bbox 497 1469 772 1524; x_wconf 80' lang='lat' dir='ltr'><strong>functione</strong></span> <span class='ocrx_word' id='word_1_181' title='bbox 799 1479 1066 1534; x_wconf 82' lang='lat' dir='ltr'><strong>teneatur,</strong></span> <span class='ocrx_word' id='word_1_182' title='bbox 1095 1479 1153 1524; x_wconf 91' lang='lat' dir='ltr'><strong>ut</strong></span> <span class='ocrx_word' id='word_1_183' title='bbox 1179 1488 1281 1525; x_wconf 90' lang='lat' dir='ltr'><strong>non</strong></span> <span class='ocrx_word' id='word_1_184' title='bbox 1307 1487 1404 1540; x_wconf 90' lang='lat' dir='ltr'><strong>pro</strong></span> <span class='ocrx_word' id='word_1_185' title='bbox 1431 1489 1488 1528; x_wconf 90' lang='lat' dir='ltr'><strong>se</strong></span> <span class='ocrx_word' id='word_1_186' title='bbox 1509 1475 1612 1528; x_wconf 89' lang='lat' dir='ltr'><strong>hoc</strong></span> <span class='ocrx_word' id='word_1_187' title='bbox 1637 1473 1823 1538; x_wconf 88' lang='lat' dir='ltr'><strong>faciat,</strong></span> <span class='ocrx_word' id='word_1_188' title='bbox 1853 1476 1946 1528; x_wconf 86' lang='lat' dir='ltr'><strong>sed</strong></span> <span class='ocrx_word' id='word_1_189' title='bbox 1979 1489 2078 1543; x_wconf 90' lang='lat' dir='ltr'><strong>pro</strong></span> 
     </span>
    </p>
   </div>
   <div class='ocr_carea' id='block_1_17' title="bbox 2180 1459 3767 1546">
    <p class='ocr_par' dir='ltr' id='par_1_17' title="bbox 2181 1459 3767 1546">
     <span class='ocr_line' id='line_1_17' title="bbox 2181 1459 3767 1546; baseline 0.01 -34"><span class='ocrx_word' id='word_1_190' title='bbox 2181 1459 2264 1514; x_wconf 86' lang='lat' dir='ltr'><strong>vel</strong></span> <span class='ocrx_word' id='word_1_191' title='bbox 2285 1462 2534 1530; x_wconf 86' lang='lat' dir='ltr'><strong>prohibet</strong></span> <span class='ocrx_word' id='word_1_192' title='bbox 2559 1479 2626 1518; x_wconf 89' lang='lat' dir='ltr'><strong>ne</strong></span> <span class='ocrx_word' id='word_1_193' title='bbox 2651 1465 2766 1531; x_wconf 86' lang='lat' dir='ltr'><strong>fiat,</strong></span> <span class='ocrx_word' id='word_1_194' title='bbox 2793 1481 2898 1520; x_wconf 90' lang='lat' dir='ltr'><strong>non</strong></span> <span class='ocrx_word' id='word_1_195' title='bbox 2922 1469 3264 1537; x_wconf 85' lang='lat' dir='ltr'><strong>persequitur</strong></span> <span class='ocrx_word' id='word_1_196' title='bbox 3289 1471 3414 1539; x_wconf 87' lang='lat' dir='ltr'><strong>istc,</strong></span> <span class='ocrx_word' id='word_1_197' title='bbox 3445 1475 3542 1528; x_wconf 86' lang='lat' dir='ltr'><strong>sed</strong></span> <span class='ocrx_word' id='word_1_198' title='bbox 3565 1475 3767 1546; x_wconf 78' lang='lat' dir='ltr'><strong>diligit.</strong></span> 
     </span>
    </p>
   </div>
   <div class='ocr_carea' id='block_1_18' title="bbox 493 1551 3772 1636">
    <p class='ocr_par' dir='ltr' id='par_1_18' title="bbox 493 1551 3772 1636">
     <span class='ocr_line' id='line_1_18' title="bbox 493 1551 3772 1636; baseline 0.006 -20"><span class='ocrx_word' id='word_1_199' title='bbox 493 1562 631 1624; x_wconf 85' lang='lat' dir='ltr'><strong>aliis,</strong></span> <span class='ocrx_word' id='word_1_200' title='bbox 667 1563 746 1616; x_wconf 91' lang='lat' dir='ltr'><strong>vel</strong></span> <span class='ocrx_word' id='word_1_201' title='bbox 769 1578 866 1632; x_wconf 91' lang='lat' dir='ltr'><strong>pro</strong></span> <span class='ocrx_word' id='word_1_202' title='bbox 892 1564 1134 1628; x_wconf 79' lang='lat' dir='ltr'><strong>civitate,</strong></span> <span class='ocrx_word' id='word_1_203' title='bbox 1161 1566 1247 1619; x_wconf 86' lang='lat' dir='ltr'><strong>tibi</strong></span> <span class='ocrx_word' id='word_1_204' title='bbox 1273 1566 1437 1620; x_wconf 87' lang='lat' dir='ltr'><strong>etiam</strong></span> <span class='ocrx_word' id='word_1_205' title='bbox 1465 1567 1579 1636; x_wconf 88' lang='lat' dir='ltr'><strong>ipse</strong></span> <span class='ocrx_word' id='word_1_206' title='bbox 1599 1577 1704 1630; x_wconf 88' lang='lat' dir='ltr'><strong>est,</strong></span> <span class='ocrx_word' id='word_1_207' title='bbox 1735 1577 1957 1635; x_wconf 85' lang='lat' dir='ltr'><strong>accepta</strong></span> <span class='ocrx_word' id='word_1_208' title='bbox 2001 1567 2078 1621; x_wconf 88' lang='lat' dir='ltr'><strong>le--</strong></span> <span class='ocrx_word' id='word_1_209' title='bbox 2181 1551 2316 1606; x_wconf 67' lang='lat' dir='ltr'><strong>Nam</strong></span> <span class='ocrx_word' id='word_1_210' title='bbox 2367 1555 2436 1618; x_wconf 65' lang='grc' dir='ltr'><strong>δί’</strong></span> <span class='ocrx_word' id='word_1_211' title='bbox 2475 1565 2532 1610; x_wconf 83' lang='grc' dir='ltr'><strong>υῑ</strong></span> <span class='ocrx_word' id='word_1_212' title='bbox 2580 1556 2653 1610; x_wconf 69' lang='lat' dir='ltr'><strong>mi</strong></span> <span class='ocrx_word' id='word_1_213' title='bbox 2707 1567 2918 1626; x_wconf 66' lang='grc' dir='ltr'><strong>Ρυῑθηῑυ</strong></span> <span class='ocrx_word' id='word_1_214' title='bbox 2955 1575 3115 1615; x_wconf 64' lang='lat' dir='ltr'><strong>nemo</strong></span> <span class='ocrx_word' id='word_1_215' title='bbox 3166 1577 3265 1618; x_wconf 77' lang='grc' dir='ltr'><strong>³³εο</strong></span> <span class='ocrx_word' id='word_1_216' title='bbox 3316 1565 3692 1634; x_wconf 61' lang='grc' dir='ltr'><strong>ι’(θΡτῘηΝέηίῘυ⁵</strong></span> <span class='ocrx_word' id='word_1_217' title='bbox 3735 1582 3772 1621; x_wconf 67' lang='grc' dir='ltr'><strong>ει</strong></span> 
     </span>
    </p>
   </div>
   <div class='ocr_carea' id='block_1_19' title="bbox 492 1645 2079 1728">
    <p class='ocr_par' dir='ltr' id='par_1_19' title="bbox 492 1654 2075 1728">
     <span class='ocr_line' id='line_1_19' title="bbox 492 1654 2075 1728; baseline 0.005 -22"><span class='ocrx_word' id='word_1_218' title='bbox 492 1654 676 1724; x_wconf 75' lang='lat' dir='ltr'><strong>gitima</strong></span> <span class='ocrx_word' id='word_1_219' title='bbox 711 1663 995 1723; x_wconf 88' lang='lat' dir='ltr'><strong>potestate,</strong></span> <span class='ocrx_word' id='word_1_220' title='bbox 1033 1657 1076 1711; x_wconf 89' lang='lat' dir='ltr'><strong>si</strong></span> <span class='ocrx_word' id='word_1_221' title='bbox 1105 1658 1220 1726; x_wconf 89' lang='lat' dir='ltr'><strong>ejus</strong></span> <span class='ocrx_word' id='word_1_222' title='bbox 1247 1659 1497 1728; x_wconf 74' lang='lat' dir='ltr'><strong>congruit</strong></span> <span class='ocrx_word' id='word_1_223' title='bbox 1518 1674 1781 1726; x_wconf 66' lang='lat' dir='ltr'><strong>personat.</strong></span> <span class='ocrx_word' id='word_1_224' title='bbox 1815 1659 1916 1726; x_wconf 91' lang='lat' dir='ltr'><strong>Qui</strong></span> <span class='ocrx_word' id='word_1_225' title='bbox 1947 1675 2075 1714; x_wconf 83' lang='lat' dir='ltr'><strong>vero</strong></span> 
     </span>
    </p>
   </div>
   <div class='ocr_carea' id='block_1_20' title="bbox 2181 1645 3768 1728">
    <p class='ocr_par' dir='ltr' id='par_1_20' title="bbox 2181 1645 3768 1716">
     <span class='ocr_line' id='line_1_20' title="bbox 2181 1645 3768 1716; baseline 0.01 -18"><span class='ocrx_word' id='word_1_226' title='bbox 2181 1645 2344 1709; x_wconf 87' lang='lat' dir='ltr'><strong>malo,</strong></span> <span class='ocrx_word' id='word_1_227' title='bbox 2376 1661 2478 1702; x_wconf 90' lang='lat' dir='ltr'><strong>nec</strong></span> <span class='ocrx_word' id='word_1_228' title='bbox 2528 1649 2880 1706; x_wconf 87' lang='lat' dir='ltr'><strong>retrahendus</strong></span> <span class='ocrx_word' id='word_1_229' title='bbox 2909 1653 2976 1706; x_wconf 87' lang='lat' dir='ltr'><strong>ad</strong></span> <span class='ocrx_word' id='word_1_230' title='bbox 3027 1652 3225 1708; x_wconf 89' lang='lat' dir='ltr'><strong>bonum</strong></span> <span class='ocrx_word' id='word_1_231' title='bbox 3255 1665 3360 1710; x_wconf 90' lang='lat' dir='ltr'><strong>est.</strong></span> <span class='ocrx_word' id='word_1_232' title='bbox 3409 1657 3674 1712; x_wconf 89' lang='lat' dir='ltr'><strong>humanas</strong></span> <span class='ocrx_word' id='word_1_233' title='bbox 3699 1675 3768 1716; x_wconf 85' lang='lat' dir='ltr'><strong>ac</strong></span> 
     </span>
    </p>
   </div>
   <div class='ocr_carea' id='block_1_21' title="bbox 491 1733 3768 1827">
    <p class='ocr_par' dir='ltr' id='par_1_21' title="bbox 491 1733 3768 1827">
     <span class='ocr_line' id='line_1_21' title="bbox 491 1733 3768 1827; baseline 0.006 -29"><span class='ocrx_word' id='word_1_234' title='bbox 491 1746 828 1814; x_wconf 86' lang='lat' dir='ltr'><strong>repelluntur</strong></span> <span class='ocrx_word' id='word_1_235' title='bbox 852 1747 1034 1816; x_wconf 87' lang='lat' dir='ltr'><strong>aliquo</strong></span> <span class='ocrx_word' id='word_1_236' title='bbox 1071 1759 1298 1814; x_wconf 85' lang='lat' dir='ltr'><strong>terrore,</strong></span> <span class='ocrx_word' id='word_1_237' title='bbox 1344 1767 1411 1805; x_wconf 93' lang='lat' dir='ltr'><strong>ne</strong></span> <span class='ocrx_word' id='word_1_238' title='bbox 1455 1751 1594 1804; x_wconf 87' lang='lat' dir='ltr'><strong>mala</strong></span> <span class='ocrx_word' id='word_1_239' title='bbox 1639 1749 1867 1814; x_wconf 81' lang='lat' dir='ltr'><strong>faciant,</strong></span> <span class='ocrx_word' id='word_1_240' title='bbox 1907 1752 2070 1827; x_wconf 76' lang='lat' dir='ltr'><strong>etiam</strong></span> <span class='ocrx_word' id='word_1_241' title='bbox 2109 1797 2148 1827; x_wconf 59' lang='grc' dir='ltr'>η</span> <span class='ocrx_word' id='word_1_242' title='bbox 2179 1733 2393 1788; x_wconf 65' lang='grc' dir='ltr'><strong>δίνῖηθε</strong></span> <span class='ocrx_word' id='word_1_243' title='bbox 2428 1736 2576 1808; x_wconf 69' lang='grc' dir='ltr'><strong>ιθεεε</strong></span> <span class='ocrx_word' id='word_1_244' title='bbox 2617 1753 2838 1796; x_wconf 64' lang='lat' dir='ltr'><strong>necesse</strong></span> <span class='ocrx_word' id='word_1_245' title='bbox 2888 1751 2968 1798; x_wconf 71' lang='grc' dir='ltr'><strong>εει</strong></span> <span class='ocrx_word' id='word_1_246' title='bbox 3017 1747 3292 1814; x_wconf 68' lang='grc' dir='ltr'><strong>εντιοιιθνῖυ</strong></span> <span class='ocrx_word' id='word_1_247' title='bbox 3337 1761 3458 1816; x_wconf 60' lang='lat' dir='ltr'><strong>(lim</strong></span> <span class='ocrx_word' id='word_1_248' title='bbox 3503 1756 3560 1801; x_wconf 72' lang='grc' dir='ltr'>ει</span> <span class='ocrx_word' id='word_1_249' title='bbox 3605 1749 3768 1805; x_wconf 59' lang='lat' dir='ltr'><strong>malis</strong></span> 
     </span>
    </p>
   </div>
   <div class='ocr_carea' id='block_1_22' title="bbox 491 1797 3768 1910">
    <p class='ocr_par' dir='ltr' id='par_1_22' title="bbox 491 1797 3768 1910">
     <span class='ocr_line' id='line_1_22' title="bbox 491 1797 3768 1910; baseline 0.005 -21"><span class='ocrx_word' id='word_1_250' title='bbox 491 1836 620 1906; x_wconf 84' lang='lat' dir='ltr'><strong>ipsis</strong></span> <span class='ocrx_word' id='word_1_251' title='bbox 645 1835 871 1892; x_wconf 80' lang='lat' dir='ltr'><strong>fortasse</strong></span> <span class='ocrx_word' id='word_1_252' title='bbox 899 1839 1101 1908; x_wconf 90' lang='lat' dir='ltr'><strong>aliquid</strong></span> <span class='ocrx_word' id='word_1_253' title='bbox 1142 1851 1448 1910; x_wconf 70' lang='lat' dir='ltr'><strong>praestatur.</strong></span> <span class='ocrx_word' id='word_1_254' title='bbox 1483 1842 1620 1896; x_wconf 88' lang='lat' dir='ltr'><strong>llinc</strong></span> <span class='ocrx_word' id='word_1_255' title='bbox 1656 1849 1836 1896; x_wconf 87' lang='lat' dir='ltr'><strong>autem</strong></span> <span class='ocrx_word' id='word_1_256' title='bbox 1864 1813 2068 1896; x_wconf 72' lang='lat' dir='ltr'><strong>dictum</strong></span> <span class='ocrx_word' id='word_1_257' title='bbox 2105 1797 2149 1850; x_wconf 63' lang='grc' dir='ltr'><strong>Β</strong></span> <span class='ocrx_word' id='word_1_258' title='bbox 2177 1839 2390 1893; x_wconf 65' lang='lat' dir='ltr'><strong>Damam</strong></span> <span class='ocrx_word' id='word_1_259' title='bbox 2420 1837 2474 1884; x_wconf 73' lang='grc' dir='ltr'><strong>οι</strong></span> <span class='ocrx_word' id='word_1_260' title='bbox 2520 1829 2676 1886; x_wconf 64' lang='lat' dir='ltr'><strong>bonis</strong></span> <span class='ocrx_word' id='word_1_261' title='bbox 2719 1833 2958 1900; x_wconf 62' lang='grc' dir='ltr'><strong>Ρνπηιίθι</strong></span> <span class='ocrx_word' id='word_1_262' title='bbox 2986 1832 3194 1902; x_wconf 69' lang='grc' dir='ltr'><strong>Ῐιιειῖίῖα</strong></span> <span class='ocrx_word' id='word_1_263' title='bbox 3239 1839 3520 1905; x_wconf 64' lang='grc'><strong>811³661118»</strong></span> <span class='ocrx_word' id='word_1_264' title='bbox 3559 1842 3768 1896; x_wconf 72' lang='grc' dir='ltr'><strong>ωηειί-</strong></span> 
     </span>
    </p>
   </div>
   <div class='ocr_carea' id='block_1_23' title="bbox 492 1918 3766 2004">
    <p class='ocr_par' dir='ltr' id='par_1_23' title="bbox 492 1918 3766 2004">
     <span class='ocr_line' id='line_1_23' title="bbox 492 1918 3766 2004; baseline 0.008 -43"><span class='ocrx_word' id='word_1_265' title='bbox 492 1937 622 1982; x_wconf 64' lang='grc' dir='ltr'><strong>εειε</strong></span> <span class='ocrx_word' id='word_1_266' title='bbox 661 1927 777 1983; x_wconf 68' lang='lat' dir='ltr'><strong>Non</strong></span> <span class='ocrx_word' id='word_1_267' title='bbox 829 1931 1148 1986; x_wconf 48' lang='lat' dir='ltr'><strong>resistamus</strong></span> <span class='ocrx_word' id='word_1_268' title='bbox 1178 1932 1318 1986; x_wconf 58' lang='lat' dir='ltr'><strong>malo</strong></span> <span class='ocrx_word' id='word_1_269' title='bbox 1351 1931 1566 2004; x_wconf 34' lang='grc' dir='ltr'><strong>(Μαίων</strong></span> <span class='ocrx_word' id='word_1_270' title='bbox 1610 1933 1685 2003; x_wconf 54' lang='grc' dir='ltr'><strong>γ),</strong></span> <span class='ocrx_word' id='word_1_271' title='bbox 1721 1950 1790 1989; x_wconf 69' lang='lat' dir='ltr'><strong>ne</strong></span> <span class='ocrx_word' id='word_1_272' title='bbox 1833 1949 1930 1990; x_wconf 67' lang='lat' dir='ltr'><strong>nos</strong></span> <span class='ocrx_word' id='word_1_273' title='bbox 1961 1936 2070 1991; x_wconf 70' lang='grc' dir='ltr'><strong>νίη,</strong></span> <span class='ocrx_word' id='word_1_274' title='bbox 2175 1925 2352 1970; x_wconf 87' lang='lat' dir='ltr'><strong>tuunt.</strong></span> <span class='ocrx_word' id='word_1_275' title='bbox 2401 1918 2598 1974; x_wconf 85' lang='lat' dir='ltr'><strong>Malum</strong></span> <span class='ocrx_word' id='word_1_276' title='bbox 2655 1931 2836 1978; x_wconf 88' lang='lat' dir='ltr'><strong>autem</strong></span> <span class='ocrx_word' id='word_1_277' title='bbox 2885 1926 3120 1982; x_wconf 84' lang='lat' dir='ltr'><strong>schisma</strong></span> <span class='ocrx_word' id='word_1_278' title='bbox 3149 1942 3270 1985; x_wconf 89' lang='lat' dir='ltr'><strong>esse</strong></span> <span class='ocrx_word' id='word_1_279' title='bbox 3315 1941 3371 1986; x_wconf 89' lang='lat' dir='ltr'><strong>et</strong></span> <span class='ocrx_word' id='word_1_280' title='bbox 3403 1945 3502 2000; x_wconf 85' lang='lat' dir='ltr'><strong>per</strong></span> <span class='ocrx_word' id='word_1_281' title='bbox 3543 1943 3766 1989; x_wconf 72' lang='lat' dir='ltr'><strong>exteras</strong></span> 
     </span>
    </p>
   </div>
   <div class='ocr_carea' id='block_1_24' title="bbox 491 2005 2078 2094">
    <p class='ocr_par' dir='ltr' id='par_1_24' title="bbox 491 2021 2067 2094">
     <span class='ocr_line' id='line_1_24' title="bbox 491 2021 2067 2094; baseline 0.004 -20"><span class='ocrx_word' id='word_1_282' title='bbox 491 2021 632 2074; x_wconf 86' lang='lat' dir='ltr'><strong>dicta</strong></span> <span class='ocrx_word' id='word_1_283' title='bbox 661 2021 911 2084; x_wconf 89' lang='lat' dir='ltr'><strong>delectet,</strong></span> <span class='ocrx_word' id='word_1_284' title='bbox 947 2039 1070 2092; x_wconf 78' lang='lat' dir='ltr'><strong>qua:</strong></span> <span class='ocrx_word' id='word_1_285' title='bbox 1091 2023 1268 2078; x_wconf 88' lang='lat' dir='ltr'><strong>alieno</strong></span> <span class='ocrx_word' id='word_1_286' title='bbox 1299 2023 1442 2078; x_wconf 89' lang='lat' dir='ltr'><strong>malo</strong></span> <span class='ocrx_word' id='word_1_287' title='bbox 1466 2024 1706 2078; x_wconf 88' lang='lat' dir='ltr'><strong>animum</strong></span> <span class='ocrx_word' id='word_1_288' title='bbox 1737 2025 1929 2094; x_wconf 87' lang='lat' dir='ltr'><strong>pascit,</strong></span> <span class='ocrx_word' id='word_1_289' title='bbox 1962 2041 2067 2080; x_wconf 92' lang='lat' dir='ltr'><strong>non</strong></span> 
     </span>
    </p>
   </div>
   <div class='ocr_carea' id='block_1_25' title="bbox 2175 2005 3762 2094">
    <p class='ocr_par' dir='ltr' id='par_1_25' title="bbox 2175 2005 3762 2088">
     <span class='ocr_line' id='line_1_25' title="bbox 2175 2005 3762 2088; baseline 0.014 -30"><span class='ocrx_word' id='word_1_290' title='bbox 2175 2005 2336 2060; x_wconf 88' lang='lat' dir='ltr'><strong>etiam</strong></span> <span class='ocrx_word' id='word_1_291' title='bbox 2364 2017 2659 2077; x_wconf 85' lang='lat' dir='ltr'><strong>potestates</strong></span> <span class='ocrx_word' id='word_1_292' title='bbox 2681 2011 2984 2081; x_wconf 88' lang='lat' dir='ltr'><strong>hujusmodi</strong></span> <span class='ocrx_word' id='word_1_293' title='bbox 3009 2020 3238 2088; x_wconf 85' lang='lat' dir='ltr'><strong>opprimi</strong></span> <span class='ocrx_word' id='word_1_294' title='bbox 3269 2021 3484 2088; x_wconf 84' lang='lat' dir='ltr'><strong>debere,</strong></span> <span class='ocrx_word' id='word_1_295' title='bbox 3511 2031 3568 2078; x_wconf 90' lang='lat' dir='ltr'><strong>ct</strong></span> <span class='ocrx_word' id='word_1_296' title='bbox 3597 2039 3762 2079; x_wconf 86' lang='lat' dir='ltr'><strong>cano-</strong></span> 
     </span>
    </p>
   </div>
   <div class='ocr_carea' id='block_1_26' title="bbox 489 2094 3756 2188">
    <p class='ocr_par' dir='ltr' id='par_1_26' title="bbox 489 2094 3756 2188">
     <span class='ocr_line' id='line_1_26' title="bbox 489 2094 3756 2188; baseline 0.004 -22"><span class='ocrx_word' id='word_1_297' title='bbox 489 2121 552 2166; x_wconf 87' lang='lat' dir='ltr'><strong>ut</strong></span> <span class='ocrx_word' id='word_1_298' title='bbox 583 2122 636 2168; x_wconf 91' lang='lat' dir='ltr'><strong>ct</strong></span> <span class='ocrx_word' id='word_1_299' title='bbox 663 2115 1066 2169; x_wconf 84' lang='lat' dir='ltr'><strong>correctionem</strong></span> <span class='ocrx_word' id='word_1_300' title='bbox 1099 2115 1378 2170; x_wconf 86' lang='lat' dir='ltr'><strong>hominum</strong></span> <span class='ocrx_word' id='word_1_301' title='bbox 1409 2116 1771 2188; x_wconf 74' lang='lat' dir='ltr'><strong>negligamus;</strong></span> <span class='ocrx_word' id='word_1_302' title='bbox 1806 2118 1946 2172; x_wconf 90' lang='lat' dir='ltr'><strong>unde</strong></span> <span class='ocrx_word' id='word_1_303' title='bbox 1970 2133 2069 2173; x_wconf 89' lang='lat' dir='ltr'><strong>nec</strong></span> <span class='ocrx_word' id='word_1_304' title='bbox 2173 2094 2309 2188; x_wconf 46' lang='lat' dir='ltr'><strong>Pica:</strong></span> <span class='ocrx_word' id='word_1_305' title='bbox 2333 2095 2628 2168; x_wconf 50' lang='lat' dir='ltr'><strong>summm&quot;</strong></span> <span class='ocrx_word' id='word_1_306' title='bbox 2656 2104 2974 2172; x_wconf 60' lang='grc' dir='ltr'><strong>πυθιονίίειεν</strong></span> <span class='ocrx_word' id='word_1_307' title='bbox 2999 2118 3056 2162; x_wconf 68' lang='grc' dir='ltr'><strong>ει</strong></span> <span class='ocrx_word' id='word_1_308' title='bbox 3085 2119 3435 2179; x_wconf 65' lang='grc' dir='ltr'><strong>βθίθτηίιτιιιη</strong></span> <span class='ocrx_word' id='word_1_309' title='bbox 3470 2129 3572 2170; x_wconf 78' lang='lat' dir='ltr'><strong>n05</strong></span> <span class='ocrx_word' id='word_1_310' title='bbox 3593 2132 3756 2187; x_wconf 71' lang='lat' dir='ltr'><strong>regn-</strong></span> 
     </span>
    </p>
   </div>
   <div class='ocr_carea' id='block_1_27' title="bbox 493 2184 3756 2276">
    <p class='ocr_par' dir='ltr' id='par_1_27' title="bbox 493 2184 3756 2276">
     <span class='ocr_line' id='line_1_27' title="bbox 493 2184 3756 2276; baseline 0.005 -18"><span class='ocrx_word' id='word_1_311' title='bbox 493 2221 620 2260; x_wconf 89' lang='lat' dir='ltr'><strong>reus</strong></span> <span class='ocrx_word' id='word_1_312' title='bbox 652 2207 841 2261; x_wconf 89' lang='lat' dir='ltr'><strong>mortis</strong></span> <span class='ocrx_word' id='word_1_313' title='bbox 884 2205 1074 2262; x_wconf 82' lang='lat' dir='ltr'><strong>alienae</strong></span> <span class='ocrx_word' id='word_1_314' title='bbox 1099 2207 1338 2276; x_wconf 88' lang='lat' dir='ltr'><strong>quicum</strong></span> <span class='ocrx_word' id='word_1_315' title='bbox 1375 2184 1504 2264; x_wconf 52' lang='lat' dir='ltr'><strong>sua;</strong></span> <span class='ocrx_word' id='word_1_316' title='bbox 1529 2209 1854 2271; x_wconf 83' lang='lat' dir='ltr'><strong>possessioni</strong></span> <span class='ocrx_word' id='word_1_317' title='bbox 1887 2225 2070 2266; x_wconf 90' lang='lat' dir='ltr'><strong>muros</strong></span> <span class='ocrx_word' id='word_1_318' title='bbox 2173 2184 2346 2242; x_wconf 63' lang='lat' dir='ltr'><strong>larum</strong></span> <span class='ocrx_word' id='word_1_319' title='bbox 2377 2191 2578 2246; x_wconf 64' lang='lat' dir='ltr'><strong>&quot;emas</strong></span> <span class='ocrx_word' id='word_1_320' title='bbox 2597 2193 2774 2250; x_wconf 67' lang='grc' dir='ltr'><strong>δοεθί·</strong></span> <span class='ocrx_word' id='word_1_321' title='bbox 2813 2215 2832 2246; x_wconf 67' lang='grc'><strong>⁸</strong></span> <span class='ocrx_word' id='word_1_322' title='bbox 2873 2196 3002 2254; x_wconf 74' lang='lat' dir='ltr'><strong>“em</strong></span> <span class='ocrx_word' id='word_1_323' title='bbox 3034 2201 3160 2258; x_wconf 61' lang='lat' dir='ltr'><strong>alibi</strong></span> <span class='ocrx_word' id='word_1_324' title='bbox 3194 2221 3209 2258; x_wconf 75' lang='grc' dir='ltr'>ε</span> <span class='ocrx_word' id='word_1_325' title='bbox 3245 2223 3264 2256; x_wconf 74' lang='grc' dir='ltr'><strong>ε</strong></span> <span class='ocrx_word' id='word_1_326' title='bbox 3293 2204 3404 2260; x_wconf 68' lang='lat' dir='ltr'><strong>Nec</strong></span> <span class='ocrx_word' id='word_1_327' title='bbox 3425 2209 3627 2275; x_wconf 70' lang='grc' dir='ltr'><strong>Ρυιθιίδ</strong></span> <span class='ocrx_word' id='word_1_328' title='bbox 3652 2208 3756 2262; x_wconf 75' lang='lat' dir='ltr'><strong>ali-</strong></span> 
     </span>
    </p>
   </div>
   <div class='ocr_carea' id='block_1_28' title="bbox 490 2279 2077 2371">
    <p class='ocr_par' dir='ltr' id='par_1_28' title="bbox 490 2298 2070 2370">
     <span class='ocr_line' id='line_1_28' title="bbox 490 2298 2070 2370; baseline 0.003 -18"><span class='ocrx_word' id='word_1_329' title='bbox 490 2298 932 2364; x_wconf 82' lang='lat' dir='ltr'><strong>circumduxerit,</strong></span> <span class='ocrx_word' id='word_1_330' title='bbox 971 2298 1170 2370; x_wconf 87' lang='lat' dir='ltr'><strong>aliquis</strong></span> <span class='ocrx_word' id='word_1_331' title='bbox 1218 2314 1283 2354; x_wconf 86' lang='lat' dir='ltr'><strong>ex</strong></span> <span class='ocrx_word' id='word_1_332' title='bbox 1319 2301 1558 2368; x_wconf 86' lang='lat' dir='ltr'><strong>ipsorum</strong></span> <span class='ocrx_word' id='word_1_333' title='bbox 1606 2316 1734 2356; x_wconf 88' lang='lat' dir='ltr'><strong>casu</strong></span> <span class='ocrx_word' id='word_1_334' title='bbox 1778 2316 2070 2370; x_wconf 86' lang='lat' dir='ltr'><strong>percussus</strong></span> 
     </span>
    </p>
   </div>
   <div class='ocr_carea' id='block_1_29' title="bbox 2168 2279 3755 2371">
    <p class='ocr_par' dir='ltr' id='par_1_29' title="bbox 2171 2279 3755 2371">
     <span class='ocr_line' id='line_1_29' title="bbox 2171 2279 3755 2371; baseline 0.013 -37"><span class='ocrx_word' id='word_1_335' title='bbox 2171 2279 2326 2348; x_wconf 85' lang='lat' dir='ltr'><strong>cujus</strong></span> <span class='ocrx_word' id='word_1_336' title='bbox 2352 2296 2473 2339; x_wconf 87' lang='lat' dir='ltr'><strong>esse</strong></span> <span class='ocrx_word' id='word_1_337' title='bbox 2501 2287 2736 2356; x_wconf 82' lang='lat' dir='ltr'><strong>peccati,</strong></span> <span class='ocrx_word' id='word_1_338' title='bbox 2791 2289 2836 2343; x_wconf 93' lang='lat' dir='ltr'><strong>si</strong></span> <span class='ocrx_word' id='word_1_339' title='bbox 2879 2290 3182 2354; x_wconf 89' lang='lat' dir='ltr'><strong>hujusmodi</strong></span> <span class='ocrx_word' id='word_1_340' title='bbox 3221 2298 3468 2352; x_wconf 87' lang='lat' dir='ltr'><strong>homines</strong></span> <span class='ocrx_word' id='word_1_341' title='bbox 3514 2301 3755 2371; x_wconf 88' lang='lat' dir='ltr'><strong>compri-</strong></span> 
     </span>
    </p>
   </div>
   <div class='ocr_carea' id='block_1_30' title="bbox 487 2375 3756 2463">
    <p class='ocr_par' dir='ltr' id='par_1_30' title="bbox 487 2375 3756 2463">
     <span class='ocr_line' id='line_1_30' title="bbox 487 2375 3756 2463; baseline 0.004 -19"><span class='ocrx_word' id='word_1_342' title='bbox 487 2391 720 2448; x_wconf 87' lang='lat' dir='ltr'><strong>intcreat</strong></span> <span class='ocrx_word' id='word_1_343' title='bbox 761 2409 776 2445; x_wconf 87' lang='lat'><strong>:</strong></span> <span class='ocrx_word' id='word_1_344' title='bbox 818 2391 1001 2463; x_wconf 83' lang='lat' dir='ltr'><strong>Neque</strong></span> <span class='ocrx_word' id='word_1_345' title='bbox 1053 2393 1198 2446; x_wconf 89' lang='lat' dir='ltr'><strong>enim</strong></span> <span class='ocrx_word' id='word_1_346' title='bbox 1241 2409 1364 2448; x_wconf 88' lang='lat' dir='ltr'><strong>reus</strong></span> <span class='ocrx_word' id='word_1_347' title='bbox 1389 2403 1472 2448; x_wconf 89' lang='lat' dir='ltr'><strong>est</strong></span> <span class='ocrx_word' id='word_1_348' title='bbox 1498 2393 1856 2459; x_wconf 80' lang='lat' dir='ltr'><strong>Christianus,</strong></span> <span class='ocrx_word' id='word_1_349' title='bbox 1899 2395 1942 2450; x_wconf 90' lang='lat' dir='ltr'><strong>si</strong></span> <span class='ocrx_word' id='word_1_350' title='bbox 1971 2395 2068 2450; x_wconf 88' lang='lat' dir='ltr'><strong>bos</strong></span> <span class='ocrx_word' id='word_1_351' title='bbox 2171 2383 2413 2432; x_wconf 66' lang='lat' dir='ltr'><strong>mumur-</strong></span> <span class='ocrx_word' id='word_1_352' title='bbox 2467 2375 2582 2434; x_wconf 73' lang='lat' dir='ltr'><strong>Hoc</strong></span> <span class='ocrx_word' id='word_1_353' title='bbox 2626 2380 2773 2438; x_wconf 68' lang='lat' dir='ltr'><strong>enim</strong></span> <span class='ocrx_word' id='word_1_354' title='bbox 2813 2391 2870 2436; x_wconf 69' lang='grc' dir='ltr'><strong>εί</strong></span> <span class='ocrx_word' id='word_1_355' title='bbox 2917 2385 3111 2440; x_wconf 56' lang='lat' dir='ltr'><strong>“Mm”</strong></span> <span class='ocrx_word' id='word_1_356' title='bbox 3153 2391 3342 2458; x_wconf 62' lang='grc' dir='ltr'><strong>ἔνδιίῶ</strong></span> <span class='ocrx_word' id='word_1_357' title='bbox 3367 2401 3422 2446; x_wconf 69' lang='grc' dir='ltr'><strong>ει</strong></span> <span class='ocrx_word' id='word_1_358' title='bbox 3464 2394 3756 2450; x_wconf 63' lang='lat' dir='ltr'><strong>mundana!</strong></span> 
     </span>
    </p>
   </div>
   <div class='ocr_carea' id='block_1_31' title="bbox 485 2465 3748 2556">
    <p class='ocr_par' dir='ltr' id='par_1_31' title="bbox 485 2465 3748 2556">
     <span class='ocr_line' id='line_1_31' title="bbox 485 2465 3748 2556; baseline 0.002 -20"><span class='ocrx_word' id='word_1_359' title='bbox 485 2483 600 2551; x_wconf 83' lang='lat' dir='ltr'><strong>ejus</strong></span> <span class='ocrx_word' id='word_1_360' title='bbox 626 2485 856 2553; x_wconf 89' lang='lat' dir='ltr'><strong>aliquem</strong></span> <span class='ocrx_word' id='word_1_361' title='bbox 883 2483 1144 2549; x_wconf 88' lang='lat' dir='ltr'><strong>feriendo,</strong></span> <span class='ocrx_word' id='word_1_362' title='bbox 1175 2483 1260 2537; x_wconf 89' lang='lat' dir='ltr'><strong>vel</strong></span> <span class='ocrx_word' id='word_1_363' title='bbox 1283 2499 1454 2556; x_wconf 89' lang='lat' dir='ltr'><strong>equus</strong></span> <span class='ocrx_word' id='word_1_364' title='bbox 1481 2485 1811 2541; x_wconf 84' lang='lat' dir='ltr'><strong>calcitrando</strong></span> <span class='ocrx_word' id='word_1_365' title='bbox 1838 2487 2066 2556; x_wconf 80' lang='lat' dir='ltr'><strong>aliquem</strong></span> <span class='ocrx_word' id='word_1_366' title='bbox 2171 2465 2320 2537; x_wconf 74' lang='grc' dir='ltr'><strong>ιθεθε</strong></span> <span class='ocrx_word' id='word_1_367' title='bbox 2359 2479 2686 2538; x_wconf 57' lang='lat' dir='ltr'><strong>“aluerunt.</strong></span> <span class='ocrx_word' id='word_1_368' title='bbox 2733 2483 2791 2528; x_wconf 77' lang='grc' dir='ltr'><strong>ιιι</strong></span> <span class='ocrx_word' id='word_1_369' title='bbox 2833 2475 2901 2530; x_wconf 74' lang='lat' dir='ltr'><strong>ab</strong></span> <span class='ocrx_word' id='word_1_370' title='bbox 2928 2475 3182 2532; x_wconf 65' lang='grc' dir='ltr'><strong>Εοειθεὶω</strong></span> <span class='ocrx_word' id='word_1_371' title='bbox 3225 2485 3434 2536; x_wconf 70' lang='lat' dir='ltr'><strong>unitate</strong></span> <span class='ocrx_word' id='word_1_372' title='bbox 3489 2484 3672 2548; x_wconf 74' lang='lat' dir='ltr'><strong>diViSI.</strong></span> <span class='ocrx_word' id='word_1_373' title='bbox 3717 2503 3748 2539; x_wconf 74' lang='grc' dir='ltr'><strong>ει</strong></span> 
     </span>
    </p>
   </div>
   <div class='ocr_carea' id='block_1_32' title="bbox 483 2559 2070 2640">
    <p class='ocr_par' dir='ltr' id='par_1_32' title="bbox 483 2575 2069 2638">
     <span class='ocr_line' id='line_1_32' title="bbox 483 2575 2069 2638; baseline 0.005 -12"><span class='ocrx_word' id='word_1_374' title='bbox 483 2575 715 2638; x_wconf 82' lang='lat' dir='ltr'><strong>occidat,</strong></span> <span class='ocrx_word' id='word_1_375' title='bbox 744 2583 836 2628; x_wconf 85' lang='lat' dir='ltr'><strong>aut</strong></span> <span class='ocrx_word' id='word_1_376' title='bbox 863 2575 980 2630; x_wconf 92' lang='lat' dir='ltr'><strong>ideo</strong></span> <span class='ocrx_word' id='word_1_377' title='bbox 1005 2591 1106 2629; x_wconf 86' lang='lat' dir='ltr'><strong>non</strong></span> <span class='ocrx_word' id='word_1_378' title='bbox 1132 2575 1331 2630; x_wconf 88' lang='lat' dir='ltr'><strong>debent</strong></span> <span class='ocrx_word' id='word_1_379' title='bbox 1356 2577 1647 2631; x_wconf 86' lang='lat' dir='ltr'><strong>Christiani</strong></span> <span class='ocrx_word' id='word_1_380' title='bbox 1677 2577 1840 2632; x_wconf 88' lang='lat' dir='ltr'><strong>boves</strong></span> <span class='ocrx_word' id='word_1_381' title='bbox 1869 2578 2069 2635; x_wconf 88' lang='lat' dir='ltr'><strong>habere</strong></span> 
     </span>
    </p>
   </div>
   <div class='ocr_carea' id='block_1_33' title="bbox 2170 2559 3757 2640">
    <p class='ocr_par' dir='ltr' id='par_1_33' title="bbox 2171 2559 3757 2640">
     <span class='ocr_line' id='line_1_33' title="bbox 2171 2559 3757 2640; baseline 0.013 -29"><span class='ocrx_word' id='word_1_382' title='bbox 2171 2559 2524 2616; x_wconf 66' lang='lat' dir='ltr'><strong>saecularibus</strong></span> <span class='ocrx_word' id='word_1_383' title='bbox 2543 2563 2706 2618; x_wconf 88' lang='lat' dir='ltr'><strong>etiam</strong></span> <span class='ocrx_word' id='word_1_384' title='bbox 2735 2569 3094 2633; x_wconf 84' lang='lat' dir='ltr'><strong>potestatibus</strong></span> <span class='ocrx_word' id='word_1_385' title='bbox 3141 2573 3601 2640; x_wconf 69' lang='lat' dir='ltr'><strong>comprimantur</strong></span> <span class='ocrx_word' id='word_1_386' title='bbox 3657 2589 3757 2631; x_wconf 87' lang='lat' dir='ltr'><strong>nec</strong></span> 
     </span>
    </p>
   </div>
   <div class='ocr_carea' id='block_1_34' title="bbox 483 2651 2070 2737">
    <p class='ocr_par' dir='ltr' id='par_1_34' title="bbox 483 2668 2068 2737">
     <span class='ocr_line' id='line_1_34' title="bbox 483 2668 2068 2737; baseline 0.004 -19"><span class='ocrx_word' id='word_1_387' title='bbox 483 2677 705 2730; x_wconf 76' lang='lat' dir='ltr'><strong>Cornua,</strong></span> <span class='ocrx_word' id='word_1_388' title='bbox 729 2675 822 2718; x_wconf 89' lang='lat' dir='ltr'><strong>aut</strong></span> <span class='ocrx_word' id='word_1_389' title='bbox 843 2681 1014 2736; x_wconf 88' lang='lat' dir='ltr'><strong>equus</strong></span> <span class='ocrx_word' id='word_1_390' title='bbox 1049 2669 1298 2737; x_wconf 79' lang='lat' dir='ltr'><strong>ungulas,</strong></span> <span class='ocrx_word' id='word_1_391' title='bbox 1329 2677 1417 2722; x_wconf 83' lang='lat' dir='ltr'><strong>aut</strong></span> <span class='ocrx_word' id='word_1_392' title='bbox 1437 2668 1626 2723; x_wconf 87' lang='lat' dir='ltr'><strong>dentes</strong></span> <span class='ocrx_word' id='word_1_393' title='bbox 1652 2669 1822 2722; x_wconf 85' lang='lat' dir='ltr'><strong>canis.</strong></span> <span class='ocrx_word' id='word_1_394' title='bbox 1847 2669 1916 2722; x_wconf 79' lang='lat' dir='ltr'><strong>At</strong></span> <span class='ocrx_word' id='word_1_395' title='bbox 1941 2685 2068 2726; x_wconf 74' lang='lat' dir='ltr'><strong>vero</strong></span> 
     </span>
    </p>
   </div>
   <div class='ocr_carea' id='block_1_35' title="bbox 2168 2651 3755 2737">
    <p class='ocr_par' dir='ltr' id='par_1_35' title="bbox 2171 2651 3755 2736">
     <span class='ocr_line' id='line_1_35' title="bbox 2171 2651 3755 2736; baseline 0.014 -35"><span class='ocrx_word' id='word_1_396' title='bbox 2171 2651 2466 2722; x_wconf 86' lang='lat' dir='ltr'><strong>quidquam</strong></span> <span class='ocrx_word' id='word_1_397' title='bbox 2509 2656 2682 2726; x_wconf 88' lang='lat' dir='ltr'><strong>majus</strong></span> <span class='ocrx_word' id='word_1_398' title='bbox 2709 2667 2818 2724; x_wconf 87' lang='lat' dir='ltr'><strong>est,</strong></span> <span class='ocrx_word' id='word_1_399' title='bbox 2861 2661 3002 2714; x_wconf 89' lang='lat' dir='ltr'><strong>unde</strong></span> <span class='ocrx_word' id='word_1_400' title='bbox 3032 2659 3142 2716; x_wconf 91' lang='lat' dir='ltr'><strong>Deo</strong></span> <span class='ocrx_word' id='word_1_401' title='bbox 3179 2664 3506 2720; x_wconf 76' lang='lat' dir='ltr'><strong>sacriﬁcium</strong></span> <span class='ocrx_word' id='word_1_402' title='bbox 3536 2668 3755 2736; x_wconf 88' lang='lat' dir='ltr'><strong>possitis</strong></span> 
     </span>
    </p>
   </div>
   <div class='ocr_carea' id='block_1_36' title="bbox 483 2743 3758 2832">
    <p class='ocr_par' dir='ltr' id='par_1_36' title="bbox 483 2743 3758 2832">
     <span class='ocr_line' id='line_1_36' title="bbox 483 2743 3758 2832; baseline 0.007 -41"><span class='ocrx_word' id='word_1_403' title='bbox 483 2758 753 2825; x_wconf 73' lang='lat' dir='ltr'><strong>quomodo</strong></span> <span class='ocrx_word' id='word_1_404' title='bbox 780 2759 1055 2828; x_wconf 45' lang='lat' dir='ltr'><strong>apostolus</strong></span> <span class='ocrx_word' id='word_1_405' title='bbox 1093 2760 1288 2816; x_wconf 56' lang='lat' dir='ltr'><strong>panius</strong></span> <span class='ocrx_word' id='word_1_406' title='bbox 1317 2762 1529 2832; x_wconf 47' lang='lat' dir='ltr'><strong>sategit,</strong></span> <span class='ocrx_word' id='word_1_407' title='bbox 1563 2770 1622 2817; x_wconf 70' lang='grc' dir='ltr'><strong>ιη</strong></span> <span class='ocrx_word' id='word_1_408' title='bbox 1655 2764 1708 2816; x_wconf 67' lang='lat' dir='ltr'><strong>in</strong></span> <span class='ocrx_word' id='word_1_409' title='bbox 1741 2762 1941 2817; x_wconf 53' lang='lat' dir='ltr'><strong>tribuni</strong></span> <span class='ocrx_word' id='word_1_410' title='bbox 1973 2777 2070 2816; x_wconf 80' lang='grc' dir='ltr'><strong>ηο,</strong></span> <span class='ocrx_word' id='word_1_411' title='bbox 2170 2743 2388 2810; x_wconf 78' lang='lat' dir='ltr'><strong>olferre,</strong></span> <span class='ocrx_word' id='word_1_412' title='bbox 2413 2763 2574 2816; x_wconf 89' lang='lat' dir='ltr'><strong>quam</strong></span> <span class='ocrx_word' id='word_1_413' title='bbox 2604 2749 2650 2803; x_wconf 91' lang='lat' dir='ltr'><strong>si</strong></span> <span class='ocrx_word' id='word_1_414' title='bbox 2679 2749 2730 2803; x_wconf 88' lang='lat' dir='ltr'><strong>id</strong></span> <span class='ocrx_word' id='word_1_415' title='bbox 2759 2751 3023 2807; x_wconf 86' lang='lat' dir='ltr'><strong>ordinetis</strong></span> <span class='ocrx_word' id='word_1_416' title='bbox 3056 2763 3114 2806; x_wconf 91' lang='lat' dir='ltr'><strong>ut</strong></span> <span class='ocrx_word' id='word_1_417' title='bbox 3155 2753 3208 2808; x_wconf 90' lang='lat' dir='ltr'><strong>hi</strong></span> <span class='ocrx_word' id='word_1_418' title='bbox 3235 2755 3330 2824; x_wconf 90' lang='lat' dir='ltr'><strong>qui</strong></span> <span class='ocrx_word' id='word_1_419' title='bbox 3361 2757 3414 2810; x_wconf 91' lang='lat' dir='ltr'><strong>in</strong></span> <span class='ocrx_word' id='word_1_420' title='bbox 3447 2773 3600 2812; x_wconf 85' lang='lat' dir='ltr'><strong>suam</strong></span> <span class='ocrx_word' id='word_1_421' title='bbox 3621 2759 3758 2814; x_wconf 87' lang='lat' dir='ltr'><strong>alio-</strong></span> 
     </span>
    </p>
   </div>
   <div class='ocr_carea' id='block_1_37' title="bbox 395 2839 1982 2924">
    <p class='ocr_par' dir='ltr' id='par_1_37' title="bbox 395 2849 1982 2924">
     <span class='ocr_line' id='line_1_37' title="bbox 395 2849 1982 2924; baseline 0.003 -20"><span class='ocrx_word' id='word_1_422' title='bbox 395 2861 397 2864; x_wconf 85' lang='lat'>‘</span> <span class='ocrx_word' id='word_1_423' title='bbox 487 2849 658 2904; x_wconf 87' lang='lat' dir='ltr'><strong>titiam</strong></span> <span class='ocrx_word' id='word_1_424' title='bbox 681 2852 1036 2920; x_wconf 79' lang='lat' dir='ltr'><strong>perferretur,</strong></span> <span class='ocrx_word' id='word_1_425' title='bbox 1061 2853 1286 2909; x_wconf 82' lang='lat' dir='ltr'><strong>insidias</strong></span> <span class='ocrx_word' id='word_1_426' title='bbox 1311 2855 1412 2909; x_wconf 87' lang='lat' dir='ltr'><strong>sibi</strong></span> <span class='ocrx_word' id='word_1_427' title='bbox 1437 2869 1466 2908; x_wconf 89' lang='lat' dir='ltr'><strong>a</strong></span> <span class='ocrx_word' id='word_1_428' title='bbox 1491 2855 1811 2924; x_wconf 88' lang='lat' dir='ltr'><strong>quibusdam</strong></span> <span class='ocrx_word' id='word_1_429' title='bbox 1843 2857 1982 2924; x_wconf 66' lang='lat' dir='ltr'><strong>perdi</strong></span> 
     </span>
    </p>
   </div>
   <div class='ocr_carea' id='block_1_38' title="bbox 2167 2839 3754 2924">
    <p class='ocr_par' dir='ltr' id='par_1_38' title="bbox 2169 2839 3754 2917">
     <span class='ocr_line' id='line_1_38' title="bbox 2169 2839 3754 2917; baseline 0.011 -28"><span class='ocrx_word' id='word_1_430' title='bbox 2169 2852 2290 2890; x_wconf 89' lang='lat' dir='ltr'><strong>rum</strong></span> <span class='ocrx_word' id='word_1_431' title='bbox 2333 2839 2627 2906; x_wconf 87' lang='lat' dir='ltr'><strong>perniciem</strong></span> <span class='ocrx_word' id='word_1_432' title='bbox 2669 2841 3093 2912; x_wconf 82' lang='lat' dir='ltr'><strong>debaccbautur,</strong></span> <span class='ocrx_word' id='word_1_433' title='bbox 3141 2848 3471 2917; x_wconf 88' lang='lat' dir='ltr'><strong>competenti</strong></span> <span class='ocrx_word' id='word_1_434' title='bbox 3521 2849 3754 2906; x_wconf 83' lang='lat' dir='ltr'><strong>debeant</strong></span> 
     </span>
    </p>
   </div>
   <div class='ocr_carea' id='block_1_39' title="bbox 485 2927 2072 3020">
    <p class='ocr_par' dir='ltr' id='par_1_39' title="bbox 485 2943 2064 3020">
     <span class='ocr_line' id='line_1_39' title="bbox 485 2943 2064 3020; baseline 0.003 -24"><span class='ocrx_word' id='word_1_435' title='bbox 485 2943 688 3011; x_wconf 88' lang='lat' dir='ltr'><strong>parari,</strong></span> <span class='ocrx_word' id='word_1_436' title='bbox 717 2954 769 2998; x_wconf 91' lang='lat' dir='ltr'><strong>et</strong></span> <span class='ocrx_word' id='word_1_437' title='bbox 819 2944 888 3000; x_wconf 93' lang='lat' dir='ltr'><strong>ob</strong></span> <span class='ocrx_word' id='word_1_438' title='bbox 933 2946 1034 3000; x_wconf 88' lang='lat' dir='ltr'><strong>hoc</strong></span> <span class='ocrx_word' id='word_1_439' title='bbox 1063 2945 1382 3002; x_wconf 89' lang='lat' dir='ltr'><strong>deductores</strong></span> <span class='ocrx_word' id='word_1_440' title='bbox 1411 2947 1618 3017; x_wconf 86' lang='lat' dir='ltr'><strong>accepit</strong></span> <span class='ocrx_word' id='word_1_441' title='bbox 1643 2948 1906 3002; x_wconf 87' lang='lat' dir='ltr'><strong>armatos?</strong></span> <span class='ocrx_word' id='word_1_442' title='bbox 1927 2947 2064 3020; x_wconf 83' lang='lat' dir='ltr'><strong>(Act.</strong></span> 
     </span>
    </p>
   </div>
   <div class='ocr_carea' id='block_1_40' title="bbox 1142 2927 2729 3020">
    <p class='ocr_par' dir='ltr' id='par_1_40' title="bbox 1142 2927 2729 3020">
     <span class='ocr_line' id='line_1_40' title="bbox 1142 2927 2729 3020; baseline 0.001 -21"><span class='ocrx_word' id='word_1_443' title='bbox 1142 2947 1382 3002; x_wconf 89' lang='lat' dir='ltr'><strong>.luctores</strong></span> <span class='ocrx_word' id='word_1_444' title='bbox 1411 2947 1618 3017; x_wconf 85' lang='lat' dir='ltr'><strong>accepit</strong></span> <span class='ocrx_word' id='word_1_445' title='bbox 1643 2948 1906 3002; x_wconf 86' lang='lat' dir='ltr'><strong>armatos?</strong></span> <span class='ocrx_word' id='word_1_446' title='bbox 1927 2947 2064 3020; x_wconf 83' lang='lat' dir='ltr'><strong>(Act.</strong></span> <span class='ocrx_word' id='word_1_447' title='bbox 2171 2927 2358 2996; x_wconf 65' lang='grc' dir='ltr'><strong>νίεοιτι</strong></span> <span class='ocrx_word' id='word_1_448' title='bbox 2382 2931 2674 2999; x_wconf 73' lang='grc' dir='ltr'><strong>οοωυεεοίο</strong></span> <span class='ocrx_word' id='word_1_449' title='bbox 2710 2951 2729 2984; x_wconf 77' lang='grc'><em>³</em></span> 
     </span>
    </p>
   </div>
   <div class='ocr_carea' id='block_1_41' title="bbox 481 3023 2068 3111">
    <p class='ocr_par' dir='ltr' id='par_1_41' title="bbox 481 3039 2066 3111">
     <span class='ocr_line' id='line_1_41' title="bbox 481 3039 2066 3111; baseline 0.004 -21"><span class='ocrx_word' id='word_1_450' title='bbox 481 3040 667 3109; x_wconf 78' lang='lat' dir='ltr'><strong>xxtn‘.)</strong></span> <span class='ocrx_word' id='word_1_451' title='bbox 714 3039 767 3094; x_wconf 83' lang='lat' dir='ltr'><strong>S&#39;</strong></span> <span class='ocrx_word' id='word_1_452' title='bbox 796 3041 848 3094; x_wconf 93' lang='lat' dir='ltr'><strong>in</strong></span> <span class='ocrx_word' id='word_1_453' title='bbox 885 3039 972 3094; x_wconf 88' lang='lat' dir='ltr'><strong>illa</strong></span> <span class='ocrx_word' id='word_1_454' title='bbox 1003 3057 1152 3096; x_wconf 88' lang='lat' dir='ltr'><strong>arma</strong></span> <span class='ocrx_word' id='word_1_455' title='bbox 1183 3042 1430 3097; x_wconf 86' lang='lat' dir='ltr'><strong>scelerati</strong></span> <span class='ocrx_word' id='word_1_456' title='bbox 1459 3043 1704 3099; x_wconf 80' lang='lat' dir='ltr'><strong>homines</strong></span> <span class='ocrx_word' id='word_1_457' title='bbox 1729 3044 2066 3111; x_wconf 88' lang='lat' dir='ltr'><strong>incidissent,</strong></span> 
     </span>
    </p>
   </div>
   <div class='ocr_carea' id='block_1_42' title="bbox 2164 3023 3751 3111">
    <p class='ocr_par' dir='ltr' id='par_1_42' title="bbox 2247 3023 3751 3104">
     <span class='ocr_line' id='line_1_42' title="bbox 2247 3023 3751 3104; baseline 0.01 -27"><span class='ocrx_word' id='word_1_458' title='bbox 2247 3023 2610 3097; x_wconf 79' lang='lat' dir='ltr'><strong>Hieronymus</strong></span> <span class='ocrx_word' id='word_1_459' title='bbox 2635 3043 2794 3098; x_wconf 84' lang='lat' dir='ltr'><strong>super</strong></span> <span class='ocrx_word' id='word_1_460' title='bbox 2811 3029 3148 3086; x_wconf 87' lang='lat' dir='ltr'><strong>Ezechielem</strong></span> <span class='ocrx_word' id='word_1_461' title='bbox 3181 3033 3320 3090; x_wconf 87' lang='lat' dir='ltr'><strong>libro</strong></span> <span class='ocrx_word' id='word_1_462' title='bbox 3351 3036 3511 3092; x_wconf 90' lang='lat' dir='ltr'><strong>tertio</strong></span> <span class='ocrx_word' id='word_1_463' title='bbox 3541 3053 3556 3089; x_wconf 91' lang='lat'><strong>:</strong></span> <span class='ocrx_word' id='word_1_464' title='bbox 3591 3053 3612 3088; x_wconf 73' lang='grc' dir='ltr'>ι</span> <span class='ocrx_word' id='word_1_465' title='bbox 3649 3036 3751 3104; x_wconf 85' lang='lat' dir='ltr'><strong>Qui</strong></span> 
     </span>
    </p>
   </div>
   <div class='ocr_carea' id='block_1_43' title="bbox 486 3117 2073 3202">
    <p class='ocr_par' dir='ltr' id='par_1_43' title="bbox 486 3128 2066 3202">
     <span class='ocr_line' id='line_1_43' title="bbox 486 3128 2066 3202; baseline 0.005 -20"><span class='ocrx_word' id='word_1_466' title='bbox 486 3128 684 3184; x_wconf 82' lang='lat' dir='ltr'><strong>Paulus</strong></span> <span class='ocrx_word' id='word_1_467' title='bbox 734 3130 786 3184; x_wconf 91' lang='lat' dir='ltr'><strong>in</strong></span> <span class='ocrx_word' id='word_1_468' title='bbox 841 3129 1102 3186; x_wconf 79' lang='lat' dir='ltr'><strong>etfusione</strong></span> <span class='ocrx_word' id='word_1_469' title='bbox 1142 3133 1417 3202; x_wconf 80' lang='lat' dir='ltr'><strong>sanguinis</strong></span> <span class='ocrx_word' id='word_1_470' title='bbox 1447 3148 1636 3188; x_wconf 90' lang='lat' dir='ltr'><strong>eorum</strong></span> <span class='ocrx_word' id='word_1_471' title='bbox 1675 3149 1832 3189; x_wconf 89' lang='lat' dir='ltr'><strong>suum</strong></span> <span class='ocrx_word' id='word_1_472' title='bbox 1861 3135 2066 3190; x_wconf 86' lang='lat' dir='ltr'><strong>crimen</strong></span> 
     </span>
    </p>
   </div>
   <div class='ocr_carea' id='block_1_44' title="bbox 2162 3117 3749 3202">
    <p class='ocr_par' dir='ltr' id='par_1_44' title="bbox 2171 3117 3749 3195">
     <span class='ocr_line' id='line_1_44' title="bbox 2171 3117 3749 3195; baseline 0.01 -23"><span class='ocrx_word' id='word_1_473' title='bbox 2171 3117 2346 3172; x_wconf 78' lang='lat' dir='ltr'><strong>malos</strong></span> <span class='ocrx_word' id='word_1_474' title='bbox 2366 3121 2602 3190; x_wconf 81' lang='lat' dir='ltr'><strong>percutit</strong></span> <span class='ocrx_word' id='word_1_475' title='bbox 2645 3122 2700 3176; x_wconf 89' lang='lat' dir='ltr'><strong>in</strong></span> <span class='ocrx_word' id='word_1_476' title='bbox 2731 3139 2796 3178; x_wconf 89' lang='lat' dir='ltr'><strong>eo</strong></span> <span class='ocrx_word' id='word_1_477' title='bbox 2819 3127 2962 3194; x_wconf 88' lang='lat' dir='ltr'><strong>quod</strong></span> <span class='ocrx_word' id='word_1_478' title='bbox 3010 3127 3134 3180; x_wconf 89' lang='lat' dir='ltr'><strong>mali</strong></span> <span class='ocrx_word' id='word_1_479' title='bbox 3177 3137 3326 3195; x_wconf 80' lang='lat' dir='ltr'><strong>sunt,</strong></span> <span class='ocrx_word' id='word_1_480' title='bbox 3355 3139 3410 3184; x_wconf 91' lang='lat' dir='ltr'><strong>et</strong></span> <span class='ocrx_word' id='word_1_481' title='bbox 3437 3131 3601 3188; x_wconf 84' lang='lat' dir='ltr'><strong>habet</strong></span> <span class='ocrx_word' id='word_1_482' title='bbox 3623 3149 3749 3188; x_wconf 84' lang='lat' dir='ltr'><strong>vasa</strong></span> 
     </span>
    </p>
   </div>
   <div class='ocr_carea' id='block_1_45' title="bbox 483 3213 3293 3295">
    <p class='ocr_par' dir='ltr' id='par_1_45' title="bbox 483 3213 3293 3295">
     <span class='ocr_line' id='line_1_45' title="bbox 483 3213 3293 3295; baseline 0.007 -35"><span class='ocrx_word' id='word_1_483' title='bbox 483 3221 836 3290; x_wconf 54' lang='lat' dir='ltr'><strong>agnosceret?</strong></span> <span class='ocrx_word' id='word_1_484' title='bbox 869 3223 1024 3292; x_wconf 45' lang='lat' dir='ltr'><strong>Absit</strong></span> <span class='ocrx_word' id='word_1_485' title='bbox 1054 3233 1111 3277; x_wconf 82' lang='grc' dir='ltr'>υι</span> <span class='ocrx_word' id='word_1_486' title='bbox 1146 3239 1206 3278; x_wconf 63' lang='lat' dir='ltr'><strong>ea</strong></span> <span class='ocrx_word' id='word_1_487' title='bbox 1248 3240 1367 3294; x_wconf 52' lang='lat' dir='ltr'><strong>qua;</strong></span> <span class='ocrx_word' id='word_1_488' title='bbox 1389 3233 1608 3295; x_wconf 59' lang='lat' dir='ltr'><strong>propter</strong></span> <span class='ocrx_word' id='word_1_489' title='bbox 1638 3223 1838 3280; x_wconf 71' lang='lat' dir='ltr'><strong>bonum</strong></span> <span class='ocrx_word' id='word_1_490' title='bbox 1869 3233 1924 3280; x_wconf 71' lang='grc' dir='ltr'><strong>ει</strong></span> <span class='ocrx_word' id='word_1_491' title='bbox 1951 3225 2079 3292; x_wconf 44' lang='lat' dir='ltr'><strong>ﬁci,</strong></span> <span class='ocrx_word' id='word_1_492' title='bbox 2173 3213 2586 3281; x_wconf 83' lang='lat' dir='ltr'><strong>interfectionis,</strong></span> <span class='ocrx_word' id='word_1_493' title='bbox 2621 3219 2868 3276; x_wconf 81' lang='lat' dir='ltr'><strong>minister</strong></span> <span class='ocrx_word' id='word_1_494' title='bbox 2895 3229 2980 3276; x_wconf 89' lang='lat' dir='ltr'><strong>est</strong></span> <span class='ocrx_word' id='word_1_495' title='bbox 3006 3222 3238 3279; x_wconf 89' lang='lat' dir='ltr'><strong>Domini.</strong></span> <span class='ocrx_word' id='word_1_496' title='bbox 3273 3245 3293 3278; x_wconf 73' lang='grc' dir='ltr'><strong><em>ι</em></strong></span> 
     </span>
    </p>
   </div>
   <div class='ocr_carea' id='block_1_46' title="bbox 493 3311 3748 3387">
    <p class='ocr_par' dir='ltr' id='par_1_46' title="bbox 493 3311 3748 3387">
     <span class='ocr_line' id='line_1_46' title="bbox 493 3311 3748 3387; baseline 0.007 -31"><span class='ocrx_word' id='word_1_497' title='bbox 493 3323 605 3366; x_wconf 70' lang='lat' dir='ltr'><strong>tum</strong></span> <span class='ocrx_word' id='word_1_498' title='bbox 648 3313 877 3369; x_wconf 76' lang='lat' dir='ltr'><strong>facimus</strong></span> <span class='ocrx_word' id='word_1_499' title='bbox 908 3324 1000 3370; x_wconf 62' lang='lat' dir='ltr'><strong>aut</strong></span> <span class='ocrx_word' id='word_1_500' title='bbox 1044 3315 1326 3380; x_wconf 66' lang='lat' dir='ltr'><strong>habemus,</strong></span> <span class='ocrx_word' id='word_1_501' title='bbox 1355 3316 1553 3387; x_wconf 77' lang='lat' dir='ltr'><strong>siquid</strong></span> <span class='ocrx_word' id='word_1_502' title='bbox 1590 3330 1689 3385; x_wconf 81' lang='lat' dir='ltr'><strong>per</strong></span> <span class='ocrx_word' id='word_1_503' title='bbox 1735 3315 1837 3372; x_wconf 77' lang='lat' dir='ltr'><strong>hoc</strong></span> <span class='ocrx_word' id='word_1_504' title='bbox 1876 3327 2072 3386; x_wconf 62' lang='lat' dir='ltr'><strong>praeter</strong></span> <span class='ocrx_word' id='word_1_505' title='bbox 2242 3311 2578 3380; x_wconf 68' lang='lat' dir='ltr'><strong>Augustinus</strong></span> <span class='ocrx_word' id='word_1_506' title='bbox 2604 3328 2765 3382; x_wconf 86' lang='lat' dir='ltr'><strong>super</strong></span> <span class='ocrx_word' id='word_1_507' title='bbox 2795 3317 3060 3384; x_wconf 88' lang='lat' dir='ltr'><strong>psalmum</strong></span> <span class='ocrx_word' id='word_1_508' title='bbox 3084 3321 3438 3376; x_wconf 84' lang='lat' dir='ltr'><strong>centesimum</strong></span> <span class='ocrx_word' id='word_1_509' title='bbox 3478 3321 3748 3380; x_wconf 86' lang='lat' dir='ltr'><strong>decimum</strong></span> 
     </span>
    </p>
   </div>
   <div class='ocr_carea' id='block_1_47' title="bbox 488 3406 3750 3486">
    <p class='ocr_par' dir='ltr' id='par_1_47' title="bbox 488 3406 3750 3486">
     <span class='ocr_line' id='line_1_47' title="bbox 488 3406 3750 3486; baseline 0.004 -28"><span class='ocrx_word' id='word_1_510' title='bbox 488 3413 726 3460; x_wconf 86' lang='lat' dir='ltr'><strong>nostram</strong></span> <span class='ocrx_word' id='word_1_511' title='bbox 762 3408 1089 3464; x_wconf 85' lang='lat' dir='ltr'><strong>voluntatem</strong></span> <span class='ocrx_word' id='word_1_512' title='bbox 1136 3407 1386 3477; x_wconf 88' lang='lat' dir='ltr'><strong>cuiquam</strong></span> <span class='ocrx_word' id='word_1_513' title='bbox 1426 3406 1552 3461; x_wconf 91' lang='lat' dir='ltr'><strong>mali</strong></span> <span class='ocrx_word' id='word_1_514' title='bbox 1595 3407 1876 3472; x_wconf 86' lang='lat' dir='ltr'><strong>acciderit,</strong></span> <span class='ocrx_word' id='word_1_515' title='bbox 1915 3407 2069 3461; x_wconf 87' lang='lat' dir='ltr'><strong>nobis</strong></span> <span class='ocrx_word' id='word_1_516' title='bbox 2171 3414 2422 3460; x_wconf 85' lang='lat' dir='ltr'><strong>octavum</strong></span> <span class='ocrx_word' id='word_1_517' title='bbox 2458 3423 2470 3459; x_wconf 94' lang='lat'>:</span> <span class='ocrx_word' id='word_1_518' title='bbox 2505 3424 2524 3457; x_wconf 73' lang='grc' dir='ltr'>ι</span> <span class='ocrx_word' id='word_1_519' title='bbox 2565 3406 2660 3462; x_wconf 91' lang='lat' dir='ltr'><strong>Est</strong></span> <span class='ocrx_word' id='word_1_520' title='bbox 2685 3407 2879 3477; x_wconf 88' lang='lat' dir='ltr'><strong>injusta</strong></span> <span class='ocrx_word' id='word_1_521' title='bbox 2911 3410 3306 3479; x_wconf 86' lang='lat' dir='ltr'><strong>misericordia,</strong></span> <span class='ocrx_word' id='word_1_522' title='bbox 3333 3415 3398 3470; x_wconf 89' lang='lat' dir='ltr'><strong>de</strong></span> <span class='ocrx_word' id='word_1_523' title='bbox 3420 3431 3526 3485; x_wconf 87' lang='lat' dir='ltr'><strong>qua</strong></span> <span class='ocrx_word' id='word_1_524' title='bbox 3557 3416 3611 3471; x_wconf 91' lang='lat' dir='ltr'><strong>in</strong></span> <span class='ocrx_word' id='word_1_525' title='bbox 3639 3417 3750 3486; x_wconf 73' lang='lat' dir='ltr'><strong>lege</strong></span> 
     </span>
    </p>
   </div>
   <div class='ocr_carea' id='block_1_48' title="bbox 487 3497 3750 3578">
    <p class='ocr_par' dir='ltr' id='par_1_48' title="bbox 487 3497 3750 3578">
     <span class='ocr_line' id='line_1_48' title="bbox 487 3497 3750 3578; baseline 0.003 -26"><span class='ocrx_word' id='word_1_526' title='bbox 487 3499 803 3568; x_wconf 87' lang='lat' dir='ltr'><strong>imputetur.</strong></span> <span class='ocrx_word' id='word_1_527' title='bbox 844 3518 860 3550; x_wconf 70' lang='grc' dir='ltr'><strong>ι</strong></span> <span class='ocrx_word' id='word_1_528' title='bbox 897 3500 1028 3554; x_wconf 85' lang='lat' dir='ltr'><strong>Item</strong></span> <span class='ocrx_word' id='word_1_529' title='bbox 1061 3517 1075 3554; x_wconf 91' lang='lat'>:</span> <span class='ocrx_word' id='word_1_530' title='bbox 1109 3517 1128 3550; x_wconf 76' lang='grc' dir='ltr'>ι</span> <span class='ocrx_word' id='word_1_531' title='bbox 1167 3500 1223 3554; x_wconf 92' lang='lat' dir='ltr'><strong>Si</strong></span> <span class='ocrx_word' id='word_1_532' title='bbox 1270 3500 1578 3556; x_wconf 88' lang='lat' dir='ltr'><strong>Christiana</strong></span> <span class='ocrx_word' id='word_1_533' title='bbox 1635 3500 1914 3570; x_wconf 89' lang='lat' dir='ltr'><strong>disciplina</strong></span> <span class='ocrx_word' id='word_1_534' title='bbox 1945 3515 2067 3554; x_wconf 88' lang='lat' dir='ltr'><strong>om-</strong></span> <span class='ocrx_word' id='word_1_535' title='bbox 2171 3497 2432 3567; x_wconf 88' lang='lat' dir='ltr'><strong>scriptum</strong></span> <span class='ocrx_word' id='word_1_536' title='bbox 2463 3507 2548 3554; x_wconf 90' lang='lat' dir='ltr'><strong>est</strong></span> <span class='ocrx_word' id='word_1_537' title='bbox 2582 3519 2594 3552; x_wconf 92' lang='lat'><strong>:</strong></span> <span class='ocrx_word' id='word_1_538' title='bbox 2627 3499 2742 3556; x_wconf 85' lang='lat' dir='ltr'><strong>Non</strong></span> <span class='ocrx_word' id='word_1_539' title='bbox 2785 3501 3130 3558; x_wconf 86' lang='lat' dir='ltr'><strong>misereberis</strong></span> <span class='ocrx_word' id='word_1_540' title='bbox 3150 3503 3266 3572; x_wconf 89' lang='lat' dir='ltr'><strong>ejus</strong></span> <span class='ocrx_word' id='word_1_541' title='bbox 3295 3507 3470 3578; x_wconf 80' lang='lat' dir='ltr'><strong>(Deut.</strong></span> <span class='ocrx_word' id='word_1_542' title='bbox 3511 3510 3660 3576; x_wconf 73' lang='lat' dir='ltr'><strong>mi);</strong></span> <span class='ocrx_word' id='word_1_543' title='bbox 3695 3519 3750 3564; x_wconf 90' lang='lat' dir='ltr'><strong>et</strong></span> 
     </span>
    </p>
   </div>
   <div class='ocr_carea' id='block_1_49' title="bbox 487 3586 3748 3665">
    <p class='ocr_par' dir='ltr' id='par_1_49' title="bbox 487 3586 3748 3665">
     <span class='ocr_line' id='line_1_49' title="bbox 487 3586 3748 3665; baseline 0.003 -22"><span class='ocrx_word' id='word_1_544' title='bbox 487 3590 576 3644; x_wconf 90' lang='lat' dir='ltr'><strong>nia</strong></span> <span class='ocrx_word' id='word_1_545' title='bbox 609 3591 743 3644; x_wconf 89' lang='lat' dir='ltr'><strong>bella</strong></span> <span class='ocrx_word' id='word_1_546' title='bbox 768 3591 1028 3662; x_wconf 88' lang='lat' dir='ltr'><strong>culparet,</strong></span> <span class='ocrx_word' id='word_1_547' title='bbox 1087 3593 1188 3646; x_wconf 91' lang='lat' dir='ltr'><strong>hoc</strong></span> <span class='ocrx_word' id='word_1_548' title='bbox 1238 3593 1416 3662; x_wconf 88' lang='lat' dir='ltr'><strong>potius</strong></span> <span class='ocrx_word' id='word_1_549' title='bbox 1465 3591 1727 3648; x_wconf 90' lang='lat' dir='ltr'><strong>militibus</strong></span> <span class='ocrx_word' id='word_1_550' title='bbox 1779 3592 2066 3647; x_wconf 89' lang='lat' dir='ltr'><strong>consilium</strong></span> <span class='ocrx_word' id='word_1_551' title='bbox 2171 3586 2226 3640; x_wconf 81' lang='lat' dir='ltr'><strong>in</strong></span> <span class='ocrx_word' id='word_1_552' title='bbox 2251 3588 2388 3642; x_wconf 82' lang='lat' dir='ltr'><strong>libro</strong></span> <span class='ocrx_word' id='word_1_553' title='bbox 2418 3588 2618 3658; x_wconf 76' lang='lat' dir='ltr'><strong>Regum</strong></span> <span class='ocrx_word' id='word_1_554' title='bbox 2654 3591 2808 3660; x_wconf 79' lang='lat' dir='ltr'><strong>legis,</strong></span> <span class='ocrx_word' id='word_1_555' title='bbox 2837 3593 2964 3662; x_wconf 89' lang='lat' dir='ltr'><strong>quia</strong></span> <span class='ocrx_word' id='word_1_556' title='bbox 2993 3592 3122 3647; x_wconf 87' lang='lat' dir='ltr'><strong>Saul</strong></span> <span class='ocrx_word' id='word_1_557' title='bbox 3147 3605 3432 3665; x_wconf 87' lang='lat' dir='ltr'><strong>propterea</strong></span> <span class='ocrx_word' id='word_1_558' title='bbox 3477 3600 3748 3652; x_wconf 80' lang='lat' dir='ltr'><strong>contraxit</strong></span> 
     </span>
    </p>
   </div>
   <div class='ocr_carea' id='block_1_50' title="bbox 483 3675 3744 3759">
    <p class='ocr_par' dir='ltr' id='par_1_50' title="bbox 483 3675 3744 3759">
     <span class='ocr_line' id='line_1_50' title="bbox 483 3675 3744 3759; baseline 0.002 -21"><span class='ocrx_word' id='word_1_559' title='bbox 483 3683 678 3738; x_wconf 87' lang='lat' dir='ltr'><strong>salutis</strong></span> <span class='ocrx_word' id='word_1_560' title='bbox 705 3685 1008 3752; x_wconf 87' lang='lat' dir='ltr'><strong>petentibus</strong></span> <span class='ocrx_word' id='word_1_561' title='bbox 1057 3685 1110 3739; x_wconf 92' lang='lat' dir='ltr'><strong>in</strong></span> <span class='ocrx_word' id='word_1_562' title='bbox 1153 3685 1440 3752; x_wconf 78' lang='lat' dir='ltr'><strong>Evangelia</strong></span> <span class='ocrx_word' id='word_1_563' title='bbox 1467 3685 1742 3739; x_wconf 85' lang='lat' dir='ltr'><strong>diceretur</strong></span> <span class='ocrx_word' id='word_1_564' title='bbox 1787 3684 2068 3752; x_wconf 86' lang='lat' dir='ltr'><strong>utabjice-</strong></span> <span class='ocrx_word' id='word_1_565' title='bbox 2170 3675 2428 3731; x_wconf 66' lang='lat' dir='ltr'><strong>oﬂ&#39;ensam</strong></span> <span class='ocrx_word' id='word_1_566' title='bbox 2472 3681 2594 3747; x_wconf 87' lang='lat' dir='ltr'><strong>quia</strong></span> <span class='ocrx_word' id='word_1_567' title='bbox 2627 3681 2912 3737; x_wconf 82' lang='lat' dir='ltr'><strong>miseratus</strong></span> <span class='ocrx_word' id='word_1_568' title='bbox 2958 3691 3041 3738; x_wconf 89' lang='lat' dir='ltr'><strong>est</strong></span> <span class='ocrx_word' id='word_1_569' title='bbox 3083 3686 3233 3755; x_wconf 74' lang='lat' dir='ltr'><strong>Agag</strong></span> <span class='ocrx_word' id='word_1_570' title='bbox 3288 3688 3522 3742; x_wconf 88' lang='lat' dir='ltr'><strong>hostium</strong></span> <span class='ocrx_word' id='word_1_571' title='bbox 3563 3705 3744 3759; x_wconf 81' lang='lat' dir='ltr'><strong>regem</strong></span> 
     </span>
    </p>
   </div>
   <div class='ocr_carea' id='block_1_51' title="bbox 484 3769 2071 3850">
    <p class='ocr_par' dir='ltr' id='par_1_51' title="bbox 484 3777 2063 3845">
     <span class='ocr_line' id='line_1_51' title="bbox 484 3777 2063 3845; baseline 0.003 -17"><span class='ocrx_word' id='word_1_572' title='bbox 484 3785 606 3828; x_wconf 87' lang='lat' dir='ltr'><strong>rent</strong></span> <span class='ocrx_word' id='word_1_573' title='bbox 661 3791 848 3840; x_wconf 88' lang='lat' dir='ltr'><strong>arma,</strong></span> <span class='ocrx_word' id='word_1_574' title='bbox 915 3791 1084 3845; x_wconf 84' lang='lat' dir='ltr'><strong>seque</strong></span> <span class='ocrx_word' id='word_1_575' title='bbox 1135 3777 1340 3832; x_wconf 77' lang='lat' dir='ltr'><strong>militia:</strong></span> <span class='ocrx_word' id='word_1_576' title='bbox 1391 3777 1612 3834; x_wconf 82' lang='lat' dir='ltr'><strong>omnino</strong></span> <span class='ocrx_word' id='word_1_577' title='bbox 1663 3777 2063 3832; x_wconf 86' lang='lat' dir='ltr'><strong>subtrahercnt.</strong></span> 
     </span>
    </p>
   </div>
   <div class='ocr_carea' id='block_1_52' title="bbox 2156 3769 3743 3850">
    <p class='ocr_par' dir='ltr' id='par_1_52' title="bbox 2170 3769 3743 3850">
     <span class='ocr_line' id='line_1_52' title="bbox 2170 3769 3743 3850; baseline 0.013 -33"><span class='ocrx_word' id='word_1_578' title='bbox 2170 3769 2943 3836; x_wconf 87' lang='lat' dir='ltr'><strong>quemprohibebatsententia</strong></span> <span class='ocrx_word' id='word_1_579' title='bbox 2967 3773 3146 3829; x_wconf 90' lang='lat' dir='ltr'><strong>divina</strong></span> <span class='ocrx_word' id='word_1_580' title='bbox 3171 3779 3376 3832; x_wconf 88' lang='lat' dir='ltr'><strong>servari</strong></span> <span class='ocrx_word' id='word_1_581' title='bbox 3401 3778 3450 3846; x_wconf 86' lang='grc'><strong>(1</strong></span> <span class='ocrx_word' id='word_1_582' title='bbox 3473 3778 3602 3850; x_wconf 82' lang='lat' dir='ltr'><strong>Reg.</strong></span> <span class='ocrx_word' id='word_1_583' title='bbox 3630 3783 3743 3850; x_wconf 81' lang='lat' dir='ltr'><strong>xv).</strong></span> 
     </span>
    </p>
   </div>
   <div class='ocr_carea' id='block_1_53' title="bbox 483 3861 2070 3942">
    <p class='ocr_par' dir='ltr' id='par_1_53' title="bbox 483 3869 2064 3936">
     <span class='ocr_line' id='line_1_53' title="bbox 483 3869 2064 3936; baseline 0.003 -15"><span class='ocrx_word' id='word_1_584' title='bbox 483 3869 696 3923; x_wconf 81' lang='lat' dir='ltr'><strong>Dictum</strong></span> <span class='ocrx_word' id='word_1_585' title='bbox 753 3877 836 3922; x_wconf 89' lang='lat' dir='ltr'><strong>est</strong></span> <span class='ocrx_word' id='word_1_586' title='bbox 904 3877 1082 3922; x_wconf 89' lang='lat' dir='ltr'><strong>autem</strong></span> <span class='ocrx_word' id='word_1_587' title='bbox 1121 3871 1200 3924; x_wconf 91' lang='lat' dir='ltr'><strong>eis</strong></span> <span class='ocrx_word' id='word_1_588' title='bbox 1263 3889 1275 3922; x_wconf 93' lang='lat'><strong>:</strong></span> <span class='ocrx_word' id='word_1_589' title='bbox 1331 3869 1609 3924; x_wconf 85' lang='lat' dir='ltr'><strong>Neminem</strong></span> <span class='ocrx_word' id='word_1_590' title='bbox 1661 3873 2064 3936; x_wconf 87' lang='lat' dir='ltr'><strong>concusseritis,</strong></span> 
     </span>
    </p>
   </div>
   <div class='ocr_carea' id='block_1_54' title="bbox 2159 3861 3746 3942">
    <p class='ocr_par' dir='ltr' id='par_1_54' title="bbox 2172 3861 3746 3942">
     <span class='ocr_line' id='line_1_54' title="bbox 2172 3861 3746 3942; baseline 0.01 -26"><span class='ocrx_word' id='word_1_591' title='bbox 2172 3861 2242 3916; x_wconf 90' lang='lat' dir='ltr'><strong>Ut</strong></span> <span class='ocrx_word' id='word_1_592' title='bbox 2289 3863 2336 3917; x_wconf 86' lang='lat' dir='ltr'><strong>si</strong></span> <span class='ocrx_word' id='word_1_593' title='bbox 2387 3865 2509 3933; x_wconf 88' lang='lat' dir='ltr'><strong>quis</strong></span> <span class='ocrx_word' id='word_1_594' title='bbox 2561 3865 2786 3920; x_wconf 88' lang='lat' dir='ltr'><strong>latronis</strong></span> <span class='ocrx_word' id='word_1_595' title='bbox 2837 3867 2964 3922; x_wconf 87' lang='lat' dir='ltr'><strong>filiis</strong></span> <span class='ocrx_word' id='word_1_596' title='bbox 3000 3869 3421 3940; x_wconf 87' lang='lat' dir='ltr'><strong>deprecantibus</strong></span> <span class='ocrx_word' id='word_1_597' title='bbox 3452 3886 3656 3942; x_wconf 87' lang='lat' dir='ltr'><strong>motus,</strong></span> <span class='ocrx_word' id='word_1_598' title='bbox 3692 3887 3746 3931; x_wconf 87' lang='lat' dir='ltr'><strong>et</strong></span> 
     </span>
    </p>
   </div>
   <div class='ocr_carea' id='block_1_55' title="bbox 484 3948 3743 4032">
    <p class='ocr_par' dir='ltr' id='par_1_55' title="bbox 484 3948 3743 4032">
     <span class='ocr_line' id='line_1_55' title="bbox 484 3948 3743 4032; baseline 0.002 -20"><span class='ocrx_word' id='word_1_599' title='bbox 484 3972 662 4026; x_wconf 89' lang='lat' dir='ltr'><strong>neque</strong></span> <span class='ocrx_word' id='word_1_600' title='bbox 687 3958 1012 4012; x_wconf 85' lang='lat' dir='ltr'><strong>calumniam</strong></span> <span class='ocrx_word' id='word_1_601' title='bbox 1035 3957 2063 4030; x_wconf 74' lang='lat' dir='ltr'><strong>feceritis;sultieiatvobisstipendium</strong></span> <span class='ocrx_word' id='word_1_602' title='bbox 2167 3948 2422 4021; x_wconf 79' lang='lat' dir='ltr'><strong>lacrymis</strong></span> <span class='ocrx_word' id='word_1_603' title='bbox 2449 3951 2692 4022; x_wconf 71' lang='lat' dir='ltr'><strong>Coniugis</strong></span> <span class='ocrx_word' id='word_1_604' title='bbox 2721 3955 2836 4023; x_wconf 66' lang='lat' dir='ltr'><strong>eius</strong></span> <span class='ocrx_word' id='word_1_605' title='bbox 2861 3957 3090 4013; x_wconf 72' lang='lat' dir='ltr'><strong>inﬂexus</strong></span> <span class='ocrx_word' id='word_1_606' title='bbox 3135 3959 3522 4015; x_wconf 81' lang='lat' dir='ltr'><strong>absolvendum</strong></span> <span class='ocrx_word' id='word_1_607' title='bbox 3569 3973 3743 4032; x_wconf 83' lang='lat' dir='ltr'><strong>putat,</strong></span> 
     </span>
    </p>
   </div>
   <div class='ocr_carea' id='block_1_56' title="bbox 485 4045 3746 4123">
    <p class='ocr_par' dir='ltr' id='par_1_56' title="bbox 485 4045 3746 4123">
     <span class='ocr_line' id='line_1_56' title="bbox 485 4045 3746 4123; baseline 0.003 -19"><span class='ocrx_word' id='word_1_608' title='bbox 485 4061 728 4106; x_wconf 85' lang='lat' dir='ltr'><strong>vestrum</strong></span> <span class='ocrx_word' id='word_1_609' title='bbox 759 4051 910 4116; x_wconf 81' lang='lat' dir='ltr'><strong>(Luc.</strong></span> <span class='ocrx_word' id='word_1_610' title='bbox 936 4051 1040 4120; x_wconf 85' lang='lat' dir='ltr'><strong>ut).</strong></span> <span class='ocrx_word' id='word_1_611' title='bbox 1073 4051 1278 4118; x_wconf 90' lang='lat' dir='ltr'><strong>Quibus</strong></span> <span class='ocrx_word' id='word_1_612' title='bbox 1299 4053 1572 4122; x_wconf 86' lang='lat' dir='ltr'><strong>proprium</strong></span> <span class='ocrx_word' id='word_1_613' title='bbox 1599 4053 1925 4123; x_wconf 85' lang='lat' dir='ltr'><strong>stipendium</strong></span> <span class='ocrx_word' id='word_1_614' title='bbox 1953 4053 2066 4108; x_wconf 86' lang='lat' dir='ltr'><strong>suf-</strong></span> <span class='ocrx_word' id='word_1_615' title='bbox 2167 4045 2254 4100; x_wconf 83' lang='lat' dir='ltr'><strong>cui</strong></span> <span class='ocrx_word' id='word_1_616' title='bbox 2311 4046 2486 4102; x_wconf 83' lang='lat' dir='ltr'><strong>adhuc</strong></span> <span class='ocrx_word' id='word_1_617' title='bbox 2541 4048 2900 4105; x_wconf 82' lang='lat' dir='ltr'><strong>latrocinandi</strong></span> <span class='ocrx_word' id='word_1_618' title='bbox 2932 4054 3134 4122; x_wconf 88' lang='lat' dir='ltr'><strong>aspiret</strong></span> <span class='ocrx_word' id='word_1_619' title='bbox 3179 4055 3422 4122; x_wconf 76' lang='lat' dir='ltr'><strong>affectus,</strong></span> <span class='ocrx_word' id='word_1_620' title='bbox 3457 4076 3640 4115; x_wconf 91' lang='lat' dir='ltr'><strong>nonne</strong></span> <span class='ocrx_word' id='word_1_621' title='bbox 3673 4063 3746 4114; x_wconf 92' lang='lat' dir='ltr'><strong>in-</strong></span> 
     </span>
    </p>
   </div>
   <div class='ocr_carea' id='block_1_57' title="bbox 483 4143 3740 4217">
    <p class='ocr_par' dir='ltr' id='par_1_57' title="bbox 483 4143 3740 4217">
     <span class='ocr_line' id='line_1_57' title="bbox 483 4143 3740 4217; baseline 0.007 -29"><span class='ocrx_word' id='word_1_622' title='bbox 483 4149 650 4204; x_wconf 71' lang='lat' dir='ltr'><strong>ﬁcere</strong></span> <span class='ocrx_word' id='word_1_623' title='bbox 671 4145 868 4201; x_wconf 69' lang='lat' dir='ltr'><strong>debere</strong></span> <span class='ocrx_word' id='word_1_624' title='bbox 919 4145 1196 4214; x_wconf 57' lang='lat' dir='ltr'><strong>praecepit,</strong></span> <span class='ocrx_word' id='word_1_625' title='bbox 1231 4145 1466 4200; x_wconf 78' lang='lat' dir='ltr'><strong>militare</strong></span> <span class='ocrx_word' id='word_1_626' title='bbox 1509 4147 1694 4215; x_wconf 71' lang='lat' dir='ltr'><strong>utique</strong></span> <span class='ocrx_word' id='word_1_627' title='bbox 1731 4163 1836 4202; x_wconf 86' lang='lat' dir='ltr'><strong>non</strong></span> <span class='ocrx_word' id='word_1_628' title='bbox 1877 4149 2064 4217; x_wconf 80' lang='lat' dir='ltr'><strong>prohi-</strong></span> <span class='ocrx_word' id='word_1_629' title='bbox 2166 4153 2426 4198; x_wconf 83' lang='lat' dir='ltr'><strong>nocentes</strong></span> <span class='ocrx_word' id='word_1_630' title='bbox 2451 4143 2624 4199; x_wconf 88' lang='lat' dir='ltr'><strong>tradet</strong></span> <span class='ocrx_word' id='word_1_631' title='bbox 2648 4146 2835 4213; x_wconf 79' lang='lat' dir='ltr'><strong>exitio,</strong></span> <span class='ocrx_word' id='word_1_632' title='bbox 2871 4147 2960 4217; x_wconf 89' lang='lat' dir='ltr'><strong>qui</strong></span> <span class='ocrx_word' id='word_1_633' title='bbox 3001 4148 3197 4204; x_wconf 75' lang='lat' dir='ltr'><strong>liberal</strong></span> <span class='ocrx_word' id='word_1_634' title='bbox 3241 4153 3535 4209; x_wconf 86' lang='lat' dir='ltr'><strong>multorum</strong></span> <span class='ocrx_word' id='word_1_635' title='bbox 3575 4156 3740 4211; x_wconf 74' lang='lat' dir='ltr'><strong>exilia</strong></span> 
     </span>
    </p>
   </div>
   <div class='ocr_carea' id='block_1_58' title="bbox 481 4238 2578 4311">
    <p class='ocr_par' dir='ltr' id='par_1_58' title="bbox 481 4238 2578 4311">
     <span class='ocr_line' id='line_1_58' title="bbox 481 4238 2578 4311; baseline -0.001 -15"><span class='ocrx_word' id='word_1_636' title='bbox 481 4243 618 4298; x_wconf 87' lang='lat' dir='ltr'><strong>buit.</strong></span> <span class='ocrx_word' id='word_1_637' title='bbox 653 4262 672 4296; x_wconf 76' lang='grc' dir='ltr'><strong><em>ι</em></strong></span> <span class='ocrx_word' id='word_1_638' title='bbox 721 4242 850 4298; x_wconf 89' lang='lat' dir='ltr'><strong>Item</strong></span> <span class='ocrx_word' id='word_1_639' title='bbox 889 4243 958 4294; x_wconf 90' lang='lat' dir='ltr'><strong>ad</strong></span> <span class='ocrx_word' id='word_1_640' title='bbox 985 4239 1319 4293; x_wconf 82' lang='lat' dir='ltr'><strong>Banifacium</strong></span> <span class='ocrx_word' id='word_1_641' title='bbox 1345 4257 1358 4292; x_wconf 91' lang='lat'><strong>:</strong></span> <span class='ocrx_word' id='word_1_642' title='bbox 1389 4257 1408 4290; x_wconf 72' lang='grc' dir='ltr'>ι</span> <span class='ocrx_word' id='word_1_643' title='bbox 1442 4239 1604 4296; x_wconf 82' lang='lat' dir='ltr'><strong>Gravi</strong></span> <span class='ocrx_word' id='word_1_644' title='bbox 1635 4242 1702 4295; x_wconf 91' lang='lat' dir='ltr'><strong>de</strong></span> <span class='ocrx_word' id='word_1_645' title='bbox 1729 4255 1906 4311; x_wconf 79' lang='lat' dir='ltr'><strong>pugna</strong></span> <span class='ocrx_word' id='word_1_646' title='bbox 1936 4257 2066 4296; x_wconf 90' lang='lat' dir='ltr'><strong>con-</strong></span> <span class='ocrx_word' id='word_1_647' title='bbox 2166 4238 2526 4306; x_wconf 72' lang='lat' dir='ltr'><strong>ragitautem?</strong></span> <span class='ocrx_word' id='word_1_648' title='bbox 2559 4259 2578 4294; x_wconf 75' lang='grc' dir='ltr'><strong><em>ι</em></strong></span> 
     </span>
    </p>
   </div>
   <div class='ocr_carea' id='block_1_59' title="bbox 482 4331 3739 4408">
    <p class='ocr_par' dir='ltr' id='par_1_59' title="bbox 482 4331 3739 4408">
     <span class='ocr_line' id='line_1_59' title="bbox 482 4331 3739 4408; baseline 0.002 -16"><span class='ocrx_word' id='word_1_649' title='bbox 482 4336 763 4404; x_wconf 69' lang='lat' dir='ltr'><strong>Quereris?</strong></span> <span class='ocrx_word' id='word_1_650' title='bbox 807 4333 1018 4389; x_wconf 88' lang='lat' dir='ltr'><strong>dubites</strong></span> <span class='ocrx_word' id='word_1_651' title='bbox 1057 4333 1204 4397; x_wconf 88' lang='lat' dir='ltr'><strong>nolo,</strong></span> <span class='ocrx_word' id='word_1_652' title='bbox 1237 4333 1366 4388; x_wconf 89' lang='lat' dir='ltr'><strong>utile</strong></span> <span class='ocrx_word' id='word_1_653' title='bbox 1391 4333 1676 4388; x_wconf 88' lang='lat' dir='ltr'><strong>consilium</strong></span> <span class='ocrx_word' id='word_1_654' title='bbox 1727 4336 1822 4390; x_wconf 87' lang='lat' dir='ltr'><strong>tibi</strong></span> <span class='ocrx_word' id='word_1_655' title='bbox 1853 4336 2063 4405; x_wconf 89' lang='lat' dir='ltr'><strong>tuisque</strong></span> <span class='ocrx_word' id='word_1_656' title='bbox 2237 4331 2314 4387; x_wconf 91' lang='lat' dir='ltr'><strong>De</strong></span> <span class='ocrx_word' id='word_1_657' title='bbox 2343 4331 2743 4402; x_wconf 81' lang='lat' dir='ltr'><strong>depraedatione</strong></span> <span class='ocrx_word' id='word_1_658' title='bbox 2789 4343 2966 4390; x_wconf 87' lang='lat' dir='ltr'><strong>autem</strong></span> <span class='ocrx_word' id='word_1_659' title='bbox 3017 4353 3202 4392; x_wconf 87' lang='lat' dir='ltr'><strong>eorum</strong></span> <span class='ocrx_word' id='word_1_660' title='bbox 3242 4341 3332 4408; x_wconf 88' lang='lat' dir='ltr'><strong>qui</strong></span> <span class='ocrx_word' id='word_1_661' title='bbox 3387 4342 3455 4397; x_wconf 89' lang='lat' dir='ltr'><strong>ab</strong></span> <span class='ocrx_word' id='word_1_662' title='bbox 3502 4343 3739 4400; x_wconf 83' lang='lat' dir='ltr'><strong>Ecclesia</strong></span> 
     </span>
    </p>
   </div>
   <div class='ocr_carea' id='block_1_60' title="bbox 483 4419 3739 4533">
    <p class='ocr_par' dir='ltr' id='par_1_60' title="bbox 483 4419 3739 4533">
     <span class='ocr_line' id='line_1_60' title="bbox 483 4419 3739 4533; baseline 0.003 -52"><span class='ocrx_word' id='word_1_663' title='bbox 483 4419 622 4483; x_wconf 70' lang='lat' dir='ltr'><strong>dabo</strong></span> <span class='ocrx_word' id='word_1_664' title='bbox 649 4449 662 4484; x_wconf 90' lang='lat'><strong>:</strong></span> <span class='ocrx_word' id='word_1_665' title='bbox 692 4429 872 4499; x_wconf 87' lang='lat' dir='ltr'><strong>arripe</strong></span> <span class='ocrx_word' id='word_1_666' title='bbox 923 4425 1171 4480; x_wconf 86' lang='lat' dir='ltr'><strong>manibus</strong></span> <span class='ocrx_word' id='word_1_667' title='bbox 1202 4441 1372 4492; x_wconf 87' lang='lat' dir='ltr'><strong>arma,</strong></span> <span class='ocrx_word' id='word_1_668' title='bbox 1427 4429 1604 4484; x_wconf 89' lang='lat' dir='ltr'><strong>oratio</strong></span> <span class='ocrx_word' id='word_1_669' title='bbox 1661 4443 1821 4484; x_wconf 87' lang='lat' dir='ltr'><strong>aures</strong></span> <span class='ocrx_word' id='word_1_670' title='bbox 1886 4429 2063 4500; x_wconf 86' lang='lat' dir='ltr'><strong>pulset</strong></span> <span class='ocrx_word' id='word_1_671' title='bbox 2087 4473 2140 4533; x_wconf 68' lang='grc' dir='ltr'><strong>Β</strong></span> <span class='ocrx_word' id='word_1_672' title='bbox 2165 4428 2374 4495; x_wconf 70' lang='lat' dir='ltr'><strong>praecisi</strong></span> <span class='ocrx_word' id='word_1_673' title='bbox 2401 4436 2547 4494; x_wconf 90' lang='lat' dir='ltr'><strong>sunt,</strong></span> <span class='ocrx_word' id='word_1_674' title='bbox 2571 4428 2932 4497; x_wconf 87' lang='lat' dir='ltr'><strong>respondeant</strong></span> <span class='ocrx_word' id='word_1_675' title='bbox 2953 4429 3141 4484; x_wconf 85' lang='lat' dir='ltr'><strong>Patres</strong></span> <span class='ocrx_word' id='word_1_676' title='bbox 3155 4433 3348 4487; x_wconf 87' lang='lat' dir='ltr'><strong>nostri.</strong></span> <span class='ocrx_word' id='word_1_677' title='bbox 3375 4434 3739 4504; x_wconf 79' lang='lat' dir='ltr'><strong>Augustinus:</strong></span> 
     </span>
    </p>
   </div>
   <div class='ocr_carea' id='block_1_61' title="bbox 479 4521 3738 4599">
    <p class='ocr_par' dir='ltr' id='par_1_61' title="bbox 479 4521 3738 4599">
     <span class='ocr_line' id='line_1_61' title="bbox 479 4521 3738 4599; baseline 0.002 -23"><span class='ocrx_word' id='word_1_678' title='bbox 479 4523 752 4588; x_wconf 79' lang='lat' dir='ltr'><strong>Auctoris,</strong></span> <span class='ocrx_word' id='word_1_679' title='bbox 779 4523 916 4592; x_wconf 48' lang='lat' dir='ltr'><strong>quia.</strong></span> <span class='ocrx_word' id='word_1_680' title='bbox 944 4521 1162 4590; x_wconf 86' lang='lat' dir='ltr'><strong>quando</strong></span> <span class='ocrx_word' id='word_1_681' title='bbox 1187 4529 1473 4588; x_wconf 79' lang='lat' dir='ltr'><strong>pugnatur,</strong></span> <span class='ocrx_word' id='word_1_682' title='bbox 1511 4523 1651 4576; x_wconf 86' lang='lat' dir='ltr'><strong>Deus</strong></span> <span class='ocrx_word' id='word_1_683' title='bbox 1681 4523 1882 4592; x_wconf 86' lang='lat' dir='ltr'><strong>apertis</strong></span> <span class='ocrx_word' id='word_1_684' title='bbox 1909 4525 2060 4580; x_wconf 71' lang='lat' dir='ltr'><strong>cmlis</strong></span> <span class='ocrx_word' id='word_1_685' title='bbox 2087 4521 2135 4533; x_wconf 75' lang='lat'>&#39;</span> <span class='ocrx_word' id='word_1_686' title='bbox 2170 4541 2188 4573; x_wconf 70' lang='grc' dir='ltr'>ι</span> <span class='ocrx_word' id='word_1_687' title='bbox 2234 4522 2526 4596; x_wconf 78' lang='lat' dir='ltr'><strong>Quidquid,</strong></span> <span class='ocrx_word' id='word_1_688' title='bbox 2560 4524 2752 4594; x_wconf 84' lang='lat' dir='ltr'><strong>inquit,</strong></span> <span class='ocrx_word' id='word_1_689' title='bbox 2811 4539 2840 4578; x_wconf 92' lang='lat' dir='ltr'><strong>a</strong></span> <span class='ocrx_word' id='word_1_690' title='bbox 2895 4535 3049 4594; x_wconf 85' lang='lat' dir='ltr'><strong>parte</strong></span> <span class='ocrx_word' id='word_1_691' title='bbox 3099 4527 3290 4582; x_wconf 84' lang='lat' dir='ltr'><strong>Donati</strong></span> <span class='ocrx_word' id='word_1_692' title='bbox 3343 4531 3738 4599; x_wconf 87' lang='lat' dir='ltr'><strong>possidebatur,</strong></span> 
     </span>
    </p>
   </div>
   <div class='ocr_carea' id='block_1_62' title="bbox 483 4610 3740 4692">
    <p class='ocr_par' dir='ltr' id='par_1_62' title="bbox 483 4610 3740 4692">
     <span class='ocr_line' id='line_1_62' title="bbox 483 4610 3740 4692; baseline 0.003 -26"><span class='ocrx_word' id='word_1_693' title='bbox 483 4623 709 4684; x_wconf 79' lang='lat' dir='ltr'><strong>spectat.</strong></span> <span class='ocrx_word' id='word_1_694' title='bbox 745 4625 796 4666; x_wconf 84' lang='lat' dir='ltr'><strong>et</strong></span> <span class='ocrx_word' id='word_1_695' title='bbox 819 4622 1026 4680; x_wconf 87' lang='lat' dir='ltr'><strong>partem</strong></span> <span class='ocrx_word' id='word_1_696' title='bbox 1059 4626 1218 4680; x_wconf 85' lang='lat' dir='ltr'><strong>quant</strong></span> <span class='ocrx_word' id='word_1_697' title='bbox 1251 4610 1446 4678; x_wconf 84' lang='lat' dir='ltr'><strong>aspicit</strong></span> <span class='ocrx_word' id='word_1_698' title='bbox 1482 4610 1684 4678; x_wconf 86' lang='lat' dir='ltr'><strong>justam</strong></span> <span class='ocrx_word' id='word_1_699' title='bbox 1715 4614 1974 4680; x_wconf 80' lang='lat' dir='ltr'><strong>defendit,</strong></span> <span class='ocrx_word' id='word_1_700' title='bbox 2008 4623 2062 4670; x_wconf 90' lang='lat' dir='ltr'><strong>et</strong></span> <span class='ocrx_word' id='word_1_701' title='bbox 2165 4613 2455 4670; x_wconf 86' lang='lat' dir='ltr'><strong>Christiani</strong></span> <span class='ocrx_word' id='word_1_702' title='bbox 2511 4615 2862 4684; x_wconf 84' lang='lat' dir='ltr'><strong>imperatores</strong></span> <span class='ocrx_word' id='word_1_703' title='bbox 2903 4615 3108 4687; x_wconf 81' lang='lat' dir='ltr'><strong>legibus</strong></span> <span class='ocrx_word' id='word_1_704' title='bbox 3143 4617 3408 4689; x_wconf 81' lang='lat' dir='ltr'><strong>religiosis</strong></span> <span class='ocrx_word' id='word_1_705' title='bbox 3436 4635 3559 4675; x_wconf 90' lang='lat' dir='ltr'><strong>cum</strong></span> <span class='ocrx_word' id='word_1_706' title='bbox 3610 4621 3740 4692; x_wconf 85' lang='lat' dir='ltr'><strong>ipsis</strong></span> 
     </span>
    </p>
   </div>
   <div class='ocr_carea' id='block_1_63' title="bbox 483 4701 3738 4778">
    <p class='ocr_par' dir='ltr' id='par_1_63' title="bbox 483 4701 3738 4778">
     <span class='ocr_line' id='line_1_63' title="bbox 483 4701 3738 4778; baseline 0.002 -18"><span class='ocrx_word' id='word_1_707' title='bbox 483 4707 556 4760; x_wconf 90' lang='lat' dir='ltr'><strong>ibi</strong></span> <span class='ocrx_word' id='word_1_708' title='bbox 583 4707 674 4760; x_wconf 91' lang='lat' dir='ltr'><strong>dat</strong></span> <span class='ocrx_word' id='word_1_709' title='bbox 695 4705 952 4774; x_wconf 87' lang='lat' dir='ltr'><strong>palmam.</strong></span> <span class='ocrx_word' id='word_1_710' title='bbox 985 4723 1004 4755; x_wconf 71' lang='grc' dir='ltr'><strong><em>ι</em></strong></span> <span class='ocrx_word' id='word_1_711' title='bbox 1033 4704 1163 4757; x_wconf 83' lang='lat' dir='ltr'><strong>Item</strong></span> <span class='ocrx_word' id='word_1_712' title='bbox 1197 4720 1209 4754; x_wconf 92' lang='lat'><strong>:</strong></span> <span class='ocrx_word' id='word_1_713' title='bbox 1253 4721 1272 4753; x_wconf 72' lang='grc' dir='ltr'><strong>ε</strong></span> <span class='ocrx_word' id='word_1_714' title='bbox 1309 4701 1427 4756; x_wconf 79' lang='lat' dir='ltr'><strong>Noli</strong></span> <span class='ocrx_word' id='word_1_715' title='bbox 1451 4704 1764 4760; x_wconf 75' lang='lat' dir='ltr'><strong>existimare</strong></span> <span class='ocrx_word' id='word_1_716' title='bbox 1791 4709 2061 4763; x_wconf 85' lang='lat' dir='ltr'><strong>neminem</strong></span> <span class='ocrx_word' id='word_1_717' title='bbox 2165 4706 2408 4760; x_wconf 86' lang='lat' dir='ltr'><strong>ecclesiis</strong></span> <span class='ocrx_word' id='word_1_718' title='bbox 2429 4707 2496 4760; x_wconf 91' lang='lat' dir='ltr'><strong>ad</strong></span> <span class='ocrx_word' id='word_1_719' title='bbox 2517 4707 2835 4762; x_wconf 81' lang='lat' dir='ltr'><strong>catholicam</strong></span> <span class='ocrx_word' id='word_1_720' title='bbox 2857 4708 3464 4778; x_wconf 78' lang='lat' dir='ltr'><strong>transterrejusscrunt.</strong></span> <span class='ocrx_word' id='word_1_721' title='bbox 3491 4710 3738 4764; x_wconf 88' lang='lat' dir='ltr'><strong>Siau‘tcm</strong></span> 
     </span>
    </p>
   </div>
   <div class='ocr_carea' id='block_1_64' title="bbox 485 4795 3735 4872">
    <p class='ocr_par' dir='ltr' id='par_1_64' title="bbox 485 4795 3735 4872">
     <span class='ocr_line' id='line_1_64' title="bbox 485 4795 3735 4872; baseline 0.002 -21"><span class='ocrx_word' id='word_1_722' title='bbox 485 4799 598 4851; x_wconf 88' lang='lat' dir='ltr'><strong>Deo</strong></span> <span class='ocrx_word' id='word_1_723' title='bbox 629 4795 842 4864; x_wconf 80' lang='lat' dir='ltr'><strong>placere</strong></span> <span class='ocrx_word' id='word_1_724' title='bbox 891 4809 1048 4863; x_wconf 87' lang='lat' dir='ltr'><strong>posse</strong></span> <span class='ocrx_word' id='word_1_725' title='bbox 1097 4797 1186 4864; x_wconf 90' lang='lat' dir='ltr'><strong>qui</strong></span> <span class='ocrx_word' id='word_1_726' title='bbox 1217 4795 1388 4850; x_wconf 90' lang='lat' dir='ltr'><strong>armis</strong></span> <span class='ocrx_word' id='word_1_727' title='bbox 1431 4797 1638 4852; x_wconf 75' lang='lat' dir='ltr'><strong>bellicrs</strong></span> <span class='ocrx_word' id='word_1_728' title='bbox 1679 4799 1968 4853; x_wconf 88' lang='lat' dir='ltr'><strong>ministrat.</strong></span> <span class='ocrx_word' id='word_1_729' title='bbox 2002 4800 2060 4854; x_wconf 84' lang='lat' dir='ltr'><strong>In</strong></span> <span class='ocrx_word' id='word_1_730' title='bbox 2165 4801 2568 4854; x_wconf 85' lang='lat' dir='ltr'><strong>consideremus</strong></span> <span class='ocrx_word' id='word_1_731' title='bbox 2589 4801 2730 4867; x_wconf 87' lang='lat' dir='ltr'><strong>quod</strong></span> <span class='ocrx_word' id='word_1_732' title='bbox 2761 4799 3020 4866; x_wconf 87' lang='lat' dir='ltr'><strong>scriptum</strong></span> <span class='ocrx_word' id='word_1_733' title='bbox 3045 4811 3134 4872; x_wconf 77' lang='lat' dir='ltr'><strong>est</strong></span> <span class='ocrx_word' id='word_1_734' title='bbox 3163 4799 3382 4854; x_wconf 69' lang='lat' dir='ltr'><strong>inﬂibro</strong></span> <span class='ocrx_word' id='word_1_735' title='bbox 3415 4801 3735 4870; x_wconf 68' lang='lat' dir='ltr'><strong>Sapientiae:</strong></span> 
     </span>
    </p>
   </div>
   <div class='ocr_carea' id='block_1_65' title="bbox 483 4887 3738 4962">
    <p class='ocr_par' dir='ltr' id='par_1_65' title="bbox 483 4887 3738 4962">
     <span class='ocr_line' id='line_1_65' title="bbox 483 4887 3738 4962; baseline 0.002 -21"><span class='ocrx_word' id='word_1_736' title='bbox 483 4887 569 4942; x_wconf 89' lang='lat' dir='ltr'><strong>his</strong></span> <span class='ocrx_word' id='word_1_737' title='bbox 615 4895 732 4941; x_wconf 85' lang='lat' dir='ltr'><strong>erat</strong></span> <span class='ocrx_word' id='word_1_738' title='bbox 775 4896 992 4940; x_wconf 88' lang='lat' dir='ltr'><strong>sanctus</strong></span> <span class='ocrx_word' id='word_1_739' title='bbox 1037 4887 1224 4954; x_wconf 89' lang='lat' dir='ltr'><strong>David,</strong></span> <span class='ocrx_word' id='word_1_740' title='bbox 1263 4889 1348 4942; x_wconf 92' lang='lat' dir='ltr'><strong>cui</strong></span> <span class='ocrx_word' id='word_1_741' title='bbox 1393 4887 1648 4943; x_wconf 88' lang='lat' dir='ltr'><strong>Dominus</strong></span> <span class='ocrx_word' id='word_1_742' title='bbox 1677 4898 1781 4943; x_wconf 88' lang='lat' dir='ltr'><strong>tam</strong></span> <span class='ocrx_word' id='word_1_743' title='bbox 1809 4905 2060 4961; x_wconf 81' lang='lat' dir='ltr'><strong>magnum</strong></span> <span class='ocrx_word' id='word_1_744' title='bbox 2167 4889 2289 4944; x_wconf 91' lang='lat' dir='ltr'><strong>Ideo</strong></span> <span class='ocrx_word' id='word_1_745' title='bbox 2324 4889 2452 4956; x_wconf 88' lang='lat' dir='ltr'><strong>justi</strong></span> <span class='ocrx_word' id='word_1_746' title='bbox 2489 4890 2722 4944; x_wconf 86' lang='lat' dir='ltr'><strong>tulerunt</strong></span> <span class='ocrx_word' id='word_1_747' title='bbox 2769 4889 2938 4959; x_wconf 87' lang='lat' dir='ltr'><strong>spolia</strong></span> <span class='ocrx_word' id='word_1_748' title='bbox 2982 4889 3265 4958; x_wconf 88' lang='lat' dir='ltr'><strong>impiorum</strong></span> <span class='ocrx_word' id='word_1_749' title='bbox 3298 4889 3449 4962; x_wconf 73' lang='lat' dir='ltr'><strong>(Sep.</strong></span> <span class='ocrx_word' id='word_1_750' title='bbox 3491 4893 3570 4962; x_wconf 78' lang='grc' dir='ltr'><strong>ι),</strong></span> <span class='ocrx_word' id='word_1_751' title='bbox 3615 4893 3738 4948; x_wconf 81' lang='lat' dir='ltr'><strong>item</strong></span> 
     </span>
    </p>
   </div>
   <div class='ocr_carea' id='block_1_66' title="bbox 481 4975 3741 5058">
    <p class='ocr_par' dir='ltr' id='par_1_66' title="bbox 481 4975 3741 5058">
     <span class='ocr_line' id='line_1_66' title="bbox 481 4975 3741 5058; baseline 0.003 -30"><span class='ocrx_word' id='word_1_752' title='bbox 481 4975 756 5048; x_wconf 64' lang='lat' dir='ltr'><strong>penhiiuit</strong></span> <span class='ocrx_word' id='word_1_753' title='bbox 797 4977 1192 5042; x_wconf 87' lang='lat' dir='ltr'><strong>testimonium;</strong></span> <span class='ocrx_word' id='word_1_754' title='bbox 1243 4980 1294 5031; x_wconf 90' lang='lat' dir='ltr'><strong>in</strong></span> <span class='ocrx_word' id='word_1_755' title='bbox 1327 4979 1407 5032; x_wconf 86' lang='lat' dir='ltr'><strong>his</strong></span> <span class='ocrx_word' id='word_1_756' title='bbox 1441 4981 1604 5033; x_wconf 87' lang='lat' dir='ltr'><strong>etiam</strong></span> <span class='ocrx_word' id='word_1_757' title='bbox 1656 4980 1870 5050; x_wconf 86' lang='lat' dir='ltr'><strong>plurimi</strong></span> <span class='ocrx_word' id='word_1_758' title='bbox 1919 4983 2062 5040; x_wconf 84' lang='lat' dir='ltr'><strong>illius</strong></span> <span class='ocrx_word' id='word_1_759' title='bbox 2163 4983 2306 5050; x_wconf 86' lang='lat' dir='ltr'><strong>quod</strong></span> <span class='ocrx_word' id='word_1_760' title='bbox 2329 4981 2596 5049; x_wconf 78' lang='lat' dir='ltr'><strong>legiturin</strong></span> <span class='ocrx_word' id='word_1_761' title='bbox 2617 4980 3741 5058; x_wconf 81' lang='lat' dir='ltr'><strong>Proverbiis:Thesaurizantautemjustis</strong></span> 
     </span>
    </p>
   </div>
   <div class='ocr_carea' id='block_1_67' title="bbox 485 5067 3736 5144">
    <p class='ocr_par' dir='ltr' id='par_1_67' title="bbox 485 5067 3736 5144">
     <span class='ocr_line' id='line_1_67' title="bbox 485 5067 3736 5144; baseline 0.003 -20"><span class='ocrx_word' id='word_1_762' title='bbox 485 5069 744 5140; x_wconf 73' lang='lat' dir='ltr'><strong>temporis</strong></span> <span class='ocrx_word' id='word_1_763' title='bbox 782 5067 916 5133; x_wconf 80' lang='lat' dir='ltr'><strong>viri;</strong></span> <span class='ocrx_word' id='word_1_764' title='bbox 952 5067 1003 5120; x_wconf 91' lang='lat' dir='ltr'><strong>in</strong></span> <span class='ocrx_word' id='word_1_765' title='bbox 1033 5069 1117 5121; x_wconf 88' lang='lat' dir='ltr'><strong>his</strong></span> <span class='ocrx_word' id='word_1_766' title='bbox 1154 5078 1272 5122; x_wconf 88' lang='lat' dir='ltr'><strong>erat</strong></span> <span class='ocrx_word' id='word_1_767' title='bbox 1301 5071 1549 5124; x_wconf 78' lang='lat' dir='ltr'><strong>centurio</strong></span> <span class='ocrx_word' id='word_1_768' title='bbox 1578 5071 1683 5134; x_wconf 89' lang='lat' dir='ltr'><strong>ille,</strong></span> <span class='ocrx_word' id='word_1_769' title='bbox 1711 5074 1801 5141; x_wconf 89' lang='lat' dir='ltr'><strong>qui</strong></span> <span class='ocrx_word' id='word_1_770' title='bbox 1832 5073 2060 5132; x_wconf 87' lang='lat' dir='ltr'><strong>.Domino</strong></span> <span class='ocrx_word' id='word_1_771' title='bbox 2163 5077 2365 5131; x_wconf 66' lang='lat' dir='ltr'><strong>divitia:</strong></span> <span class='ocrx_word' id='word_1_772' title='bbox 2407 5077 2692 5144; x_wconf 84' lang='lat' dir='ltr'><strong>impiorum</strong></span> <span class='ocrx_word' id='word_1_773' title='bbox 2723 5073 2906 5140; x_wconf 77' lang='lat' dir='ltr'><strong>(Prov.</strong></span> <span class='ocrx_word' id='word_1_774' title='bbox 2937 5078 3055 5144; x_wconf 79' lang='lat' dir='ltr'><strong>xm)</strong></span> <span class='ocrx_word' id='word_1_775' title='bbox 3079 5115 3094 5140; x_wconf 93' lang='lat'><strong>,</strong></span> <span class='ocrx_word' id='word_1_776' title='bbox 3127 5085 3252 5129; x_wconf 91' lang='lat' dir='ltr'><strong>tunc</strong></span> <span class='ocrx_word' id='word_1_777' title='bbox 3281 5075 3586 5133; x_wconf 87' lang='lat' dir='ltr'><strong>videbimus</strong></span> <span class='ocrx_word' id='word_1_778' title='bbox 3633 5093 3736 5134; x_wconf 87' lang='lat' dir='ltr'><strong>non</strong></span> 
     </span>
    </p>
   </div>
   <div class='ocr_carea' id='block_1_68' title="bbox 484 5160 3736 5242">
    <p class='ocr_par' dir='ltr' id='par_1_68' title="bbox 484 5160 3736 5242">
     <span class='ocr_line' id='line_1_68' title="bbox 484 5160 3736 5242; baseline 0.005 -27"><span class='ocrx_word' id='word_1_779' title='bbox 484 5164 622 5216; x_wconf 81' lang='lat' dir='ltr'><strong>dixit</strong></span> <span class='ocrx_word' id='word_1_780' title='bbox 659 5181 670 5214; x_wconf 94' lang='lat'><strong>:</strong></span> <span class='ocrx_word' id='word_1_781' title='bbox 700 5160 814 5216; x_wconf 82' lang='lat' dir='ltr'><strong>Non</strong></span> <span class='ocrx_word' id='word_1_782' title='bbox 841 5177 960 5215; x_wconf 90' lang='lat' dir='ltr'><strong>sum</strong></span> <span class='ocrx_word' id='word_1_783' title='bbox 1011 5161 1202 5230; x_wconf 80' lang='lat' dir='ltr'><strong>dignus</strong></span> <span class='ocrx_word' id='word_1_784' title='bbox 1232 5171 1290 5216; x_wconf 89' lang='lat' dir='ltr'><strong>ut</strong></span> <span class='ocrx_word' id='word_1_785' title='bbox 1323 5163 1490 5218; x_wconf 89' lang='lat' dir='ltr'><strong>intres</strong></span> <span class='ocrx_word' id='word_1_786' title='bbox 1531 5167 1629 5220; x_wconf 86' lang='lat' dir='ltr'><strong>sub</strong></span> <span class='ocrx_word' id='word_1_787' title='bbox 1655 5175 2059 5226; x_wconf 75' lang='lat' dir='ltr'><strong>tectum‘menm</strong></span> <span class='ocrx_word' id='word_1_788' title='bbox 2163 5189 2284 5228; x_wconf 89' lang='lat' dir='ltr'><strong>esse</strong></span> <span class='ocrx_word' id='word_1_789' title='bbox 2307 5171 2657 5242; x_wconf 69' lang='lat' dir='ltr'><strong>quaerendum</strong></span> <span class='ocrx_word' id='word_1_790' title='bbox 2696 5171 2786 5237; x_wconf 88' lang='lat' dir='ltr'><strong>qui</strong></span> <span class='ocrx_word' id='word_1_791' title='bbox 2820 5170 3054 5225; x_wconf 78' lang='lat' dir='ltr'><strong>habeant</strong></span> <span class='ocrx_word' id='word_1_792' title='bbox 3086 5187 3171 5227; x_wconf 90' lang='lat' dir='ltr'><strong>res</strong></span> <span class='ocrx_word' id='word_1_793' title='bbox 3209 5172 3622 5241; x_wconf 67' lang='lat' dir='ltr'><strong>haereticorum,</strong></span> <span class='ocrx_word' id='word_1_794' title='bbox 3645 5165 3736 5231; x_wconf 77' lang='lat' dir='ltr'><strong>sed</strong></span> 
     </span>
    </p>
   </div>
   <div class='ocr_carea' id='block_1_69' title="bbox 485 5252 2072 5302">
    <p class='ocr_par' dir='ltr' id='par_1_69' title="bbox 485 5252 2061 5302">
     <span class='ocr_line' id='line_1_69' title="bbox 485 5252 2061 5302; baseline 0 0"><span class='ocrx_word' id='word_1_795' title='bbox 485 5255 700 5302; x_wconf 40' lang='lat' dir='ltr'><strong>(illum).</strong></span> <span class='ocrx_word' id='word_1_796' title='bbox 740 5254 880 5302; x_wconf 75' lang='lat' dir='ltr'><strong>vitii.</strong></span> <span class='ocrx_word' id='word_1_797' title='bbox 928 5252 1042 5302; x_wconf 90' lang='lat' dir='ltr'><strong>lloc</strong></span> <span class='ocrx_word' id='word_1_798' title='bbox 1071 5267 1201 5302; x_wconf 73' lang='lat' dir='ltr'><strong>creo</strong></span> <span class='ocrx_word' id='word_1_799' title='bbox 1236 5253 1466 5302; x_wconf 70' lang='lat' dir='ltr'><strong>primum</strong></span> <span class='ocrx_word' id='word_1_800' title='bbox 1491 5257 1688 5302; x_wconf 76' lang='lat' dir='ltr'><strong>enoita-</strong></span> <span class='ocrx_word' id='word_1_801' title='bbox 1723 5261 1936 5302; x_wconf 77' lang='lat' dir='ltr'><strong>nimndn</strong></span> <span class='ocrx_word' id='word_1_802' title='bbox 1971 5278 2061 5302; x_wconf 73' lang='lat' dir='ltr'><strong>nr-</strong></span> 
     </span>
    </p>
   </div>
   <div class='ocr_carea' id='block_1_70' title="bbox 1544 5252 3131 5302">
    <p class='ocr_par' dir='ltr' id='par_1_70' title="bbox 1544 5257 3131 5302">
     <span class='ocr_line' id='line_1_70' title="bbox 1544 5257 3131 5302; baseline 0 0"><span class='ocrx_word' id='word_1_803' title='bbox 1544 5257 1688 5302; x_wconf 69' lang='grc' dir='ltr'><strong>Ιρίιὲι-</strong></span> <span class='ocrx_word' id='word_1_804' title='bbox 1723 5261 1936 5302; x_wconf 65' lang='grc' dir='ltr'><strong>ΠΙΙΩΠΙΙΟ</strong></span> <span class='ocrx_word' id='word_1_805' title='bbox 1971 5278 2061 5302; x_wconf 66' lang='grc'><strong>211·-</strong></span> <span class='ocrx_word' id='word_1_806' title='bbox 2163 5269 2254 5302; x_wconf 67' lang='lat' dir='ltr'><strong>nn:</strong></span> <span class='ocrx_word' id='word_1_807' title='bbox 2287 5269 2386 5302; x_wconf 56' lang='grc' dir='ltr'><strong>εἴη.</strong></span> <span class='ocrx_word' id='word_1_808' title='bbox 2419 5267 2470 5302; x_wconf 57' lang='lat' dir='ltr'><strong>in</strong></span> <span class='ocrx_word' id='word_1_809' title='bbox 2503 5265 2760 5302; x_wconf 71' lang='lat' dir='ltr'><strong>cnnintnln</strong></span> <span class='ocrx_word' id='word_1_810' title='bbox 2789 5265 3049 5302; x_wconf 66' lang='lat' dir='ltr'><strong>inclnmnn</strong></span> <span class='ocrx_word' id='word_1_811' title='bbox 3116 5287 3131 5302; x_wconf 82' lang='lat' dir='ltr'><strong>I</strong></span> 
     </span>
    </p>
   </div>
  </div>
