4018 5330
293 256 402 310 οῑῖὲὗ

981 205 1254 308 ιῖοΝΐιὶΑ
1287 251 1328 306 (ἰ
1341 247 1696 306 UiBERTUM
1726 235 1864 294 ANT

1970 233 2118 292 ,ΡΑΜ
2159 243 2338 300 LIBRI
2373 243 2528 300 ΠΕΟ.
2555 245 2770 302 -Ι.ΙΒ.
2817 247 2854 300 l.

3465 255 3572 312 456

297 369 496 422 νίιιιίεο
525 367 769 435 loquere,
817 373 872 420 et
917 380 1256 434 quaecunque
1283 364 1438 420 vobis
1483 363 1592 417 Deo
1635 359 1884 428 adjutore
1911 371 1958 428 Α
1987 357 2149 412 buam
2193 357 2365 428 (Rom.
2399 359 2546 430 xm).
2581 379 2598 412 ι
2641 361 2942 416 [iefemlcre
2987 363 3246 432 pupillum
3275 375 3328 420 et
3357 368 3574 422 viduam

295 476 394 528 pro
441 457 680 511 utilitate
731 453 1041 524 reipublicze
1087 454 1342 508 steterint
1391 451 1576 514 facile,
1627 459 1682 504 et
1719 450 1762 504 si
1795 449 1884 503 hic

293 552 376 604 vel
427 549 494 602 ad
553 549 892 601 Ravennates
939 555 1122 614 partes
1151 559 1252 597 nec
1283 544 1570 598 dicendum
1611 539 1880 596 Ariulfum

291 641 658 712 cognoveritis
685 653 996 698 excurrere,
1027 651 1122 690 vos
1149 653 1176 688 a
1207 635 1370 688 dorso
1403 633 1540 702 ejus,
1571 635 1710 688 sicut
1739 633 1882 686 viros

293 733 466 786 fortes
509 733 799 794 condecet,
841 729 1108 784 lahOrate.
1147 750 1163 780 ι
1205 729 1336 782 Item
1370 728 1616 782 Maurino
1642 737 1696 780 et
1731 727 1877 780 Vita-

291 822 437 877 liano
489 823 636 876 inter
685 831 881 876 ctetera
913 837 926 872 :
955 839 973 872 ι
1001 819 1235 874 Gloriosi
1273 819 1388 884 lilii,
1421 829 1596 872 estote
1636 817 1876 882 solliciti,

289 914 442 982 quia,
468 921 732 982 quantum
765 913 1004 979 comperi
1060 911 1270 964 ltOSLem
1309 909 1594 964 collectum
1623 909 1787 962 habet
1823 917 1880 963 et

291 1005 346 1058 in
383 1005 612 1058 marinis
639 1003 838 1058 dicitur
879 1003 1140 1066 residere,
1170 1012 1228 1055 ιιι
1249 1003 1292 1054 si
1340 1003 1442 1056 huc
1493 1017 1712 1056 cursum
1769 1001 1878 1054 Deo

289 1095 392 1150 sibi
419 1095 558 1148 irato
583 1095 802 1148 mittere
819 1091 1072 1154 voluerit,
1089 1109 1182 1146 vos
1201 1093 1376 1146 locum
1401 1091 1588 1160 ipsius,
1605 1099 1869 1160 quantum

291 1185 557 1239 Dominus
596 1185 882 1255 adjuverit,
927 1185 1250 1254 depraadate.
1281 1203 1300 1234 ι
1345 1183 1550 1250 Quibus
1584 1183 1877 1253 diligenter

297 1277 626 1346 perspectis,
659 1277 800 1331 scies
829 1293 926 1330 nos
963 1277 1244 1331 veritatem
1272 1279 1487 1340 docere,
1519 1291 1622 1330 non
1650 1276 1876 1346 pseudo-

293 1369 778 1436 prtedicationibus
809 1369 1092 1432 dedocere,
1127 1380 1181 1422 et
1213 1379 1264 1432 te
1289 1385 1388 1437 pro
1421 1369 1672 1438 superbia
1705 1368 1759 1422 in
1792 1381 1876 1420 re-

289 1463 518 1530 probum
545 1461 805 1515 traditum
831 1475 1078 1526 sensum,
1119 1473 1310 1515 sancto
1345 1461 1494 1514 Patri
1531 1469 1718 1514 nostro
1759 1459 1868 1513 cri-

293 1572 416 1610 men
445 1556 792 1625 imposuisse,
823 1567 879 1609 et
904 1556 1044 1609 dicta
1102 1565 1416 1610 sanctorum
1463 1554 1708 1619 Patrum,
1753 1543 1874 1624 qua:

283 1648 342 1701 in
365 1649 595 1718 cpistola
623 1658 709 1700 tua
741 1647 990 1716 posuisti,
1023 1663 1128 1700 non
1163 1647 1510 1700 intellexisse.

1987 452 2174 514 armis,
2215 453 2380 506 etiam
2431 454 2758 516 carnalibus,
2807 457 2941 509 tueri
2975 467 3224 512 sanctam
3253 459 3571 526 Ecclesiam,

1987 557 2094 596 non
2127 557 2242 606 eos,
2292 542 2384 611 qui
2417 543 2468 596 in
2500 559 2662 598 causa
2709 555 2854 606 sunt,
2901 545 2994 598 sed
3035 547 3140 600 nisi
3171 563 3270 616 pro
3297 554 3570 606 communi

1993 635 2296 704 republica,
2351 637 2452 690 sub
2495 651 2726 704 quorum
2777 635 3042 706 regimine
3093 645 3221 690 sunt
3247 640 3571 694 universalis

1987 726 2244 782 Ecclesia:
2267 728 2540 797 cupimus.
2577 727 2872 780 Pecuniam
2915 741 3104 780 eorum
3140 736 3196 782 et
3227 737 3430 784 terram
3461 746 3566 786 non

1983 819 2446 888 concupiscimus,
2489 819 2583 873 sed
2617 827 2673 872 ut
2701 819 3082 872 thesaurizent
3109 818 3398 888 impiorum
3427 822 3568 876 divi-

1985 912 2071 966 tia:
2094 911 2278 980 jnstis,
2311 921 2366 966 et
2391 911 2562 980 spolia
2588 911 2878 980 impiorum
2908 908 3274 978 tollantjusti,
3301 927 3364 966 ea
3389 921 3566 966 tamen

1981 1001 2283 1056 intentione
2319 1011 2378 1054 ιιι
2429 1016 2525 1055 eos
2577 1001 2776 1054 lucrari
2833 987 3074 1070 possint,
3124 1009 3178 1053 et
3225 1013 3332 1054 non
3393 1001 3565 1056 solum

1980 1107 2100 1160 qua:
2157 1091 2372 1144 illorum
2417 1083 2566 1154 sunt,
2617 1091 2710 1144 sed
2757 1092 2940 1144 omnia
2969 1091 3136 1144 etiam
3189 1094 3390 1146 suain
3431 1099 3564 1148 eba-

1981 1182 2143 1236 ritate
2171 1182 2502 1237 distribuant
2543 1197 2892 1252 summopere
2933 1184 3231 1252 satagimus
3265 1193 3319 1239 et
3353 1186 3568 1242 deside-

1979 1288 2184 1326 ramus.

2049 1364 2164 1420 Non
2198 1365 2380 1435 itaque
2423 1367 2712 1422 adversum
2755 1381 2855 1422 nos
2892 1365 3106 1421 clamat’
3130 1369 3350 1438 sanguis
3379 1368 3556 1424 Saxo-

1978 1474 2132 1522 ntnn,
2175 1459 2268 1514 sed
2319 1469 2512 1513 contra
2567 1475 2662 1514 vos
2711 1475 2832 1514 cum
2889 1459 3144 1514 universo
3191 1463 3412 1522 mundo,
3466 1463 3558 1530 qui

1977 1552 2206 1606 sceleris
2247 1553 2410 1606 vestri
2461 1552 2584 1606 tabe
2637 1552 2927 1606 inhorruit.
2959 1553 3174 1606 Clamat
3203 1554 3420 1618 castum,
3449 1555 3560 1607 cla-

1976 1651 2094 1696 mat
2124 1653 2290 1704 terra,
2319 1641 2522 1696 clamat
2541 1643 2719 1696 omnis
2749 1641 2992 1696 Ecclesia
3027 1643 3320 1711 iustorum,
3355 1653 3408 1694 et
3437 1659 3558 1712 qum

357 1737 480 1792 Haec
513 1749 568 1790 et
615 1738 700 1791 his
745 1737 942 1790 similia
993 1735 1374 1805 prmdicamus,
1425 1741 1480 1788 et
1525 1747 1647 1788 cum
1701 1731 1869 1788 multo
1901 1735 1944 1795 Β
1973 1735 2152 1788 adhuc
2177 1735 2576 1804 peregrinatur,
2600 1733 3066 1802 etqutejameum,
3091 1721 3306 1788 Christo
3331 1745 3554 1804 regnat;

283 1829 468 1884 dolore
498 1829 683 1884 cordis
713 1831 782 1883 ab
819 1829 902 1884 his
935 1829 1354 1884 necessitatibus
1379 1828 1586 1882 nostris
1621 1827 1754 1898 eripi
1787 1827 1868 1880 la-

285 1921 563 1984 boramus,
616 1929 672 1974 et
719 1920 786 1974 ad
841 1919 1127 1974 Dominum
1177 1920 1346 1973 Deum
1397 1931 1640 1974 nostrum
1671 1919 1737 1972 de
1767 1919 1869 1972 ista

287 2015 638 2070 tribulatione
685 2014 1004 2078 clamamus,
1041 2023 1096 2068 ut
1127 2029 1222 2068 vos
1263 2013 1544 2067 humiliter
1577 2013 1676 2066 sub
1707 2026 1866 2064 manu

285 2093 653 2176 suadiesque
699 2114 916 2160 nostros
971 2106 1022 2158 in
1080 2121 1174 2159 sua
1225 2120 1358 2174 pace
1411 2105 1678 2174 disponat.
1733 2103 1868 2158 Cum

287 2197 454 2250 multo
481 2197 752 2266 siquidem
792 2197 976 2252 dolore
1016 2205 1164 2250 secat
1196 2198 1314 2264 pius
1345 2197 1607 2259 medicas,
1636 2194 1688 2249 ni
1713 2209 1868 2249 seca-

291 2299 400 2354 ret,
431 2291 789 2355 moriturum;
844 2307 966 2346 cum
1017 2291 1198 2344 multis
1235 2291 1488 2362 lacrymis
1537 2291 1666 2361 ligat
1712 2299 1867 2360 pater

291 2379 456 2434 filium
503 2383 903 2452 pltreneticum.
937 2382 1082 2436 Daas
1116 2383 1351 2451 denique
1395 2382 1619 2450 gloriam
1663 2381 1862 2436 nomini

289 2470 499 2524 Domini
551 2471 765 2524 lietatur
806 2472 987 2542 justus
1029 2487 1150 2526 cum
1196 2473 1338 2524 videt
1369 2471 1658 2526 vindictam
1687 2471 1862 2542 (Prol.

287 2561 438 2628 ιιίι),
487 2561 582 2616 sed
635 2571 813 2615 tamen
861 2563 1102 2615 animum
1131 2561 1246 2628 cjns
1271 2561 1710 2632 scutpcrcrnt-iat
1742 2577 1864 2631 per-

285 2653 526 2705 euntium
559 2653 750 2707 multa.

355 2742 556 2798 Verum
584 2745 804 2813 quidem
835 2753 919 2799 est
967 2745 1092 2814 quia
1137 2761 1238 2800 nec
1283 2761 1381 2816 pro
1425 2745 1634 2816 iustitia
1685 2745 1862 2801 ferrea

285 2854 430 2918 arma
453 2839 654 2908 corripi
690 2855 1028 2908 concessum.
1055 2849 1155 2904 est,
1191 2843 1282 2896 sed
1311 2837 1530 2914 propter
1567 2859 1642 2904 se,
1686 2858 1861 2912 quan-

285 2939 392 2982 tum
424 2927 492 2980 ad
521 2927 747 2996 iustitiae
795 2930 1212 3000 perfectionem,
1265 2944 1527 3001 quantum
1559 2941 1764 3002 spectat
1795 2931 1860 2985 ad

281 3019 474 3074 domus
505 3021 598 3075 Dei
630 3022 910 3076 decorem.
939 3021 1045 3077 Nec
1075 3023 1176 3078 hoc
1221 3025 1438 3094 quidem
1487 3024 1668 3078 laudat
1719 3027 1861 3092 Apo-

1973 1824 2180 1878 clamat
2212 1824 2482 1888 Christus,
2513 1823 2713 1877 clamat
2739 1823 2902 1878 Pater
2931 1839 3029 1893 pro
3055 1825 3263 1893 Sponsa
3295 1823 3414 1878 Filii
3447 1826 3554 1889 sui,

1971 1921 2173 1972 clamat
2199 1917 2434 1986 Spiritus
2457 1926 2679 1972 sanctus
2707 1919 2796 1984 qui
2829 1918 3068 1986 quotidie
3101 1919 3340 1986 postulat
3369 1933 3466 1986 pro
3491 1935 3556 1972 ea

1972 2012 2264 2082 gemittbus
2295 2011 2750 2066 inenarrabilibns
2773 2009 2950 2078 (llam.
2975 2011 3116 2080 vin).
3145 2009 3250 2064 \‘os
3281 2010 3546 2079 siquidem

1971 2103 2276 2158 Ecclesiam
2326 2103 2545 2156 laniatis
2573 2113 2627 2155 et
2655 2093 2926 2166 scinditis,
2957 2103 3046 2170 qui
3079 2112 3284 2170 partem
3316 2112 3552 2156 vestram

1970 2198 2040 2252 ab
2075 2197 2194 2265 ejus
2234 2199 2444 2251 unitate
2473 2197 2796 2266 prtecidistis
2823 2211 3052 2265 eamque
3081 2195 3347 2252 crudelius
3375 2197 3553 2266 gladio

1969 2289 2280 2343 schismatis
2303 2303 2466 2357 quam
2497 2287 2816 2342 idololatria:
2841 2286 3044 2342 scelere
3083 2288 3132 2340 in
3173 2288 3342 2340 frusta
3371 2289 3552 2344 cunei-

1967 2379 2144 2444 distis,
2177 2390 2232 2432 ιιι
2255 2377 2370 2446 jam
2415 2393 2520 2432 non
2546 2393 2669 2431 cum
2705 2377 2890 2447 grauis
2933 2377 3108 2445 palea,
3140 2377 3232 2431 Sed
3265 2379 3490 2446 przccisa
3517 2395 3547 2432 a

1969 2474 2078 2528 vite
2130 2473 2184 2528 in
2239 2472 2419 2543 ignem
2473 2471 2836 2541 proiiciantur
2885 2479 3182 2524 sarmenta.
3242 2467 3350 2524 Vos
3403 2471 3548 2524 enim

1968 2563 2224 2620 Ecclesia:
2269 2563 2574 2629 catholicae,
2624 2577 2786 2632 quam
2832 2561 3107 2616 invasistis
3135 2576 3231 2628 per
3260 2569 3432 2615 totum
3463 2575 3546 2616 re-

1957 2673 2151 2727 gnum,
2185 2657 2328 2726 quod
2365 2656 2492 2726 quia
2541 2656 2687 2709 intus
2731 2651 2948 2718 cecidit,
2995 2651 3126 2706 foris
3156 2651 3244 2706 diu
3273 2662 3418 2706 stare
3441 2667 3546 2704 nor.

1966 2750 2183 2818 poterit,
2209 2749 2451 2802 membra
2481 2746 2808 2808 distraltitis,
2835 2752 2890 2798 et
2915 2743 2966 2797 in
2987 2745 3301 2799 servitutem
3319 2743 3548 2798 redacta

1967 2841 2122 2910 quasi
2161 2839 2262 2892 vile
2291 2837 2620 2908 mancipium
2661 2837 2714 2890 in
2751 2845 2991 2890 vestrum
3031 2835 3326 2894 dominium
3355 2833 3547 2904 redigi-

1971 2931 2065 2996 tis,
2099 2941 2152 2984 et
2179 2930 2345 2984 divini
2373 2929 2514 2998 juris
2541 2929 2848 2984 libertatem
2889 2937 3084 2984 vestro?
3106 2929 3368 2998 obsequio
3399 2943 3549 2982 man-

1966 3022 2177 3090 cipatis,
2217 3021 2459 3074 dicentes
2503 3021 2684 3074 omnia
2736 3021 3083 3089 imperatoris
3117 3019 3229 3088 juri
3265 3033 3386 3073 esse
3417 3017 3547 3072 subr
3623 3050 3626 3052 η

281 3111 451 3165 stolas
505 3112 648 3179 quod
693 3111 1071 3166 contentiones
1122 3116 1230 3168 sint
1277 3115 1416 3168 inter
1460 3124 1676 3170 sanctos
1763 3115 1858 3168 scd
1890 3081 1936 3143 C
1961 3112 2126 3182 jecta,
2175 3110 2539 3182 episcopatus,
2563 3111 2826 3172 abbatias,
2858 3125 3048 3164 omnes
3079 3111 3304 3164 omnino
3333 3110 3425 3163 Dei
3456 3123 3546 3164 ec-

282 3209 458 3252 tamen
493 3201 631 3254 dixit
660 3217 674 3253 :
716 3219 734 3251 ι
765 3201 1211 3270 Contemptibiles
1263 3205 1352 3272 qui
1407 3215 1532 3256 sunt
1569 3207 1711 3258 inter
1745 3219 1858 3267 vos,

279 3291 588 3345 constituite
614 3289 1046 3359 adjudicandum
1069 3292 1118 3364 (I
1147 3292 1267 3346 Cor.
1287 3296 1384 3358 vt).
1413 3313 1430 3344 ι
1456 3293 1516 3346 Et
1537 3309 1656 3347 cum
1676 3307 1862 3347 omnes

279 3381 436 3436 vellet
471 3397 592 3436 esse
641 3383 786 3437 sicut
828 3383 1084 3454 scipsum,
1118 3383 1365 3438 concedit
1393 3385 1606 3436 tandem
1649 3393 1707 3436 ut
1744 3399 1864 3452 pro-

279 3484 394 3542 pter
422 3473 870 3528 incontinentiam
901 3475 1270 3546 unusquisque
1318 3476 1514 3528 habeat
1543 3491 1696 3530 suam
1733 3490 1862 3528 uxo-

279 3583 410 3631 rem,
439 3576 494 3622 et
523 3576 581 3620 ιιι
623 3568 707 3621 vir
739 3567 896 3622 uxori
938 3577 992 3622 et
1046 3583 1184 3622 uxor
1231 3567 1348 3620 viro
1390 3567 1632 3622 debitum
1669 3569 1859 3622 reddat

283 3655 328 3724 (Ι
362 3658 482 3712 Cor.
513 3657 632 3727 vtt).

346 3745 476 3801 Cum
531 3747 746 3802 Veritas
813 3749 929 3819 ipsa
999 3747 1050 3802 in
1117 3748 1406 3819 Evangelia
1465 3750 1853 3819 praemisisset:

286 3857 301 3886 ι
327 3838 500 3894 Nolite
521 3840 714 3912 jurare
742 3841 962 3895 omnino
991 3841 1210 3912 (Matth.
1235 3858 1262 3894 v
1284 3845 1330 3913 );
1355 3863 1372 3894 ι
1413 3854 1499 3897 et:
1525 3861 1544 3894 ι
1564 3842 1647 3897 Sit
1677 3859 1856 3898 sermo

282 3944 480 4008 vester,
514 3943 619 3995 est,
669 3949 776 3987 non
822 3933 1032 4004 (lbid.),
1066 3953 1085 3986 ι
1145 3935 1383 3989 subdidit
1421 3944 1598 3992 tamen
1628 3936 1852 3990 dit-ens:

282 4041 298 4072 ι
323 4023 472 4091 Quod
501 4025 736 4096 amplius
763 4033 865 4090 est,
901 4041 930 4078 a
971 4026 1113 4080 malo
1151 4035 1234 4080 est
1282 4024 1531 4097 (Ibid.),t
1575 4043 1682 4082 non
1711 4029 1854 4082 enim

274 4118 428 4184 dixit,
462 4117 662 4171 malum
707 4127 811 4183 est,
844 4118 959 4182 sed,
991 4138 1007 4168 ι
1039 4135 1066 4171 a
1095 4119 1269 4181 malo,
1302 4137 1319 4168 ι
1354 4135 1417 4172 ae
1449 4120 1493 4173 si
1523 4119 1721 4174 dixerit
1749 4139 1761 4173 :
1797 4119 1853 4174 Si

267 4207 455 4276 jurare
485 4224 710 4264 necesse
739 4209 924 4274 fuerit,
956 4219 1010 4264 et
1035 4211 1174 4266 malo
1207 4211 1598 4267 incredulitatis
1626 4213 1853 4268 aliorum

274 4302 556 4371 compulsi,
599 4301 804 4372 jnrate,
846 4317 952 4354 non
993 4302 1110 4356 sine
1155 4316 1338 4366 causa,
1370 4318 1476 4356 non
1509 4305 1723 4372 prepria
1761 4319 1854 4356 vo—

273 4387 532 4444 luntate.»
586 4389 725 4444 llinc
767 4400 846 4444 est
877 4394 1021 4462 quod
1051 4391 1262 4462 Moyses
1298 4407 1394 4462 pro
1429 4403 1851 4464 temperamento
1887 4425 1930 4482 ι)

272 4483 545 4549 vindictm,
581 4503 598 4535 ι
628 4483 868 4550 oculum,
913 4485 1107 4554 inquit,
1152 4501 1251 4556 pro
1292 4485 1470 4549 oculo,
1515 4488 1726 4542 dentem
1757 4503 1852 4557 pro

274 4573 430 4628 dente
460 4573 659 4646 (Exod.
688 4575 824 4644 χιιι),
859 4594 876 4626 ι
911 4585 969 4629 ιιι
997 4576 1349 4631 clementiore
1375 4576 1477 4631 hac
1509 4577 1590 4630 via
1619 4579 1852 4646 Ct'ipCt‘Cl

273 4666 548 4720 occidendi
581 4665 922 4721 facultatem.
1843 4649 1848 4654 ί

345 4755 562 4812 Utinam
598 4774 702 4812 non
730 4767 875 4812 esset
905 4757 1218 4812 colluctatio
1241 4757 1558 4826 ;t‘.alholicis
1594 4749 1850 4812 adversus

276 4862 488 4902 carnem
515 4857 570 4902 et
595 4848 915 4918 sanguinem
941 4847 1157 4918 (Ephes.
1187 4849 1289 4920 γι),
1312 4859 1371 4902 ιιι
1395 4849 1559 4916 quieti
1584 4849 1848 4910 viverent,

276 4947 324 4989 et
355 4947 514 4992 tanta:
543 4938 898 5008 perfectionis
922 4947 1121 5002 essent,
1149 4949 1208 4993 ut
1230 4955 1422 4994 omnes
1451 4939 1680 5008 palmam
1707 4955 1850 4992 utar-

279 5029 390 5095 tyrii
439 5029 844 5092 desiderarent,
892 5037 947 5083 et
997 5046 1101 5083 non
1151 5041 1335 5086 essent
1378 5045 1515 5098 quos
1573 5031 1849 5086 vindicare

277 5119 511 5174 minister
553 5121 646 5176 Dei
705 5121 904 5175 vindex
959 5119 1011 5172 in
1064 5119 1198 5175 iram
1227 5123 1299 5186 ei,
1341 5120 1434 5188 qui
1481 5123 1618 5178 male
1662 5131 1848 5192 ageret

278 5208 510 5277 haberet,
558 5213 648 5282 qui
683 5228 790 5266 non
827 5212 948 5264 sine
986 5225 1146 5264 causa
1187 5213 1424 5283 gladium
1461 5223 1641 5280 portat
1671 5214 1843 5284 (Rom.

279 5303 388 5330 ιιι-Χ
446 5302 549 5330 λ’..-
577 5320 700 5330 ..η-..Λ
734 5305 786 5330 ξ.ι
825 5301 1020 5330 --ιιῘΙ;ιιιι
1054 5307 1314 5330 nn-‘n..:-..\
1349 5303 1662 5330 n-:n...-=...--_

1967 3201 2196 3268 clesias,
2243 3217 2365 3255 cum
2409 3197 2668 3254 Demintts
2722 3201 2889 3254 diicat
2919 3218 2932 3252 :
2967 3217 2984 3250 ι
3012 3199 3309 3253 Ecclesium
3371 3211 3547 3252 meam

1968 3293 2184 3364 (Matth.
2240 3292 2395 3364 xvn),
2449 3292 2754 3347 columbam
2807 3306 2980 3346 meam
3033 3291 3213 3362 (Cant.
3269 3299 3358 3362 tt),
3416 3307 3548 3346 oves

1966 3399 2116 3440 meas
2165 3383 2348 3454 (Joan.
2395 3385 2533 3454 χχι).
2565 3401 2584 3434 ι
2625 3383 2824 3437 Paulus
2861 3385 3034 3437 dicit:
3079 3403 3095 3434 ι
3129 3383 3298 3437 Nemo
3321 3385 3550 3438 assumit

1965 3477 2068 3532 sibi
2107 3477 2394 3540 honorem,
2441 3477 2544 3530 nisi
2589 3476 2681 3546 qui
2727 3486 2953 3530 vocatus
2983 3485 3118 3530 esta
3153 3477 3260 3530 Deo
3287 3485 3543 3546 tanquam

1961 3567 2143 3622 Aaron
2170 3566 2360 3638 (Hebr.
2393 3572 2468 3637 .v)
2501 3589 2518 3618 ι
2561 3567 2615 3619 ln
2643 3579 2796 3636 parte
2827 3577 2915 3620 tua
2948 3567 3069 3635 quis
3091 3567 3406 3637 praeﬁcitur,
3442 3566 3546 3620 nisi

1964 3675 2124 3729 quem
2169 3668 2262 3713 aut
2312 3660 2484 3728 gratia
2531 3659 2798 3712 exhausto
2843 3655 3068 3720 fenore,
3124 3655 3206 3711 vel
3265 3671 3461 3711 munus
3512 3672 3542 3709 a

1969 3769 2158 3818 mantt,
2203 3753 2289 3808 vel
2335 3767 2532 3806 munus
2559 3767 2588 3804 a
2619 3751 2822 3820 lingua,
2861 3751 2940 3806 vel
2973 3765 3166 3804 munus
3199 3751 3264 3806 ab
3287 3751 3548 3820 obsequio

1961 3847 2291 3901 attraxerit?
2317 3847 2446 3912 Quis
2475 3846 2742 3910 tnoribus,
2774 3845 2896 3915 quis
2929 3845 3232 3910 honestate,
3267 3845 3388 3913 quis
3421 3845 3544 3899 vitae

1962 3939 2276 4010 integritate
2316 3939 2570 4010 cligitur?
2599 3937 2964 4006 Perscqncndi
3011 3947 3138 3991 sunt
3190 3939 3373 4007 itaque
3410 3935 3542 4005 lupi,

1961 4030 2162 4094 vitandi
2205 4039 2331 4084 sunt
2355 4029 2596 4084 universi
2633 4029 2724 4098 qui
2754 4029 2818 4082 ad
2865 4028 2990 4092 hoc,
3022 4037 3079 4081 ut
3106 4029 3344 4082 lncretiei
3385 4029 3538 4090 fiant,

1959 4131 2368 4191 promoventur,
2417 4121 2509 4190 qui
2561 4121 2764 4190 lepram
2812 4117 2962 4172 Giezi
3011 4133 3131 4172 cum
3184 4117 3386 4170 divitiis
3425 4117 3537 4172 suis

1960 4213 2258 4281 possident,
2290 4223 2367 4276 et,
2401 4212 2540 4266 mala
2587 4211 2812 4278 qnzcsita
2845 4209 3116 4272 mercede,
3165 4223 3269 4261 ιιοιι
3312 4217 3416 4260 tam
3449 4223 3542 4278 p1-

1961 4289 2271 4360 trimoninm
2325 4304 2640 4358 facultatum
2692 4317 2854 4373 quam
2905 4301 3219 4354 thesaurum
3252 4301 3540 4356 criminum

1958 4408 2378 4466 congregarunt.
2635 4465 2642 4468 _
2663 4465 2674 4472 ἦ

2027 4489 2162 4556 Quia
2195 4489 2378 4562 itaque
2409 4503 2509 4544 nec
2533 4492 2700 4560 gratis
2727 4487 2887 4550 datis,
2921 4502 3018 4540 nec
3050 4485 3222 4556 gratis
3248 4483 3537 4554 accepistis

1957 4578 2173 4650 (Matth.
2201 4580 2280 4648 χ),
2311 4587 2364 4633 ct
2394 4595 2421 4632 a
2449 4580 2718 4633 mandatis
2751 4575 2959 4630 Domini
2990 4575 3345 4637 declinantes,
3374 4571 3543 4626 male-

1954 4669 2082 4723 dicti
2137 4670 2270 4724 cstis
2317 4667 2491 4740 (Psal.
2517 4671 2733 4738 ηιμ-ιιι).
2787 4676 2842 4719 et
2870 4666 2994 4734 quia
3024 4682 3128 4720 non
3156 4663 3386 4720 obeditis
3411 4678 3540 4732 apo-
3569 4715 3572 4717 ,

1957 4761 2164 4817 stolicis
2199 4761 2502 4834 przeccptis,
2554 4759 2909 4816 formidamus
2961 4757 3300 4813 commisceri
3349 4755 3528 4810 vobis.

1954 4851 2096 4906 Dicit
2122 4869 2354 4924 namque
2381 4853 2574 4907 beatus
2601 4852 2952 4910 Ambrosius:
2994 4871 3010 4902 ι
3035 4853 3091 4906 Si
3122 4867 3226 4922 qua
3250 4859 3332 4906 est
3357 4847 3543 4903 Eccle-

1955 4944 2055 5008 sia,
2089 4963 2210 5016 qttac
2241 4945 2552 5017 apostolica:
2588 4947 2845 5006 veritatis
2877 4945 3231 5002 fundamenta
3271 4959 3375 4997 non
3415 4957 3541 5012 pos-

1953 5037 2119 5104 sidet,
2148 5054 2214 5092 ne
2235 5054 2392 5107 quam
2423 5035 2515 5088 tibi
2545 5035 2730 5099 labem
2757 5038 2926 5110 possit
2949 5035 3216 5106 ingerere,
3241 5033 3538 5090 deserenda

1952 5137 2054 5181 est.
2091 5128 2184 5184 llis
2209 5131 2352 5186 enim
2383 5127 2600 5197 legibus
2629 5133 2832 5194 adulta,
2863 5128 3060 5182 talibus
3096 5139 3182 5186 est
3204 5123 3542 5182 documentis

1954 5219 2198 5286 exculta,
2251 5218 2562 5288 hujusmodi
2630 5217 3061 5282 institutionibus
3105 5229 3186 5276 est
3233 5220 3543 5288 propagata-

1951 5311 1992 5330 Α
2019 5311 2048 5330 _:
2081 5310 2160 5330 ιε..
2199 5325 2212 5330 -
2247 5318 2257 5330 ι
2369 5317 2514 5330 .-..---
2675 5321 2685 5330 .
2741 5317 2752 5328 ι
2791 5322 2800 5330 .
2899 5309 3011 5330 ιε--ε
3119 5313 3129 5330 ι
3173 5321 3184 5330 .
3269 5305 3352 5330 ..ηε
3404 5304 3538 5330 Ιιαιιη
