4018 5330
497 201 604 264 ιῶ

1565 211 1623 264 S.
1663 211 1958 264 ANSLLBEI
1987 209 2318 266 LUCL’NSIS
2357 213 2668 270 EPISCOPI

3651 224 3761 282 £56

497 335 712 386 eorum,
753 320 820 373 ad
868 335 1004 389 quos
1049 335 1246 376 missus
1277 331 1382 385 est,
1407 331 1462 376 et
1487 337 1673 376 vocem
1701 325 1818 394 ejus
1850 340 1956 378 non
1979 341 2074 377 au-
2107 337 2146 388 Α
2176 333 2230 378 et
2251 337 2449 380 sancta!
2478 330 2632 380 matri
2669 343 2800 384 mea:
2825 330 3104 398 Eceesizc,
3129 334 3282 400 cujus
3312 347 3588 407 praecepto
3615 343 3750 396 mihi

505 415 741 474 dierunt,
795 414 980 468 dicere
1029 431 1134 468 non
1185 416 1487 484 przesumis,
1543 433 1641 472 nec
1686 417 1852 473 Paulo
1903 421 2068 473 audes

494 507 766 560 ascribere
810 505 1092 560 stultitiam
1127 509 1367 576 gentium
1399 519 1454 562 et
1487 511 1802 565 scandalum
1851 511 2067 566 Judaeu-

497 613 612 651 rum
637 598 688 667 (I
717 597 838 651 Cor.
871 599 934 664 ι),
961 615 988 650 a
1017 610 1200 652 nostra
1225 617 1440 670 quoque
1469 605 1803 658 detractione
1830 605 2066 673 linguam

495 705 796 758 compesce,
830 691 918 758 qui
950 693 1324 760 compellimur
1365 695 1547 748 dicere
1595 698 1878 750 veritatem
1925 699 2067 753 sicut

495 795 592 849 per
644 782 962 848 prephetam
1012 781 1267 837 Dominus
1321 785 1690 839 comminatur
1737 805 1750 839 :
1803 785 2070 844 Sacerdos

495 868 804 938 ingrediens
835 880 890 924 et
925 873 1234 942 regrediens
1271 873 1376 926 nisi
1415 875 1650 927 sonitum
1691 876 1919 940 dederit,
1949 893 2065 932 mo-

492 963 669 1014 rietur
693 959 889 1032 (Ea-od.
919 964 1131 1032 xxvm).
1166 963 1334 1017 Item:
1369 964 1680 1018 Maledictus
1704 967 1792 1035 qui
1817 967 2068 1035 prohibet

492 1050 724 1117 gladium
757 1065 912 1104 suum
943 1067 972 1103 ιι
1005 1053 1264 1120 sanguine
1297 1053 1430 1120 (Jer.
1459 1049 1668 1124 xum).
1700 1073 1720 1106 ι

567 1137 921 1193 innocentius
974 1155 1160 1208 papa:
1211 1160 1228 1192 ι
1263 1141 1427 1194 Error
1481 1144 1568 1197 cui
1624 1161 1730 1198 non
1787 1147 2066 1202 resistitur

502 1229 852 1296 approbatur,
896 1237 949 1282 et
996 1231 1195 1284 veritas
1225 1246 1344 1286 eum
1377 1234 1596 1288 minime
1627 1235 1937 1290 defenditur
1969 1254 2058 1308 op-

499 1319 771 1386 primitur.
805 1337 822 1370 »
868 1319 998 1372 Item
1029 1321 1266 1389 ejusdem
1295 1340 1306 1374 :
1344 1341 1362 1374 ι
1395 1321 1676 1394 Negligere
1704 1327 1901 1396 quippe
1939 1343 2062 1382 cum

495 1413 668 1479 possis
715 1413 1004 1466 deturbare
1055 1431 1357 1482 perversos,
1401 1419 1532 1472 nihil
1584 1429 1668 1474 est
1715 1421 1858 1476 aliud
1899 1439 2060 1492 quam

491 1505 692 1569 fovere,
745 1521 844 1560 nec
897 1517 1047 1562 caret
1091 1510 1342 1579 scrupulo
1385 1511 1661 1567 societatis
1695 1514 1940 1580 occultae,
1969 1517 2057 1586 qui

491 1600 778 1654 manifesto
799 1599 1024 1654 facinori
1051 1601 1248 1654 desinit
1277 1603 1524 1656 obviare.
1555 1623 1574 1655 ι

2170 417 2459 468 commissa
2491 429 2572 472 est
2597 435 2610 480 ;
2637 429 2688 473 et
2716 435 2874 489 spero
2907 423 3048 490 quod
3085 425 3252 478 multa
3286 428 3414 480 mihi
3445 431 3754 488 retributio

2169 519 2265 572 per
2317 507 2540 572 gratiam
2587 507 2677 560 Dei
2735 509 2786 560 in
2823 507 2939 574 ejus
2977 514 3218 567 custodia
3262 527 3564 581 excrescat,
3610 535 3736 588 (iure

2169 603 2273 648 non
2305 597 2356 650 in
2388 612 2588 650 vanum
2640 614 2734 652 sua
2778 601 3055 670 dispergit,
3105 605 3198 657 sed
3253 605 3646 662 indeticientcm
3693 609 3750 662 in

2167 688 2304 742 coelo
2345 689 2670 744 thesaurizat
2723 691 2822 744 sibi
2875 693 3184 748 thesaurum
3233 711 3396 764 quem
3445 698 3586 751 tinea
3637 717 3750 754 non

2171 777 2481 842 demolitur,
2544 780 2630 832 ubi
2692 781 2838 835 fures
2887 798 2989 836 non
3037 783 3292 840 effodiunt
3349 803 3448 842 nec
3491 788 3749 844 furantur

2165 867 2184 928 _(
2197 866 2390 920 Matth.
2414 869 2510 936 vi),
2543 877 2730 936 parata
2759 885 2854 938 pro
2883 870 3192 928 defensione
3229 874 3456 942 justitia:
3495 895 3602 933 non
3645 895 3742 934 so-

2163 955 2274 1012 lum
2301 967 2516 1010 terrena
2561 959 2741 1012 omnia
2783 961 3128 1028 distribuere,
3159 967 3251 1019 sed
3287 983 3454 1036 usque
3494 972 3561 1024 ad
3606 988 3736 1026 san-

2167 1053 2382 1120 guinem
2415 1068 2512 1121 pro
2549 1062 2728 1106 vestra
2759 1054 3074 1110 confusione
3113 1068 3168 1112 et
3205 1063 3502 1116 reverentia
3529 1065 3594 1118 ad
3617 1081 3746 1118 san-

2165 1151 2263 1194 cta:
2303 1142 2556 1196 Ecclesiae
2595 1143 2820 1212 gloriam
2863 1157 2918 1198 et
2962 1148 3344 1204 exultationem
3373 1163 3606 1222 certare,
3643 1156 3743 1209 do-

2161 1247 2264 1286 nec
2291 1240 2466 1286 tradat
2511 1233 2770 1290 Dominus
2817 1236 3095 1292 inimicum
3149 1257 3303 1296 suum
3351 1244 3403 1297 in
3445 1261 3606 1300 manu
3649 1247 3736 1300 fe-

2164 1320 2339 1373 mium.

2233 1408 2309 1462 Tu
2337 1426 2461 1465 vero
2489 1421 2762 1468 memento
2813 1415 2953 1469 mule
2999 1418 3284 1485 excideris,
3335 1431 3390 1476 et
3435 1438 3535 1494 age
3561 1425 3740 1494 paeni-

2163 1501 2384 1554 tentiam
2416 1503 2708 1574 (Apoc.ll),
2751 1505 2794 1557 si
2852 1507 2987 1560 forte
3039 1509 3279 1562 remittat
3329 1513 3424 1566 tibi
3477 1514 3740 1569 Dominus

2166 1589 2302 1660 (Act.
2327 1595 2472 1652 vni).
2497 1601 2554 1644 ut
2578 1608 2695 1657 nos,
2735 1594 2938 1648 reddita
2965 1611 3096 1666 pace
3125 1597 3393 1662 Ecclesiae,
3421 1605 3528 1656 voti
3559 1605 3736 1658 n0stri

563 1689 688 1742 pius
732 1705 906 1758 papa:
938 1707 958 1738 ε
985 1689 1121 1755 Quid
1165 1692 1384 1759 prodest
1419 1691 1565 1746 ίιιιηη
1609 1705 1922 1750 errore-suo
1956 1709 2058 1750 ηοη
2092 1678 2133 1734 Β
2167 1695 2470 1734 mercamur
2521 1683 2636 1736 fieri
2676 1695 2972 1754 compotes.
3027 1687 3240 1756 Depone
3290 1692 3544 1756 Cidarim,
3583 1695 3739 1748 aufer

492 1781 682 1850 pollui,
720 1782 810 1849 qui
857 1795 1179 1835 consensum
1219 1792 1438 1850 praestat
1468 1785 1715 1838 erranti?
1748 1784 1880 1840 Sine
1903 1787 2064 1842 dubio

491 1883 680 1927 contra
711 1876 960 1928 mandata
1003 1875 1247 1939 dimicat,
1287 1885 1339 1930 et
1369 1877 1460 1944 qui
1491 1891 1810 1932 consensum
1842 1889 2062 1948 praestat

495 1967 722 2019 erranti.
755 1986 772 2017 ι

565 2057 872 2112 Clemens:
903 2077 920 2108 ι
948 2057 1320 2112 Certissimttm
1369 2068 1452 2113 est
1491 2061 1632 2129 quod
1671 2075 1842 2129 neque
1871 2061 2062 2116 amici-

495 2149 587 2208 tia,
639 2163 812 2216 neque
845 2149 1216 2216 propinquitas
1251 2150 1484 2216 generis,
1516 2165 1689 2218 neque
1721 2151 1870 2221 regni
1900 2153 2062 2208 subli-

479 2239 672 2298 mitas,
703 2239 906 2292 homini
937 2237 1094 2292 debet
1120 2253 1238 2294 esse
1263 2241 1529 2308 pretiosor
1557 2241 1804 2296 veritate.
1827 2261 1846 2292 ι

564 2332 875 2385 Fabianus:
916 2351 932 2381 ι
957 2331 1058 2396 Qui
1083 2333 1502 2401 omnipotentem
1528 2334 1720 2388 metuit
1745 2335 1932 2396 Deum,
1961 2350 2061 2390 nec

489 2433 674 2476 contra
701 2423 1071 2491 Evangelium,
1101 2437 1202 2476 nec
1227 2435 1419 2478 contra
1443 2425 1736 2492 apostolos,
1764 2425 1844 2477 vel
1875 2435 2058 2479 contra

492 2515 822 2582 prophetias,
875 2523 970 2567 aut
1019 2521 1329 2568 sanctorum
1367 2515 1590 2570 Patrum
1621 2516 1868 2570 instituta
1899 2533 2058 2588 agere

489 2604 688 2674 aliquid
719 2606 826 2658 ullo
855 2607 1012 2658 modo
1037 2607 1328 2659 consentit.
1361 2625 1380 2656 ι

561 2694 707 2748 Leo:
747 2714 764 2744 ι
792 2695 892 2760 Qui
917 2695 1050 2748 alios
1081 2697 1149 2750 ab
1177 2711 1365 2750 errore
1397 2711 1502 2750 non
1535 2705 1774 2762 revocat,
1821 2698 2054 2767 seipsum

490 2797 674 2836 errare
703 2783 1054 2838 demonstrat.
1085 2803 1104 2836 ι

567 2875 941 2944 Augustinus:
985 2893 1002 2924 ι
1033 2875 1288 2944 Quisquis
1342 2886 1485 2930 metu
1539 2876 1765 2948 alicujus
1820 2890 2056 2948 potesta-

493 2965 562 3019 tis
619 2969 900 3020 veritatem
955 2968 1214 3030 occultat,
1269 2969 1406 3023 iram
1465 2970 1556 3023 Dei
1609 2985 1772 3038 super
1820 2987 1878 3025 se
1931 2988 2124 3041 pro-1,

497 3067 696 3122 vocat,
737 3061 860 3126 quia
919 3061 1089 3128 magis
1131 3061 1278 3114 timet
1320 3061 1590 3115 hominem
1629 3077 1788 3130 quant
1829 3063 2049 3118 Deum.»

559 3149 852 3218 Gregorius
885 3169 896 3202 :
930 3169 946 3200 ι
977 3153 1297 3205 Consentire
1345 3153 1558 3206 videtur
1602 3155 1830 3218 erranti,
1869 3156 1957 3223 qui
1991 3156 2054 3208 ad

493 3241 783 3294 reseranda
819 3249 876 3294 ut
905 3241 1102 3308 cnrrigi
1150 3243 1404 3304 debeant,
1442 3259 1546 3296 non
1584 3244 1841 3298 orcnrrit.
1876 3263 1894 3293 ι
1941 3244 2056 3298 Νοιι

491 3327 655 3398 igitur
683 3333 826 3398 quod
853 3339 1073 3399 propter
1109 3331 1304 3384 bonum
1328 3341 1379 3384 et
1403 3331 1606 3384 licitum
1641 3333 1888 3392 facimus.
1919 3333 2057 3387 sicut

491 3422 735 3488 superius
791 3423 992 3475 dictum
1041 3431 1145 3488 est,
1175 3423 1350 3488 nobis,
1380 3423 1424 3475 si
1455 3423 1582 3479 unid
1615 3424 1890 3494 lllull-llltlc
1918 3425 2060 3478 acci-

491 3509 646 3570 derit,
687 3510 1058 3578 imputabitur.

560 3597 710 3662 Quod
738 3589 928 3652 autem
947 3599 1102 3664 dicis,
1132 3602 1220 3668 qni
1247 3601 1566 3654 universalis
1593 3601 1846 3656 Ecclesia:
1874 3618 2058 3656 curam

491 3689 834 3756 suscipimus,
895 3689 1017 3742 licet
1071 3692 1254 3755 inviti,
1309 3693 1547 3760 nunquid
1602 3694 1711 3744 vita
1762 3694 1958 3746 comite
1996 3695 2061 3746 ad

493 3788 600 3832 tam
634 3779 865 3844 immane
895 3779 1103 3832 facinus
1131 3783 1364 3848 pertrahi
1396 3783 1652 3852 ,debnisti
1681 3795 1738 3834 ut
1767 3791 2062 3838 ternerares

495 3881 666 3924 torum
725 3872 908 3924 matris
959 3881 1061 3924 tua:
1109 3882 1163 3926 et
1217 3875 1390 3941 patris
1447 3875 1572 3928 tui?
1643 3876 1706 3928 Et
1757 3877 1801 3929 si
1852 3876 2058 3929 violen-

477 3962 632 4032 _tiam
665 3962 987 4026 sustinuisti,
1023 3979 1118 4016 cur
1145 3965 1334 4018 saltem
1374 3964 1485 4032 jam
1529 3967 1740 4022 adulter
1781 3983 1887 4021 non
1929 3968 2061 4022 resi—

494 4054 704 4123 piscis?

563 4147 711 4212 Qtlutf
741 4157 922 4200 autem
955 4147 1237 4210 obsecras,
1279 4163 1379 4218 per
1420 4147 1627 4210 Jesnm,
1677 4165 1745 4202 ne
1789 4150 2061 4204 nobilissi-

491 4241 632 4290 mam
675 4238 995 4292 feminarum
1030 4241 1260 4307 amplius
1310 4239 1756 4302 circuutveniznn,
1807 4242 2059 4298 deludam

489 4339 544 4380 et
585 4327 783 4392 fallam,
847 4328 1012 4382 Demn
1063 4339 1253 4382 testem
1306 4331 1518 4392 invoco,
1575 4331 1708 4384 nihil
1759 4340 2059 4398 terrenum,

485 4419 731 4488 nihilque
760 4422 975 4475 carnale
1009 4422 1060 4474 in
1091 4438 1150 4474 ea
1187 4419 1266 4474 vel
1296 4423 1360 4472 ah
1390 4435 1449 4474 ea
1482 4437 1547 4474 ex
1589 4423 1888 4476 intentione
1918 4439 2050 4477 con-

489 4513 730 4580 cupisco,
755 4525 810 4565 et
839 4514 952 4567 sine
985 4515 1381 4568 intermissione
1419 4528 1516 4567 oro
1545 4524 1602 4566 ut
1629 4515 1695 4566 ab
1727 4516 1827 4568 hoc
1856 4516 2052 4570 sareulo

489 4617 724 4670 nequam
763 4602 874 4662 cito
909 4603 1041 4671 eripi
1091 4620 1320 4666 merear,
1373 4604 1538 4656 nimio
1597 4603 1817 4656 affectus
1877 4607 2053 4666 t:cdio.

487 4694 612 4760 quia
645 4693 932 4746 incolatutn
965 4709 1138 4746 meum
1167 4693 1472 4760 prolongari
1515 4689 1686 4762 (Paul.
1709 4695 1854 4760 CXIX)
1879 4694 2056 4756 video,

487 4785 736 4838 serviens
769 4785 854 4836 die
885 4799 946 4837 ac
975 4785 1204 4838 noctein
1230 4784 1580 4838 custodiendo
1608 4783 1752 4844 illam
1785 4783 1892 4838 Deo
1919 4798 2062 4847 meo,

1421 4953 1819 5032 ΙΝΟΙΡΓΓ
1880 4956 2113 5032 LIBE

555 5109 863 5178 'Opitnlante
889 5099 1092 5162 Domini
1115 5107 1202 5160 Dei
1228 5109 1394 5162 nostri
1426 5108 1732 5174 clementia,
1764 5110 1855 5177 qui
1888 5125 1986 5163 nos
2009 5118 2064 5164 et

473 5215 764 5254 ‘sermones
783 5208 998 5254 nostros
1020 5215 1116 5252 suo
1135 5199 1360 5252 mirabili
1385 5210 1512 5252 nutu
1529 5201 1684 5269 regit,
1700 5209 1860 5266 atque
1881 5199 2062 5267 dispo-

485 5293 564 5330 nit
615 5292 948 5330 qnninninmr
969 5291 1287 5330 rnennndnrn
1301 5291 1382 5330 hic
1403 5292 1492 5330 nni
1509 5290 1688 5330 dionnl
1709 5291 1870 5330 ιορπεὶΙί
1891 5301 2066 5330 “mne-

2166 1787 2418 1826 coronam
2457 1773 2672 1845 (Egerit.
2711 1783 2824 1848 xm)
2856 1789 2910 1832 et
2934 1779 3094 1834 indue
3123 1782 3436 1851 lugubribus
3468 1789 3736 1854 vestibus,

2168 1869 2316 1914 tanto
2349 1864 2602 1918 humilior
2625 1874 2680 1919 et
2706 1866 2970 1934 abjectior
2989 1871 3238 1925 omnibus
3261 1871 3502 1938 effectus,
3531 1885 3738 1944 quanto

2164 1967 2274 2021 prae
2320 1955 2570 2010 omnibus
2619 1956 2951 2012 differentias
2979 1962 3244 2030 superbiae
3269 1965 3505 2018 extuliSti
3539 1982 3732 2020 cornu.

2167 2044 2260 2099 Dic
2303 2047 2414 2116 regi
2450 2056 2540 2101 tuo
2569 2056 2626 2100 ut
2656 2059 2945 2117 cognoscat
2986 2049 3105 2104 aliis
3141 2054 3394 2107 omnibus
3427 2056 3736 2122 generatio-

2166 2134 2323 2188 nibus
2375 2137 2672 2190 inauditum
2717 2136 2924 2192 facinus
2955 2156 3140 2204 suum,
3166 2144 3255 2211 qui
3288 2146 3418 2198 duas
3442 2143 3554 2210 jam
3583 2147 3735 2198 adul-

2167 2235 2309 2280 teros
2345 2228 2502 2280 matri
2527 2244 2636 2282 suae
2663 2229 2904 2298 ingessit,
2936 2240 2990 2285 et
3016 2233 3354 2289 calamitates
3381 2239 3540 2289 totius
3563 2237 3730 2300 orbis,

2164 2317 2306 2371 illam
2345 2319 2632 2388 pt‘aaripue,
2678 2321 2742 2372 de
2793 2337 2896 2389 qua
2949 2324 3194 2392 superius
3249 2327 3501 2391 diximus,
3553 2339 3730 2382 tecum

2165 2407 2376 2468 ili-fleat,
2408 2427 2522 2478 qiuc
2557 2426 2694 2464 novo
2723 2411 2910 2466 St‘ClCli
2937 2407 3068 2466 nova
3095 2413 3244 2479 justo
3274 2417 3360 2470 Dei
3387 2417 3591 2484 judicio
3616 2435 3732 2473 suc-

2162 2500 2343 2550 cessit.
2375 2499 2500 2552 Veni
2522 2501 2585 2552 ad
2612 2500 2876 2554 dolentem
2893 2505 2954 2556 ἐι
2985 2519 3080 2572 pro
3102 2513 3149 2556 te
3176 2517 3470 2572 gementem
3501 2518 3729 2562 matrem

2162 2585 2476 2652 Ecclesium,
2533 2597 2588 2639 ut
2640 2589 2748 2656 ipsa
2801 2605 2897 2657 pro
2941 2601 2988 2644 te
3032 2591 3222 2646 olfcrat
3269 2595 3596 2648 sacrificium
3639 2611 3728 2650 ac-

2161 2689 2371 2744 erpunn
2420 2675 2667 2730 Domino.
2718 2679 2838 2731 Sola
2891 2681 3031 2733 enim
3061 2692 3144 2736 est
3177 2698 3274 2752 per
3309 2699 3470 2751 quam
3521 2683 3731 2738 sacrifi-

2161 2774 2303 2824 cium
2336 2769 2568 2824 libenter
2596 2771 2851 2824 hominm
2883 2773 3100 2842 accipit,
3133 2761 3244 2828 sola
3274 2791 3389 2844 qum
3420 2791 3515 2844 pro
3542 2793 3730 2829 erran-

2163 2863 2300 2914 tibus
2351 2863 2671 2918 fiducialitcr
2706 2865 3008 2928 intercedit,
3043 2875 3192 2918 extra
3231 2884 3389 2935 quam
3421 2869 3730 2938 quicunque

2161 2954 2409 3008 inventus
2437 2955 2616 3016 fuerit,
2641 2959 2836 3025 peribit
2867 2968 3120 3028 regnante
3149 2957 3362 3018 diluvio.
3389 2971 3544 3012 extra
3567 2976 3728 3027 quam

2163 3047 2468 3116 quicunque
2493 3063 2686 3116 agmini
2718 3053 3029 3114 comederit,
3063 3039 3318 3120 profanus
3347 3062 3445 3116 est,
3473 3053 3537 3106 de
3577 3051 3730 3119 cujus

2159 3125 2415 3192 carnibus
2456 3140 2538 3193 lex
2579 3140 2756 3195 efferri
2801 3141 2944 3196 folas
2985 3144 3234 3212 prohibet
3265 3141 3458 3213 (Exod.
3507 3147 3626 3210 xu).
3673 3142 3726 3194 In

2165 3234 2348 3288 multis
2373 3235 2587 3302 quidem
2620 3235 2748 3290 extis
2775 3251 2977 3298 scrmn,
3027 3239 3118 3290 sed
3169 3237 3220 3290 in
3277 3238 3376 3290 hoc
3408 3235 3571 3288 nolite
3602 3251 3732 3305 gau-

2162 3327 2332 3380 dere:
2365 3327 2493 3380 ldud
2549 3329 2732 3397 potius
2775 3330 2957 3382 timete
2998 3331 3135 3397 quod
3191 3330 3242 3382 in
3293 3330 3475 3384 eodem
3529 3329 3731 3397 psalmo

2167 3419 2468 3485 sequitur:
2525 3436 2542 3466 ι
2596 3420 3109 3472 (Ζοιιεηιιιὶιιτιιέῐιιιιι
3174 3426 3549 3472 testamentum
3619 3431 3730 3482 ejus

2166 3506 2339 3576 (I’sal.
2369 3511 2498 3578 Liv).
2531 3530 2548 3560 ι
2586 3509 2738 3563 Sient
2796 3526 2898 3562 non
2954 3509 3152 3577 profuit
3199 3509 3371 3562 Pilato
3423 3517 3475 3562 ct
3532 3506 3729 3560 Herodi

2161 3598 2376 3650 vinetus
2404 3609 2454 3650 et
2487 3599 2781 3667 llagellatus
2810 3599 3075 3660 Christus,
3121 3598 3198 3651 sic
3226 3597 3290 3650 ad
3325 3596 3651 3666 impietatem
3679 3604 3732 3648 ct

2161 3687 2522 3755 perditionem
2585 3697 2818 3742 vestram
2870 3689 3039 3758 magis
3091 3686 3330 3742 officiunt
3382 3697 3730 3742 sacramenta

2160 3777 2296 3844 ejus.

2231 3869 2363 3923 Cum
2418 3869 2612 3925 fiducia
2665 3871 2782 3926 veni
2819 3872 2882 3924 ad
2915 3871 3290 3941 pinguedinem
3320 3869 3508 3926 matris
3545 3869 3734 3925 Eccle-

2162 3961 2274 4024 siae,
2306 3977 2334 4013 a
2361 3960 2511 4028 cujut‘
2543 3971 2695 4015 lutero
2725 3964 2941 4024 errasti,
2995 3974 3050 4014 ut
3095 3962 3366 4015 coalescas
3413 3961 3480 4014 ei.
3535 3959 3734 4015 Potens

2161 4053 2303 4106 enim
2337 4063 2418 4106 est
2457 4055 2599 4108 Deus
2641 4056 2834 4108 iterum
2865 4063 2915 4106 te
2944 4055 3202 4112 inserere.
3238 4053 3322 4106 cui
3355 4053 3484 4106 nihil
3517 4065 3604 4106 est
3635 4054 3736 4106 im-

2161 4145 2439 4214 pfl:§ibilc,
2486 4155 2540 4199 et
2585 4156 2731 4199 certe
2778 4145 3030 4214 gaudebit
3070 4147 3119 4198 in
3155 4155 3223 4206 te,
3257 4145 3529 4212 irruelque
3572 4159 3736 4213 super

2163 4238 2361 4289 collum
2399 4246 2566 4297 ιιιιιιιι.
2606 4247 2658 4292 et
2701 4238 2872 4306 prima
2914 4237 3048 4290 stola
3087 4235 3288 4300 induet,
3333 4235 3736 4304 immolabitque

2163 4329 2386 4382 vitulum
2435 4329 2734 4400 saginatum
2787 4344 2882 4398 pro
2935 4328 3042 4381 filio
3089 4329 3331 4398 prodigo.
3380 4327 3736 4395 Omnipotens

2161 4421 2302 4473 Deus
2327 4421 2415 4489 qui
2447 4421 2556 4474 vult
2587 4423 2856 4473 neminem
2885 4421 3089 4488 perire,
3123 4420 3212 4488 qni
3241 4435 3400 4488 supra
3431 4430 3734 4472 maternum

2165 4526 2406 4565 amorem
2439 4512 2610 4578 diligi:
2632 4523 2968 4580 peccatores,
3003 4511 3272 4565 illuminet
3297 4527 3393 4565 cor
3425 4523 3574 4564 tuum
3613 4527 3738 4581 gra-

2164 4605 2251 4657 tim
2305 4621 2414 4657 sua:
2461 4604 2744 4672 splendore
2792 4615 2848 4658 et
2897 4607 3118 4659 reducat
3161 4606 3226 4659 ad
3269 4605 3408 4658 viam
3437 4603 3650 4666 salutis,
3681 4611 3738 4656 ut

2165 4710 2460 4764 cognoscas
2490 4711 2607 4766 quae
2635 4699 2702 4750 sit
2725 4696 2972 4752 voluntas
3001 4689 3120 4766 ejus
3151 4697 3508 4768 beneplacens
3537 4706 3588 4750 et
3619 4711 3738 4764 per-

2167 4787 2327 4841 fecta.

2154 4957 2800 5034 ιὲΕΕΗΝΒΠΞ.

2163 5109 2283 5177 jura
2309 5109 2621 5164 transferre.
2653 5111 2718 5165 Et
2763 5125 2830 5165 ne
2873 5111 3074 5167 diutius
3109 5113 3391 5168 exordium
3447 5117 3737 5184 protraha-

2161 5214 2306 5260 -mus,
2334 5199 2384 5251 in
2421 5201 2608 5268 primis
2629 5201 2910 5254 dicendum
2949 5203 3161 5255 videtur
3196 5219 3302 5272 quo
3328 5209 3488 5259 modo
3531 5217 3738 5260 certmn

2169 5298 2246 5330 ρει
2295 5290 2433 5330 Ilnnrl
2483 5289 2822 5330 hnaliceilnne
2854 5293 3044 5330 patr-nc
3088 5295 3358 5330 nnnclnlnc
3405 5298 3612 5330 nni-une
3641 5299 3739 5330 Pa-
