4018 5330
197 181 283 239 J57
830 175 1108 232 CONTRA
1133 171 1537 231 GUIBERTUH
1568 168 1961 224 ANTIPAPAM
1994 166 2169 222 LIBRI
2210 162 2369 222 ΠΕΟ.
2411 198 2471 207 —-
2508 166 2634 222 LIB.
2666 166 2726 221 ll.
3294 171 3400 233 £53,

194 285 495 350 competebat
518 326 533 351 ,
571 287 657 341 cui
697 285 1067 357 principaliter
1113 283 1362 339 Christus
1411 283 1504 337 Dei
1558 281 1725 336 Filius
1756 291 1800 345 Α
1828 289 2009 344 stans,
2058 278 2499 370 Valentinianus,
2536 270 2881 370 ATheodosius
2909 320 2921 341 ,
2972 278 3254 347 Arcadius,
3288 284 3395 338 Ηο-

193 380 400 437 cmlestis
425 379 572 449 regni
623 378 865 434 clavibus
915 377 1127 431 traditis
1177 390 1301 432 suas
1331 390 1458 429 oves
1505 380 1729 443 pascere
1833 374 2056 432 norius,
2108 366 2331 425 Carolus
2363 409 2379 434 ,
2435 366 2734 423 Ludovicus
2799 378 2851 423 et
2933 370 3016 424 his
3067 371 3293 442 imperio
3342 384 3396 428 et

191 473 482 541 jusserat,et
503 485 599 539 pro
630 469 897 540 cujusﬁde
920 483 987 522 ne
1006 468 1258 523 deﬁceret
1282 466 1593 538 specialiter
1610 480 1733 521 ora-
1771 532 1787 549 .
1832 459 2091 529 religione
2137 458 2441 513 censimiles
2461 498 2474 522 ,
2505 459 2596 527 qui
2627 458 2708 512 vel
2740 472 2770 513 a
2801 472 2860 513 se
2894 460 2972 515 vel
2998 459 3067 515 ab
3111 461 3232 518 aliis
3253 463 3394 517 mdi-

191 571 333 621 verat,
360 560 545 628 cuique
579 560 779 615 fratres
804 574 933 615 suos
962 560 1014 614 in
1053 559 1242 615 eadem
1267 558 1369 611 ﬁdo
1401 557 1733 611 conﬁrmare
1832 550 2019 605 ﬁcatas
2052 549 2322 604 Eeclesias
2351 549 2695 631 amplissimis
2721 550 2875 605 donis
2902 551 3228 618 ditaverunt,
3262 562 3318 607 et
3348 554 3401 607 in

191 660 509 723 ρηρρρρηι,
1320 688 1323 697 η
1832 641 1979 697 clero
2007 649 2062 697 et
2106 642 2264 696 rebus
2298 641 2660 695 Ecelesiarum
2710 640 2912 696 nullum
2942 643 3045 698 sibi
3094 645 3393 700 dominium

250 741 345 795 Sed
395 750 449 795 et
494 740 729 810 reliquos
774 742 1048 811 apostolos
1078 781 1091 804 ,
1121 756 1257 811 quos
1304 737 1494 809 reliqui
1549 736 1733 793 mundi
1835 732 1920 787 vel
1957 731 2221 802 judicium
2265 731 2541 797 vindicare
2572 731 2878 796 voluerunt,
2909 733 3018 787 imo
3045 748 3114 790 ne
3150 734 3272 805 quis
3300 735 3403 789 sibi

190 832 403 902 partibus
443 833 691 885 novimus
716 833 1057 902 praedicasse,
1086 831 1315 902 singulis
1342 832 1586 895 urbibus,
1613 830 1734 884 illa-
1832 823 2150 886 Vindicat“.
2190 820 2409 891 Ίυῖάειῐη
2436 836 2645 887 eorum,
2675 832 2735 876 υι
2771 823 2824 877 Ῑιι
2856 824 3223 894 sequentibus,
3247 825 3405 880 d000-

191 938 288 976 rum
307 917 533 991 paitium
560 922 756 991 quibus
769 922 995 991 quisque
1021 922 1241 976 verbum
1276 921 1368 975 Dci
1394 920 1729 991 prmdicavit,
1832 911 2023 1001 billtlIS.
2052 909 2258 977 legibus
2283 918 2586 968 vetuerunt.
2723 962 2729 969 .
2966 994 2974 1001 ι

191 1013 348 1069 itidem
368 1022 616 1085 pastores
644 1030 747 1068 non
768 1014 1080 1069 dubitamus
1094 1014 1324 1070 misisse.
1348 1013 1415 1068 Et
1441 1013 1731 1083 quomodo,
1901 999 1972 1058 Ᾱῑ
1999 1004 2402 1108 ϐοηινξιφιοηοη
2431 1015 2484 1059 οι
2511 1004 2828 1105 Αηξιείαείηε
2860 999 3404 1108 ἰτηρὲξθξο-ςεεβιιίγο

190 1102 367 1172 Spiritu
395 1112 587 1158 saneto
620 1104 869 1169 docente,
904 1113 1283 1173 cognoverunt
1321 1104 1502 1159 steculi
1535 1101 1737 1171 princi-
1834 1095 2134 1158 chianistaz,
2160 1094 2213 1147 hi
2257 1093 2506 1164 leguntur
2534 1094 2685 1163 prius
2715 1105 2955 1149 sanetam
2993 1097 3084 1152 Dei
3114 1098 3406 1153 Ecclesium

188 1210 268 1265 pes
296 1194 356 1249 ad
383 1195 542 1249 ﬁdem
570 1203 846 1261 venturos,
874 1204 928 1251 et
953 1196 1366 1251 succedentibus
1399 1196 1732 1264 temporibus
1833 1190 1935 1245 sibi
1962 1190 2281 1253 subdidisse,
2308 1189 2380 1242 ita
2413 1197 2471 1242 ut
2493 1190 2789 1245 catholicos
2832 1192 3109 1260 episcopos
3143 1193 3192 1247 in
3214 1193 3407 1247 exsilio

189 1286 472 1340 stimulante
521 1287 747 1341 avaritia
776 1288 1038 1357 quosdam
1079 1298 1266 1342 eorum
1298 1287 1392 1342 Dei
1440 1286 1734 1341 Ecclesiam
1832 1280 2546 1350 ηιεεπθηιιθιτιιδοειοηεα
2606 1280 2893 1336 tradilione
2940 1285 3238 1352 ροειροεῐιε
3296 1284 3406 1339 Sibi

188 1391 280 1431 sua:
301 1376 486 1430 ditioni
534 1376 674 1431 velle
727 1377 1031 1446 subjicere,
1060 1392 1266 1447 suaque
1312 1378 1633 1432 auctoritate
1683 1386 1738 1432 et
1837 1373 2509 1427 consentaneosineorum
2531 1374 3405 1447 sedibusvidelicetsubrogarent.

189 1464 320 1518 libitu
348 1465 606 1520 Pastores
634 1466 810 1521 eidem
834 1467 1152 1538 subrogare,
1182 1466 1327 1521 inter
1366 1466 1605 1536 reliquos
1645 1482 1739 1521 ca-
1836 1460 1969 1515 Nam
2002 1471 2126 1516 ante
2152 1461 2345 1517 horum
2375 1470 2617 1531 tempora
2644 1461 2898 1533 leguntur
2922 1465 3137 1533 quidam
3169 1466 3410 1520 haeretici

188 1569 353 1620 nones,
390 1571 531 1625 quos
559 1569 659 1626 pro
682 1556 960 1627 rellgionis
1006 1557 1238 1622 cautela,
1266 1567 1321 1613 et
1369 1556 1736 1612 ecclesiastica
1838 1550 2192 1622 imperatores
2228 1552 2523 1608 catholicos
2563 1554 2849 1623 episcopos
2898 1556 3084 1611 multis
3117 1556 3288 1612 modis
3320 1572 3413 1613 VC-

188 1645 442 1716 disciplina
492 1656 828 1713 διειιιοηιηι,
853 1663 1041 1703 θοι-ατη
1075 1649 1259 1718 pravi;
1301 1648 1586 1704 conatibus
1638 1649 1739 1703 hac
1771 1659 1815 1719 Β
1842 1656 2030 1708 xasse;
2059 1641 2309 1698 electioni
2330 1658 2462 1698 vero
2488 1650 2543 1698 et
2573 1645 2902 1713 promotioni
2923 1644 3208 1715 cujuslibet
3239 1649 3406 1717 ponti-

185 1735 543 1791 constitutione
592 1736 1119 1806 obviaverunt,quze
1150 1738 1222 1792 ita
1272 1753 1333 1793 se
1378 1738 1542 1792 habet
1576 1754 1590 1791 :
1620 1756 1638 1788 ι
1677 1737 1738 1792 Si
1844 1734 1958 1790 ﬁcis
2012 1751 2278 1807 nusquam
2324 1736 2576 1807 leguntur
2616 1752 2674 1793 se
2723 1738 3107 1806 immiscuisse,
3144 1740 3414 1809 siquidem

186 1826 289 1896 quis
313 1829 599 1899 episcopus
617 1828 967 1884 s'eeularibus
994 1831 1352 1899 potestatibus
1375 1844 1522 1893 usus,
1552 1829 1740 1884 Eccle-
1843 1826 1943 1880 sub
1970 1827 2173 1881 eisdem
2199 1827 2619 1898 Eutychianistis
2662 1835 2719 1883 et
2764 1828 3229 1901 Constantinopoli
3259 1840 3314 1886 et
3358 1831 3412 1884 in

191 1917 308 1972 siam
341 1935 436 1989 per
464 1920 616 1990 ipso;
663 1921 929 1985 obtineat,
954 1921 1256 1991 deponatur
1304 1932 1358 1977 el
1406 1933 1741 1992 sesi-egetur,
1844 1914 2071 1985 reliquis
2091 1916 2333 1979 urbibus,
2362 1916 2557 1986 legitur
2580 1917 2994 1974 innumerabilis
3024 1918 3260 1974 ﬁdelium
3283 1920 3423 1975 mul-

185 2011 562 2079 omnesqueqni
581 2010 655 2063 illi
673 2009 1393 2081 communicanttConstitut.
1416 2010 1683 2081 apostol.).
1719 2030 1738 2063 ι
1847 2005 2016 2059 titudo
2049 2004 2180 2060 eleri
2212 2006 2419 2061 scilicet
2448 2016 2501 2059 et
2530 2007 2728 2080 populi,
2759 2010 3050 2072 exstitisse,
3083 2011 3226 2079 quod
3254 2024 3417 2078 pseu-

241 2100 380 2154 Hanc
407 2110 594 2156 autem
617 2102 1086 2167 constitutionem,
1109 2118 1230 2173 qua:
1251 2117 1440 2157 eorum
1460 2102 1743 2168 scribitur,
1845 2095 2199 2167 doepiscopos
2227 2098 2543 2153 eorumdem
2574 2098 2882 2155 nullatenus
2927 2102 3217 2157 voluerunt
3246 2104 3422 2159 susci-

187 2191 349 2260 siquis
379 2194 754 2253 autltenticam
780 2207 887 2249 non
942 2208 1061 2249 esse
1086 2196 1394 2260 contendet,
1417 2203 1617 2250 sanctae
1663 2206 1748 2249 se-
1847 2201 1999 2256 perc.
2032 2196 2183 2242 utex
2226 2188 2330 2244 hoc
2353 2197 2540 2258 aperte
2574 2190 2802 2254 clareat.
2828 2193 3078 2246 eumdem
3112 2193 3318 2248 clerum
3368 2201 3424 2249 et

186 2282 344 2351 pum,
366 2285 696 2339 universalis
728 2284 919 2355 synodi
956 2299 1089 2339 πει,
1122 2284 1368 2351 pan-um,
1393 2301 1493 2341 ηερ
1541 2300 1647 2339 non
1693 2291 1749 2339 et
1845 2277 2104 2347 populum
2138 2278 2340 2334 idcirco
2371 2280 2586 2335 eosdem
2608 2281 3097 2353 pseudoepiscopos
3121 2285 3419 2355 respuisse,

184 2372 516 2429 Antiochenzn
539 2373 753 2445 synodi,
782 2375 976 2443 quibus
1005 2377 1321 2431 authentica
1342 2390 1463 2431 esse
1492 2375 1744 2443 docetur,
1848 2369 1976 2439 quia
2015 2372 2301 2426 constabat
2330 2374 2549 2430 eosdem
2582 2373 2785 2444 absque
2814 2376 2898 2430 sui
2921 2376 3188 2433 electione
3224 2379 3277 2436 in
3325 2380 3425 2436 Dei

184 2474 410 2530 eversor;
440 2478 510 2519 ac
543 2479 642 2534 per
674 2464 779 2518 hoc
809 2465 1099 2521 haereticus
1120 2465 1453 2534 iudicabitur
1487 2485 1498 2519 :
1535 2466 1669 2520 Nam
1696 2475 1753 2521 et
1850 2469 2240 2530 contemptum,
2267 2470 2322 2516 et
2345 2463 2549 2517 erroris
2574 2472 2924 2535 augmentum
2956 2483 2987 2521 a
3012 2467 3254 2537 praefatis
3282 2471 3426 2539 prin,

187 2549 399 2608 Calistus
432 2562 491 2610 et
526 2553 823 2624 Gregorius
841 2564 899 2610 et
916 2557 1137 2626 quidam
1160 2558 1253 2612 alii
1283 2558 1507 2613 Romani
1532 2558 1751 2628 pontiﬁ-
1850 2551 2059 2621 cipibus
2088 2561 2367 2622 promotos
2392 2551 2578 2609 fuisse.

187 2656 280 2709 res,
308 2654 366 2699 ut
390 2646 617 2703 curioso
640 2646 829 2702 lectori
864 2657 1052 2703 notum
1069 2658 1172 2714 est,
1196 2650 1507 2704 eorumdcm
1538 2659 1754 2721 aposto-
1923 2667 1990 2722 Ει
2020 2676 2080 2722 ui
2106 2668 2351 2737 exemplo
2381 2670 2522 2738 quod
2554 2668 2785 2724 dicimus
2815 2656 3124 2729 asimamus
3152 2691 3164 2728 ε
3197 2674 3431 2731 Αηηεια-

184 2733 388 2792 “eorum
440 2754 720 2793 εδηοηυῐη
763 2741 1089 2796 “manu?!”
1142 2756 1270 2796 suas
1337 2744 1752 2798 εοηείίίυῑίυηθε
1852 2758 1965 2815 sius
1991 2757 2047 2813 S.
2082 2733 2340 2813 Ecclesia:
2373 2733 2631 2814 Ilomanze
2659 2761 3127 2830 bibliothecarius,
3156 2766 3208 2820 in
3257 2766 3428 2823 Chro-

185 2829 549 2887 ﬁrmaverunt.
613 2831 926 2903 Stephanus
973 2848 1105 2889 vero
1153 2845 1378 2905 quartus
1424 2844 1481 2891 et
1517 2834 1753 2891 Joannes

1852 2849 1974 2904 nica
2002 2863 2163 2919 quam
2187 2848 2253 2903 de
2278 2848 2469 2904 Graeco
2492 2850 2545 2903 in
2575 2849 2826 2906 Latinum
2859 2868 3160 2909 sermonem
3196 2865 3433 2911 transtu-

185 2925 443 2992 θεριίῐηυει
475 2933 543 2979 ιιι
569 2925 650 2978 ait
673 2926 998 3003 Αῐιδειθεῖυε
1024 2927 1079 2982 in
1106 2927 1327 2998 Ῑπο¹⁰8⁰
1368 2931 1612 2998 septimm
1663 2945 1755 3000 Si"
1854 2942 1937 3009 lit,
1971 2956 2242 3012 quamque
2277 2956 2344 2997 ex
2391 2942 2775 2998 vetustissimis
2803 2944 3089 3000 Chronicis
3118 2946 3433 3003 Graecorum

182 3016 313 3080 nodi,
341 3019 742 3089 quinquaginta
780 3019 1015 3089 capitula
1052 3021 1366 3076 earumdem
1401 3037 1671 3076 canonum
1701 3021 1753 3074 in
1786 3021 1830 3081 C
1863 3035 2298 3105 compilaverunt
2357 3035 2574 3104 quidam
2617 3034 2813 3101 Graeci,
2847 3036 2938 3092 Dei
2967 3039 3222 3103 cultores,
3253 3039 3431 3095 Theo-

186 3106 547 3175 plenissimum
625 3111 968 3171 auctoritatis
1044 3112 1211 3167 robur
1281 3112 1449 3183 recipi
1535 3127 1760 3167 censuc-
1860 3127 2063 3198 phanes
2092 3126 2301 3181 scilicet
2337 3133 2394 3181 et
2438 3126 2719 3196 Georgius,
2751 3142 2885 3196 quos
2915 3128 3057 3183 idem
3099 3129 3152 3183 in
3191 3128 3430 3197 ejusdem

188 3209 313 3251 mn!-
1860 3216 1983 3269 lihri
2035 3215 2350 3285 praefatione
2390 3215 2543 3268 miris
2592 3214 2839 3268 laudibus
2892 3216 3109 3281 attollit,
3137 3216 3192 3269 in
3214 3218 3428 3283 eadem,

245 3286 407 3344 Porro
465 3291 679 3346 eisdem
731 3290 991 3362 apostolis
1044 3292 1472 3356 decedentibuS.
1507 3293 1761 3347 1300105333
1862 3308 2102 3375 inquam,
2132 3304 2399 3360 Ch‘ronica
2431 3304 2499 3359 de
2549 3304 2778 3373 imperio
2830 3305 3102 3361 Anastasii
3154 3307 3235 3361 sic
3292 3307 3437 3363 inter

186 3379 366 3447 ubique
394 3390 672 3436 terrarum
708 3384 1155 3438 consuetudinem
1190 3385 1257 3439 ab
1285 3386 1364 3440 eis
1398 3384 1649 3439 traditam
1676 3384 1761 3438 in-
1866 3407 2062 3453 emigra
2091 3396 2277 3451 scribit
2308 3411 2325 3449 :
2365 3412 2384 3445 ι
2414 3394 2683 3450 Vicesimo
2712 3395 2924 3464 imperii
2969 3396 3240 3453 Anastasii
3269 3414 3437 3477 anno,

188 3471 498 3532 volubiliter
545 3484 952 3542 servaverunt,
1011 3486 1069 3531 ut
1117 3477 1413 3533 decedente
1476 3477 1765 3546 cujuslibet

1864 3487 2070 3546 Joanne
2092 3488 2460 3544 Alexandrino
2486 3487 2729 3543 antistite
2764 3489 3021 3545 haaretico
3053 3500 3287 3558 mortuo,
3321 3471 3440 3548 Dio-

187 3559 426 3619 Ecclesite
451 3565 746 3635 pontiﬁce,
777 3566 958 3623 clerus
983 3577 1040 3623 et
1081 3568 1313 3638 papulus
1344 3567 1584 3636 ejusdem
1617 3583 1766 3623 com-

1866 3596 2057 3636 seorus
2097 3580 2289 3635 Junior
2322 3580 2578 3650 praelatus
2619 3587 2705 3635 est
2742 3583 3026 3653 episcopus
3077 3584 3438 3642 Alexandria}.

186 3654 316 3708 muni
337 3656 737 3714 deliberatione
771 3659 838 3713 de
864 3675 961 3713 suo
982 3660 1065 3713 vel
1081 3660 1304 3714 alterius
1332 3659 1588 3715 Ecclesia:
1614 3660 1762 3715 clero
1869 3672 2004 3727 Cum
2045 3681 2225 3727 autem
2256 3673 2492 3727 venisset,
2516 3673 3033 3745 Constantinopolim
3071 3691 3170 3747 pro
3217 3678 3445 3734 Alexan-

187 3743 273 3801 sibi
295 3757 575 3816 pastorem
603 3749 964 3819 pmﬁcerent.
995 3752 1064 3805 Ει
1103 3753 1217 3807 hanc
1248 3761 1353 3806 lam
1381 3761 1571 3807 sancta
1622 3763 1766 3807 lam-
1870 3765 2045 3820 drinis
2100 3765 2239 3834 apud
2293 3765 2672 3833 imperatorem
2726 3743 3127 3823 intercessurus
3154 3809 3171 3836 ,
3224 3781 3447 3841 propter

184 3849 277 3904 que
308 3838 421 3893 Deo
448 3848 608 3909 grata
640 3842 978 3895 consuetudo
1002 3843 1186 3897 tandiu
1237 3844 1444 3914 integra
1473 3843 1771 3912 illibitaque
1870 3855 2196 3911 occisionem
2249 3854 2341 3908 filii
2369 3854 2608 3925 Calliopii
2645 3858 2975 3927 Augustalis,
3009 3860 3077 3915 ab
3124 3838 3448 3917 ortliodoxis

187 3933 802 4002 permansit,quousque
824 3932 1060 3988 ﬁdelium
1085 3936 1371 3992 multitudo
1392 3936 1487 3992 Dei
1513 3937 1771 3993 ecclesias
1871 3948 2086 4019 publice
2118 3948 2380 4002 conviciis
2405 3949 2764 4017 appetebatur
2783 3965 2905 4005 cum
2935 3953 3275 4020 procederet,
3299 3955 3449 4009 τρειί-

186 4021 1774 4100 amplissimispossessionibusditarecoepiLTuncenimam—
1873 4041 2149 4095 maniibus
2197 4055 2320 4094 eum
2377 4050 2568 4095 contra
2634 4042 2783 4097 recta
2832 4043 3079 4113 dogmata
3142 4046 3448 4111 advenisse,

185 4108 390 4169 bitionis
416 4114 627 4184 Spiritu
651 4116 1071 4185 interveniente,
1110 4120 1198 4174 alii
1223 4122 1572 4184 suarum,alii
1607 4122 1773 4176 etiam
1874 4144 2005 4200 ergo
2030 4143 2154 4184 eum
2184 4130 2253 4182 ob
2281 4129 2627 4183 homicidium
2657 4130 3055 4187 intercessisset
3078 4149 3199 4188 cum
3226 4135 3452 4191 festina-

187 4198 401 4257 aliarum
436 4203 806 4260 Ecclesiarum
849 4218 1132 4278 etrpemnt
1177 4210 1517 4283 episeOpatus
1545 4212 1773 4277 ambire.
1877 4198 2021 4275 tione
2042 4220 2307 4275 discessit.
2335 4219 2506 4275 Causa
2529 4236 2657 4276 vero
2676 4223 2840 4278 caedis
2861 4223 2959 4277 ista
2986 4224 3085 4278 fuit
3111 4244 3124 4279 :
3156 4226 3287 4281 Cum
3305 4229 3450 4283 idem

185 4299 236 4343 et
260 4292 483 4349 nefandi
508 4295 750 4351 Simonis
776 4300 1106 4355 commercio
1132 4303 1245 4357 suis
1261 4301 1773 4369 fautoribus,etiam
1809 4374 1848 4385 ᾳ
1880 4310 2170 4367 Dioscorus
2198 4326 2389 4366 manus
2439 4311 2835 4382 impositiouem
2865 4317 3179 4385 accepisset,
3212 4334 3455 4377 recessc.

188 4395 337 4450 quam
351 4388 515 4441 nonh
537 4389 751 4443 .bebant
766 4392 1047 4459 pecuniam
1066 4395 1571 4463 promittere.Quod
1586 4397 1776 4452 viden-
1809 4374 1857 4433 Ῑ)
1884 4412 2009 4458 runt
2037 4403 2406 4459 multitudines
2460 4405 2786 4462 rusticorum
2827 4407 3070 4463 dicentes
3103 4424 3118 4462 :
3150 4410 3308 4479 Quia,
3350 4413 3456 4470 nisi

191 4476 395 4534 tesDeo
429 4479 743 4547 dignissimi
777 4481 1010 4538 Romani
1034 4488 1335 4555 pontiﬁces,
1364 4489 1454 4558 qui
1485 4490 1775 4546 sacerdotii
1878 4496 2175 4551 secundum
2229 4497 2372 4565 quod
2423 4507 2735 4553 sanctorum
2780 4476 3193 4579 .apostolorumv
3218 4517 3457 4560 canones

190 4565 480 4665 primatum
512 4570 564 4624 in
593 4578 710 4627 toto
736 4575 870 4630 orbe
903 4575 1180 4643 tenebant,
1205 4578 1416 4635 scilicet
1437 4578 1772 4645 Bonifacius,
1879 4587 2158 4643 continent
2185 4587 2282 4642 ﬁat
2327 4588 2632 4659 episc0pus,
2664 4568 2796 4646 non~
2819 4565 3130 4659 recipietur.
3179 4593 3460 4665 Principes

188 4652 534 4745 omlestinus,
580 4658 712 4727 Leo,
743 4661 1014 4729 Gelasius,
1044 4665 1424 4738 Symmachus,
1465 4669 1774 4740 Hormisda,
1875 4693 2006 4733 vero
2034 4679 2539 4745 inthronizaverunt
2567 4695 2713 4738 eum.
2747 4682 3037 4738 Dioscorus
3068 4698 3195 4740 vero
3216 4686 3364 4741 venit
3391 4687 3462 4743 ad

193 4741 515 4834 Gregorius,
535 4749 651 4817 alii,
680 4750 1046 4811 Simoniaeam
1077 4759 1326 4813 hreresim
1362 4762 1516 4830 prius
1546 4778 1576 4817 a
1616 4762 1774 4820 Petro
1880 4766 2141 4823 Sanctum
2167 4769 2498 4833 Marcum.et
2520 4770 2802 4832 venientes
2823 4774 3006 4829 clerici
3029 4774 3320 4832 induerunt
3338 4792 3464 4834 eum

191 4832 531 4928 démnalam,
570 4856 643 4896 εἰ
692 4851 816 4899 ιυυῦ
863 4856 918 4901 ει
959 4847 1013 4901 in
1050 4857 1311 4903 3816mm“
1363 4851 1775 4921 ἀεηιηθνοτυηῐ.
1886 4864 2144 4928 secundo,
2183 4872 2238 4918 et
2271 4864 2468 4918 iterum
2509 4876 2988 4925 consecraverunt.
3020 4867 3088 4922 Et
3116 4869 3194 4924 ita
3244 4870 3468 4926 veniens

191 4926 276 5026 alii
293 4931 538 5001 priscam
560 4941 1010 4996 consuetudinem
1041 4941 1404 4999 decretalibus
1425 4948 1776 5004 constitutio-
1886 4955 1953 5009 ad
1988 4926 2244 5008 Sanctum
2266 4953 2526 5012 Joannem
2554 4957 2785 5026 perfecit
2814 4959 3115 5015 collectam.
3133 4960 3269 5016 Cum
3286 4968 3467 5015 autem

191 5018 342 5123 nibus
368 5025 447 5079 ita
481 5023 832 5087 ﬁrmaverunt
857 5043 918 5088 ut
950 5040 1257 5088 statuerunt
1303 5037 1512 5092 nullum
1555 5053 1625 5095 ex
1671 5042 1778 5099 alia
1886 5052 2033 5100 esset
2063 5041 2172 5098 illic
2198 5044 2537 5103 Theodosius
2555 5018 2715 5106 .ﬁlius
2765 5050 3010 5120 Calliopii
3050 5050 3387 5123 Augustalis,
3414 5058 3472 5106 et

191 5110 434 5173 Ecclesia
466 5116 559 5172 alii
583 5118 830 5181 Ecclesia:
845 5125 1114 5196 praeponi,
1145 5126 1250 5182 nisi
1285 5126 1425 5185 forte
1446 5129 1666 5199 quisue:
1691 5136 1776 5190 di-
1886 5134 2118 5193 Aeacius
2146 5137 2407 5207 magister
2430 5139 2683 5206 militum,
2711 5146 2885 5201 turbae
2916 5110 3166 5208 turbatae:
3190 5152 3470 5211 coeperunt

192 5218 288 5273 sne
310 5207 687 5309 praeﬁceretur
705 5213 960 5276 Ecclesiae
983 5216 1406 5309 ineadem,quod
1430 5222 1532 5291 ipsi
1549 5227 1639 5280 vix
1660 5242 1781 5297 pos-
1891 5228 2104 5301 injuriis
2128 5229 2340 5286 allicere
2372 5233 2539 5289 ﬁlium
2571 5234 2915 5309 Augustalis,
2946 5252 3011 5291 eo
3049 5237 3193 5306 quod
3232 5207 3477 5289 laudaret

192 5300 596 5330 ωηηηιῖηηΔ-Αιι
630 5307 967 5330 Α·Α.-Ιξ.Ι-----ι
1009 5306 1309 5330 αι..11-ι-..---
1333 5325 1359 5330 _
