4018 5330
539 241 646 300 459

1627 241 1680 298 S.
1719 243 2016 300 ANSELMI
2069 243 2404 302 LUCENSlS
2444 243 2748 302 EPISCOl'l

3713 245 3818 300 460

543 344 702 423 Quod
749 354 976 410 audiens
1029 363 1345 426 imperator,
1377 355 1544 410 iratus
1573 365 1656 412 est
1707 358 1966 413 adversus
2006 371 2125 426 eos,
2155 361 2206 422 Α
2233 358 2371 430 ετὶιιί
2399 367 2454 412 et
2487 357 2752 422 extranei,
2787 362 2840 412 et
2865 355 2956 426 qui
3003 363 3130 412 ante
3173 355 3402 426 ignorati
3445 365 3592 424 sunt,
3613 355 3684 412 ad
3721 371 3816 413 ex-

505 519 508 522 ,
547 449 722 506 Porro
743 448 1033 503 Dioscorus
1058 447 1432 503 interveniens
1459 448 1888 518 mitigavit'eum.
1921 468 1940 501 ›

511 523 516 530 ’
611 539 751 594 Ecce
779 539 870 609 qui
893 537 1129 607 primum
1155 537 1504 606 apostolicam
1529 539 1869 594 traditionem
1894 539 1960 594 de
1989 555 2124 610 pon-

539 630 728 686 tiﬁcali
765 631 1106 700 promotione
1152 630 1271 684 ausi
1317 638 1444 684 sunt
1495 630 1722 698 violare,
1755 646 1886 686 ecce
1935 633 2131 700 quibus

551 722 789 793 primum
819 722 1134 777 auctoribus
1175 721 1649 794 saeculi-principes
1679 738 1806 778 suos
1835 723 2132 794 pontiﬁces

539 817 790 872 nituntur
818 817 912 872 Dei
941 817 1198 872 Ecclesiae
1227 831 1546 886 promovere
1577 833 1590 869 ε
1618 816 1683 870 Ει
1711 824 1766 870 ut
1800 825 2130 888 cmpta'per-

550 920 866 977 sequamur,
899 905 1072 961 secuti
1102 906 1450 961 sunt-borum
1481 905 1722 975 exempla
1752 907 2129 962 haereticorum

556 999 778 1070 quidam
809 999 1126 1055 Graecorum
1155 999 1534 1070 imperatores,
1566 1000 1714 1070 regni
1748 999 1828 1054 sui
1879 999 2127 1064 urbibus,

539 1105 667 1145 suos
688 1091 968 1161 episcopos
992 1089 1348 1160 imponentes.
1381 1089 1636 1145 Romana:
1683 1105 1816 1145 vero
1859 1091 1976 1145 urbi
2007 1090 2117 1144 Deo

545 1188 841 1250 praestante
882 1180 1094 1235 meritis
1115 1180 1480 1250 apostolorum
1512 1179 1602 1249 qui
1647 1180 1699 1234 in
1742 1195 1804 1236 ea
1856 1181 2040 1235 vivunt
2071 1189 2126 1235 et

535 1271 848 1340 praesident,
881 1271 934 1324 in
971 1271 1075 1326 hoc
1095 1281 1472 1341 pepercerunt,
1497 1271 1770 1326 decretum
1801 1279 1981 1325 tamen
2011 1271 2124 1326 ele-

539 1361 738 1415 ctionis
757 1361 918 1416 futuri
948 1361 1221 1431 pontilicis
1243 1377 1270 1414 a
1297 1361 1446 1417 clero
1466 1373 1517 1415 et
1539 1373 1730 1416 senatu
1759 1363 2122 1432 subscriptum

537 1451 714 1520 prius,
746 1467 908 1521 quam
939 1452 1080 1506 idem
1125 1461 1556 1518 consecraretur,
1581 1453 1682 1508 sibi
1733 1453 1871 1507 mitti
1921 1463 2124 1510 statue-

533 1553 681 1598 runt.
707 1543 858 1610 Quod
889 1558 1011 1600 cum
1043 1543 1253 1614 legatur
1277 1545 1481 1599 eisdem
1511 1545 1948 1613 imperatoribus,
1979 1559 2120 1616 saepe

536 1627 800 1691 directum
833 1635 1016 1700 fuisse,
1041 1651 1308 1706 nusquam
1333 1644 1510 1690 tamen
1545 1635 1741 1706 legitur
1765 1638 1982 1692 eosdem
2010 1637 2122 1692 Ro-

2235 446 2532 502 clusionem
2559 461 2748 502 eorum
2773 446 2864 517 qui
2885 448 3018 501 bene
3052 461 3272 501 suormn
3309 455 3587 502 merentur
3611 447 3816 502 civium

2235 537 2606 593 testimonium
2654 546 3058 609 przeponantur.
3097 557 3114 589 ι
3148 537 3278 593 item
3309 539 3550 592 ibidem:
3588 559 3606 590 ι
3645 536 3818 594 Nullis

2233 625 2420 681 invitis
2445 627 2602 681 detur
2637 627 2954 696 episcopus;
2981 627 3111 682 cieri
3159 627 3338 696 plebis
3361 637 3415 682 et
3439 629 3654 684 ordinis
3684 644 3818 684 eon-

2238 733 2430 774 sensus
2467 729 2520 776 et
2543 720 2869 775 desiderium
2903 721 3228 788 requiratur.
3262 721 3412 774 Tunc
3436 720 3578 776 alter
3599 721 3668 776 de
3713 721 3817 776 Ec-

2231 812 2392 868 clesia
2425 812 2657 882 eligatur
2687 813 2879 878 altera,
2903 813 2946 868 si
2973 815 3038 868 de
3063 813 3504 882 civitatisipsins
3561 813 3807 880 clericis,

2231 903 2426 958 cui'est
2469 903 2754 974 episc0pus
2787 904 3142 968 ordinandus,
3169 902 3368 970 nullus,
3389 903 3534 973 quod
3591 905 3818 960 evenire

2230 1009 2346 1050 non
2375 995 2670 1061 credimus,
2697 995 2933 1065 potuerit
2964 994 3212 1050 inveniri.
3243 993 3482 1048 Primum
3533 995 3684 1050 enim
3739 995 3818 1050 illi

2231 1087 2558 1156 reprobandi
2605 1097 2753 1152 sunt,
2785 1088 2876 1156 qui
2907 1087 2978 1142 ibi
3011 1097 3158 1152 sunt,
3186 1097 3245 1141 ut
3291 1087 3456 1158 aliqui
3497 1087 3565 1142 de
3618 1086 3816 1143 alienis

2229 1175 2492 1232 Ecclesiis
2524 1181 2718 1232 merito
2753 1177 3132 1248 praeferantur.
3181 1177 3388 1232 Habeat
3441 1179 3818 1249 unusquisque

2227 1267 2466 1322 fructum
2505 1269 2712 1324 militiae
2761 1283 2872 1324 sure
2903 1270 2955 1324 in
3008 1268 3238 1323 ecclesia
3275 1268 3458 1337 inqua
3509 1283 3670 1323 suam
3715 1284 3816 1338 per

2225 1361 2406 1415 ornnia
2437 1359 2608 1414 ollicia
2651 1362 2914 1431 transegit
2939 1370 3174 1422 :etatcm.
3215 1358 3267 1413 in
3301 1359 3479 1413 aliena
3534 1359 3808 1428 stipendia

2225 1451 2450 1506 minime
2477 1451 2612 1506 alter
2633 1451 2879 1522 obrepat.
2907 1450 2991 1506 Sit
3018 1449 3246 1506 facultas
3275 1449 3449 1505 Clcris
3472 1449 3816 1514 rcuitcndi,si

2225 1559 2285 1599 se
2311 1544 2542 1600 viderint
2569 1545 2917 1616 praegravari,
2945 1554 2999 1600 et
3027 1561 3164 1616 quos
3185 1545 3290 1600 sibi
3329 1545 3499 1616 ingeri
3525 1559 3592 1598 ex
3622 1551 3808 1598 transi

2231 1639 2746 1711 versocognoverint
2773 1655 2880 1695 non
2909 1641 3132 1694 timeant
3153 1639 3418 1696 refutare.
3451 1639 3604 1706 Quod
3627 1640 3676 1694 si
3705 1653 3812 1696 non

533 1742 819 1782 manorum
845 1726 1162 1782 electionem
1197 1735 1453 1782 inuitasse.
1480 1725 1593 1781 Hoc
1633 1737 1812 1781 autem
1845 1727 1973 1797 quia
2006 1727 2120 1782 Deo
2152 1708 2194 1767 Β
2225 1708 2488 1786 debituur
2509 1731 2820 1800 praemium,
2849 1731 2934 1786 vel
2965 1730 3194 1786 liberum
3224 1731 3290 1786 de
3335 1746 3420 1797 eo,
3457 1731 3550 1800 qui
3583 1745 3680 1786 eos
3726 1737 3816 1784 est

535 1819 868 1874 contrarium
899 1828 1034 1885 erat,
1059 1827 1118 1874 ut
1147 1819 1385 1874 Ecclesia
1409 1819 1664 1889 pontiﬁce
1692 1831 1923 1888 careret,
1949 1837 2124 1892 usque

535 1913 662 1968 dum
694 1909 785 1982 qui
819 1909 1096 1966 decretum
1127 1910 1337 1968 ferebat
1383 1911 1486 1966 iret
1539 1920 1594 1966 et
1633 1912 1861 1980 rediret,
1905 1915 2122 1983 penitus

535 2017 861 2076 respuerent
894 2013 1186 2075 sequentes
1213 2006 1342 2076 imp.
1373 2006 1574 2076 pietate
1597 2007 1961 2079 religioneque
1985 2025 2123 2079 prce-

536 2103 764 2152 stantes.
805 2094 896 2152 Sic
941 2097 1084 2152 enim
1131 2097 1328 2166 legitur
1371 2096 1425 2151 in
1471 2097 1716 2154 Romano
1763 2099 2068 2155 Pontilicali
2105 2119 2118 2154 :

541 2207 560 2241 ι
597 2187 919 2245 Benedictus
941 2187 1087 2243 enim
1119 2188 1340 2243 natione
1367 2187 1646 2246 Romanus
1667 2193 1904 2260 suscepit
1919 2191 2120 2260 jussio-

534 2295 637 2334 nes
667 2279 1073 2334 clementissimi
1097 2279 1358 2350 principis
1381 2280 1722 2336 Constantini
1747 2283 1812 2336 ad
1841 2283 2122 2338 venerabi-

530 2369 639 2427 lem
671 2369 900 2435 cierum,
927 2379 981 2424 et
1010 2371 1266 2441 populum
1297 2370 1556 2426 Romana:
1581 2373 1836 2442 civitatis,
1867 2389 1963 2443 per
1984 2389 2118 2443 quas

533 2463 823 2526 concessit,
862 2461 1040 2531 utqui
1069 2461 1274 2518 electus
1323 2461 1490 2518 fuerit
1519 2464 1768 2533 pontifex
1813 2479 1845 2519 e
1892 2464 2120 2535 vestigio

533 2562 883 2611 consecretur
913 2554 1117 2624 absque
1147 2556 1426 2610 tarditate.
1467 2575 1487 2609 ι

606 2647 792 2717 itaque
845 2647 937 2716 qui
970 2643 1202 2702 advertit
1239 2647 1374 2702 alios
1408 2647 1721 2702 Grmcorum
1759 2648 2120 2718 imperatores

533 2747 660 2793 ante
699 2738 1168 2794 consecrationem
1218 2739 1494 2793 decretum
1527 2739 1628 2794 sibi
1663 2740 1804 2794 mitti
1853 2739 2111 2806 voluisse,

533 2831 778 2885 attendat
801 2829 1017 2886 eosdem
1049 2830 1352 2885 liomanam
1376 2831 1696 2888 electionem
1729 2849 2002 2903 nunquam
2029 2848 2113 2888 re~

530 2923 824 2992 probasse;
859 2921 1103 2977 attendat
1131 2922 1295 2976 etiam
1343 2932 1594 2992 posteros
1624 2927 1964 2990 eorumdem,
1988 2926 2113 2994 quia

530 3015 633 3076 hoc
659 3015 990 3071 contrarium
1026 3015 1134 3070 Deo
1157 3023 1294 3082 erat,
1331 3017 1545 3085 penitus
1593 3017 1885 3086 respuisse.
1927 3017 2115 3090 itaque
2144 3056 2184 3114 ρ

531 3127 915 3181 percurramus
930 3117 1240 3167 sanctorum
1272 3107 1490 3167 Patrum
1517 3109 1732 3164 decreta
1755 3126 1874 3180 qua:
1897 3109 1962 3164 de
1983 3125 2116 3180 pon—

531 3203 741 3258 tiﬁcum
767 3202 1108 3274 promotione
1133 3211 1459 3268 statuerunt,
1486 3211 1543 3256 ut
1567 3204 1802 3258 sciamus
1825 3199 1954 3273 quid
1974 3199 2116 3270 juris

527 3293 950 3364 imperatoribus
972 3308 1192 3348 suorum
1218 3293 1302 3350 vel
1323 3293 1691 3364 quorumlibet
1717 3305 2017 3367 temporum
2056 3294 2114 3352 in

527 3387 736 3444 eisdem
763 3395 1140 3443 servaverunt.

600 3478 713 3534 Leo
744 3478 933 3533 doctor
976 3477 1209 3534 eximius
1235 3485 1290 3532 et
1317 3478 1530 3548 primus
1567 3479 1823 3536 Ecclesiae
1853 3482 2113 3538 Romanae

532 3567 794 3638 pontifex,
819 3567 1110 3624 Anastasio
1135 3569 1701 3626 Tliessaionicensium
1725 3573 1998 3644 episcopo,
2021 3575 2112 3643 qui

455 3687 466 3695 -
528 3661 677 3718 vices
707 3660 935 3714 Romani
959 3659 1228 3730 pontificis
1259 3676 1422 3730 super
1442 3663 1798 3734 quadraginta
1827 3666 2113 3734 episcopos

529 3751 730 3823 Illyrici
759 3758 813 3805 et
847 3748 1073 3816 Graecia:
1106 3751 1361 3818 habebat,
1397 3754 1475 3806 sic
1506 3753 1646 3808 inter
1667 3767 1859 3809 czzetcra
1888 3756 2108 3810 scribit:

535 3863 555 3897 ι
593 3845 668 3900 De
693 3859 919 3916 persona
945 3845 1296 3901 consecrandi
1337 3847 1600 3916 episcopi,
1632 3857 1686 3902 et
1713 3848 1778 3902 de
1813 3848 1944 3903 cieri
1995 3849 2114 3919 ple-

521 3927 722 4004 bisque
787 3949 1056 3990 consensu
1115 3935 1572 4005 metropolitanus
1628 3935 1956 3992 fraternitati
2009 3949 2114 3994 tua;

528 4026 772 4082 referat:
807 4047 824 4081 ι
857 4027 923 4081 Ει
953 4027 1114 4098 paulo
1153 4037 1276 4098 post
1312 4045 1325 4082 :
1365 4047 1382 4080 ι
1416 4027 1830 4106 Metropolitano
1863 4044 1991 4084 vero
2025 4027 2115 4084 de-

526 4115 737 4184 functo,
769 4133 894 4172 cum
935 4117 987 4172 in
1039 4117 1158 4174 loco
1207 4118 1324 4187 ejus
1365 4119 1502 4174 alius
1562 4120 1664 4174 fuit
1718 4121 2110 4193 subt‘ogandus,

536 4209 1028 4279 comprovinciales
1058 4209 1296 4278 episcopi
1349 4209 1416 4265 ad
1467 4209 1745 4266 civitatem
1774 4211 2112 4282 metropoiim
2155 4271 2162 4278 ,

526 4303 871 4368 conveniant,
899 4310 959 4357 ut
991 4301 1236 4357 omnium
1280 4301 1604 4358 clericorum
1653 4313 1817 4375 atque
1864 4307 2111 4362 omnium

2225 1833 2497 1888 recturus,
2527 1824 2725 1878 debent
2755 1823 2956 1878 habere
2975 1821 3260 1891 judicium.
3303 1842 3322 1875 ι

2293 1915 2587 1985 Gregorius
2613 1914 2884 1970 Gaudioso
2913 1915 3164 1986 episcopo
3205 1915 3348 1970 inter
3379 1923 3574 1970 caetera
3623 1931 3637 1969 :
3685 1931 3706 1966 ι
3743 1913 3810 1968 Et

2225 2005 2344 2060 ideo
2385 2005 2702 2060 fraternitas
2745 2015 2835 2060 tua
2887 2005 2952 2059 ad
3003 2005 3311 2075 praedictae:
3361 2004 3664 2059 Ecclesiam
3725 2004 3808 2059 ire

2221 2098 2552 2168 preperabit,
2581 2107 2634 2152 et
2657 2098 2860 2153 clerum
2891 2096 3210 2166 plebemque
3235 2098 3530 2152 admonere
3557 2095 3806 2161 festinet,

2223 2199 2282 2242 ut
2321 2197 2529 2242 remoto
2557 2187 2780 2242 dissidio
2821 2203 2928 2242 uno
2971 2188 3267 2256 eodemque
3324 2201 3590 2242 consensu
3643 2185 3806 2240 talem

2221 2279 2624 2348 praeficiendum
2655 2279 2755 2334 sibi
2779 2287 3036 2348 expetant
3070 2278 3406 2334 sacerdotem
3445 2279 3536 2348 qui
3565 2293 3598 2331 a
3633 2293 3806 2334 vene-

2221 2371 2406 2426 randis
2442 2371 2743 2426 canunibus
2785 2369 3095 2424 nullatenus
3147 2375 3458 2438 respuatur.
3513 2367 3615 2433 Qui
3675 2367 3806 2421 dum

2219 2463 2384 2518 fuerit
2410 2463 2730 2532 postulatus,
2763 2479 2885 2518 cum
2927 2460 3272 2517 solemnitate
3305 2459 3530 2523 electus,
3551 2459 3800 2512 omnium

2219 2555 2706 2624 subscriptiouibus
2741 2555 3024 2610 roboratus
3070 2561 3126 2607 ct
3161 2553 3466 2606 dilectionis
3503 2561 3610 2605 tua:
3653 2549 3804 2605 testia

2219 2646 2399 2702 monio
2417 2645 2714 2702 litterarum
2736 2647 2801 2699 ad
2822 2661 2918 2700 nos
2941 2645 3236 2700 sacrandus
3251 2651 3523 2698 occurrat.
3547 2641 3805 2697 Commoa

2217 2754 2410 2792 nemth
2458 2739 2622 2792 etiam
2659 2745 2719 2791 ut
2762 2736 2963 2790 nullum
2995 2736 3119 2806 eligi
3173 2733 3500 2805 permittatis
3525 2732 3592 2787 de
3631 2732 3804 2785 altera

2218 2829 2482 2896 Ecclesia,
2515 2830 2616 2884 nisi
2668 2829 2806 2885 forte
2859 2829 3001 2883 inter
3056 2827 3288 2882 clericos
3341 2827 3510 2896 ipsius
3563 2825 3803 2880 civitatis

2217 2922 2401 2976 nullus
2447 2921 2514 2974 ad
2567 2921 2940 2990 episcopatum
2991 2919 3202 2989 dignus,
3232 2917 3653 2988 quodcvenire
3695 2929 3802 2970 non

2217 3013 2721 3082 crcdimus,poterit
2751 3009 3342 3080 inveniri,provisurus
3363 3017 3487 3062 ante
3517 3007 3704 3062 omnia
3736 3020 3802 3060 ne

2218 3106 2284 3162 ad
2331 3106 2620 3176 cujuslibet
2649 3104 3078 3162 conversationis
3119 3103 3374 3158 meritmn
3417 3101 3632 3155 lasciva:
3677 3115 3802 3168 pera-

2217 3215 2363 3256 sonae
2383 3189 2630 3270 aspirare
2664 3207 3016 3270 praesumant,
3055 3204 3111 3252 et
3149 3205 3204 3252 tu
3239 3193 3546 3267 periculum
3591 3192 3802 3249 ordinis

2217 3295 2316 3364 tui,
2356 3295 2500 3368 quod
2537 3294 2701 3359 absit,
2741 3293 3009 3347 incurras.
3047 3309 3066 3344 ι

2286 3393 2364 3447 Ex
2411 3387 2642 3448 concilio
2705 3386 2922 3449 Niceno
2969 3384 3190 3438 Patrum
3235 3398 3462 3438 cccxvm
3495 3423 3511 3450 ,
3559 3397 3682 3452 cap.
3725 3381 3799 3436 6:

2220 3506 2239 3540 ι
2275 3487 2377 3541 Per
2413 3486 2598 3542 omnia
2633 3493 2815 3539 autem
2871 3478 3220 3538 mani'lest'uin
3271 3485 3356 3532 est
3405 3476 3557 3546 quia,
3583 3477 3629 3530 si
3681 3475 3804 3544 quis

2215 3585 2412 3648 praeter
2448 3575 2789 3629 voluntatem
2838 3582 2893 3629 et
2941 3572 3330 3628 conscientiam
3391 3563 3802 3642 metrspoljlaui

2215 3667 2452 3738 episcopi
2481 3665 2643 3722 fuerit
2675 3665 2981 3730 ordinatus,
3006 3665 3149 3719 hunc
3202 3663 3495 3720 concilium
3539 3677 3802 3734 magnum

2215 3767 2272 3814 et
2325 3766 2574 3812 sanctum
2613 3757 2828 3812 censuit
2879 3771 2990 3810 non
3047 3755 3244 3810 debere
3289 3765 3418 3809 esse
3461 3753 3800 3823 episcopum.

2217 3847 2382 3910 Sane,
2411 3845 2456 3900 si
2487 3846 2762 3901 communi
2789 3845 3031 3900 omnium
3079 3857 3346 3899 consensu
3403 3843 3806 3898 rationabiliter

2214 3937 2438 4008 probato
2469 3937 2765 3992 secundum
2801 3933 3232 4010 ecclesiasticam
3263 3933 3532 4004 regulam,
3563 3932 3674 3986 duo
3721 3929 3804 3985 vel

2217 4039 2327 4083 tres
2385 4026 2727 4082 animositate
2781 4025 2928 4080 ducti
2973 4039 3068 4094 per
3115 4022 3520 4078 contentionem
3577 4029 3803 4076 contra-

2215 4119 2432 4184 dicunt,
2474 4117 2718 4174 obtineat
2768 4115 3126 4187 plurimorum
3185 4114 3528 4170 sacerdotum
3577 4123 3800 4170 sentcn-

2217 4211 2312 4266 tia.
2348 4230 2366 4264 ι

2285 4305 2362 4359 Ex
2388 4319 2464 4358 vn
2493 4301 2702 4375 synodo
2725 4299 3016 4356 universali
3063 4299 3247 4355 habita
3294 4315 3324 4354 a
3368 4311 3402 4350 v
3445 4297 3797 4368 patriarcbis,

527 4394 736 4448 civium
765 4393 1048 4448 voluntate
1086 4392 1353 4457 discussa,
1385 4410 1452 4450 ex
1503 4397 1835 4466 presbyteris
1869 4397 2109 4466 ejusdem
2141 4406 2190 4467 ι)
2215 4411 2338 4450 cum
2390 4410 2517 4450 cccc
2563 4393 2838 4460 Patribus,
2870 4393 2970 4448 sub
3007 4391 3247 4447 Adriano
3283 4390 3461 4458 primo
3513 4391 3795 4456 pontilice,

525 4483 783 4538 Ecclesiae
803 4483 888 4536 vel
917 4499 984 4538 ex
1027 4483 1348 4538 diaconibus
1379 4484 1616 4554 optimus
1661 4486 1946 4557 deligatur.
1975 4487 2109 4543 Cum

529 4590 660 4645 ergo
689 4574 756 4629 de
785 4575 982 4629 summi
1013 4575 1313 4630 sacerdotis
1345 4575 1610 4631 electione
1651 4577 1993 4644 tractabitur,
2023 4580 2111 4636 ille

529 4667 780 4722 omnibus
801 4675 1322 4736 praeponaturquem
1341 4665 1468 4721 cieri
1497 4666 1778 4738 plebisque
1810 4683 2111 4726 consensus

530 4757 877 4815 concorditer
895 4757 1270 4823 postulaverit,
1291 4758 1366 4812 ita
1399 4767 1458 4814 ιιι
1485 4759 1532 4814 si
1557 4759 1608 4814 in
1638 4759 1796 4815 aliam
1822 4760 1962 4816 forte
1985 4777 2112 4832 per-

529 4863 722 4904 sonam
775 4848 1010 4918 partium
1052 4861 1112 4901 se
1157 4856 1280 4902 vota
1344 4848 1672 4912 diviserint,
1711 4853 2110 4920 metropolitani

525 4939 728 5011 judicio
750 4938 796 4993 is
821 4937 976 4991 altari
1011 4946 1353 5006 praeponatur
1380 4939 1470 5008 qui
1503 4939 1797 5010 majoribus
1827 4951 1884 4996 et
1913 4943 2110 5000 studiis

525 5033 745 5104 juvatur
768 5037 823 5084 et
859 5027 1086 5091 meritis,
1122 5037 1330 5082 tantum
1359 5040 1418 5082 ut
1464 5030 1644 5085 nullus
1673 5031 1858 5088 invitis
1904 5041 1960 5087 et
2000 5049 2109 5089 non

529 5121 842 5193 petentibus
863 5118 1164 5182 ordinetur,
1185 5131 1252 5170 ne
1279 5117 1468 5175 civitas
1489 5120 1799 5191 episcopum
1821 5137 1927 5178 non
1949 5133 2110 5196 opta-

533 5227 646 5267 tum
669 5218 761 5266 aut
787 5215 1100 5263 contemnat
1137 5215 1232 5260 aut
1263 5208 1460 5274 oderit,
1487 5211 1576 5264 cui
1609 5226 1715 5266 non
1763 5211 1978 5268 licuerit
2015 5215 2111 5267 ha-

529 5303 660 5330 ‘\nn.u
692 5315 852 5330 III-Ill“
887 5297 1052 5330 ιιηιηῖι
1085 5312 1100 5325 ⁵
1139 5316 1157 5330 ι
1191 5295 1326 5330 “nun
1355 5297 1490 5330 :1‘An‘
1527 5318 1540 5330 ο
1581 5319 1598 5330 ι
1633 5301 1784 5330 ΝιιΙΙΛ
1812 5304 1950 5330 ...λοξαὶ
1979 5303 2104 5330 ,ιε-δῖ.

2212 4503 2331 4556 cap.
2363 4487 2398 4540 5
2427 4505 2440 4540 :
2474 4505 2490 4536 ι
2527 4483 2717 4540 Omnis
2742 4483 2936 4538 eiectio
2965 4483 3203 4553 episcopi
3236 4481 3320 4538 vel
3346 4482 3654 4553 presbyteri
3709 4489 3797 4536 aut

2212 4580 2424 4636 diaconi
2447 4594 2476 4634 a
2499 4577 2832 4649 principibus
2856 4577 3020 4643 facta,
3041 4577 3193 4631 irrita
3217 4585 3462 4640 maneat,
3489 4561 3794 4632 Secundum

2213 4670 2452 4739 regulam
2501 4683 2620 4738 qua:
2648 4667 2820 4722 dicit:
2853 4667 2911 4721 Si
2943 4666 3064 4736 quis
3120 4666 3405 4736 episcopus
3445 4666 3793 4720 smeularibus

2211 4761 2565 4828 potestatibus
2589 4775 2717 4814 usus
2759 4757 3052 4813 Ecclesiam
3089 4771 3188 4826 per
3213 4758 3362 4826 ipsos
3403 4757 3672 4820 obtineat,
3704 4757 3790 4810 dco

2211 4853 2446 4919 ponatur
2469 4861 2524 4908 et
2551 4861 2890 4922 segregetur,
2919 4863 3216 4920 omnesque
3247 4849 3344 4919 qui
3385 4849 3462 4903 illi
3491 4847 3790 4904 commemi-

2211 4950 2357 4998 cant.
2397 4962 2416 4994 ι

2282 5035 2360 5089 Ex
2385 5036 2722 5107 vmsynodo,
2739 5037 2866 5093 item
2888 5035 3201 5100 universali,
3219 5035 3402 5090 habita
3429 5049 3459 5088 a
3489 5049 3526 5089 ν
3551 5033 3780 5105 patriar-

2211 5125 2328 5181 cbis
2373 5142 2496 5181 cum
2528 5127 2778 5184 Patribns
2815 5143 2970 5193 ceu,
2997 5129 3096 5184 sub
3135 5125 3355 5182 Nicolao
3403 5127 3581 5196 primo
3615 5123 3784 5192 ponti-

2211 5217 2312 5272 ﬁce
2337 5236 2349 5271 :
2385 5237 2403 5270 ‹
2433 5219 2810 5276 Promotiones
2835 5231 2889 5276 et
2921 5221 3359 5276 consecrationcs
3382 5220 3778 5289 episcoporum.

2645 5310 2775 5330 !___'I_
2805 5327 2840 5330 __
2885 5325 2954 5330 -__
2989 5311 3116 5330 -‘IEE-
3181 5310 3528 5330 _I-_-!___--_
3571 5307 3630 5330 Δ..

2215 5309 2542 5330 -.ι-,Α-λ-μ-
2578 5310 2775 5330 ,⁵--ξ---·ι.
2805 5327 2840 5330 --
2885 5325 2954 5330 --.
2989 5311 3116 5330 -”Ιτὲ-
3181 5310 3438 5330 -.--ιῖ-..Α
3467 5323 3528 5330 μ-
3571 5309 3782 5330 Ᾰ.“Α-Λ·“
