  <div class='ocr_page' id='page_1' title='image "/cluster/home/n/w/nwhite01/storage/ocr_20150623/149/hvd.32044015473770/236.png"; bbox 0 0 4018 5330; ppageno 0'>
   <div class='ocr_carea' id='block_1_1' title="bbox 199 395 289 450">
    <p class='ocr_par' dir='ltr' id='par_1_1' title="bbox 199 395 289 450">
     <span class='ocr_line' id='line_1_1' title="bbox 199 395 289 450; baseline 0 -1"><span class='ocrx_word' id='word_1_1' title='bbox 199 395 289 450; x_wconf 69' lang='grc'><strong>461</strong></span> 
     </span>
    </p>
   </div>
   <div class='ocr_carea' id='block_1_2' title="bbox 865 389 1748 457">
    <p class='ocr_par' dir='ltr' id='par_1_2' title="bbox 865 389 1748 452">
     <span class='ocr_line' id='line_1_2' title="bbox 865 389 1748 452; baseline 0 -4"><span class='ocrx_word' id='word_1_2' title='bbox 865 389 1142 450; x_wconf 72' lang='lat' dir='ltr'><strong>CONTRA</strong></span> <span class='ocrx_word' id='word_1_3' title='bbox 1181 393 1586 452; x_wconf 74' lang='lat' dir='ltr'><strong>GUIBERTUM</strong></span> <span class='ocrx_word' id='word_1_4' title='bbox 1613 391 1748 448; x_wconf 82' lang='lat' dir='ltr'><strong>ANT</strong></span> 
     </span>
    </p>
   </div>
   <div class='ocr_carea' id='block_1_3' title="bbox 1856 389 2811 457">
    <p class='ocr_par' dir='ltr' id='par_1_3' title="bbox 1856 391 2811 457">
     <span class='ocr_line' id='line_1_3' title="bbox 1856 391 2811 457; baseline 0.009 -9"><span class='ocrx_word' id='word_1_5' title='bbox 1856 391 2013 449; x_wconf 70' lang='lat' dir='ltr'><strong>tl’AM</strong></span> <span class='ocrx_word' id='word_1_6' title='bbox 2055 391 2236 452; x_wconf 79' lang='lat' dir='ltr'><strong>LIBRI</strong></span> <span class='ocrx_word' id='word_1_7' title='bbox 2280 397 2443 456; x_wconf 90' lang='lat' dir='ltr'><strong>DUO.</strong></span> <span class='ocrx_word' id='word_1_8' title='bbox 2483 429 2552 438; x_wconf 88' lang='lat'><em>—</em></span> <span class='ocrx_word' id='word_1_9' title='bbox 2591 399 2717 456; x_wconf 86' lang='lat' dir='ltr'><strong>LIB.</strong></span> <span class='ocrx_word' id='word_1_10' title='bbox 2751 401 2811 457; x_wconf 86' lang='lat' dir='ltr'><strong>ll.</strong></span> 
     </span>
    </p>
   </div>
   <div class='ocr_carea' id='block_1_4' title="bbox 3354 415 3456 471">
    <p class='ocr_par' dir='ltr' id='par_1_4' title="bbox 3354 415 3456 471">
     <span class='ocr_line' id='line_1_4' title="bbox 3354 415 3456 471; baseline 0.01 -1"><span class='ocrx_word' id='word_1_11' title='bbox 3354 415 3456 471; x_wconf 72' lang='grc'><strong>462</strong></span> 
     </span>
    </p>
   </div>
   <div class='ocr_carea' id='block_1_5' title="bbox 199 484 3458 580">
    <p class='ocr_par' dir='ltr' id='par_1_5' title="bbox 199 484 3458 580">
     <span class='ocr_line' id='line_1_5' title="bbox 199 484 3458 580; baseline 0.007 -38"><span class='ocrx_word' id='word_1_12' title='bbox 199 499 284 542; x_wconf 84' lang='lat' dir='ltr'><strong>aut</strong></span> <span class='ocrx_word' id='word_1_13' title='bbox 307 484 594 553; x_wconf 87' lang='lat' dir='ltr'><strong>cujuslibet</strong></span> <span class='ocrx_word' id='word_1_14' title='bbox 621 484 877 556; x_wconf 72' lang='lat' dir='ltr'><strong>episcopi,</strong></span> <span class='ocrx_word' id='word_1_15' title='bbox 915 501 985 542; x_wconf 86' lang='lat' dir='ltr'><strong>ne</strong></span> <span class='ocrx_word' id='word_1_16' title='bbox 1005 487 1256 544; x_wconf 72' lang='lat' dir='ltr'><strong>videlicet</strong></span> <span class='ocrx_word' id='word_1_17' title='bbox 1287 489 1590 542; x_wconf 78' lang='lat' dir='ltr'><strong>inordinata</strong></span> <span class='ocrx_word' id='word_1_18' title='bbox 1623 487 1768 552; x_wconf 90' lang='lat' dir='ltr'><strong>hinc,</strong></span> <span class='ocrx_word' id='word_1_19' title='bbox 1799 520 1848 580; x_wconf 67' lang='grc' dir='ltr'><strong>Δ</strong></span> <span class='ocrx_word' id='word_1_20' title='bbox 1875 489 2163 580; x_wconf 81' lang='lat' dir='ltr'><strong>anathema</strong></span> <span class='ocrx_word' id='word_1_21' title='bbox 2183 491 2290 546; x_wconf 88' lang='lat' dir='ltr'><strong>sit-</strong></span> <span class='ocrx_word' id='word_1_22' title='bbox 2321 493 2454 547; x_wconf 82' lang='lat' dir='ltr'><strong>item</strong></span> <span class='ocrx_word' id='word_1_23' title='bbox 2480 495 2624 564; x_wconf 90' lang='lat' dir='ltr'><strong>quod</strong></span> <span class='ocrx_word' id='word_1_24' title='bbox 2649 495 2844 554; x_wconf 75' lang='lat' dir='ltr'><strong>electio</strong></span> <span class='ocrx_word' id='word_1_25' title='bbox 2868 501 3138 570; x_wconf 89' lang='lat' dir='ltr'><strong>pontificis</strong></span> <span class='ocrx_word' id='word_1_26' title='bbox 3167 520 3274 562; x_wconf 90' lang='lat' dir='ltr'><strong>non</strong></span> <span class='ocrx_word' id='word_1_27' title='bbox 3331 524 3458 580; x_wconf 89' lang='lat' dir='ltr'><strong>per-</strong></span> 
     </span>
    </p>
   </div>
   <div class='ocr_carea' id='block_1_6' title="bbox 197 577 1771 650">
    <p class='ocr_par' dir='ltr' id='par_1_6' title="bbox 197 577 1771 650">
     <span class='ocr_line' id='line_1_6' title="bbox 197 577 1771 650; baseline 0 -16"><span class='ocrx_word' id='word_1_28' title='bbox 197 591 246 634; x_wconf 85' lang='lat' dir='ltr'><strong>et</strong></span> <span class='ocrx_word' id='word_1_29' title='bbox 277 577 580 646; x_wconf 79' lang='lat' dir='ltr'><strong>incongrua</strong></span> <span class='ocrx_word' id='word_1_30' title='bbox 609 577 702 630; x_wconf 89' lang='lat' dir='ltr'><strong>fiat</strong></span> <span class='ocrx_word' id='word_1_31' title='bbox 725 577 968 633; x_wconf 82' lang='lat' dir='ltr'><strong>confusio</strong></span> <span class='ocrx_word' id='word_1_32' title='bbox 1003 579 1087 634; x_wconf 97' lang='lat' dir='ltr'><strong>vel</strong></span> <span class='ocrx_word' id='word_1_33' title='bbox 1127 581 1422 644; x_wconf 87' lang='lat' dir='ltr'><strong>contentio,</strong></span> <span class='ocrx_word' id='word_1_34' title='bbox 1466 581 1771 650; x_wconf 60' lang='lat' dir='ltr'><strong>praesertim</strong></span> 
     </span>
    </p>
   </div>
   <div class='ocr_carea' id='block_1_7' title="bbox 195 667 1766 742">
    <p class='ocr_par' dir='ltr' id='par_1_7' title="bbox 195 667 1766 742">
     <span class='ocr_line' id='line_1_7' title="bbox 195 667 1766 742; baseline 0.003 -23"><span class='ocrx_word' id='word_1_35' title='bbox 195 683 310 720; x_wconf 88' lang='lat' dir='ltr'><strong>cum</strong></span> <span class='ocrx_word' id='word_1_36' title='bbox 333 667 542 722; x_wconf 85' lang='lat' dir='ltr'><strong>nullam</strong></span> <span class='ocrx_word' id='word_1_37' title='bbox 573 670 622 722; x_wconf 89' lang='lat' dir='ltr'><strong>in</strong></span> <span class='ocrx_word' id='word_1_38' title='bbox 654 670 846 722; x_wconf 86' lang='lat' dir='ltr'><strong>talibus</strong></span> <span class='ocrx_word' id='word_1_39' title='bbox 875 679 1194 739; x_wconf 85' lang='lat' dir='ltr'><strong>potestatem</strong></span> <span class='ocrx_word' id='word_1_40' title='bbox 1237 687 1566 742; x_wconf 86' lang='lat' dir='ltr'><strong>quemquam</strong></span> <span class='ocrx_word' id='word_1_41' title='bbox 1611 679 1766 741; x_wconf 89' lang='lat' dir='ltr'><strong>pote-</strong></span> 
     </span>
    </p>
   </div>
   <div class='ocr_carea' id='block_1_8' title="bbox 195 761 1771 831">
    <p class='ocr_par' dir='ltr' id='par_1_8' title="bbox 195 761 1771 831">
     <span class='ocr_line' id='line_1_8' title="bbox 195 761 1771 831; baseline 0.001 -17"><span class='ocrx_word' id='word_1_42' title='bbox 195 761 510 815; x_wconf 85' lang='lat' dir='ltr'><strong>stativorum</strong></span> <span class='ocrx_word' id='word_1_43' title='bbox 545 761 804 816; x_wconf 87' lang='lat' dir='ltr'><strong>laicorum</strong></span> <span class='ocrx_word' id='word_1_44' title='bbox 857 762 1058 817; x_wconf 86' lang='lat' dir='ltr'><strong>habere</strong></span> <span class='ocrx_word' id='word_1_45' title='bbox 1106 763 1414 826; x_wconf 87' lang='lat' dir='ltr'><strong>conveniat,</strong></span> <span class='ocrx_word' id='word_1_46' title='bbox 1447 763 1540 816; x_wconf 90' lang='lat' dir='ltr'><strong>sed</strong></span> <span class='ocrx_word' id='word_1_47' title='bbox 1593 763 1771 831; x_wconf 87' lang='lat' dir='ltr'><strong>potius</strong></span> 
     </span>
    </p>
   </div>
   <div class='ocr_carea' id='block_1_9' title="bbox 194 851 1770 924">
    <p class='ocr_par' dir='ltr' id='par_1_9' title="bbox 194 851 1770 924">
     <span class='ocr_line' id='line_1_9' title="bbox 194 851 1770 924; baseline 0.002 -19"><span class='ocrx_word' id='word_1_48' title='bbox 194 851 344 905; x_wconf 87' lang='lat' dir='ltr'><strong>silere</strong></span> <span class='ocrx_word' id='word_1_49' title='bbox 371 863 430 906; x_wconf 91' lang='lat' dir='ltr'><strong>et</strong></span> <span class='ocrx_word' id='word_1_50' title='bbox 473 853 756 908; x_wconf 82' lang='lat' dir='ltr'><strong>attendere</strong></span> <span class='ocrx_word' id='word_1_51' title='bbox 785 853 906 920; x_wconf 87' lang='lat' dir='ltr'><strong>sibi,</strong></span> <span class='ocrx_word' id='word_1_52' title='bbox 938 870 1216 924; x_wconf 86' lang='lat' dir='ltr'><strong>quousque</strong></span> <span class='ocrx_word' id='word_1_53' title='bbox 1247 855 1570 924; x_wconf 77' lang='lat' dir='ltr'><strong>regulariter</strong></span> <span class='ocrx_word' id='word_1_54' title='bbox 1593 871 1622 908; x_wconf 89' lang='lat' dir='ltr'><strong>a</strong></span> <span class='ocrx_word' id='word_1_55' title='bbox 1655 855 1770 909; x_wconf 88' lang='lat' dir='ltr'><strong>col-</strong></span> 
     </span>
    </p>
   </div>
   <div class='ocr_carea' id='block_1_10' title="bbox 195 948 1774 1020">
    <p class='ocr_par' dir='ltr' id='par_1_10' title="bbox 195 948 1774 1020">
     <span class='ocr_line' id='line_1_10' title="bbox 195 948 1774 1020; baseline 0.003 -20"><span class='ocrx_word' id='word_1_56' title='bbox 195 948 325 1018; x_wconf 74' lang='lat' dir='ltr'><strong>legio</strong></span> <span class='ocrx_word' id='word_1_57' title='bbox 349 948 612 1002; x_wconf 73' lang='lat' dir='ltr'><strong>Ecclesia:</strong></span> <span class='ocrx_word' id='word_1_58' title='bbox 634 949 902 1019; x_wconf 88' lang='lat' dir='ltr'><strong>suscipiat</strong></span> <span class='ocrx_word' id='word_1_59' title='bbox 947 949 1110 1004; x_wconf 86' lang='lat' dir='ltr'><strong>finem</strong></span> <span class='ocrx_word' id='word_1_60' title='bbox 1136 951 1326 1007; x_wconf 86' lang='lat' dir='ltr'><strong>electio</strong></span> <span class='ocrx_word' id='word_1_61' title='bbox 1355 949 1520 1006; x_wconf 79' lang='lat' dir='ltr'><strong>futuri</strong></span> <span class='ocrx_word' id='word_1_62' title='bbox 1553 950 1774 1020; x_wconf 86' lang='lat' dir='ltr'><strong>pontifi-</strong></span> 
     </span>
    </p>
   </div>
   <div class='ocr_carea' id='block_1_11' title="bbox 195 1037 1766 1106">
    <p class='ocr_par' dir='ltr' id='par_1_11' title="bbox 195 1037 1766 1106">
     <span class='ocr_line' id='line_1_11' title="bbox 195 1037 1766 1106; baseline 0.001 -14"><span class='ocrx_word' id='word_1_63' title='bbox 195 1039 285 1092; x_wconf 86' lang='lat' dir='ltr'><strong>cis.</strong></span> <span class='ocrx_word' id='word_1_64' title='bbox 309 1037 364 1092; x_wconf 90' lang='lat' dir='ltr'><strong>Si</strong></span> <span class='ocrx_word' id='word_1_65' title='bbox 397 1039 526 1106; x_wconf 90' lang='lat' dir='ltr'><strong>quis</strong></span> <span class='ocrx_word' id='word_1_66' title='bbox 553 1053 681 1093; x_wconf 89' lang='lat' dir='ltr'><strong>vero</strong></span> <span class='ocrx_word' id='word_1_67' title='bbox 706 1039 970 1094; x_wconf 85' lang='lat' dir='ltr'><strong>laicorum</strong></span> <span class='ocrx_word' id='word_1_68' title='bbox 1000 1041 1064 1093; x_wconf 88' lang='lat' dir='ltr'><strong>ad</strong></span> <span class='ocrx_word' id='word_1_69' title='bbox 1095 1042 1520 1096; x_wconf 87' lang='lat' dir='ltr'><strong>concertandum</strong></span> <span class='ocrx_word' id='word_1_70' title='bbox 1551 1049 1604 1094; x_wconf 90' lang='lat' dir='ltr'><strong>et</strong></span> <span class='ocrx_word' id='word_1_71' title='bbox 1633 1056 1766 1095; x_wconf 88' lang='lat' dir='ltr'><strong>coo-</strong></span> 
     </span>
    </p>
   </div>
   <div class='ocr_carea' id='block_1_12' title="bbox 194 1129 1766 1202">
    <p class='ocr_par' dir='ltr' id='par_1_12' title="bbox 194 1129 1766 1202">
     <span class='ocr_line' id='line_1_12' title="bbox 194 1129 1766 1202; baseline 0.003 -21"><span class='ocrx_word' id='word_1_72' title='bbox 194 1129 483 1196; x_wconf 86' lang='lat' dir='ltr'><strong>perandum</strong></span> <span class='ocrx_word' id='word_1_73' title='bbox 545 1129 806 1183; x_wconf 89' lang='lat' dir='ltr'><strong>invitatur</strong></span> <span class='ocrx_word' id='word_1_74' title='bbox 857 1129 926 1184; x_wconf 87' lang='lat' dir='ltr'><strong>ab</strong></span> <span class='ocrx_word' id='word_1_75' title='bbox 968 1131 1240 1198; x_wconf 86' lang='lat' dir='ltr'><strong>Ecclesia,</strong></span> <span class='ocrx_word' id='word_1_76' title='bbox 1281 1131 1407 1188; x_wconf 92' lang='lat' dir='ltr'><strong>licet</strong></span> <span class='ocrx_word' id='word_1_77' title='bbox 1457 1132 1766 1202; x_wconf 85' lang='lat' dir='ltr'><strong>hujusmodi</strong></span> 
     </span>
    </p>
   </div>
   <div class='ocr_carea' id='block_1_13' title="bbox 192 1221 1770 1294">
    <p class='ocr_par' dir='ltr' id='par_1_13' title="bbox 192 1221 1770 1294">
     <span class='ocr_line' id='line_1_13' title="bbox 192 1221 1770 1294; baseline 0.004 -21"><span class='ocrx_word' id='word_1_78' title='bbox 192 1233 306 1273; x_wconf 83' lang='lat' dir='ltr'><strong>cum</strong></span> <span class='ocrx_word' id='word_1_79' title='bbox 333 1221 672 1287; x_wconf 88' lang='lat' dir='ltr'><strong>reverentia,</strong></span> <span class='ocrx_word' id='word_1_80' title='bbox 719 1222 764 1276; x_wconf 89' lang='lat' dir='ltr'><strong>si</strong></span> <span class='ocrx_word' id='word_1_81' title='bbox 805 1221 946 1276; x_wconf 88' lang='lat' dir='ltr'><strong>forte</strong></span> <span class='ocrx_word' id='word_1_82' title='bbox 993 1223 1224 1278; x_wconf 88' lang='lat' dir='ltr'><strong>voluerit</strong></span> <span class='ocrx_word' id='word_1_83' title='bbox 1279 1239 1338 1279; x_wconf 82' lang='lat' dir='ltr'><strong>se</strong></span> <span class='ocrx_word' id='word_1_84' title='bbox 1388 1225 1770 1294; x_wconf 86' lang='lat' dir='ltr'><strong>obtemperare</strong></span> 
     </span>
    </p>
   </div>
   <div class='ocr_carea' id='block_1_14' title="bbox 191 1311 1764 1386">
    <p class='ocr_par' dir='ltr' id='par_1_14' title="bbox 191 1311 1764 1386">
     <span class='ocr_line' id='line_1_14' title="bbox 191 1311 1764 1386; baseline 0.004 -21"><span class='ocrx_word' id='word_1_85' title='bbox 191 1311 592 1378; x_wconf 83' lang='lat' dir='ltr'><strong>ascisccntibus,</strong></span> <span class='ocrx_word' id='word_1_86' title='bbox 639 1322 818 1368; x_wconf 82' lang='lat' dir='ltr'><strong>tanter</strong></span> <span class='ocrx_word' id='word_1_87' title='bbox 858 1329 1004 1369; x_wconf 79' lang='lat' dir='ltr'><strong>enim</strong></span> <span class='ocrx_word' id='word_1_88' title='bbox 1045 1316 1266 1386; x_wconf 73' lang='lat' dir='ltr'><strong>dignum</strong></span> <span class='ocrx_word' id='word_1_89' title='bbox 1323 1325 1606 1386; x_wconf 88' lang='lat' dir='ltr'><strong>pastorem</strong></span> <span class='ocrx_word' id='word_1_90' title='bbox 1659 1317 1764 1372; x_wconf 85' lang='lat' dir='ltr'><strong>sibi</strong></span> 
     </span>
    </p>
   </div>
   <div class='ocr_carea' id='block_1_15' title="bbox 191 1403 1760 1476">
    <p class='ocr_par' dir='ltr' id='par_1_15' title="bbox 191 1403 1760 1476">
     <span class='ocr_line' id='line_1_15' title="bbox 191 1403 1760 1476; baseline 0.002 -21"><span class='ocrx_word' id='word_1_91' title='bbox 191 1403 502 1472; x_wconf 75' lang='lat' dir='ltr'><strong>regulariter</strong></span> <span class='ocrx_word' id='word_1_92' title='bbox 555 1407 622 1459; x_wconf 86' lang='lat' dir='ltr'><strong>ad</strong></span> <span class='ocrx_word' id='word_1_93' title='bbox 671 1419 826 1458; x_wconf 85' lang='lat' dir='ltr'><strong>suam</strong></span> <span class='ocrx_word' id='word_1_94' title='bbox 890 1405 1122 1460; x_wconf 77' lang='lat' dir='ltr'><strong>salutem</strong></span> <span class='ocrx_word' id='word_1_95' title='bbox 1171 1405 1412 1460; x_wconf 85' lang='lat' dir='ltr'><strong>Ecclesia</strong></span> <span class='ocrx_word' id='word_1_96' title='bbox 1459 1415 1760 1476; x_wconf 76' lang='lat' dir='ltr'><strong>promovet.</strong></span> 
     </span>
    </p>
   </div>
   <div class='ocr_carea' id='block_1_16' title="bbox 189 1491 1760 1565">
    <p class='ocr_par' dir='ltr' id='par_1_16' title="bbox 189 1491 1760 1565">
     <span class='ocr_line' id='line_1_16' title="bbox 189 1491 1760 1565; baseline 0.003 -21"><span class='ocrx_word' id='word_1_97' title='bbox 189 1491 430 1561; x_wconf 79' lang='lat' dir='ltr'><strong>Quisquis</strong></span> <span class='ocrx_word' id='word_1_98' title='bbox 451 1501 640 1548; x_wconf 88' lang='lat' dir='ltr'><strong>autem</strong></span> <span class='ocrx_word' id='word_1_99' title='bbox 655 1493 994 1549; x_wconf 61' lang='lat' dir='ltr'><strong>sweularium</strong></span> <span class='ocrx_word' id='word_1_100' title='bbox 1017 1495 1320 1565; x_wconf 81' lang='lat' dir='ltr'><strong>principum</strong></span> <span class='ocrx_word' id='word_1_101' title='bbox 1343 1505 1436 1550; x_wconf 90' lang='lat' dir='ltr'><strong>aut</strong></span> <span class='ocrx_word' id='word_1_102' title='bbox 1457 1504 1760 1565; x_wconf 84' lang='lat' dir='ltr'><strong>potentum.</strong></span> 
     </span>
    </p>
   </div>
   <div class='ocr_carea' id='block_1_17' title="bbox 188 1585 1761 1658">
    <p class='ocr_par' dir='ltr' id='par_1_17' title="bbox 188 1585 1761 1658">
     <span class='ocr_line' id='line_1_17' title="bbox 188 1585 1761 1658; baseline 0.004 -20"><span class='ocrx_word' id='word_1_103' title='bbox 188 1595 270 1640; x_wconf 87' lang='lat' dir='ltr'><strong>aut</strong></span> <span class='ocrx_word' id='word_1_104' title='bbox 304 1585 532 1641; x_wconf 87' lang='lat' dir='ltr'><strong>alterius</strong></span> <span class='ocrx_word' id='word_1_105' title='bbox 575 1587 856 1658; x_wconf 78' lang='lat' dir='ltr'><strong>dignitatis</strong></span> <span class='ocrx_word' id='word_1_106' title='bbox 883 1587 1074 1654; x_wconf 88' lang='lat' dir='ltr'><strong>laicus,</strong></span> <span class='ocrx_word' id='word_1_107' title='bbox 1107 1589 1367 1644; x_wconf 86' lang='lat' dir='ltr'><strong>adversus</strong></span> <span class='ocrx_word' id='word_1_108' title='bbox 1419 1605 1761 1644; x_wconf 84' lang='lat' dir='ltr'><strong>communem</strong></span> 
     </span>
    </p>
   </div>
   <div class='ocr_carea' id='block_1_18' title="bbox 187 1679 1756 1748">
    <p class='ocr_par' dir='ltr' id='par_1_18' title="bbox 187 1679 1756 1748">
     <span class='ocr_line' id='line_1_18' title="bbox 187 1679 1756 1748; baseline 0.004 -20"><span class='ocrx_word' id='word_1_109' title='bbox 187 1691 242 1730; x_wconf 86' lang='lat' dir='ltr'><strong>ac</strong></span> <span class='ocrx_word' id='word_1_110' title='bbox 265 1685 654 1731; x_wconf 82' lang='lat' dir='ltr'><strong>consonantem</strong></span> <span class='ocrx_word' id='word_1_111' title='bbox 679 1687 840 1748; x_wconf 91' lang='lat' dir='ltr'><strong>atque</strong></span> <span class='ocrx_word' id='word_1_112' title='bbox 867 1679 1184 1734; x_wconf 89' lang='lat' dir='ltr'><strong>canonicam</strong></span> <span class='ocrx_word' id='word_1_113' title='bbox 1207 1680 1530 1736; x_wconf 87' lang='lat' dir='ltr'><strong>electionem</strong></span> <span class='ocrx_word' id='word_1_114' title='bbox 1575 1681 1756 1736; x_wconf 88' lang='lat' dir='ltr'><strong>eccle-</strong></span> 
     </span>
    </p>
   </div>
   <div class='ocr_carea' id='block_1_19' title="bbox 185 1770 1758 1842">
    <p class='ocr_par' dir='ltr' id='par_1_19' title="bbox 185 1770 1758 1842">
     <span class='ocr_line' id='line_1_19' title="bbox 185 1770 1758 1842; baseline 0.003 -19"><span class='ocrx_word' id='word_1_115' title='bbox 185 1770 372 1824; x_wconf 82' lang='lat' dir='ltr'><strong>siastici</strong></span> <span class='ocrx_word' id='word_1_116' title='bbox 399 1771 617 1826; x_wconf 83' lang='lat' dir='ltr'><strong>ordinis</strong></span> <span class='ocrx_word' id='word_1_117' title='bbox 641 1786 802 1842; x_wconf 76' lang='lat' dir='ltr'><strong>agere</strong></span> <span class='ocrx_word' id='word_1_118' title='bbox 831 1772 1138 1837; x_wconf 89' lang='lat' dir='ltr'><strong>tcntaverit,</strong></span> <span class='ocrx_word' id='word_1_119' title='bbox 1164 1774 1452 1828; x_wconf 79' lang='lat' dir='ltr'><strong>anathema</strong></span> <span class='ocrx_word' id='word_1_120' title='bbox 1475 1773 1566 1838; x_wconf 88' lang='lat' dir='ltr'><strong>sit,</strong></span> <span class='ocrx_word' id='word_1_121' title='bbox 1585 1773 1758 1828; x_wconf 90' lang='lat' dir='ltr'><strong>donec</strong></span> 
     </span>
    </p>
   </div>
   <div class='ocr_carea' id='block_1_20' title="bbox 1881 577 2545 638">
    <p class='ocr_par' dir='ltr' id='par_1_20' title="bbox 1881 577 2545 638">
     <span class='ocr_line' id='line_1_20' title="bbox 1881 577 2545 638; baseline 0.009 -6"><span class='ocrx_word' id='word_1_122' title='bbox 1881 577 2048 634; x_wconf 88' lang='lat' dir='ltr'><strong>tincat</strong></span> <span class='ocrx_word' id='word_1_123' title='bbox 2071 579 2228 636; x_wconf 89' lang='lat' dir='ltr'><strong>laicis</strong></span> <span class='ocrx_word' id='word_1_124' title='bbox 2261 591 2488 638; x_wconf 88' lang='lat' dir='ltr'><strong>tantum.</strong></span> <span class='ocrx_word' id='word_1_125' title='bbox 2527 605 2545 638; x_wconf 74' lang='grc' dir='ltr'><strong><em>ι</em></strong></span> 
     </span>
    </p>
   </div>
   <div class='ocr_carea' id='block_1_21' title="bbox 1948 663 3455 764">
    <p class='ocr_par' dir='ltr' id='par_1_21' title="bbox 1948 663 3455 764">
     <span class='ocr_line' id='line_1_21' title="bbox 1948 663 3455 764; baseline 0.019 -40"><span class='ocrx_word' id='word_1_126' title='bbox 1948 670 2022 724; x_wconf 74' lang='lat' dir='ltr'><strong>Ex</strong></span> <span class='ocrx_word' id='word_1_127' title='bbox 2055 663 2285 729; x_wconf 80' lang='lat' dir='ltr'><strong>concilio</strong></span> <span class='ocrx_word' id='word_1_128' title='bbox 2326 676 2674 746; x_wconf 87' lang='lat' dir='ltr'><strong>Laodicense,</strong></span> <span class='ocrx_word' id='word_1_129' title='bbox 2704 697 2822 752; x_wconf 83' lang='lat' dir='ltr'><strong>cap.</strong></span> <span class='ocrx_word' id='word_1_130' title='bbox 2857 685 2966 740; x_wconf 68' lang='lat'><strong>19.:</strong></span> <span class='ocrx_word' id='word_1_131' title='bbox 3005 707 3022 740; x_wconf 72' lang='grc' dir='ltr'><strong>ε</strong></span> <span class='ocrx_word' id='word_1_132' title='bbox 3059 688 3176 746; x_wconf 83' lang='grc' dir='ltr'><strong>Νοη</strong></span> <span class='ocrx_word' id='word_1_133' title='bbox 3213 701 3296 748; x_wconf 87' lang='lat' dir='ltr'><strong>est</strong></span> <span class='ocrx_word' id='word_1_134' title='bbox 3333 709 3455 764; x_wconf 86' lang='lat' dir='ltr'><strong>per-</strong></span> 
     </span>
    </p>
   </div>
   <div class='ocr_carea' id='block_1_22' title="bbox 1875 765 3456 855">
    <p class='ocr_par' dir='ltr' id='par_1_22' title="bbox 1875 765 3456 855">
     <span class='ocr_line' id='line_1_22' title="bbox 1875 765 3456 855; baseline 0.017 -38"><span class='ocrx_word' id='word_1_135' title='bbox 1875 765 2196 820; x_wconf 75' lang='lat' dir='ltr'><strong>mittendum</strong></span> <span class='ocrx_word' id='word_1_136' title='bbox 2231 768 2399 824; x_wconf 71' lang='lat' dir='ltr'><strong>turba:</strong></span> <span class='ocrx_word' id='word_1_137' title='bbox 2426 771 2717 830; x_wconf 88' lang='lat' dir='ltr'><strong>electiones</strong></span> <span class='ocrx_word' id='word_1_138' title='bbox 2745 793 2931 832; x_wconf 90' lang='lat' dir='ltr'><strong>eorum</strong></span> <span class='ocrx_word' id='word_1_139' title='bbox 2961 779 3164 850; x_wconf 90' lang='lat' dir='ltr'><strong>facere,</strong></span> <span class='ocrx_word' id='word_1_140' title='bbox 3198 786 3290 855; x_wconf 88' lang='lat' dir='ltr'><strong>qui</strong></span> <span class='ocrx_word' id='word_1_141' title='bbox 3325 797 3456 844; x_wconf 90' lang='lat' dir='ltr'><strong>sunt</strong></span> 
     </span>
    </p>
   </div>
   <div class='ocr_carea' id='block_1_23' title="bbox 1873 855 2783 932">
    <p class='ocr_par' dir='ltr' id='par_1_23' title="bbox 1873 855 2783 932">
     <span class='ocr_line' id='line_1_23' title="bbox 1873 855 2783 932; baseline 0.014 -24"><span class='ocrx_word' id='word_1_142' title='bbox 1873 855 1940 908; x_wconf 83' lang='lat' dir='ltr'><strong>ad</strong></span> <span class='ocrx_word' id='word_1_143' title='bbox 1967 859 2332 914; x_wconf 81' lang='lat' dir='ltr'><strong>sacerdotium</strong></span> <span class='ocrx_word' id='word_1_144' title='bbox 2363 865 2724 932; x_wconf 88' lang='lat' dir='ltr'><strong>provehendi.</strong></span> <span class='ocrx_word' id='word_1_145' title='bbox 2763 887 2783 920; x_wconf 85' lang='grc'><strong>›</strong></span> 
     </span>
    </p>
   </div>
   <div class='ocr_carea' id='block_1_24' title="bbox 1943 949 3452 1033">
    <p class='ocr_par' dir='ltr' id='par_1_24' title="bbox 1943 949 3452 1033">
     <span class='ocr_line' id='line_1_24' title="bbox 1943 949 3452 1033; baseline 0.019 -29"><span class='ocrx_word' id='word_1_146' title='bbox 1943 949 2074 1006; x_wconf 81' lang='lat' dir='ltr'><strong>item</strong></span> <span class='ocrx_word' id='word_1_147' title='bbox 2113 967 2179 1007; x_wconf 75' lang='lat' dir='ltr'><strong>ex</strong></span> <span class='ocrx_word' id='word_1_148' title='bbox 2209 955 2424 1010; x_wconf 88' lang='lat' dir='ltr'><strong>decreto</strong></span> <span class='ocrx_word' id='word_1_149' title='bbox 2451 957 2722 1015; x_wconf 81' lang='lat' dir='ltr'><strong>Ccelcstini</strong></span> <span class='ocrx_word' id='word_1_150' title='bbox 2757 965 3025 1033; x_wconf 85' lang='lat' dir='ltr'><strong>pontificis</strong></span> <span class='ocrx_word' id='word_1_151' title='bbox 3057 986 3069 1021; x_wconf 92' lang='lat'><strong>:</strong></span> <span class='ocrx_word' id='word_1_152' title='bbox 3109 988 3127 1020; x_wconf 74' lang='grc' dir='ltr'>ι</span> <span class='ocrx_word' id='word_1_153' title='bbox 3167 971 3452 1032; x_wconf 88' lang='lat' dir='ltr'><strong>Docendus</strong></span> 
     </span>
    </p>
   </div>
   <div class='ocr_carea' id='block_1_25' title="bbox 1871 1044 3450 1128">
    <p class='ocr_par' dir='ltr' id='par_1_25' title="bbox 1871 1044 3450 1128">
     <span class='ocr_line' id='line_1_25' title="bbox 1871 1044 3450 1128; baseline 0.016 -34"><span class='ocrx_word' id='word_1_154' title='bbox 1871 1051 1954 1096; x_wconf 86' lang='lat' dir='ltr'><strong>est</strong></span> <span class='ocrx_word' id='word_1_155' title='bbox 1997 1044 2243 1112; x_wconf 90' lang='lat' dir='ltr'><strong>populus,</strong></span> <span class='ocrx_word' id='word_1_156' title='bbox 2282 1057 2336 1100; x_wconf 91' lang='lat' dir='ltr'><strong>et</strong></span> <span class='ocrx_word' id='word_1_157' title='bbox 2371 1047 2474 1101; x_wconf 76' lang='lat' dir='ltr'><strong>n&#39;on</strong></span> <span class='ocrx_word' id='word_1_158' title='bbox 2505 1053 2834 1120; x_wconf 86' lang='lat' dir='ltr'><strong>sequendus,</strong></span> <span class='ocrx_word' id='word_1_159' title='bbox 2871 1071 3096 1128; x_wconf 89' lang='lat' dir='ltr'><strong>nosque,</strong></span> <span class='ocrx_word' id='word_1_160' title='bbox 3127 1061 3174 1114; x_wconf 90' lang='lat' dir='ltr'><strong>si</strong></span> <span class='ocrx_word' id='word_1_161' title='bbox 3199 1064 3450 1120; x_wconf 90' lang='lat' dir='ltr'><strong>nesciunt</strong></span> 
     </span>
    </p>
   </div>
   <div class='ocr_carea' id='block_1_26' title="bbox 1871 1133 3449 1221">
    <p class='ocr_par' dir='ltr' id='par_1_26' title="bbox 1871 1133 3449 1221">
     <span class='ocr_line' id='line_1_26' title="bbox 1871 1133 3449 1221; baseline 0.018 -36"><span class='ocrx_word' id='word_1_162' title='bbox 1871 1146 1964 1186; x_wconf 89' lang='lat' dir='ltr'><strong>eos</strong></span> <span class='ocrx_word' id='word_1_163' title='bbox 2004 1135 2130 1202; x_wconf 87' lang='lat' dir='ltr'><strong>quid</strong></span> <span class='ocrx_word' id='word_1_164' title='bbox 2169 1133 2348 1204; x_wconf 87' lang='lat' dir='ltr'><strong>liceat,</strong></span> <span class='ocrx_word' id='word_1_165' title='bbox 2385 1139 2581 1208; x_wconf 81' lang='lat' dir='ltr'><strong>quidve</strong></span> <span class='ocrx_word' id='word_1_166' title='bbox 2607 1157 2712 1198; x_wconf 89' lang='lat' dir='ltr'><strong>non</strong></span> <span class='ocrx_word' id='word_1_167' title='bbox 2744 1144 2920 1213; x_wconf 89' lang='lat' dir='ltr'><strong>liceat,</strong></span> <span class='ocrx_word' id='word_1_168' title='bbox 2947 1164 3310 1221; x_wconf 88' lang='lat' dir='ltr'><strong>commonere,</strong></span> <span class='ocrx_word' id='word_1_169' title='bbox 3339 1171 3449 1212; x_wconf 88' lang='lat' dir='ltr'><strong>non</strong></span> 
     </span>
    </p>
   </div>
   <div class='ocr_carea' id='block_1_27' title="bbox 1869 1233 2814 1300">
    <p class='ocr_par' dir='ltr' id='par_1_27' title="bbox 1869 1233 2814 1300">
     <span class='ocr_line' id='line_1_27' title="bbox 1869 1233 2814 1300; baseline 0.013 -19"><span class='ocrx_word' id='word_1_170' title='bbox 1869 1242 2190 1284; x_wconf 89' lang='lat' dir='ltr'><strong>consensum</strong></span> <span class='ocrx_word' id='word_1_171' title='bbox 2219 1233 2458 1300; x_wconf 76' lang='lat' dir='ltr'><strong>pra-bere</strong></span> <span class='ocrx_word' id='word_1_172' title='bbox 2479 1235 2755 1292; x_wconf 83' lang='lat' dir='ltr'><strong>debemus.</strong></span> <span class='ocrx_word' id='word_1_173' title='bbox 2794 1259 2814 1292; x_wconf 76' lang='grc' dir='ltr'><strong><em>ι</em></strong></span> 
     </span>
    </p>
   </div>
   <div class='ocr_carea' id='block_1_28' title="bbox 1939 1318 3448 1398">
    <p class='ocr_par' dir='ltr' id='par_1_28' title="bbox 1939 1318 3448 1398">
     <span class='ocr_line' id='line_1_28' title="bbox 1939 1318 3448 1398; baseline 0.017 -26"><span class='ocrx_word' id='word_1_174' title='bbox 1939 1318 2196 1376; x_wconf 87' lang='lat' dir='ltr'><strong>Decursis</strong></span> <span class='ocrx_word' id='word_1_175' title='bbox 2236 1323 2417 1393; x_wconf 82' lang='lat' dir='ltr'><strong>itaque</strong></span> <span class='ocrx_word' id='word_1_176' title='bbox 2445 1335 2522 1380; x_wconf 91' lang='lat' dir='ltr'><strong>tot</strong></span> <span class='ocrx_word' id='word_1_177' title='bbox 2549 1339 2858 1387; x_wconf 87' lang='lat' dir='ltr'><strong>sanetorutn</strong></span> <span class='ocrx_word' id='word_1_178' title='bbox 2897 1333 3115 1392; x_wconf 86' lang='lat' dir='ltr'><strong>Patrum</strong></span> <span class='ocrx_word' id='word_1_179' title='bbox 3147 1343 3448 1398; x_wconf 84' lang='lat' dir='ltr'><strong>auctorita-</strong></span> 
     </span>
    </p>
   </div>
   <div class='ocr_carea' id='block_1_29' title="bbox 1868 1409 3446 1500">
    <p class='ocr_par' dir='ltr' id='par_1_29' title="bbox 1868 1409 3446 1500">
     <span class='ocr_line' id='line_1_29' title="bbox 1868 1409 3446 1500; baseline 0.016 -36"><span class='ocrx_word' id='word_1_180' title='bbox 1868 1409 2032 1476; x_wconf 89' lang='lat' dir='ltr'><strong>tibus,</strong></span> <span class='ocrx_word' id='word_1_181' title='bbox 2079 1411 2396 1470; x_wconf 88' lang='lat' dir='ltr'><strong>Latinorum</strong></span> <span class='ocrx_word' id='word_1_182' title='bbox 2439 1418 2642 1474; x_wconf 89' lang='lat' dir='ltr'><strong>scilicet</strong></span> <span class='ocrx_word' id='word_1_183' title='bbox 2671 1432 2724 1476; x_wconf 90' lang='lat' dir='ltr'><strong>et</strong></span> <span class='ocrx_word' id='word_1_184' title='bbox 2752 1423 3060 1483; x_wconf 68' lang='lat' dir='ltr'><strong>Crrccorum</strong></span> <span class='ocrx_word' id='word_1_185' title='bbox 3085 1471 3098 1494; x_wconf 89' lang='lat'><strong>,</strong></span> <span class='ocrx_word' id='word_1_186' title='bbox 3133 1441 3283 1500; x_wconf 90' lang='lat' dir='ltr'><strong>patet</strong></span> <span class='ocrx_word' id='word_1_187' title='bbox 3311 1435 3446 1490; x_wconf 83' lang='lat' dir='ltr'><strong>nihil</strong></span> 
     </span>
    </p>
   </div>
   <div class='ocr_carea' id='block_1_30' title="bbox 1859 1499 3446 1582">
    <p class='ocr_par' dir='ltr' id='par_1_30' title="bbox 1859 1499 3446 1582">
     <span class='ocr_line' id='line_1_30' title="bbox 1859 1499 3446 1582; baseline 0.02 -31"><span class='ocrx_word' id='word_1_188' title='bbox 1859 1499 1996 1570; x_wconf 90' lang='lat' dir='ltr'><strong>juris</strong></span> <span class='ocrx_word' id='word_1_189' title='bbox 2038 1501 2401 1572; x_wconf 72' lang='lat' dir='ltr'><strong>imperatoria:</strong></span> <span class='ocrx_word' id='word_1_190' title='bbox 2446 1511 2699 1577; x_wconf 83' lang='lat' dir='ltr'><strong>potestati</strong></span> <span class='ocrx_word' id='word_1_191' title='bbox 2743 1499 3150 1582; x_wconf 77' lang='lat' dir='ltr'><strong>in&#39;pontificuni</strong></span> <span class='ocrx_word' id='word_1_192' title='bbox 3179 1523 3446 1582; x_wconf 85' lang='lat' dir='ltr'><strong>electione</strong></span> 
     </span>
    </p>
   </div>
   <div class='ocr_carea' id='block_1_31' title="bbox 1865 1595 3444 1679">
    <p class='ocr_par' dir='ltr' id='par_1_31' title="bbox 1865 1595 3444 1679">
     <span class='ocr_line' id='line_1_31' title="bbox 1865 1595 3444 1679; baseline 0.016 -33"><span class='ocrx_word' id='word_1_193' title='bbox 1865 1607 1958 1646; x_wconf 90' lang='lat' dir='ltr'><strong>seu</strong></span> <span class='ocrx_word' id='word_1_194' title='bbox 1985 1595 2324 1662; x_wconf 89' lang='lat' dir='ltr'><strong>promotione</strong></span> <span class='ocrx_word' id='word_1_195' title='bbox 2357 1598 2426 1653; x_wconf 89' lang='lat' dir='ltr'><strong>ab</strong></span> <span class='ocrx_word' id='word_1_196' title='bbox 2465 1600 2668 1657; x_wconf 89' lang='lat' dir='ltr'><strong>eisdem</strong></span> <span class='ocrx_word' id='word_1_197' title='bbox 2701 1606 3020 1664; x_wconf 88' lang='lat' dir='ltr'><strong>attributum</strong></span> <span class='ocrx_word' id='word_1_198' title='bbox 3051 1627 3192 1679; x_wconf 88' lang='lat' dir='ltr'><strong>esse,</strong></span> <span class='ocrx_word' id='word_1_199' title='bbox 3226 1616 3335 1672; x_wconf 89' lang='lat' dir='ltr'><strong>imo</strong></span> <span class='ocrx_word' id='word_1_200' title='bbox 3377 1635 3444 1672; x_wconf 87' lang='lat' dir='ltr'><strong>ne</strong></span> 
     </span>
    </p>
   </div>
   <div class='ocr_carea' id='block_1_32' title="bbox 1863 1684 3438 1774">
    <p class='ocr_par' dir='ltr' id='par_1_32' title="bbox 1863 1684 3438 1774">
     <span class='ocr_line' id='line_1_32' title="bbox 1863 1684 3438 1774; baseline 0.017 -39"><span class='ocrx_word' id='word_1_201' title='bbox 1863 1697 1968 1752; x_wconf 86' lang='lat' dir='ltr'><strong>qua</strong></span> <span class='ocrx_word' id='word_1_202' title='bbox 2019 1684 2225 1742; x_wconf 86' lang='lat' dir='ltr'><strong>laicalis</strong></span> <span class='ocrx_word' id='word_1_203' title='bbox 2253 1699 2498 1758; x_wconf 85' lang='lat' dir='ltr'><strong>potestas</strong></span> <span class='ocrx_word' id='word_1_204' title='bbox 2525 1693 2624 1748; x_wconf 78' lang='lat' dir='ltr'><strong>sibi</strong></span> <span class='ocrx_word' id='word_1_205' title='bbox 2653 1696 2948 1764; x_wconf 76' lang='lat' dir='ltr'><strong>quidquam</strong></span> <span class='ocrx_word' id='word_1_206' title='bbox 2985 1701 3038 1756; x_wconf 92' lang='lat' dir='ltr'><strong>in</strong></span> <span class='ocrx_word' id='word_1_207' title='bbox 3071 1703 3156 1760; x_wconf 89' lang='lat' dir='ltr'><strong>his</strong></span> <span class='ocrx_word' id='word_1_208' title='bbox 3185 1707 3438 1774; x_wconf 83' lang='lat' dir='ltr'><strong>vindicet,</strong></span> 
     </span>
    </p>
   </div>
   <div class='ocr_carea' id='block_1_33' title="bbox 1861 1774 3439 1868">
    <p class='ocr_par' dir='ltr' id='par_1_33' title="bbox 1861 1774 3439 1868">
     <span class='ocr_line' id='line_1_33' title="bbox 1861 1774 3439 1868; baseline 0.018 -43"><span class='ocrx_word' id='word_1_209' title='bbox 1861 1787 1891 1825; x_wconf 88' lang='lat' dir='ltr'><strong>a</strong></span> <span class='ocrx_word' id='word_1_210' title='bbox 1922 1774 2242 1843; x_wconf 87' lang='lat' dir='ltr'><strong>quibusdam</strong></span> <span class='ocrx_word' id='word_1_211' title='bbox 2273 1794 2462 1834; x_wconf 88' lang='lat' dir='ltr'><strong>eorum</strong></span> <span class='ocrx_word' id='word_1_212' title='bbox 2493 1784 2592 1837; x_wconf 89' lang='lat' dir='ltr'><strong>sub</strong></span> <span class='ocrx_word' id='word_1_213' title='bbox 2619 1788 2988 1856; x_wconf 81' lang='lat' dir='ltr'><strong>anathemate,</strong></span> <span class='ocrx_word' id='word_1_214' title='bbox 3019 1792 3120 1847; x_wconf 87' lang='lat' dir='ltr'><strong>hoc</strong></span> <span class='ocrx_word' id='word_1_215' title='bbox 3150 1807 3251 1860; x_wconf 86' lang='lat' dir='ltr'><strong>est,</strong></span> <span class='ocrx_word' id='word_1_216' title='bbox 3283 1813 3439 1868; x_wconf 87' lang='lat' dir='ltr'><strong>sepa-</strong></span> 
     </span>
    </p>
   </div>
   <div class='ocr_carea' id='block_1_34' title="bbox 184 1865 3440 1959">
    <p class='ocr_par' dir='ltr' id='par_1_34' title="bbox 184 1865 3440 1959">
     <span class='ocr_line' id='line_1_34' title="bbox 184 1865 3440 1959; baseline 0.01 -41"><span class='ocrx_word' id='word_1_217' title='bbox 184 1865 382 1920; x_wconf 83' lang='lat' dir='ltr'><strong>obediat</strong></span> <span class='ocrx_word' id='word_1_218' title='bbox 415 1873 471 1920; x_wconf 89' lang='lat' dir='ltr'><strong>et</strong></span> <span class='ocrx_word' id='word_1_219' title='bbox 511 1868 848 1932; x_wconf 87' lang='lat' dir='ltr'><strong>consentiat,</strong></span> <span class='ocrx_word' id='word_1_220' title='bbox 871 1873 1014 1937; x_wconf 87' lang='lat' dir='ltr'><strong>quod</strong></span> <span class='ocrx_word' id='word_1_221' title='bbox 1065 1868 1306 1924; x_wconf 87' lang='lat' dir='ltr'><strong>Ecclesia</strong></span> <span class='ocrx_word' id='word_1_222' title='bbox 1361 1870 1428 1926; x_wconf 87' lang='lat' dir='ltr'><strong>de</strong></span> <span class='ocrx_word' id='word_1_223' title='bbox 1483 1870 1748 1926; x_wconf 88' lang='lat' dir='ltr'><strong>electione</strong></span> <span class='ocrx_word' id='word_1_224' title='bbox 1791 1867 1835 1926; x_wconf 81' lang='grc' dir='ltr'><strong><em>Β</em></strong></span> <span class='ocrx_word' id='word_1_225' title='bbox 1865 1869 2076 1921; x_wconf 58' lang='lat' dir='ltr'><strong>ratione</strong></span> <span class='ocrx_word' id='word_1_226' title='bbox 2113 1883 2144 1921; x_wconf 70' lang='grc' dir='ltr'><strong>ει</strong></span> <span class='ocrx_word' id='word_1_227' title='bbox 2187 1869 2330 1934; x_wconf 74' lang='lat'><strong>000.</strong></span> <span class='ocrx_word' id='word_1_228' title='bbox 2361 1873 2646 1930; x_wconf 77' lang='lat' dir='ltr'><strong>inhibitum</strong></span> <span class='ocrx_word' id='word_1_229' title='bbox 2678 1877 2864 1934; x_wconf 76' lang='lat' dir='ltr'><strong>fuisse.</strong></span> <span class='ocrx_word' id='word_1_230' title='bbox 2898 1882 2966 1936; x_wconf 86' lang='grc' dir='ltr'><strong>Ει</strong></span> <span class='ocrx_word' id='word_1_231' title='bbox 2999 1894 3147 1940; x_wconf 79' lang='lat' dir='ltr'><strong>certe</strong></span> <span class='ocrx_word' id='word_1_232' title='bbox 3176 1887 3276 1942; x_wconf 85' lang='lat' dir='ltr'><strong>sub</strong></span> <span class='ocrx_word' id='word_1_233' title='bbox 3303 1905 3440 1959; x_wconf 76' lang='lat' dir='ltr'><strong>pra:-</strong></span> 
     </span>
    </p>
   </div>
   <div class='ocr_carea' id='block_1_35' title="bbox 187 1954 1758 2028">
    <p class='ocr_par' dir='ltr' id='par_1_35' title="bbox 187 1954 1758 2028">
     <span class='ocr_line' id='line_1_35' title="bbox 187 1954 1758 2028; baseline 0.007 -24"><span class='ocrx_word' id='word_1_234' title='bbox 187 1963 334 2022; x_wconf 87' lang='lat' dir='ltr'><strong>atque</strong></span> <span class='ocrx_word' id='word_1_235' title='bbox 357 1954 712 2012; x_wconf 83' lang='lat' dir='ltr'><strong>ordinatione</strong></span> <span class='ocrx_word' id='word_1_236' title='bbox 739 1957 940 2026; x_wconf 86' lang='lat' dir='ltr'><strong>proprii</strong></span> <span class='ocrx_word' id='word_1_237' title='bbox 967 1957 1214 2028; x_wconf 66' lang='lat' dir='ltr'><strong>praesulis</strong></span> <span class='ocrx_word' id='word_1_238' title='bbox 1243 1971 1302 2013; x_wconf 90' lang='lat' dir='ltr'><strong>se</strong></span> <span class='ocrx_word' id='word_1_239' title='bbox 1325 1958 1460 2014; x_wconf 89' lang='lat' dir='ltr'><strong>velle</strong></span> <span class='ocrx_word' id='word_1_240' title='bbox 1484 1969 1758 2015; x_wconf 87' lang='lat' dir='ltr'><strong>monstra-</strong></span> 
     </span>
    </p>
   </div>
   <div class='ocr_carea' id='block_1_36' title="bbox 184 2044 388 2098">
    <p class='ocr_par' dir='ltr' id='par_1_36' title="bbox 184 2044 388 2098">
     <span class='ocr_line' id='line_1_36' title="bbox 184 2044 388 2098; baseline -0.005 -2"><span class='ocrx_word' id='word_1_241' title='bbox 184 2044 326 2098; x_wconf 85' lang='lat' dir='ltr'><strong>verit.</strong></span> <span class='ocrx_word' id='word_1_242' title='bbox 368 2062 388 2095; x_wconf 76' lang='grc' dir='ltr'><strong><em>ι</em></strong></span> 
     </span>
    </p>
   </div>
   <div class='ocr_carea' id='block_1_37' title="bbox 241 2153 1756 2238">
    <p class='ocr_par' dir='ltr' id='par_1_37' title="bbox 241 2153 1756 2238">
     <span class='ocr_line' id='line_1_37' title="bbox 241 2153 1756 2238; baseline 0.007 -28"><span class='ocrx_word' id='word_1_243' title='bbox 241 2153 363 2210; x_wconf 86' lang='lat' dir='ltr'><strong>item</strong></span> <span class='ocrx_word' id='word_1_244' title='bbox 384 2173 452 2212; x_wconf 73' lang='lat' dir='ltr'><strong>ex</strong></span> <span class='ocrx_word' id='word_1_245' title='bbox 481 2159 718 2216; x_wconf 90' lang='lat' dir='ltr'><strong>concilio</strong></span> <span class='ocrx_word' id='word_1_246' title='bbox 743 2161 1084 2220; x_wconf 80' lang='lat' dir='ltr'><strong>Antiocheno</strong></span> <span class='ocrx_word' id='word_1_247' title='bbox 1107 2179 1292 2220; x_wconf 77' lang='lat' dir='ltr'><strong>cxx&quot;:</strong></span> <span class='ocrx_word' id='word_1_248' title='bbox 1330 2183 1348 2216; x_wconf 75' lang='grc' dir='ltr'><strong><em>ι</em></strong></span> <span class='ocrx_word' id='word_1_249' title='bbox 1383 2163 1438 2220; x_wconf 90' lang='lat' dir='ltr'><strong>Si</strong></span> <span class='ocrx_word' id='word_1_250' title='bbox 1463 2167 1585 2236; x_wconf 90' lang='lat' dir='ltr'><strong>quis</strong></span> <span class='ocrx_word' id='word_1_251' title='bbox 1605 2181 1756 2238; x_wconf 86' lang='lat' dir='ltr'><strong>prcs-</strong></span> 
     </span>
    </p>
   </div>
   <div class='ocr_carea' id='block_1_38' title="bbox 184 2249 1755 2328">
    <p class='ocr_par' dir='ltr' id='par_1_38' title="bbox 184 2249 1755 2328">
     <span class='ocr_line' id='line_1_38' title="bbox 184 2249 1755 2328; baseline 0.008 -27"><span class='ocrx_word' id='word_1_252' title='bbox 184 2249 321 2320; x_wconf 76' lang='lat' dir='ltr'><strong>byter</strong></span> <span class='ocrx_word' id='word_1_253' title='bbox 348 2250 430 2304; x_wconf 85' lang='lat' dir='ltr'><strong>vel</strong></span> <span class='ocrx_word' id='word_1_254' title='bbox 459 2253 730 2309; x_wconf 87' lang='lat' dir='ltr'><strong>diaconus</strong></span> <span class='ocrx_word' id='word_1_255' title='bbox 759 2269 856 2324; x_wconf 87' lang='lat' dir='ltr'><strong>per</strong></span> <span class='ocrx_word' id='word_1_256' title='bbox 881 2255 1196 2311; x_wconf 67' lang='lat' dir='ltr'><strong>saecularem</strong></span> <span class='ocrx_word' id='word_1_257' title='bbox 1223 2257 1541 2328; x_wconf 80' lang='lat' dir='ltr'><strong>dignitatem</strong></span> <span class='ocrx_word' id='word_1_258' title='bbox 1571 2259 1755 2314; x_wconf 81' lang='lat' dir='ltr'><strong>Eccle-</strong></span> 
     </span>
    </p>
   </div>
   <div class='ocr_carea' id='block_1_39' title="bbox 183 2339 1755 2418">
    <p class='ocr_par' dir='ltr' id='par_1_39' title="bbox 183 2339 1755 2418">
     <span class='ocr_line' id='line_1_39' title="bbox 183 2339 1755 2418; baseline 0.008 -28"><span class='ocrx_word' id='word_1_259' title='bbox 183 2339 300 2392; x_wconf 88' lang='lat' dir='ltr'><strong>siam</strong></span> <span class='ocrx_word' id='word_1_260' title='bbox 321 2340 532 2395; x_wconf 89' lang='lat' dir='ltr'><strong>Domini</strong></span> <span class='ocrx_word' id='word_1_261' title='bbox 563 2343 884 2408; x_wconf 75' lang='lat' dir='ltr'><strong>oblinirerit,</strong></span> <span class='ocrx_word' id='word_1_262' title='bbox 908 2344 1212 2414; x_wconf 89' lang='lat' dir='ltr'><strong>dejiciatur,</strong></span> <span class='ocrx_word' id='word_1_263' title='bbox 1238 2357 1292 2401; x_wconf 88' lang='lat' dir='ltr'><strong>et</strong></span> <span class='ocrx_word' id='word_1_264' title='bbox 1320 2349 1434 2418; x_wconf 90' lang='lat' dir='ltr'><strong>ipse</strong></span> <span class='ocrx_word' id='word_1_265' title='bbox 1460 2361 1514 2403; x_wconf 91' lang='lat' dir='ltr'><strong>et</strong></span> <span class='ocrx_word' id='word_1_266' title='bbox 1537 2349 1755 2404; x_wconf 53' lang='lat' dir='ltr'><strong>ordinas</strong></span> 
     </span>
    </p>
   </div>
   <div class='ocr_carea' id='block_1_40' title="bbox 186 2433 1753 2505">
    <p class='ocr_par' dir='ltr' id='par_1_40' title="bbox 186 2433 1753 2505">
     <span class='ocr_line' id='line_1_40' title="bbox 186 2433 1753 2505; baseline 0.01 -24"><span class='ocrx_word' id='word_1_267' title='bbox 186 2439 256 2483; x_wconf 90' lang='lat' dir='ltr'><strong>tor</strong></span> <span class='ocrx_word' id='word_1_268' title='bbox 275 2445 303 2483; x_wconf 87' lang='lat' dir='ltr'><strong>a</strong></span> <span class='ocrx_word' id='word_1_269' title='bbox 327 2433 716 2488; x_wconf 83' lang='lat' dir='ltr'><strong>connuunione</strong></span> <span class='ocrx_word' id='word_1_270' title='bbox 765 2435 938 2490; x_wconf 85' lang='lat' dir='ltr'><strong>modis</strong></span> <span class='ocrx_word' id='word_1_271' title='bbox 963 2437 1215 2492; x_wconf 90' lang='lat' dir='ltr'><strong>omnibus</strong></span> <span class='ocrx_word' id='word_1_272' title='bbox 1257 2439 1665 2505; x_wconf 74' lang='lat' dir='ltr'><strong>abscinduntur,</strong></span> <span class='ocrx_word' id='word_1_273' title='bbox 1697 2449 1753 2496; x_wconf 87' lang='lat' dir='ltr'><strong>et</strong></span> 
     </span>
    </p>
   </div>
   <div class='ocr_carea' id='block_1_41' title="bbox 185 2520 1744 2599">
    <p class='ocr_par' dir='ltr' id='par_1_41' title="bbox 185 2520 1744 2599">
     <span class='ocr_line' id='line_1_41' title="bbox 185 2520 1744 2599; baseline 0.006 -26"><span class='ocrx_word' id='word_1_274' title='bbox 185 2520 266 2574; x_wconf 86' lang='lat' dir='ltr'><strong>sub</strong></span> <span class='ocrx_word' id='word_1_275' title='bbox 289 2523 640 2578; x_wconf 83' lang='lat' dir='ltr'><strong>anathemate</strong></span> <span class='ocrx_word' id='word_1_276' title='bbox 671 2526 797 2590; x_wconf 91' lang='lat' dir='ltr'><strong>sint,</strong></span> <span class='ocrx_word' id='word_1_277' title='bbox 825 2527 964 2580; x_wconf 84' lang='lat' dir='ltr'><strong>sicut</strong></span> <span class='ocrx_word' id='word_1_278' title='bbox 1005 2526 1194 2583; x_wconf 88' lang='lat' dir='ltr'><strong>Simon</strong></span> <span class='ocrx_word' id='word_1_279' title='bbox 1227 2527 1411 2599; x_wconf 77' lang='lat' dir='ltr'><strong>Magos</strong></span> <span class='ocrx_word' id='word_1_280' title='bbox 1439 2545 1469 2584; x_wconf 86' lang='lat' dir='ltr'><strong>a</strong></span> <span class='ocrx_word' id='word_1_281' title='bbox 1503 2529 1686 2586; x_wconf 86' lang='lat' dir='ltr'><strong>Petro.</strong></span> <span class='ocrx_word' id='word_1_282' title='bbox 1727 2551 1744 2583; x_wconf 81' lang='grc' dir='ltr'><strong><em>ι</em></strong></span> 
     </span>
    </p>
   </div>
   <div class='ocr_carea' id='block_1_42' title="bbox 243 2613 1751 2689">
    <p class='ocr_par' dir='ltr' id='par_1_42' title="bbox 243 2613 1751 2689">
     <span class='ocr_line' id='line_1_42' title="bbox 243 2613 1751 2689; baseline 0.009 -22"><span class='ocrx_word' id='word_1_283' title='bbox 243 2613 312 2666; x_wconf 78' lang='lat' dir='ltr'><strong>Ex</strong></span> <span class='ocrx_word' id='word_1_284' title='bbox 341 2619 550 2685; x_wconf 81' lang='lat' dir='ltr'><strong>synodo</strong></span> <span class='ocrx_word' id='word_1_285' title='bbox 577 2615 892 2689; x_wconf 80' lang='lat' dir='ltr'><strong>Symmachi</strong></span> <span class='ocrx_word' id='word_1_286' title='bbox 940 2623 1211 2689; x_wconf 85' lang='lat' dir='ltr'><strong>pontificis</strong></span> <span class='ocrx_word' id='word_1_287' title='bbox 1265 2640 1388 2678; x_wconf 88' lang='lat' dir='ltr'><strong>cum</strong></span> <span class='ocrx_word' id='word_1_288' title='bbox 1420 2625 1668 2681; x_wconf 88' lang='lat' dir='ltr'><strong>ducentis</strong></span> <span class='ocrx_word' id='word_1_289' title='bbox 1697 2635 1751 2680; x_wconf 89' lang='lat' dir='ltr'><strong>et</strong></span> 
     </span>
    </p>
   </div>
   <div class='ocr_carea' id='block_1_43' title="bbox 185 2707 1750 2783">
    <p class='ocr_par' dir='ltr' id='par_1_43' title="bbox 185 2707 1750 2783">
     <span class='ocr_line' id='line_1_43' title="bbox 185 2707 1750 2783; baseline 0.008 -26"><span class='ocrx_word' id='word_1_290' title='bbox 185 2707 458 2762; x_wconf 86' lang='lat' dir='ltr'><strong>octodecim</strong></span> <span class='ocrx_word' id='word_1_291' title='bbox 481 2710 758 2779; x_wconf 88' lang='lat' dir='ltr'><strong>epise0pis</strong></span> <span class='ocrx_word' id='word_1_292' title='bbox 793 2729 805 2764; x_wconf 93' lang='lat'>:</span> <span class='ocrx_word' id='word_1_293' title='bbox 845 2729 862 2761; x_wconf 68' lang='grc' dir='ltr'><strong>ς</strong></span> <span class='ocrx_word' id='word_1_294' title='bbox 885 2711 998 2766; x_wconf 85' lang='lat' dir='ltr'><strong>Non</strong></span> <span class='ocrx_word' id='word_1_295' title='bbox 1015 2713 1394 2783; x_wconf 83' lang='lat' dir='ltr'><strong>placuitlaieos</strong></span> <span class='ocrx_word' id='word_1_296' title='bbox 1415 2717 1482 2770; x_wconf 90' lang='lat' dir='ltr'><strong>ad</strong></span> <span class='ocrx_word' id='word_1_297' title='bbox 1507 2727 1750 2772; x_wconf 76' lang='lat' dir='ltr'><strong>statuen-</strong></span> 
     </span>
    </p>
   </div>
   <div class='ocr_carea' id='block_1_44' title="bbox 187 2796 1742 2879">
    <p class='ocr_par' dir='ltr' id='par_1_44' title="bbox 187 2796 1742 2879">
     <span class='ocr_line' id='line_1_44' title="bbox 187 2796 1742 2879; baseline 0.01 -32"><span class='ocrx_word' id='word_1_298' title='bbox 187 2796 292 2850; x_wconf 88' lang='lat' dir='ltr'><strong>dum</strong></span> <span class='ocrx_word' id='word_1_299' title='bbox 317 2799 521 2869; x_wconf 90' lang='lat' dir='ltr'><strong>aliquid</strong></span> <span class='ocrx_word' id='word_1_300' title='bbox 552 2802 610 2855; x_wconf 90' lang='lat' dir='ltr'><strong>in</strong></span> <span class='ocrx_word' id='word_1_301' title='bbox 638 2801 880 2858; x_wconf 84' lang='lat' dir='ltr'><strong>Ecclesia</strong></span> <span class='ocrx_word' id='word_1_302' title='bbox 915 2803 1115 2860; x_wconf 88' lang='lat' dir='ltr'><strong>habere</strong></span> <span class='ocrx_word' id='word_1_303' title='bbox 1145 2807 1378 2878; x_wconf 88' lang='lat' dir='ltr'><strong>aliquam</strong></span> <span class='ocrx_word' id='word_1_304' title='bbox 1403 2817 1742 2879; x_wconf 83' lang='lat' dir='ltr'><strong>poteStatem,</strong></span> 
     </span>
    </p>
   </div>
   <div class='ocr_carea' id='block_1_45' title="bbox 185 2887 1746 2963">
    <p class='ocr_par' dir='ltr' id='par_1_45' title="bbox 185 2887 1746 2963">
     <span class='ocr_line' id='line_1_45' title="bbox 185 2887 1746 2963; baseline 0.01 -25"><span class='ocrx_word' id='word_1_305' title='bbox 185 2887 256 2940; x_wconf 89' lang='lat' dir='ltr'><strong>cui</strong></span> <span class='ocrx_word' id='word_1_306' title='bbox 290 2889 656 2960; x_wconf 88' lang='lat' dir='ltr'><strong>subsequendi</strong></span> <span class='ocrx_word' id='word_1_307' title='bbox 707 2902 890 2948; x_wconf 90' lang='lat' dir='ltr'><strong>manet</strong></span> <span class='ocrx_word' id='word_1_308' title='bbox 935 2897 1257 2963; x_wconf 87' lang='lat' dir='ltr'><strong>necessitas,</strong></span> <span class='ocrx_word' id='word_1_309' title='bbox 1292 2915 1395 2954; x_wconf 90' lang='lat' dir='ltr'><strong>non</strong></span> <span class='ocrx_word' id='word_1_310' title='bbox 1453 2900 1746 2954; x_wconf 84' lang='lat' dir='ltr'><strong>auctoritas</strong></span> 
     </span>
    </p>
   </div>
   <div class='ocr_carea' id='block_1_46' title="bbox 187 2975 1744 3058">
    <p class='ocr_par' dir='ltr' id='par_1_46' title="bbox 187 2975 1744 3058">
     <span class='ocr_line' id='line_1_46' title="bbox 187 2975 1744 3058; baseline 0.012 -31"><span class='ocrx_word' id='word_1_311' title='bbox 187 2975 482 3047; x_wconf 87' lang='lat' dir='ltr'><strong>imperandi.</strong></span> <span class='ocrx_word' id='word_1_312' title='bbox 525 3000 544 3033; x_wconf 77' lang='grc' dir='ltr'><strong><em>ι</em></strong></span> <span class='ocrx_word' id='word_1_313' title='bbox 581 2981 640 3035; x_wconf 91' lang='lat' dir='ltr'><strong>ln</strong></span> <span class='ocrx_word' id='word_1_314' title='bbox 693 2985 880 3038; x_wconf 87' lang='lat' dir='ltr'><strong>eadem</strong></span> <span class='ocrx_word' id='word_1_315' title='bbox 911 2999 926 3039; x_wconf 91' lang='lat'><strong>:</strong></span> <span class='ocrx_word' id='word_1_316' title='bbox 956 3005 974 3036; x_wconf 88' lang='grc'><strong><em>‹</em></strong></span> <span class='ocrx_word' id='word_1_317' title='bbox 1017 2987 1280 3044; x_wconf 90' lang='lat' dir='ltr'><strong>Defuncto</strong></span> <span class='ocrx_word' id='word_1_318' title='bbox 1305 2989 1575 3058; x_wconf 81' lang='lat' dir='ltr'><strong>pontifice,</strong></span> <span class='ocrx_word' id='word_1_319' title='bbox 1603 2991 1650 3046; x_wconf 92' lang='lat' dir='ltr'><strong>si</strong></span> <span class='ocrx_word' id='word_1_320' title='bbox 1689 2991 1744 3046; x_wconf 88' lang='lat' dir='ltr'><strong>in</strong></span> 
     </span>
    </p>
   </div>
   <div class='ocr_carea' id='block_1_47' title="bbox 187 3071 1740 3148">
    <p class='ocr_par' dir='ltr' id='par_1_47' title="bbox 187 3071 1740 3148">
     <span class='ocr_line' id='line_1_47' title="bbox 187 3071 1740 3148; baseline 0.013 -31"><span class='ocrx_word' id='word_1_321' title='bbox 187 3079 328 3120; x_wconf 89' lang='lat' dir='ltr'><strong>unum</strong></span> <span class='ocrx_word' id='word_1_322' title='bbox 361 3071 526 3126; x_wconf 90' lang='lat' dir='ltr'><strong>totius</strong></span> <span class='ocrx_word' id='word_1_323' title='bbox 557 3072 1274 3133; x_wconf 86' lang='lat' dir='ltr'><strong>inclinaveritecclesiastici</strong></span> <span class='ocrx_word' id='word_1_324' title='bbox 1299 3081 1504 3136; x_wconf 86' lang='lat' dir='ltr'><strong>ordinis</strong></span> <span class='ocrx_word' id='word_1_325' title='bbox 1525 3081 1740 3148; x_wconf 88' lang='lat' dir='ltr'><strong>electio,</strong></span> 
     </span>
    </p>
   </div>
   <div class='ocr_carea' id='block_1_48' title="bbox 187 3163 1741 3238">
    <p class='ocr_par' dir='ltr' id='par_1_48' title="bbox 187 3163 1741 3238">
     <span class='ocr_line' id='line_1_48' title="bbox 187 3163 1741 3238; baseline 0.011 -29"><span class='ocrx_word' id='word_1_326' title='bbox 187 3169 516 3216; x_wconf 87' lang='lat' dir='ltr'><strong>consecretur</strong></span> <span class='ocrx_word' id='word_1_327' title='bbox 535 3163 844 3233; x_wconf 89' lang='lat' dir='ltr'><strong>episcopus.</strong></span> <span class='ocrx_word' id='word_1_328' title='bbox 877 3163 936 3222; x_wconf 86' lang='lat' dir='ltr'><strong>Si</strong></span> <span class='ocrx_word' id='word_1_329' title='bbox 967 3183 1114 3236; x_wconf 80' lang='lat' dir='ltr'><strong>vero,</strong></span> <span class='ocrx_word' id='word_1_330' title='bbox 1149 3179 1205 3224; x_wconf 82' lang='lat' dir='ltr'><strong>ut</strong></span> <span class='ocrx_word' id='word_1_331' title='bbox 1230 3170 1346 3224; x_wconf 91' lang='lat' dir='ltr'><strong>fieri</strong></span> <span class='ocrx_word' id='word_1_332' title='bbox 1377 3171 1532 3238; x_wconf 84' lang='lat' dir='ltr'><strong>solet,</strong></span> <span class='ocrx_word' id='word_1_333' title='bbox 1563 3173 1741 3226; x_wconf 90' lang='lat' dir='ltr'><strong>studia</strong></span> 
     </span>
    </p>
   </div>
   <div class='ocr_carea' id='block_1_49' title="bbox 187 3251 1740 3331">
    <p class='ocr_par' dir='ltr' id='par_1_49' title="bbox 187 3251 1740 3331">
     <span class='ocr_line' id='line_1_49' title="bbox 187 3251 1740 3331; baseline 0.012 -32"><span class='ocrx_word' id='word_1_334' title='bbox 187 3251 426 3318; x_wconf 68' lang='lat' dir='ltr'><strong>eruperint</strong></span> <span class='ocrx_word' id='word_1_335' title='bbox 461 3267 588 3308; x_wconf 86' lang='lat' dir='ltr'><strong>esse</strong></span> <span class='ocrx_word' id='word_1_336' title='bbox 643 3253 1192 3324; x_wconf 81' lang='lat' dir='ltr'><strong>diversa,eonvincat</strong></span> <span class='ocrx_word' id='word_1_337' title='bbox 1244 3263 1514 3316; x_wconf 85' lang='lat' dir='ltr'><strong>sententia</strong></span> <span class='ocrx_word' id='word_1_338' title='bbox 1567 3263 1740 3331; x_wconf 90' lang='lat' dir='ltr'><strong>pluri-</strong></span> 
     </span>
    </p>
   </div>
   <div class='ocr_carea' id='block_1_50' title="bbox 189 3352 444 3395">
    <p class='ocr_par' dir='ltr' id='par_1_50' title="bbox 189 3352 444 3395">
     <span class='ocr_line' id='line_1_50' title="bbox 189 3352 444 3395; baseline 0.027 -6"><span class='ocrx_word' id='word_1_339' title='bbox 189 3352 392 3395; x_wconf 76' lang='lat' dir='ltr'><strong>lﬂOflllll.</strong></span> <span class='ocrx_word' id='word_1_340' title='bbox 425 3361 444 3395; x_wconf 73' lang='grc' dir='ltr'><strong><em>ι</em></strong></span> 
     </span>
    </p>
   </div>
   <div class='ocr_carea' id='block_1_51' title="bbox 243 3451 1742 3524">
    <p class='ocr_par' dir='ltr' id='par_1_51' title="bbox 243 3451 1742 3524">
     <span class='ocr_line' id='line_1_51' title="bbox 243 3451 1742 3524; baseline 0.014 -20"><span class='ocrx_word' id='word_1_341' title='bbox 243 3451 312 3506; x_wconf 74' lang='lat' dir='ltr'><strong>Ex</strong></span> <span class='ocrx_word' id='word_1_342' title='bbox 339 3453 582 3513; x_wconf 80' lang='lat' dir='ltr'><strong>Romano</strong></span> <span class='ocrx_word' id='word_1_343' title='bbox 598 3458 906 3518; x_wconf 87' lang='lat' dir='ltr'><strong>Pontificali</strong></span> <span class='ocrx_word' id='word_1_344' title='bbox 939 3478 953 3518; x_wconf 91' lang='lat'><strong>:</strong></span> <span class='ocrx_word' id='word_1_345' title='bbox 987 3483 1003 3515; x_wconf 82' lang='lat' dir='ltr'><strong>t</strong></span> <span class='ocrx_word' id='word_1_346' title='bbox 1034 3465 1357 3522; x_wconf 76' lang='lat' dir='ltr'><strong>Benedictus</strong></span> <span class='ocrx_word' id='word_1_347' title='bbox 1387 3469 1604 3524; x_wconf 90' lang='lat' dir='ltr'><strong>natione</strong></span> <span class='ocrx_word' id='word_1_348' title='bbox 1631 3468 1742 3524; x_wconf 80' lang='lat' dir='ltr'><strong>Ro-</strong></span> 
     </span>
    </p>
   </div>
   <div class='ocr_carea' id='block_1_52' title="bbox 189 3549 1738 3634">
    <p class='ocr_par' dir='ltr' id='par_1_52' title="bbox 189 3549 1738 3634">
     <span class='ocr_line' id='line_1_52' title="bbox 189 3549 1738 3634; baseline 0.015 -41"><span class='ocrx_word' id='word_1_349' title='bbox 189 3556 350 3600; x_wconf 86' lang='lat' dir='ltr'><strong>manus</strong></span> <span class='ocrx_word' id='word_1_350' title='bbox 375 3549 506 3606; x_wconf 85' lang='lat' dir='ltr'><strong>fecit</strong></span> <span class='ocrx_word' id='word_1_351' title='bbox 539 3553 912 3608; x_wconf 65' lang='lat' dir='ltr'><strong>constitutum.</strong></span> <span class='ocrx_word' id='word_1_352' title='bbox 931 3556 982 3609; x_wconf 91' lang='lat' dir='ltr'><strong>in</strong></span> <span class='ocrx_word' id='word_1_353' title='bbox 1005 3559 1236 3614; x_wconf 86' lang='lat' dir='ltr'><strong>ecclesia</strong></span> <span class='ocrx_word' id='word_1_354' title='bbox 1265 3561 1406 3615; x_wconf 85' lang='lat' dir='ltr'><strong>beati</strong></span> <span class='ocrx_word' id='word_1_355' title='bbox 1429 3561 1576 3616; x_wconf 89' lang='lat' dir='ltr'><strong>Petri</strong></span> <span class='ocrx_word' id='word_1_356' title='bbox 1605 3579 1738 3634; x_wconf 91' lang='lat' dir='ltr'><strong>apo-</strong></span> 
     </span>
    </p>
   </div>
   <div class='ocr_carea' id='block_1_53' title="bbox 185 3636 1734 3723">
    <p class='ocr_par' dir='ltr' id='par_1_53' title="bbox 185 3636 1734 3723">
     <span class='ocr_line' id='line_1_53' title="bbox 185 3636 1734 3723; baseline 0.016 -38"><span class='ocrx_word' id='word_1_357' title='bbox 185 3636 302 3698; x_wconf 78' lang='lat' dir='ltr'><strong>stoli,</strong></span> <span class='ocrx_word' id='word_1_358' title='bbox 350 3639 400 3694; x_wconf 91' lang='lat' dir='ltr'><strong>in</strong></span> <span class='ocrx_word' id='word_1_359' title='bbox 455 3657 572 3710; x_wconf 93' lang='lat' dir='ltr'><strong>qno</strong></span> <span class='ocrx_word' id='word_1_360' title='bbox 622 3645 879 3702; x_wconf 91' lang='lat' dir='ltr'><strong>sederunt</strong></span> <span class='ocrx_word' id='word_1_361' title='bbox 929 3649 1167 3720; x_wconf 88' lang='lat' dir='ltr'><strong>episcopi</strong></span> <span class='ocrx_word' id='word_1_362' title='bbox 1212 3654 1552 3723; x_wconf 81' lang='lat' dir='ltr'><strong>septuaginta</strong></span> <span class='ocrx_word' id='word_1_363' title='bbox 1598 3657 1734 3720; x_wconf 90' lang='lat' dir='ltr'><strong>duo;</strong></span> 
     </span>
    </p>
   </div>
   <div class='ocr_carea' id='block_1_54' title="bbox 185 3728 1739 3813">
    <p class='ocr_par' dir='ltr' id='par_1_54' title="bbox 185 3728 1739 3813">
     <span class='ocr_line' id='line_1_54' title="bbox 185 3728 1739 3813; baseline 0.015 -37"><span class='ocrx_word' id='word_1_364' title='bbox 185 3728 452 3801; x_wconf 77' lang='lat' dir='ltr'><strong>presbyteri</strong></span> <span class='ocrx_word' id='word_1_365' title='bbox 493 3733 728 3790; x_wconf 83' lang='lat' dir='ltr'><strong>Romani</strong></span> <span class='ocrx_word' id='word_1_366' title='bbox 753 3737 968 3808; x_wconf 78' lang='lat' dir='ltr'><strong>triginta</strong></span> <span class='ocrx_word' id='word_1_367' title='bbox 996 3749 1124 3808; x_wconf 89' lang='lat' dir='ltr'><strong>tres,</strong></span> <span class='ocrx_word' id='word_1_368' title='bbox 1149 3753 1416 3813; x_wconf 62' lang='lat' dir='ltr'><strong>praesente</strong></span> <span class='ocrx_word' id='word_1_369' title='bbox 1442 3744 1604 3808; x_wconf 86' lang='lat' dir='ltr'><strong>clero,</strong></span> <span class='ocrx_word' id='word_1_370' title='bbox 1639 3745 1739 3800; x_wconf 92' lang='lat' dir='ltr'><strong>sub</strong></span> 
     </span>
    </p>
   </div>
   <div class='ocr_carea' id='block_1_55' title="bbox 190 3823 1736 3899">
    <p class='ocr_par' dir='ltr' id='par_1_55' title="bbox 190 3823 1736 3899">
     <span class='ocr_line' id='line_1_55' title="bbox 190 3823 1736 3899; baseline 0.012 -29"><span class='ocrx_word' id='word_1_371' title='bbox 190 3823 526 3890; x_wconf 86' lang='lat' dir='ltr'><strong>anathemate,</strong></span> <span class='ocrx_word' id='word_1_372' title='bbox 577 3834 634 3879; x_wconf 89' lang='lat' dir='ltr'><strong>ut</strong></span> <span class='ocrx_word' id='word_1_373' title='bbox 688 3827 886 3894; x_wconf 85' lang='lat' dir='ltr'><strong>nullus,</strong></span> <span class='ocrx_word' id='word_1_374' title='bbox 920 3831 1172 3898; x_wconf 81' lang='lat' dir='ltr'><strong>pontiﬁce</strong></span> <span class='ocrx_word' id='word_1_375' title='bbox 1205 3835 1446 3888; x_wconf 79' lang='lat' dir='ltr'><strong>Romano</strong></span> <span class='ocrx_word' id='word_1_376' title='bbox 1499 3835 1736 3899; x_wconf 89' lang='lat' dir='ltr'><strong>vivente,</strong></span> 
     </span>
    </p>
   </div>
   <div class='ocr_carea' id='block_1_56' title="bbox 191 3918 1738 3994">
    <p class='ocr_par' dir='ltr' id='par_1_56' title="bbox 191 3918 1738 3994">
     <span class='ocr_line' id='line_1_56' title="bbox 191 3918 1738 3994; baseline 0.013 -32"><span class='ocrx_word' id='word_1_377' title='bbox 191 3923 264 3966; x_wconf 90' lang='lat' dir='ltr'><strong>aut</strong></span> <span class='ocrx_word' id='word_1_378' title='bbox 285 3918 528 3988; x_wconf 88' lang='lat' dir='ltr'><strong>episcopo</strong></span> <span class='ocrx_word' id='word_1_379' title='bbox 561 3921 798 3976; x_wconf 88' lang='lat' dir='ltr'><strong>civitatis</strong></span> <span class='ocrx_word' id='word_1_380' title='bbox 847 3937 978 3986; x_wconf 78' lang='lat' dir='ltr'><strong>suae,</strong></span> <span class='ocrx_word' id='word_1_381' title='bbox 1017 3933 1308 3993; x_wconf 68' lang='lat' dir='ltr'><strong>praesentat</strong></span> <span class='ocrx_word' id='word_1_382' title='bbox 1343 3923 1487 3994; x_wconf 91' lang='lat' dir='ltr'><strong>loqui</strong></span> <span class='ocrx_word' id='word_1_383' title='bbox 1517 3935 1610 3979; x_wconf 92' lang='lat' dir='ltr'><strong>aut</strong></span> <span class='ocrx_word' id='word_1_384' title='bbox 1633 3927 1738 3982; x_wconf 80' lang='lat' dir='ltr'><strong>sibi</strong></span> 
     </span>
    </p>
   </div>
   <div class='ocr_carea' id='block_1_57' title="bbox 189 4007 1739 4084">
    <p class='ocr_par' dir='ltr' id='par_1_57' title="bbox 189 4007 1739 4084">
     <span class='ocr_line' id='line_1_57' title="bbox 189 4007 1739 4084; baseline 0.009 -28"><span class='ocrx_word' id='word_1_385' title='bbox 189 4014 342 4068; x_wconf 83' lang='lat' dir='ltr'><strong>partes</strong></span> <span class='ocrx_word' id='word_1_386' title='bbox 369 4007 571 4074; x_wconf 89' lang='lat' dir='ltr'><strong>facere,</strong></span> <span class='ocrx_word' id='word_1_387' title='bbox 601 4009 706 4064; x_wconf 91' lang='lat' dir='ltr'><strong>nisi</strong></span> <span class='ocrx_word' id='word_1_388' title='bbox 737 4011 896 4066; x_wconf 90' lang='lat' dir='ltr'><strong>tertio</strong></span> <span class='ocrx_word' id='word_1_389' title='bbox 935 4013 1021 4066; x_wconf 90' lang='lat' dir='ltr'><strong>die</strong></span> <span class='ocrx_word' id='word_1_390' title='bbox 1065 4012 1414 4082; x_wconf 86' lang='lat' dir='ltr'><strong>depositionis</strong></span> <span class='ocrx_word' id='word_1_391' title='bbox 1440 4013 1578 4084; x_wconf 87' lang='lat' dir='ltr'><strong>ejus,</strong></span> <span class='ocrx_word' id='word_1_392' title='bbox 1605 4015 1739 4070; x_wconf 88' lang='lat' dir='ltr'><strong>adu-</strong></span> 
     </span>
    </p>
   </div>
   <div class='ocr_carea' id='block_1_58' title="bbox 191 4097 1731 4168">
    <p class='ocr_par' dir='ltr' id='par_1_58' title="bbox 191 4097 1731 4168">
     <span class='ocr_line' id='line_1_58' title="bbox 191 4097 1731 4168; baseline 0.011 -26"><span class='ocrx_word' id='word_1_393' title='bbox 191 4103 294 4150; x_wconf 88' lang='lat' dir='ltr'><strong>nato</strong></span> <span class='ocrx_word' id='word_1_394' title='bbox 327 4097 466 4156; x_wconf 89' lang='lat' dir='ltr'><strong>clero</strong></span> <span class='ocrx_word' id='word_1_395' title='bbox 506 4109 566 4156; x_wconf 89' lang='lat' dir='ltr'><strong>et</strong></span> <span class='ocrx_word' id='word_1_396' title='bbox 608 4100 732 4154; x_wconf 90' lang='lat' dir='ltr'><strong>filiis</strong></span> <span class='ocrx_word' id='word_1_397' title='bbox 764 4101 1044 4168; x_wconf 71' lang='lat' dir='ltr'><strong>Ecelesim,</strong></span> <span class='ocrx_word' id='word_1_398' title='bbox 1077 4111 1131 4156; x_wconf 85' lang='lat' dir='ltr'><strong>et</strong></span> <span class='ocrx_word' id='word_1_399' title='bbox 1167 4113 1294 4157; x_wconf 92' lang='lat' dir='ltr'><strong>tunc</strong></span> <span class='ocrx_word' id='word_1_400' title='bbox 1317 4103 1510 4159; x_wconf 89' lang='lat' dir='ltr'><strong>electio</strong></span> <span class='ocrx_word' id='word_1_401' title='bbox 1544 4105 1660 4159; x_wconf 85' lang='lat' dir='ltr'><strong>ﬁat.</strong></span> <span class='ocrx_word' id='word_1_402' title='bbox 1711 4125 1731 4159; x_wconf 72' lang='grc' dir='ltr'><strong><em>ι</em></strong></span> 
     </span>
    </p>
   </div>
   <div class='ocr_carea' id='block_1_59' title="bbox 191 4181 1738 4268">
    <p class='ocr_par' dir='ltr' id='par_1_59' title="bbox 191 4181 1738 4268">
     <span class='ocr_line' id='line_1_59' title="bbox 191 4181 1738 4268; baseline 0.013 -33"><span class='ocrx_word' id='word_1_403' title='bbox 191 4181 252 4237; x_wconf 78' lang='lat' dir='ltr'><strong>Ex</strong></span> <span class='ocrx_word' id='word_1_404' title='bbox 277 4189 484 4246; x_wconf 88' lang='lat' dir='ltr'><strong>eodem:</strong></span> <span class='ocrx_word' id='word_1_405' title='bbox 513 4211 532 4244; x_wconf 73' lang='grc' dir='ltr'>ι</span> <span class='ocrx_word' id='word_1_406' title='bbox 567 4191 884 4264; x_wconf 86' lang='lat' dir='ltr'><strong>Stephanus</strong></span> <span class='ocrx_word' id='word_1_407' title='bbox 917 4195 1135 4249; x_wconf 89' lang='lat' dir='ltr'><strong>natione</strong></span> <span class='ocrx_word' id='word_1_408' title='bbox 1169 4195 1413 4261; x_wconf 85' lang='lat' dir='ltr'><strong>Siculus,</strong></span> <span class='ocrx_word' id='word_1_409' title='bbox 1441 4213 1738 4268; x_wconf 80' lang='lat' dir='ltr'><strong>congrega-</strong></span> 
     </span>
    </p>
   </div>
   <div class='ocr_carea' id='block_1_60' title="bbox 193 4273 1733 4361">
    <p class='ocr_par' dir='ltr' id='par_1_60' title="bbox 193 4273 1733 4361">
     <span class='ocr_line' id='line_1_60' title="bbox 193 4273 1733 4361; baseline 0.014 -33"><span class='ocrx_word' id='word_1_410' title='bbox 193 4273 248 4328; x_wconf 87' lang='lat' dir='ltr'><strong>tis</strong></span> <span class='ocrx_word' id='word_1_411' title='bbox 269 4281 523 4354; x_wconf 89' lang='lat' dir='ltr'><strong>episcopis</strong></span> <span class='ocrx_word' id='word_1_412' title='bbox 559 4286 726 4340; x_wconf 88' lang='lat' dir='ltr'><strong>totius</strong></span> <span class='ocrx_word' id='word_1_413' title='bbox 749 4285 960 4342; x_wconf 76' lang='lat' dir='ltr'><strong>Tuscia:</strong></span> <span class='ocrx_word' id='word_1_414' title='bbox 991 4297 1154 4358; x_wconf 88' lang='lat' dir='ltr'><strong>atque</strong></span> <span class='ocrx_word' id='word_1_415' title='bbox 1189 4289 1520 4361; x_wconf 80' lang='lat' dir='ltr'><strong>Campaniae,</strong></span> <span class='ocrx_word' id='word_1_416' title='bbox 1550 4295 1733 4348; x_wconf 88' lang='lat' dir='ltr'><strong>consi-</strong></span> 
     </span>
    </p>
   </div>
   <div class='ocr_carea' id='block_1_61' title="bbox 192 4365 1736 4454">
    <p class='ocr_par' dir='ltr' id='par_1_61' title="bbox 192 4365 1736 4454">
     <span class='ocr_line' id='line_1_61' title="bbox 192 4365 1736 4454; baseline 0.014 -33"><span class='ocrx_word' id='word_1_417' title='bbox 192 4365 408 4430; x_wconf 84' lang='lat' dir='ltr'><strong>dentibus</strong></span> <span class='ocrx_word' id='word_1_418' title='bbox 441 4377 649 4446; x_wconf 88' lang='lat' dir='ltr'><strong>pariter</strong></span> <span class='ocrx_word' id='word_1_419' title='bbox 678 4378 963 4435; x_wconf 89' lang='lat' dir='ltr'><strong>duodecim</strong></span> <span class='ocrx_word' id='word_1_420' title='bbox 1009 4381 1280 4454; x_wconf 88' lang='lat' dir='ltr'><strong>episcopis</strong></span> <span class='ocrx_word' id='word_1_421' title='bbox 1319 4385 1650 4441; x_wconf 87' lang='lat' dir='ltr'><strong>Francorum</strong></span> <span class='ocrx_word' id='word_1_422' title='bbox 1681 4396 1736 4443; x_wconf 92' lang='lat' dir='ltr'><strong>et</strong></span> 
     </span>
    </p>
   </div>
   <div class='ocr_carea' id='block_1_62' title="bbox 193 4455 1735 4540">
    <p class='ocr_par' dir='ltr' id='par_1_62' title="bbox 193 4455 1735 4540">
     <span class='ocr_line' id='line_1_62' title="bbox 193 4455 1735 4540; baseline 0.016 -30"><span class='ocrx_word' id='word_1_423' title='bbox 193 4455 419 4520; x_wconf 82' lang='lat' dir='ltr'><strong>Romanis</strong></span> <span class='ocrx_word' id='word_1_424' title='bbox 457 4467 816 4540; x_wconf 82' lang='lat' dir='ltr'><strong>presbyteris,</strong></span> <span class='ocrx_word' id='word_1_425' title='bbox 841 4469 895 4523; x_wconf 91' lang='lat' dir='ltr'><strong>in</strong></span> <span class='ocrx_word' id='word_1_426' title='bbox 941 4473 1228 4540; x_wconf 71' lang='lat' dir='ltr'><strong>prazsentia</strong></span> <span class='ocrx_word' id='word_1_427' title='bbox 1285 4476 1450 4531; x_wconf 87' lang='lat' dir='ltr'><strong>totius</strong></span> <span class='ocrx_word' id='word_1_428' title='bbox 1498 4475 1630 4532; x_wconf 88' lang='lat' dir='ltr'><strong>cleri</strong></span> <span class='ocrx_word' id='word_1_429' title='bbox 1679 4489 1735 4534; x_wconf 86' lang='lat' dir='ltr'><strong>et</strong></span> 
     </span>
    </p>
   </div>
   <div class='ocr_carea' id='block_1_63' title="bbox 1863 1955 3440 2052">
    <p class='ocr_par' dir='ltr' id='par_1_63' title="bbox 1863 1955 3440 2052">
     <span class='ocr_line' id='line_1_63' title="bbox 1863 1955 3440 2052; baseline 0.019 -44"><span class='ocrx_word' id='word_1_430' title='bbox 1863 1955 1988 2012; x_wconf 86' lang='lat' dir='ltr'><strong>fatis</strong></span> <span class='ocrx_word' id='word_1_431' title='bbox 2027 1958 2284 2016; x_wconf 80' lang='lat' dir='ltr'><strong>Romanis</strong></span> <span class='ocrx_word' id='word_1_432' title='bbox 2332 1967 2698 2036; x_wconf 77' lang='lat' dir='ltr'><strong>pontificibus,</strong></span> <span class='ocrx_word' id='word_1_433' title='bbox 2743 1971 2995 2044; x_wconf 77' lang='lat' dir='ltr'><strong>leguntur</strong></span> <span class='ocrx_word' id='word_1_434' title='bbox 3037 1955 3320 2036; x_wconf 79' lang='lat' dir='ltr'><strong>exstitisse</strong></span> <span class='ocrx_word' id='word_1_435' title='bbox 3343 1999 3440 2052; x_wconf 93' lang='lat' dir='ltr'><strong>po-</strong></span> 
     </span>
    </p>
   </div>
   <div class='ocr_carea' id='block_1_64' title="bbox 1862 2050 3442 2136">
    <p class='ocr_par' dir='ltr' id='par_1_64' title="bbox 1862 2050 3442 2136">
     <span class='ocr_line' id='line_1_64' title="bbox 1862 2050 3442 2136; baseline 0.018 -36"><span class='ocrx_word' id='word_1_436' title='bbox 1862 2050 2149 2104; x_wconf 90' lang='lat' dir='ltr'><strong>tentissimi</strong></span> <span class='ocrx_word' id='word_1_437' title='bbox 2203 2054 2600 2122; x_wconf 88' lang='lat' dir='ltr'><strong>imperatores,</strong></span> <span class='ocrx_word' id='word_1_438' title='bbox 2656 2076 2763 2116; x_wconf 88' lang='lat' dir='ltr'><strong>non</strong></span> <span class='ocrx_word' id='word_1_439' title='bbox 2815 2063 2988 2120; x_wconf 87' lang='lat' dir='ltr'><strong>solum</strong></span> <span class='ocrx_word' id='word_1_440' title='bbox 3039 2065 3284 2136; x_wconf 87' lang='lat' dir='ltr'><strong>Orienti,</strong></span> <span class='ocrx_word' id='word_1_441' title='bbox 3343 2073 3442 2130; x_wconf 71' lang='lat' dir='ltr'><strong>sed</strong></span> 
     </span>
    </p>
   </div>
   <div class='ocr_carea' id='block_1_65' title="bbox 1856 2139 3436 2222">
    <p class='ocr_par' dir='ltr' id='par_1_65' title="bbox 1856 2139 3436 2222">
     <span class='ocr_line' id='line_1_65' title="bbox 1856 2139 3436 2222; baseline 0.02 -31"><span class='ocrx_word' id='word_1_442' title='bbox 1856 2139 2016 2193; x_wconf 86' lang='lat' dir='ltr'><strong>etiam</strong></span> <span class='ocrx_word' id='word_1_443' title='bbox 2064 2140 2340 2200; x_wconf 81' lang='lat' dir='ltr'><strong>Occidenti</strong></span> <span class='ocrx_word' id='word_1_444' title='bbox 2387 2147 2747 2218; x_wconf 86' lang='lat' dir='ltr'><strong>imperantes,</strong></span> <span class='ocrx_word' id='word_1_445' title='bbox 2791 2156 2998 2212; x_wconf 87' lang='lat' dir='ltr'><strong>scilicet</strong></span> <span class='ocrx_word' id='word_1_446' title='bbox 3028 2158 3436 2222; x_wconf 79' lang='lat' dir='ltr'><strong>Valentinianus</strong></span> 
     </span>
    </p>
   </div>
   <div class='ocr_carea' id='block_1_66' title="bbox 1855 2229 3438 2314">
    <p class='ocr_par' dir='ltr' id='par_1_66' title="bbox 1855 2229 3438 2314">
     <span class='ocr_line' id='line_1_66' title="bbox 1855 2229 3438 2314; baseline 0.021 -33"><span class='ocrx_word' id='word_1_447' title='bbox 1855 2239 1910 2282; x_wconf 89' lang='lat' dir='ltr'><strong>et</strong></span> <span class='ocrx_word' id='word_1_448' title='bbox 1955 2229 2292 2290; x_wconf 84' lang='lat' dir='ltr'><strong>Theodosius</strong></span> <span class='ocrx_word' id='word_1_449' title='bbox 2347 2236 2616 2308; x_wconf 82' lang='lat' dir='ltr'><strong>Juniores,</strong></span> <span class='ocrx_word' id='word_1_450' title='bbox 2650 2242 2984 2313; x_wconf 82' lang='lat' dir='ltr'><strong>Martianus,</strong></span> <span class='ocrx_word' id='word_1_451' title='bbox 3043 2249 3332 2311; x_wconf 84' lang='lat' dir='ltr'><strong>Mauricius</strong></span> <span class='ocrx_word' id='word_1_452' title='bbox 3381 2269 3438 2314; x_wconf 92' lang='lat' dir='ltr'><strong>et</strong></span> 
     </span>
    </p>
   </div>
   <div class='ocr_carea' id='block_1_67' title="bbox 1854 2317 3432 2416">
    <p class='ocr_par' dir='ltr' id='par_1_67' title="bbox 1854 2317 3432 2416">
     <span class='ocr_line' id='line_1_67' title="bbox 1854 2317 3432 2416; baseline 0.02 -42"><span class='ocrx_word' id='word_1_453' title='bbox 1854 2317 2086 2376; x_wconf 87' lang='lat' dir='ltr'><strong>Pbocas.</strong></span> <span class='ocrx_word' id='word_1_454' title='bbox 2120 2323 2188 2378; x_wconf 80' lang='lat' dir='ltr'><strong>Et</strong></span> <span class='ocrx_word' id='word_1_455' title='bbox 2214 2341 2336 2380; x_wconf 89' lang='lat' dir='ltr'><strong>cum</strong></span> <span class='ocrx_word' id='word_1_456' title='bbox 2372 2330 2608 2398; x_wconf 68' lang='lat' dir='ltr'><strong>przefata:</strong></span> <span class='ocrx_word' id='word_1_457' title='bbox 2639 2336 2974 2394; x_wconf 81' lang='lat' dir='ltr'><strong>universales</strong></span> <span class='ocrx_word' id='word_1_458' title='bbox 3005 2345 3215 2412; x_wconf 85' lang='lat' dir='ltr'><strong>synodi,</strong></span> <span class='ocrx_word' id='word_1_459' title='bbox 3247 2347 3299 2402; x_wconf 90' lang='lat' dir='ltr'><strong>id</strong></span> <span class='ocrx_word' id='word_1_460' title='bbox 3326 2361 3432 2416; x_wconf 89' lang='lat' dir='ltr'><strong>est,</strong></span> 
     </span>
    </p>
   </div>
   <div class='ocr_carea' id='block_1_68' title="bbox 1852 2415 3446 2506">
    <p class='ocr_par' dir='ltr' id='par_1_68' title="bbox 1852 2415 3446 2506">
     <span class='ocr_line' id='line_1_68' title="bbox 1852 2415 3446 2506; baseline 0.019 -39"><span class='ocrx_word' id='word_1_461' title='bbox 1852 2415 2026 2484; x_wconf 87' lang='lat' dir='ltr'><strong>prima</strong></span> <span class='ocrx_word' id='word_1_462' title='bbox 2073 2427 2128 2472; x_wconf 91' lang='lat' dir='ltr'><strong>et</strong></span> <span class='ocrx_word' id='word_1_463' title='bbox 2177 2423 2403 2491; x_wconf 86' lang='lat' dir='ltr'><strong>septima</strong></span> <span class='ocrx_word' id='word_1_464' title='bbox 2465 2442 2494 2478; x_wconf 91' lang='lat' dir='ltr'><strong>a</strong></span> <span class='ocrx_word' id='word_1_465' title='bbox 2537 2436 2616 2482; x_wconf 91' lang='lat' dir='ltr'><strong>tot</strong></span> <span class='ocrx_word' id='word_1_466' title='bbox 2674 2429 2925 2488; x_wconf 72' lang='lat' dir='ltr'><strong>Pati-ibus</strong></span> <span class='ocrx_word' id='word_1_467' title='bbox 2982 2449 3273 2506; x_wconf 81' lang='lat' dir='ltr'><strong>agerentur</strong></span> <span class='ocrx_word' id='word_1_468' title='bbox 3326 2415 3446 2496; x_wconf 28' lang='lat' dir='ltr'><strong>Ni;</strong></span> 
     </span>
    </p>
   </div>
   <div class='ocr_carea' id='block_1_69' title="bbox 1854 2509 3430 2590">
    <p class='ocr_par' dir='ltr' id='par_1_69' title="bbox 1854 2509 3430 2590">
     <span class='ocr_line' id='line_1_69' title="bbox 1854 2509 3430 2590; baseline 0.019 -30"><span class='ocrx_word' id='word_1_469' title='bbox 1854 2521 2004 2572; x_wconf 62' lang='lat' dir='ltr'><strong>cete,</strong></span> <span class='ocrx_word' id='word_1_470' title='bbox 2077 2509 2522 2570; x_wconf 71' lang='lat' dir='ltr'><strong>Chl‘iSliilliiSSillti</strong></span> <span class='ocrx_word' id='word_1_471' title='bbox 2597 2519 2954 2589; x_wconf 88' lang='lat' dir='ltr'><strong>imperatores</strong></span> <span class='ocrx_word' id='word_1_472' title='bbox 3039 2527 3430 2590; x_wconf 82' lang='lat' dir='ltr'><strong>Constantinus</strong></span> 
     </span>
    </p>
   </div>
   <div class='ocr_carea' id='block_1_70' title="bbox 1850 2601 3431 2690">
    <p class='ocr_par' dir='ltr' id='par_1_70' title="bbox 1850 2601 3431 2690">
     <span class='ocr_line' id='line_1_70' title="bbox 1850 2601 3431 2690; baseline 0.018 -37"><span class='ocrx_word' id='word_1_473' title='bbox 1850 2609 1905 2655; x_wconf 91' lang='lat' dir='ltr'><strong>et</strong></span> <span class='ocrx_word' id='word_1_474' title='bbox 1953 2601 2082 2656; x_wconf 88' lang='lat' dir='ltr'><strong>item</strong></span> <span class='ocrx_word' id='word_1_475' title='bbox 2127 2603 2512 2666; x_wconf 83' lang='lat' dir='ltr'><strong>Constantinus</strong></span> <span class='ocrx_word' id='word_1_476' title='bbox 2541 2621 2596 2666; x_wconf 89' lang='lat' dir='ltr'><strong>et</strong></span> <span class='ocrx_word' id='word_1_477' title='bbox 2646 2611 2798 2669; x_wconf 89' lang='lat' dir='ltr'><strong>lrene</strong></span> <span class='ocrx_word' id='word_1_478' title='bbox 2841 2627 3015 2673; x_wconf 89' lang='lat' dir='ltr'><strong>mater</strong></span> <span class='ocrx_word' id='word_1_479' title='bbox 3047 2619 3163 2690; x_wconf 86' lang='lat' dir='ltr'><strong>ejus</strong></span> <span class='ocrx_word' id='word_1_480' title='bbox 3192 2624 3431 2683; x_wconf 83' lang='lat' dir='ltr'><strong>adfuisse</strong></span> 
     </span>
    </p>
   </div>
   <div class='ocr_carea' id='block_1_71' title="bbox 1849 2692 3425 2785">
    <p class='ocr_par' dir='ltr' id='par_1_71' title="bbox 1849 2692 3425 2785">
     <span class='ocr_line' id='line_1_71' title="bbox 1849 2692 3425 2785; baseline 0.017 -39"><span class='ocrx_word' id='word_1_481' title='bbox 1849 2692 2152 2765; x_wconf 81' lang='lat' dir='ltr'><strong>leguntur;</strong></span> <span class='ocrx_word' id='word_1_482' title='bbox 2230 2699 2324 2754; x_wconf 88' lang='lat' dir='ltr'><strong>sed</strong></span> <span class='ocrx_word' id='word_1_483' title='bbox 2397 2709 2452 2754; x_wconf 91' lang='lat' dir='ltr'><strong>et</strong></span> <span class='ocrx_word' id='word_1_484' title='bbox 2533 2701 2734 2760; x_wconf 87' lang='lat' dir='ltr'><strong>Basilio</strong></span> <span class='ocrx_word' id='word_1_485' title='bbox 2799 2723 2994 2780; x_wconf 79' lang='lat' dir='ltr'><strong>magno</strong></span> <span class='ocrx_word' id='word_1_486' title='bbox 3097 2713 3425 2785; x_wconf 87' lang='lat' dir='ltr'><strong>imperatore</strong></span> 
     </span>
    </p>
   </div>
   <div class='ocr_carea' id='block_1_72' title="bbox 1847 2795 3428 2877">
    <p class='ocr_par' dir='ltr' id='par_1_72' title="bbox 1847 2795 3428 2877">
     <span class='ocr_line' id='line_1_72' title="bbox 1847 2795 3428 2877; baseline 0.018 -39"><span class='ocrx_word' id='word_1_487' title='bbox 1847 2796 2065 2856; x_wconf 87' lang='lat' dir='ltr'><strong>petente</strong></span> <span class='ocrx_word' id='word_1_488' title='bbox 2107 2799 2162 2844; x_wconf 89' lang='lat' dir='ltr'><strong>et</strong></span> <span class='ocrx_word' id='word_1_489' title='bbox 2214 2803 2518 2861; x_wconf 66' lang='lat' dir='ltr'><strong>praesente,</strong></span> <span class='ocrx_word' id='word_1_490' title='bbox 2551 2795 2769 2867; x_wconf 60' lang='lat' dir='ltr'><strong>,legitur</strong></span> <span class='ocrx_word' id='word_1_491' title='bbox 2803 2811 2993 2858; x_wconf 85' lang='lat' dir='ltr'><strong>octava</strong></span> <span class='ocrx_word' id='word_1_492' title='bbox 3034 2809 3270 2877; x_wconf 79' lang='lat' dir='ltr'><strong>synodus</strong></span> <span class='ocrx_word' id='word_1_493' title='bbox 3301 2811 3428 2866; x_wconf 88' lang='lat' dir='ltr'><strong>item</strong></span> 
     </span>
    </p>
   </div>
   <div class='ocr_carea' id='block_1_73' title="bbox 1847 2879 3428 2972">
    <p class='ocr_par' dir='ltr' id='par_1_73' title="bbox 1847 2879 3428 2972">
     <span class='ocr_line' id='line_1_73' title="bbox 1847 2879 3428 2972; baseline 0.017 -42"><span class='ocrx_word' id='word_1_494' title='bbox 1847 2879 2166 2936; x_wconf 88' lang='lat' dir='ltr'><strong>universalis</strong></span> <span class='ocrx_word' id='word_1_495' title='bbox 2192 2881 2654 2957; x_wconf 90' lang='lat' dir='ltr'><strong>Constantinopoli</strong></span> <span class='ocrx_word' id='word_1_496' title='bbox 2685 2889 2956 2948; x_wconf 88' lang='lat' dir='ltr'><strong>celebrata</strong></span> <span class='ocrx_word' id='word_1_497' title='bbox 2993 2895 3175 2953; x_wconf 90' lang='lat' dir='ltr'><strong>fuisse.</strong></span> <span class='ocrx_word' id='word_1_498' title='bbox 3221 2900 3428 2972; x_wconf 83' lang='lat' dir='ltr'><strong>Itaque,</strong></span> 
     </span>
    </p>
   </div>
   <div class='ocr_carea' id='block_1_74' title="bbox 1847 2973 3430 3062">
    <p class='ocr_par' dir='ltr' id='par_1_74' title="bbox 1847 2973 3430 3062">
     <span class='ocr_line' id='line_1_74' title="bbox 1847 2973 3430 3062; baseline 0.016 -38"><span class='ocrx_word' id='word_1_499' title='bbox 1847 2985 1970 3025; x_wconf 88' lang='lat' dir='ltr'><strong>cum</strong></span> <span class='ocrx_word' id='word_1_500' title='bbox 2001 2973 2178 3042; x_wconf 88' lang='lat' dir='ltr'><strong>prima</strong></span> <span class='ocrx_word' id='word_1_501' title='bbox 2208 2989 2393 3030; x_wconf 88' lang='lat' dir='ltr'><strong>earnm</strong></span> <span class='ocrx_word' id='word_1_502' title='bbox 2436 2989 2686 3034; x_wconf 90' lang='lat' dir='ltr'><strong>censeret</strong></span> <span class='ocrx_word' id='word_1_503' title='bbox 2735 2998 2841 3038; x_wconf 91' lang='lat' dir='ltr'><strong>non</strong></span> <span class='ocrx_word' id='word_1_504' title='bbox 2883 2983 3188 3044; x_wconf 83' lang='lat' dir='ltr'><strong>habendum</strong></span> <span class='ocrx_word' id='word_1_505' title='bbox 3235 3009 3430 3062; x_wconf 89' lang='lat' dir='ltr'><strong>quem-</strong></span> 
     </span>
    </p>
   </div>
   <div class='ocr_carea' id='block_1_75' title="bbox 1845 3065 3424 3154">
    <p class='ocr_par' dir='ltr' id='par_1_75' title="bbox 1845 3065 3424 3154">
     <span class='ocr_line' id='line_1_75' title="bbox 1845 3065 3424 3154; baseline 0.018 -41"><span class='ocrx_word' id='word_1_506' title='bbox 1845 3077 2006 3132; x_wconf 90' lang='lat' dir='ltr'><strong>quam</strong></span> <span class='ocrx_word' id='word_1_507' title='bbox 2036 3065 2347 3134; x_wconf 87' lang='lat' dir='ltr'><strong>episcopum</strong></span> <span class='ocrx_word' id='word_1_508' title='bbox 2373 3068 2492 3124; x_wconf 89' lang='lat' dir='ltr'><strong>sine</strong></span> <span class='ocrx_word' id='word_1_509' title='bbox 2511 3071 2740 3127; x_wconf 89' lang='lat' dir='ltr'><strong>concilio</strong></span> <span class='ocrx_word' id='word_1_510' title='bbox 2767 3079 3168 3147; x_wconf 87' lang='lat' dir='ltr'><strong>metropolitani</strong></span> <span class='ocrx_word' id='word_1_511' title='bbox 3196 3086 3424 3154; x_wconf 90' lang='lat' dir='ltr'><strong>septima</strong></span> 
     </span>
    </p>
   </div>
   <div class='ocr_carea' id='block_1_76' title="bbox 1847 3154 3425 3246">
    <p class='ocr_par' dir='ltr' id='par_1_76' title="bbox 1847 3154 3425 3246">
     <span class='ocr_line' id='line_1_76' title="bbox 1847 3154 3425 3246; baseline 0.018 -41"><span class='ocrx_word' id='word_1_512' title='bbox 1847 3167 1976 3206; x_wconf 87' lang='lat' dir='ltr'><strong>vero</strong></span> <span class='ocrx_word' id='word_1_513' title='bbox 2010 3154 2167 3210; x_wconf 89' lang='lat' dir='ltr'><strong>trium</strong></span> <span class='ocrx_word' id='word_1_514' title='bbox 2207 3173 2486 3214; x_wconf 89' lang='lat' dir='ltr'><strong>sacrorum</strong></span> <span class='ocrx_word' id='word_1_515' title='bbox 2514 3163 2765 3220; x_wconf 90' lang='lat' dir='ltr'><strong>ordinum</strong></span> <span class='ocrx_word' id='word_1_516' title='bbox 2793 3167 3110 3226; x_wconf 89' lang='lat' dir='ltr'><strong>electionem</strong></span> <span class='ocrx_word' id='word_1_517' title='bbox 3149 3189 3179 3228; x_wconf 88' lang='lat' dir='ltr'><strong>a</strong></span> <span class='ocrx_word' id='word_1_518' title='bbox 3221 3177 3425 3246; x_wconf 86' lang='lat' dir='ltr'><strong>princi-</strong></span> 
     </span>
    </p>
   </div>
   <div class='ocr_carea' id='block_1_77' title="bbox 1847 3241 3428 3326">
    <p class='ocr_par' dir='ltr' id='par_1_77' title="bbox 1847 3241 3428 3326">
     <span class='ocr_line' id='line_1_77' title="bbox 1847 3241 3428 3326; baseline 0.02 -31"><span class='ocrx_word' id='word_1_519' title='bbox 1847 3241 2005 3310; x_wconf 90' lang='lat' dir='ltr'><strong>pibus</strong></span> <span class='ocrx_word' id='word_1_520' title='bbox 2039 3247 2352 3314; x_wconf 87' lang='lat' dir='ltr'><strong>prohiberet</strong></span> <span class='ocrx_word' id='word_1_521' title='bbox 2383 3251 2529 3319; x_wconf 87' lang='lat' dir='ltr'><strong>fieri;</strong></span> <span class='ocrx_word' id='word_1_522' title='bbox 2564 3263 2754 3312; x_wconf 88' lang='lat' dir='ltr'><strong>octava</strong></span> <span class='ocrx_word' id='word_1_523' title='bbox 2784 3273 2915 3316; x_wconf 91' lang='lat' dir='ltr'><strong>vero</strong></span> <span class='ocrx_word' id='word_1_524' title='bbox 2943 3262 3043 3317; x_wconf 89' lang='lat' dir='ltr'><strong>sub</strong></span> <span class='ocrx_word' id='word_1_525' title='bbox 3080 3241 3428 3326; x_wconf 80' lang='lat' dir='ltr'><strong>anathemate</strong></span> 
     </span>
    </p>
   </div>
   <div class='ocr_carea' id='block_1_78' title="bbox 1845 3333 3422 3428">
    <p class='ocr_par' dir='ltr' id='par_1_78' title="bbox 1845 3333 3422 3428">
     <span class='ocr_line' id='line_1_78' title="bbox 1845 3333 3422 3428; baseline 0.02 -42"><span class='ocrx_word' id='word_1_526' title='bbox 1845 3333 2198 3394; x_wconf 87' lang='lat' dir='ltr'><strong>interdiceret</strong></span> <span class='ocrx_word' id='word_1_527' title='bbox 2233 3341 2550 3410; x_wconf 85' lang='lat' dir='ltr'><strong>pontificum</strong></span> <span class='ocrx_word' id='word_1_528' title='bbox 2593 3346 2910 3406; x_wconf 86' lang='lat' dir='ltr'><strong>eiectionem</strong></span> <span class='ocrx_word' id='word_1_529' title='bbox 2937 3352 3112 3410; x_wconf 88' lang='lat' dir='ltr'><strong>laicali</strong></span> <span class='ocrx_word' id='word_1_530' title='bbox 3145 3364 3422 3428; x_wconf 87' lang='lat' dir='ltr'><strong>potestati.</strong></span> 
     </span>
    </p>
   </div>
   <div class='ocr_carea' id='block_1_79' title="bbox 1841 3424 3424 3520">
    <p class='ocr_par' dir='ltr' id='par_1_79' title="bbox 1841 3424 3424 3520">
     <span class='ocr_line' id='line_1_79' title="bbox 1841 3424 3424 3520; baseline 0.02 -43"><span class='ocrx_word' id='word_1_531' title='bbox 1841 3424 2096 3496; x_wconf 86' lang='lat' dir='ltr'><strong>Nunquid</strong></span> <span class='ocrx_word' id='word_1_532' title='bbox 2137 3431 2225 3500; x_wconf 89' lang='lat' dir='ltr'><strong>qui</strong></span> <span class='ocrx_word' id='word_1_533' title='bbox 2263 3445 2560 3502; x_wconf 76' lang='lat' dir='ltr'><strong>przesentes</strong></span> <span class='ocrx_word' id='word_1_534' title='bbox 2599 3438 2826 3494; x_wconf 86' lang='lat' dir='ltr'><strong>aderant</strong></span> <span class='ocrx_word' id='word_1_535' title='bbox 2855 3424 3214 3512; x_wconf 73' lang='lat' dir='ltr'><strong>imperatores</strong></span> <span class='ocrx_word' id='word_1_536' title='bbox 3243 3455 3424 3520; x_wconf 91' lang='lat' dir='ltr'><strong>questi</strong></span> 
     </span>
    </p>
   </div>
   <div class='ocr_carea' id='block_1_80' title="bbox 1842 3520 3424 3614">
    <p class='ocr_par' dir='ltr' id='par_1_80' title="bbox 1842 3520 3424 3614">
     <span class='ocr_line' id='line_1_80' title="bbox 1842 3520 3424 3614; baseline 0.02 -44"><span class='ocrx_word' id='word_1_537' title='bbox 1842 3527 1968 3572; x_wconf 88' lang='lat' dir='ltr'><strong>sunt</strong></span> <span class='ocrx_word' id='word_1_538' title='bbox 1995 3520 2097 3576; x_wconf 92' lang='lat' dir='ltr'><strong>hoc</strong></span> <span class='ocrx_word' id='word_1_539' title='bbox 2123 3523 2187 3574; x_wconf 90' lang='lat' dir='ltr'><strong>ad</strong></span> <span class='ocrx_word' id='word_1_540' title='bbox 2217 3524 2298 3579; x_wconf 89' lang='lat' dir='ltr'><strong>sui</strong></span> <span class='ocrx_word' id='word_1_541' title='bbox 2327 3535 2691 3598; x_wconf 90' lang='lat' dir='ltr'><strong>contemptum</strong></span> <span class='ocrx_word' id='word_1_542' title='bbox 2727 3532 2864 3599; x_wconf 86' lang='lat' dir='ltr'><strong>fieri,</strong></span> <span class='ocrx_word' id='word_1_543' title='bbox 2893 3544 2951 3590; x_wconf 94' lang='lat' dir='ltr'><strong>ut</strong></span> <span class='ocrx_word' id='word_1_544' title='bbox 2981 3538 3117 3594; x_wconf 88' lang='lat' dir='ltr'><strong>nihil</strong></span> <span class='ocrx_word' id='word_1_545' title='bbox 3148 3540 3214 3596; x_wconf 90' lang='lat' dir='ltr'><strong>de</strong></span> <span class='ocrx_word' id='word_1_546' title='bbox 3241 3547 3424 3614; x_wconf 88' lang='lat' dir='ltr'><strong>ponti-</strong></span> 
     </span>
    </p>
   </div>
   <div class='ocr_carea' id='block_1_81' title="bbox 1842 3609 3424 3704">
    <p class='ocr_par' dir='ltr' id='par_1_81' title="bbox 1842 3609 3424 3704">
     <span class='ocr_line' id='line_1_81' title="bbox 1842 3609 3424 3704; baseline 0.016 -40"><span class='ocrx_word' id='word_1_547' title='bbox 1842 3609 2298 3670; x_wconf 78' lang='lat' dir='ltr'><strong>ficunrelcetionc</strong></span> <span class='ocrx_word' id='word_1_548' title='bbox 2328 3631 2516 3672; x_wconf 88' lang='lat' dir='ltr'><strong>eorum</strong></span> <span class='ocrx_word' id='word_1_549' title='bbox 2553 3620 2767 3688; x_wconf 86' lang='lat' dir='ltr'><strong>quidem</strong></span> <span class='ocrx_word' id='word_1_550' title='bbox 2802 3625 3100 3684; x_wconf 88' lang='lat' dir='ltr'><strong>referretur</strong></span> <span class='ocrx_word' id='word_1_551' title='bbox 3131 3609 3424 3704; x_wconf 79' lang='lat' dir='ltr'><strong>potestati?</strong></span> 
     </span>
    </p>
   </div>
   <div class='ocr_carea' id='block_1_82' title="bbox 1841 3701 3424 3784">
    <p class='ocr_par' dir='ltr' id='par_1_82' title="bbox 1841 3701 3424 3784">
     <span class='ocr_line' id='line_1_82' title="bbox 1841 3701 3424 3784; baseline 0.018 -30"><span class='ocrx_word' id='word_1_552' title='bbox 1841 3701 1952 3757; x_wconf 86' lang='lat' dir='ltr'><strong>lmo</strong></span> <span class='ocrx_word' id='word_1_553' title='bbox 1982 3707 2158 3773; x_wconf 88' lang='lat' dir='ltr'><strong>potius</strong></span> <span class='ocrx_word' id='word_1_554' title='bbox 2199 3706 2449 3778; x_wconf 80' lang='lat' dir='ltr'><strong>leguntur</strong></span> <span class='ocrx_word' id='word_1_555' title='bbox 2475 3723 2789 3770; x_wconf 86' lang='lat' dir='ltr'><strong>sanctorum</strong></span> <span class='ocrx_word' id='word_1_556' title='bbox 2832 3717 3053 3775; x_wconf 87' lang='lat' dir='ltr'><strong>Patrum</strong></span> <span class='ocrx_word' id='word_1_557' title='bbox 3084 3701 3424 3784; x_wconf 79' lang='lat' dir='ltr'><strong>constitutio-</strong></span> 
     </span>
    </p>
   </div>
   <div class='ocr_carea' id='block_1_83' title="bbox 1840 3797 3426 3889">
    <p class='ocr_par' dir='ltr' id='par_1_83' title="bbox 1840 3797 3426 3889">
     <span class='ocr_line' id='line_1_83' title="bbox 1840 3797 3426 3889; baseline 0.018 -43"><span class='ocrx_word' id='word_1_558' title='bbox 1840 3809 1938 3848; x_wconf 90' lang='lat' dir='ltr'><strong>nes</strong></span> <span class='ocrx_word' id='word_1_559' title='bbox 1977 3797 2266 3868; x_wconf 80' lang='lat' dir='ltr'><strong>amplexati</strong></span> <span class='ocrx_word' id='word_1_560' title='bbox 2319 3799 2508 3867; x_wconf 88' lang='lat' dir='ltr'><strong>fuisse,</strong></span> <span class='ocrx_word' id='word_1_561' title='bbox 2554 3821 2752 3876; x_wconf 80' lang='lat' dir='ltr'><strong>easque.</strong></span> <span class='ocrx_word' id='word_1_562' title='bbox 2783 3811 3002 3880; x_wconf 91' lang='lat' dir='ltr'><strong>quidam</strong></span> <span class='ocrx_word' id='word_1_563' title='bbox 3041 3829 3255 3884; x_wconf 89' lang='lat' dir='ltr'><strong>eorum,</strong></span> <span class='ocrx_word' id='word_1_564' title='bbox 3303 3831 3426 3889; x_wconf 87' lang='lat' dir='ltr'><strong>post</strong></span> 
     </span>
    </p>
   </div>
   <div class='ocr_carea' id='block_1_84' title="bbox 1841 3885 3424 3981">
    <p class='ocr_par' dir='ltr' id='par_1_84' title="bbox 1841 3885 3424 3981">
     <span class='ocr_line' id='line_1_84' title="bbox 1841 3885 3424 3981; baseline 0.02 -46"><span class='ocrx_word' id='word_1_565' title='bbox 1841 3885 2078 3957; x_wconf 86' lang='lat' dir='ltr'><strong>quinque</strong></span> <span class='ocrx_word' id='word_1_566' title='bbox 2123 3893 2560 3958; x_wconf 89' lang='lat' dir='ltr'><strong>patriarcharum</strong></span> <span class='ocrx_word' id='word_1_567' title='bbox 2607 3899 3034 3972; x_wconf 72' lang='lat' dir='ltr'><strong>subscriptiones</strong></span> <span class='ocrx_word' id='word_1_568' title='bbox 3067 3909 3180 3966; x_wconf 86' lang='lat' dir='ltr'><strong>suis</strong></span> <span class='ocrx_word' id='word_1_569' title='bbox 3206 3885 3424 3981; x_wconf 75' lang='lat' dir='ltr'><strong>quoque</strong></span> 
     </span>
    </p>
   </div>
   <div class='ocr_carea' id='block_1_85' title="bbox 1840 3977 3422 4074">
    <p class='ocr_par' dir='ltr' id='par_1_85' title="bbox 1840 3977 3422 4074">
     <span class='ocr_line' id='line_1_85' title="bbox 1840 3977 3422 4074; baseline 0.016 -43"><span class='ocrx_word' id='word_1_570' title='bbox 1840 3977 2326 4050; x_wconf 88' lang='lat' dir='ltr'><strong>subscriptionibns</strong></span> <span class='ocrx_word' id='word_1_571' title='bbox 2376 3986 2683 4045; x_wconf 86' lang='lat' dir='ltr'><strong>roborasse.</strong></span> <span class='ocrx_word' id='word_1_572' title='bbox 2725 3991 2888 4060; x_wconf 88' lang='lat' dir='ltr'><strong>item,</strong></span> <span class='ocrx_word' id='word_1_573' title='bbox 2929 4011 3050 4051; x_wconf 91' lang='lat' dir='ltr'><strong>cum</strong></span> <span class='ocrx_word' id='word_1_574' title='bbox 3083 3977 3422 4074; x_wconf 47' lang='lat' dir='ltr'><strong>continge—ret</strong></span> 
     </span>
    </p>
   </div>
   <div class='ocr_carea' id='block_1_86' title="bbox 1840 4067 3422 4156">
    <p class='ocr_par' dir='ltr' id='par_1_86' title="bbox 1840 4067 3422 4156">
     <span class='ocr_line' id='line_1_86' title="bbox 1840 4067 3422 4156; baseline 0.019 -37"><span class='ocrx_word' id='word_1_575' title='bbox 1840 4067 2093 4136; x_wconf 66' lang='lat' dir='ltr'><strong>praefatos</strong></span> <span class='ocrx_word' id='word_1_576' title='bbox 2127 4070 2496 4130; x_wconf 79' lang='lat' dir='ltr'><strong>Romanorum</strong></span> <span class='ocrx_word' id='word_1_577' title='bbox 2533 4081 2819 4147; x_wconf 78' lang='lat' dir='ltr'><strong>pontifices</strong></span> <span class='ocrx_word' id='word_1_578' title='bbox 2863 4084 2930 4139; x_wconf 88' lang='lat' dir='ltr'><strong>de</strong></span> <span class='ocrx_word' id='word_1_579' title='bbox 2969 4067 3422 4156; x_wconf 41' lang='lat' dir='ltr'><strong>pontificumvele-</strong></span> 
     </span>
    </p>
   </div>
   <div class='ocr_carea' id='block_1_87' title="bbox 1839 4159 3417 4251">
    <p class='ocr_par' dir='ltr' id='par_1_87' title="bbox 1839 4159 3417 4251">
     <span class='ocr_line' id='line_1_87' title="bbox 1839 4159 3417 4251; baseline 0.018 -42"><span class='ocrx_word' id='word_1_580' title='bbox 1839 4159 2015 4212; x_wconf 84' lang='lat' dir='ltr'><strong>ctione</strong></span> <span class='ocrx_word' id='word_1_581' title='bbox 2045 4159 2366 4227; x_wconf 88' lang='lat' dir='ltr'><strong>decernere,</strong></span> <span class='ocrx_word' id='word_1_582' title='bbox 2409 4167 2635 4238; x_wconf 80' lang='lat' dir='ltr'><strong>contigit</strong></span> <span class='ocrx_word' id='word_1_583' title='bbox 2664 4183 2884 4225; x_wconf 86' lang='lat' dir='ltr'><strong>suorum</strong></span> <span class='ocrx_word' id='word_1_584' title='bbox 2913 4181 3212 4245; x_wconf 87' lang='lat' dir='ltr'><strong>temporum</strong></span> <span class='ocrx_word' id='word_1_585' title='bbox 3246 4180 3417 4251; x_wconf 85' lang='lat' dir='ltr'><strong>impe-</strong></span> 
     </span>
    </p>
   </div>
   <div class='ocr_carea' id='block_1_88' title="bbox 1839 4250 3417 4338">
    <p class='ocr_par' dir='ltr' id='par_1_88' title="bbox 1839 4250 3417 4338">
     <span class='ocr_line' id='line_1_88' title="bbox 1839 4250 3417 4338; baseline 0.016 -38"><span class='ocrx_word' id='word_1_586' title='bbox 1839 4256 2047 4306; x_wconf 85' lang='lat' dir='ltr'><strong>ratores</strong></span> <span class='ocrx_word' id='word_1_587' title='bbox 2093 4250 2196 4306; x_wconf 90' lang='lat' dir='ltr'><strong>hoc</strong></span> <span class='ocrx_word' id='word_1_588' title='bbox 2251 4253 2318 4308; x_wconf 86' lang='lat' dir='ltr'><strong>ad</strong></span> <span class='ocrx_word' id='word_1_589' title='bbox 2363 4256 2444 4309; x_wconf 88' lang='lat' dir='ltr'><strong>sui</strong></span> <span class='ocrx_word' id='word_1_590' title='bbox 2493 4256 2706 4327; x_wconf 90' lang='lat' dir='ltr'><strong>imperii</strong></span> <span class='ocrx_word' id='word_1_591' title='bbox 2750 4259 3005 4330; x_wconf 89' lang='lat' dir='ltr'><strong>injuriam</strong></span> <span class='ocrx_word' id='word_1_592' title='bbox 3043 4265 3160 4320; x_wconf 85' lang='lat' dir='ltr'><strong>fieri</strong></span> <span class='ocrx_word' id='word_1_593' title='bbox 3193 4250 3417 4338; x_wconf 79' lang='lat' dir='ltr'><strong>questos</strong></span> 
     </span>
    </p>
   </div>
   <div class='ocr_carea' id='block_1_89' title="bbox 1837 4337 2486 4414">
    <p class='ocr_par' dir='ltr' id='par_1_89' title="bbox 1837 4337 2486 4414">
     <span class='ocr_line' id='line_1_89' title="bbox 1837 4337 2486 4414; baseline 0.014 -23"><span class='ocrx_word' id='word_1_594' title='bbox 1837 4337 2044 4396; x_wconf 85' lang='lat' dir='ltr'><strong>fuisse?</strong></span> <span class='ocrx_word' id='word_1_595' title='bbox 2071 4339 2188 4396; x_wconf 87' lang='lat' dir='ltr'><strong>Non</strong></span> <span class='ocrx_word' id='word_1_596' title='bbox 2216 4344 2486 4414; x_wconf 82' lang='lat' dir='ltr'><strong>equidem.</strong></span> 
     </span>
    </p>
   </div>
   <div class='ocr_carea' id='block_1_90' title="bbox 1909 4429 3418 4526">
    <p class='ocr_par' dir='ltr' id='par_1_90' title="bbox 1909 4429 3418 4526">
     <span class='ocr_line' id='line_1_90' title="bbox 1909 4429 3418 4526; baseline 0.015 -40"><span class='ocrx_word' id='word_1_597' title='bbox 1909 4429 2047 4487; x_wconf 90' lang='lat' dir='ltr'><strong>Sunt</strong></span> <span class='ocrx_word' id='word_1_598' title='bbox 2091 4443 2274 4490; x_wconf 89' lang='lat' dir='ltr'><strong>autem</strong></span> <span class='ocrx_word' id='word_1_599' title='bbox 2321 4437 2560 4506; x_wconf 89' lang='lat' dir='ltr'><strong>quidam,</strong></span> <span class='ocrx_word' id='word_1_600' title='bbox 2609 4456 2797 4498; x_wconf 89' lang='lat' dir='ltr'><strong>eorum</strong></span> <span class='ocrx_word' id='word_1_601' title='bbox 2833 4454 3020 4526; x_wconf 81' lang='lat' dir='ltr'><strong>contra</strong></span> <span class='ocrx_word' id='word_1_602' title='bbox 3055 4462 3191 4517; x_wconf 89' lang='lat' dir='ltr'><strong>quos</strong></span> <span class='ocrx_word' id='word_1_603' title='bbox 3225 4453 3418 4507; x_wconf 49' lang='lat' dir='ltr'><strong>scribi:</strong></span> 
     </span>
    </p>
   </div>
   <div class='ocr_carea' id='block_1_91' title="bbox 193 4525 3416 4636">
    <p class='ocr_par' dir='ltr' id='par_1_91' title="bbox 193 4525 3416 4636">
     <span class='ocr_line' id='line_1_91' title="bbox 193 4525 3416 4636; baseline 0.013 -33"><span class='ocrx_word' id='word_1_604' title='bbox 193 4555 362 4622; x_wconf 87' lang='lat' dir='ltr'><strong>populi,</strong></span> <span class='ocrx_word' id='word_1_605' title='bbox 392 4525 680 4614; x_wconf 58' lang='lat' dir='ltr'><strong>cohciliuin</strong></span> <span class='ocrx_word' id='word_1_606' title='bbox 710 4525 836 4615; x_wconf 80' lang='lat' dir='ltr'><strong>fecit</strong></span> <span class='ocrx_word' id='word_1_607' title='bbox 888 4525 960 4616; x_wconf 50' lang='lat' dir='ltr'><strong>in.</strong></span> <span class='ocrx_word' id='word_1_608' title='bbox 984 4525 1227 4620; x_wconf 67' lang='lat' dir='ltr'><strong>ecclesia</strong></span> <span class='ocrx_word' id='word_1_609' title='bbox 1764 4553 1814 4613; x_wconf 74' lang='grc' dir='ltr'><strong>θ</strong></span> <span class='ocrx_word' id='word_1_610' title='bbox 1840 4539 1982 4636; x_wconf 44' lang='lat' dir='ltr'><strong>mils’</strong></span> <span class='ocrx_word' id='word_1_611' title='bbox 2010 4525 2102 4631; x_wconf 33' lang='lat' dir='ltr'><strong>qui</strong></span> <span class='ocrx_word' id='word_1_612' title='bbox 2129 4535 2321 4594; x_wconf 55' lang='lat' dir='ltr'><strong>palam</strong></span> <span class='ocrx_word' id='word_1_613' title='bbox 2349 4543 2408 4636; x_wconf 45' lang='lat' dir='ltr'><strong>Si:</strong></span> <span class='ocrx_word' id='word_1_614' title='bbox 2437 4531 2656 4636; x_wconf 50' lang='lat' dir='ltr'><strong>quiin”</strong></span> <span class='ocrx_word' id='word_1_615' title='bbox 2686 4535 2864 4636; x_wconf 48' lang='lat' dir='ltr'><strong>magni</strong></span> <span class='ocrx_word' id='word_1_616' title='bbox 2905 4537 2978 4636; x_wconf 70' lang='lat' dir='ltr'><strong>in-</strong></span> <span class='ocrx_word' id='word_1_617' title='bbox 2998 4539 3081 4593; x_wconf 67' lang='lat' dir='ltr'><strong>sui</strong></span> <span class='ocrx_word' id='word_1_618' title='bbox 3106 4541 3416 4599; x_wconf 57' lang='lat' dir='ltr'><strong>detemione</strong></span> 
     </span>
    </p>
   </div>
   <div class='ocr_carea' id='block_1_92' title="bbox 195 4637 1730 4726">
    <p class='ocr_par' dir='ltr' id='par_1_92' title="bbox 195 4637 1730 4726">
     <span class='ocr_line' id='line_1_92' title="bbox 195 4637 1730 4726; baseline 0.016 -35"><span class='ocrx_word' id='word_1_619' title='bbox 195 4637 237 4693; x_wconf 90' lang='lat' dir='ltr'><strong>in</strong></span> <span class='ocrx_word' id='word_1_620' title='bbox 257 4658 351 4712; x_wconf 90' lang='lat' dir='ltr'><strong>quo</strong></span> <span class='ocrx_word' id='word_1_621' title='bbox 367 4649 640 4704; x_wconf 86' lang='lat' dir='ltr'><strong>damnavit</strong></span> <span class='ocrx_word' id='word_1_622' title='bbox 659 4649 1071 4706; x_wconf 81' lang='lat' dir='ltr'><strong>Constantinum</strong></span> <span class='ocrx_word' id='word_1_623' title='bbox 1087 4657 1412 4726; x_wconf 90' lang='lat' dir='ltr'><strong>neophytum</strong></span> <span class='ocrx_word' id='word_1_624' title='bbox 1426 4657 1730 4715; x_wconf 88' lang='lat' dir='ltr'><strong>invasorem</strong></span> 
     </span>
    </p>
   </div>
   <div class='ocr_carea' id='block_1_93' title="bbox 195 4736 1732 4823">
    <p class='ocr_par' dir='ltr' id='par_1_93' title="bbox 195 4736 1732 4823">
     <span class='ocr_line' id='line_1_93' title="bbox 195 4736 1732 4823; baseline 0.016 -39"><span class='ocrx_word' id='word_1_625' title='bbox 195 4736 314 4791; x_wconf 83' lang='lat' dir='ltr'><strong>sedis</strong></span> <span class='ocrx_word' id='word_1_626' title='bbox 333 4743 654 4810; x_wconf 65' lang='lat' dir='ltr'><strong>apostolicae,</strong></span> <span class='ocrx_word' id='word_1_627' title='bbox 682 4753 740 4798; x_wconf 86' lang='lat' dir='ltr'><strong>et</strong></span> <span class='ocrx_word' id='word_1_628' title='bbox 775 4744 956 4800; x_wconf 89' lang='lat' dir='ltr'><strong>allatis</strong></span> <span class='ocrx_word' id='word_1_629' title='bbox 999 4747 1172 4803; x_wconf 88' lang='lat' dir='ltr'><strong>sacris</strong></span> <span class='ocrx_word' id='word_1_630' title='bbox 1201 4752 1518 4818; x_wconf 84' lang='lat' dir='ltr'><strong>canonibus,</strong></span> <span class='ocrx_word' id='word_1_631' title='bbox 1547 4754 1732 4823; x_wconf 86' lang='lat' dir='ltr'><strong>eisque</strong></span> 
     </span>
    </p>
   </div>
   <div class='ocr_carea' id='block_1_94' title="bbox 197 4819 1730 4906">
    <p class='ocr_par' dir='ltr' id='par_1_94' title="bbox 197 4819 1730 4906">
     <span class='ocr_line' id='line_1_94' title="bbox 197 4819 1730 4906; baseline 0.018 -34"><span class='ocrx_word' id='word_1_632' title='bbox 197 4819 366 4893; x_wconf 83' lang='lat' dir='ltr'><strong>liquido</strong></span> <span class='ocrx_word' id='word_1_633' title='bbox 389 4835 762 4902; x_wconf 85' lang='lat' dir='ltr'><strong>perscrutatis,</strong></span> <span class='ocrx_word' id='word_1_634' title='bbox 787 4836 996 4906; x_wconf 85' lang='lat' dir='ltr'><strong>prolata</strong></span> <span class='ocrx_word' id='word_1_635' title='bbox 1028 4849 1112 4894; x_wconf 90' lang='lat' dir='ltr'><strong>cst</strong></span> <span class='ocrx_word' id='word_1_636' title='bbox 1141 4843 1405 4898; x_wconf 88' lang='lat' dir='ltr'><strong>sententia</strong></span> <span class='ocrx_word' id='word_1_637' title='bbox 1439 4845 1508 4898; x_wconf 88' lang='lat' dir='ltr'><strong>ab</strong></span> <span class='ocrx_word' id='word_1_638' title='bbox 1540 4819 1730 4902; x_wconf 82' lang='lat' dir='ltr'><strong>eodem</strong></span> 
     </span>
    </p>
   </div>
   <div class='ocr_carea' id='block_1_95' title="bbox 197 4921 1730 4999">
    <p class='ocr_par' dir='ltr' id='par_1_95' title="bbox 197 4921 1730 4999">
     <span class='ocr_line' id='line_1_95' title="bbox 197 4921 1730 4999; baseline 0.016 -33"><span class='ocrx_word' id='word_1_639' title='bbox 197 4921 392 4975; x_wconf 87' lang='lat' dir='ltr'><strong>concilio</strong></span> <span class='ocrx_word' id='word_1_640' title='bbox 417 4925 516 4979; x_wconf 91' lang='lat' dir='ltr'><strong>sub</strong></span> <span class='ocrx_word' id='word_1_641' title='bbox 542 4927 908 4983; x_wconf 86' lang='lat' dir='ltr'><strong>anathematis</strong></span> <span class='ocrx_word' id='word_1_642' title='bbox 959 4928 1271 4999; x_wconf 88' lang='lat' dir='ltr'><strong>interdicto,</strong></span> <span class='ocrx_word' id='word_1_643' title='bbox 1311 4942 1370 4987; x_wconf 90' lang='lat' dir='ltr'><strong>ut</strong></span> <span class='ocrx_word' id='word_1_644' title='bbox 1407 4933 1583 4990; x_wconf 88' lang='lat' dir='ltr'><strong>nullus</strong></span> <span class='ocrx_word' id='word_1_645' title='bbox 1627 4953 1730 4990; x_wconf 85' lang='lat' dir='ltr'><strong>un-</strong></span> 
     </span>
    </p>
   </div>
   <div class='ocr_carea' id='block_1_96' title="bbox 200 5012 1728 5094">
    <p class='ocr_par' dir='ltr' id='par_1_96' title="bbox 200 5012 1728 5094">
     <span class='ocr_line' id='line_1_96' title="bbox 200 5012 1728 5094; baseline 0.014 -34"><span class='ocrx_word' id='word_1_646' title='bbox 200 5019 332 5074; x_wconf 84' lang='lat' dir='ltr'><strong>quam</strong></span> <span class='ocrx_word' id='word_1_647' title='bbox 355 5012 608 5072; x_wconf 88' lang='lat' dir='ltr'><strong>laicorum</strong></span> <span class='ocrx_word' id='word_1_648' title='bbox 639 5033 814 5088; x_wconf 89' lang='lat' dir='ltr'><strong>neque</strong></span> <span class='ocrx_word' id='word_1_649' title='bbox 841 5033 911 5073; x_wconf 81' lang='lat' dir='ltr'><strong>ex</strong></span> <span class='ocrx_word' id='word_1_650' title='bbox 957 5018 1062 5074; x_wconf 87' lang='lat' dir='ltr'><strong>alio</strong></span> <span class='ocrx_word' id='word_1_651' title='bbox 1092 5022 1281 5077; x_wconf 90' lang='lat' dir='ltr'><strong>ordine</strong></span> <span class='ocrx_word' id='word_1_652' title='bbox 1306 5035 1598 5094; x_wconf 73' lang='lat' dir='ltr'><strong>praesumat</strong></span> <span class='ocrx_word' id='word_1_653' title='bbox 1628 5028 1728 5082; x_wconf 91' lang='lat' dir='ltr'><strong>nisi</strong></span> 
     </span>
    </p>
   </div>
   <div class='ocr_carea' id='block_1_97' title="bbox 197 5105 1734 5178">
    <p class='ocr_par' dir='ltr' id='par_1_97' title="bbox 197 5105 1734 5178">
     <span class='ocr_line' id='line_1_97' title="bbox 197 5105 1734 5178; baseline 0.014 -24"><span class='ocrx_word' id='word_1_654' title='bbox 197 5113 276 5167; x_wconf 86' lang='lat' dir='ltr'><strong>per</strong></span> <span class='ocrx_word' id='word_1_655' title='bbox 299 5105 564 5166; x_wconf 86' lang='lat' dir='ltr'><strong>distinctos</strong></span> <span class='ocrx_word' id='word_1_656' title='bbox 593 5110 794 5178; x_wconf 76' lang='lat' dir='ltr'><strong>gradus</strong></span> <span class='ocrx_word' id='word_1_657' title='bbox 825 5111 1127 5165; x_wconf 61' lang='lat' dir='ltr'><strong>asceedens</strong></span> <span class='ocrx_word' id='word_1_658' title='bbox 1173 5113 1435 5171; x_wconf 91' lang='lat' dir='ltr'><strong>diaconus</strong></span> <span class='ocrx_word' id='word_1_659' title='bbox 1459 5129 1552 5172; x_wconf 86' lang='lat' dir='ltr'><strong>aut</strong></span> <span class='ocrx_word' id='word_1_660' title='bbox 1584 5134 1734 5178; x_wconf 82' lang='lat' dir='ltr'><strong>prcs-</strong></span> 
     </span>
    </p>
   </div>
   <div class='ocr_carea' id='block_1_98' title="bbox 1837 4619 3416 4700">
    <p class='ocr_par' dir='ltr' id='par_1_98' title="bbox 1837 4619 3416 4700">
     <span class='ocr_line' id='line_1_98' title="bbox 1837 4619 3416 4700; baseline 0.015 -29"><span class='ocrx_word' id='word_1_661' title='bbox 1837 4619 2198 4688; x_wconf 88' lang='lat' dir='ltr'><strong>adinvenisse,</strong></span> <span class='ocrx_word' id='word_1_662' title='bbox 2231 4638 2353 4678; x_wconf 89' lang='lat' dir='ltr'><strong>cum</strong></span> <span class='ocrx_word' id='word_1_663' title='bbox 2383 4625 2731 4684; x_wconf 88' lang='lat' dir='ltr'><strong>introducunt</strong></span> <span class='ocrx_word' id='word_1_664' title='bbox 2755 4629 3076 4700; x_wconf 83' lang='lat' dir='ltr'><strong>Gregorium</strong></span> <span class='ocrx_word' id='word_1_665' title='bbox 3102 4647 3156 4690; x_wconf 86' lang='lat' dir='ltr'><strong>et</strong></span> <span class='ocrx_word' id='word_1_666' title='bbox 3185 4636 3416 4693; x_wconf 82' lang='lat' dir='ltr'><strong>Ambro-</strong></span> 
     </span>
    </p>
   </div>
   <div class='ocr_carea' id='block_1_99' title="bbox 1834 4710 3416 4798">
    <p class='ocr_par' dir='ltr' id='par_1_99' title="bbox 1834 4710 3416 4798">
     <span class='ocr_line' id='line_1_99' title="bbox 1834 4710 3416 4798; baseline 0.015 -36"><span class='ocrx_word' id='word_1_667' title='bbox 1834 4710 1973 4764; x_wconf 90' lang='lat' dir='ltr'><strong>sium</strong></span> <span class='ocrx_word' id='word_1_668' title='bbox 2018 4727 2049 4765; x_wconf 87' lang='lat' dir='ltr'><strong>a</strong></span> <span class='ocrx_word' id='word_1_669' title='bbox 2075 4714 2256 4769; x_wconf 59' lang='lat' dir='ltr'><strong>surculi</strong></span> <span class='ocrx_word' id='word_1_670' title='bbox 2286 4715 2622 4788; x_wconf 87' lang='lat' dir='ltr'><strong>principibus</strong></span> <span class='ocrx_word' id='word_1_671' title='bbox 2647 4721 2712 4774; x_wconf 89' lang='lat' dir='ltr'><strong>ad</strong></span> <span class='ocrx_word' id='word_1_672' title='bbox 2737 4722 3110 4790; x_wconf 89' lang='lat' dir='ltr'><strong>pontificatum</strong></span> <span class='ocrx_word' id='word_1_673' title='bbox 3139 4737 3416 4798; x_wconf 87' lang='lat' dir='ltr'><strong>promotos</strong></span> 
     </span>
    </p>
   </div>
   <div class='ocr_carea' id='block_1_100' title="bbox 1834 4797 3418 4886">
    <p class='ocr_par' dir='ltr' id='par_1_100' title="bbox 1834 4797 3418 4886">
     <span class='ocr_line' id='line_1_100' title="bbox 1834 4797 3418 4886; baseline 0.015 -34"><span class='ocrx_word' id='word_1_674' title='bbox 1834 4797 2019 4857; x_wconf 87' lang='lat' dir='ltr'><strong>fuisse.</strong></span> <span class='ocrx_word' id='word_1_675' title='bbox 2049 4799 2202 4868; x_wconf 87' lang='lat' dir='ltr'><strong>Quod</strong></span> <span class='ocrx_word' id='word_1_676' title='bbox 2230 4805 2354 4876; x_wconf 87' lang='lat' dir='ltr'><strong>quia</strong></span> <span class='ocrx_word' id='word_1_677' title='bbox 2385 4805 2634 4862; x_wconf 87' lang='lat' dir='ltr'><strong>frivolum</strong></span> <span class='ocrx_word' id='word_1_678' title='bbox 2653 4849 2667 4873; x_wconf 91' lang='lat'><strong>,</strong></span> <span class='ocrx_word' id='word_1_679' title='bbox 2696 4811 2930 4882; x_wconf 88' lang='lat' dir='ltr'><strong>quiaque</strong></span> <span class='ocrx_word' id='word_1_680' title='bbox 2961 4797 3158 4874; x_wconf 87' lang='lat' dir='ltr'><strong>falsum</strong></span> <span class='ocrx_word' id='word_1_681' title='bbox 3187 4821 3276 4886; x_wconf 88' lang='lat' dir='ltr'><strong>sit,</strong></span> <span class='ocrx_word' id='word_1_682' title='bbox 3305 4821 3418 4875; x_wconf 90' lang='lat' dir='ltr'><strong>evi-</strong></span> 
     </span>
    </p>
   </div>
   <div class='ocr_carea' id='block_1_101' title="bbox 1833 4889 3422 4965">
    <p class='ocr_par' dir='ltr' id='par_1_101' title="bbox 1833 4889 3422 4965">
     <span class='ocr_line' id='line_1_101' title="bbox 1833 4889 3422 4965; baseline 0.013 -21"><span class='ocrx_word' id='word_1_683' title='bbox 1833 4889 1980 4948; x_wconf 89' lang='lat' dir='ltr'><strong>denti</strong></span> <span class='ocrx_word' id='word_1_684' title='bbox 2019 4890 2226 4962; x_wconf 86' lang='lat' dir='ltr'><strong>judicio</strong></span> <span class='ocrx_word' id='word_1_685' title='bbox 2255 4893 2525 4960; x_wconf 89' lang='lat' dir='ltr'><strong>clarebit;</strong></span> <span class='ocrx_word' id='word_1_686' title='bbox 2574 4897 2788 4955; x_wconf 89' lang='lat' dir='ltr'><strong>collatis</strong></span> <span class='ocrx_word' id='word_1_687' title='bbox 2829 4916 3018 4959; x_wconf 89' lang='lat' dir='ltr'><strong>eorum</strong></span> <span class='ocrx_word' id='word_1_688' title='bbox 3063 4907 3422 4965; x_wconf 89' lang='lat' dir='ltr'><strong>electionibus</strong></span> 
     </span>
    </p>
   </div>
   <div class='ocr_carea' id='block_1_102' title="bbox 1835 4988 3420 5068">
    <p class='ocr_par' dir='ltr' id='par_1_102' title="bbox 1835 4988 3420 5068">
     <span class='ocr_line' id='line_1_102' title="bbox 1835 4988 3420 5068; baseline 0.011 -31"><span class='ocrx_word' id='word_1_689' title='bbox 1835 4997 1956 5038; x_wconf 89' lang='lat' dir='ltr'><strong>cum</strong></span> <span class='ocrx_word' id='word_1_690' title='bbox 2009 4999 2131 5057; x_wconf 85' lang='lat' dir='ltr'><strong>cap.</strong></span> <span class='ocrx_word' id='word_1_691' title='bbox 2166 4989 2199 5044; x_wconf 92' lang='lat'>8</span> <span class='ocrx_word' id='word_1_692' title='bbox 2228 4988 2438 5060; x_wconf 84' lang='lat' dir='ltr'><strong>synodi,</strong></span> <span class='ocrx_word' id='word_1_693' title='bbox 2469 4991 2614 5058; x_wconf 87' lang='lat' dir='ltr'><strong>quod</strong></span> <span class='ocrx_word' id='word_1_694' title='bbox 2669 5007 2830 5064; x_wconf 83' lang='lat' dir='ltr'><strong>supra</strong></span> <span class='ocrx_word' id='word_1_695' title='bbox 2881 4999 3224 5068; x_wconf 85' lang='lat' dir='ltr'><strong>scripsimus.</strong></span> <span class='ocrx_word' id='word_1_696' title='bbox 3282 5001 3420 5055; x_wconf 82' lang='lat' dir='ltr'><strong>Nam</strong></span> 
     </span>
    </p>
   </div>
   <div class='ocr_carea' id='block_1_103' title="bbox 1835 5079 3420 5158">
    <p class='ocr_par' dir='ltr' id='par_1_103' title="bbox 1835 5079 3420 5158">
     <span class='ocr_line' id='line_1_103' title="bbox 1835 5079 3420 5158; baseline 0.011 -29"><span class='ocrx_word' id='word_1_697' title='bbox 1835 5079 2082 5147; x_wconf 87' lang='lat' dir='ltr'><strong>quamvis</strong></span> <span class='ocrx_word' id='word_1_698' title='bbox 2111 5081 2400 5136; x_wconf 90' lang='lat' dir='ltr'><strong>multorum</strong></span> <span class='ocrx_word' id='word_1_699' title='bbox 2429 5097 2696 5141; x_wconf 89' lang='lat' dir='ltr'><strong>annorum</strong></span> <span class='ocrx_word' id='word_1_700' title='bbox 2727 5087 3021 5148; x_wconf 88' lang='lat' dir='ltr'><strong>interstitio</strong></span> <span class='ocrx_word' id='word_1_701' title='bbox 3043 5111 3074 5150; x_wconf 88' lang='lat' dir='ltr'><strong>a</strong></span> <span class='ocrx_word' id='word_1_702' title='bbox 3104 5109 3165 5151; x_wconf 90' lang='lat' dir='ltr'><strong>se</strong></span> <span class='ocrx_word' id='word_1_703' title='bbox 3195 5093 3420 5158; x_wconf 81' lang='lat' dir='ltr'><strong>distent,</strong></span> 
     </span>
    </p>
   </div>
  </div>
