4018 5330
559 331 664 388 463

1631 331 1687 386 S.
1731 330 2028 386 ANSELMI
2061 331 2399 388 LUCENSIS
2442 333 2746 392 EPISCOPI

3713 341 3816 398 461

557 443 708 511 lavit,
739 453 796 500 et
821 443 1130 515 imperatori
1161 442 1442 508 Mauricio,
1490 441 1641 510 cujus
1683 443 1848 498 filium
1887 459 1952 498 ex
1985 444 2128 498 lava.
2157 453 2206 512 Α
2235 444 2592 516 corripuisse,
2621 448 2878 540 graviter,
2933 448 3196 516 tulerunt,
3230 466 3460 522 eumque
3491 452 3652 522 hujus
3690 471 3816 526 gra-

559 551 653 593 cro
695 545 888 593 sancto
933 543 1264 605 susceperat,
1311 534 1542 589 latenter
1577 534 1788 590 litteras
1817 537 2128 602 destinavit,

557 629 848 698 adjurans,
897 641 968 681 ne
1009 641 1246 695 unquam
1273 639 1550 679 assensum
1597 626 1807 694 populis
1847 628 2127 696 praeberet,

555 729 618 776 ut
643 735 702 775 se
732 718 888 788 hujus
934 719 1152 772 honoris
1185 717 1356 787 gloria
1393 716 1766 770 sublimarent.
1801 717 1904 772 Sed
1941 719 2130 788 praefe-

561 818 683 866 ctus
710 809 876 874 urbis,
916 807 1218 862 Germanus
1246 807 1485 871 nomine,
1517 806 1633 874 ejus
1665 809 1910 863 nuntium
1943 811 2130 865 antici-

557 900 705 970 pavit
739 899 1295 969 comprehensumque
1325 913 1390 953 ac
1431 899 1662 969 diruptis
1699 900 1972 968 epistolis,
1999 917 2128 957 con-

553 1005 772 1046 sensum
809 1005 970 1060 quem
1015 991 1242 1060 pepulus
1289 989 1492 1044 fecerat
1541 990 1852 1058 imperatori
1903 992 2122 1048 direxit.

551 1083 623 1138 At
665 1083 753 1140 ille
781 1083 984 1152 gratias
1031 1098 1195 1153 agens
1235 1083 1348 1138 Deo
1389 1097 1487 1150 pro
1527 1083 1762 1136 amicitia
1793 1083 2028 1150 diaconi,
2059 1100 2124 1140 eo

493 1177 496 1179 ’
555 1177 696 1246 quod
733 1177 906 1231 locum
928 1177 1202 1232 deferendi
1228 1178 1278 1232 ei
1301 1177 1540 1244 honoris,
1571 1187 1630 1232 ut
1664 1180 1925 1246 cupierat,
1965 1195 2120 1250 repe-

549 1269 730 1335 risset,
771 1269 944 1338 ipsum
967 1270 1203 1325 ordinari
1245 1270 1515 1340 prtecepit.
1553 1289 1572 1322 ι
1610 1270 1716 1342 (Ex
1744 1269 1907 1326 Certis
1929 1270 2122 1342 Grego-

548 1359 633 1414 rii.
652 1360 671 1426 )

617 1452 748 1508 Item
789 1452 846 1507 in
881 1451 1065 1508 Gestis
1097 1451 1370 1506 Ambrosii
1407 1470 1418 1506 :
1465 1473 1482 1504 ε
1515 1453 1648 1508 Cum
1683 1453 1910 1523 populus
1947 1453 2119 1523 magis

542 1546 825 1617 magisque
854 1545 1180 1600 acclamaret
1213 1561 1224 1597 :
1263 1545 1551 1599 Peccatum
1599 1551 1747 1600 tuum
1789 1560 1952 1614 super
1999 1561 2114 1600 nos.

542 1636 786 1706 Cumque
833 1635 925 1690 ille
971 1633 1180 1690 videret
1215 1651 1366 1690 suam
1401 1635 1753 1690 intentionem
1794 1635 1928 1690 nihil
1958 1649 2118 1704 posse

541 1729 840 1800 proficere,
871 1727 1052 1799 fugam
1082 1728 1314 1796 paravit,
1346 1741 1703 1796 egressusque
1731 1727 1905 1780 noctis
1937 1727 2116 1780 medio

2235 537 2343 602 tia,
2377 547 2636 608 quantum
2679 537 2738 594 in'
2781 557 2839 595 se
2876 551 3014 606 erat,
3043 558 3072 596 a
3115 555 3310 614 papatu
3339 546 3728 614 deposuerunt,
3758 557 3814 602 et

2232 641 2428 684 nomen
2469 629 2707 698 ejusdem
2737 630 2789 684 iu
2831 646 3038 688 canone
3077 635 3502 691 consecrationis
3538 638 3810 694 nominari

2231 728 2556 786 vetuerunt;
2601 720 2827 792 ideoque
2869 723 3142 778 decretum
3193 724 3307 792 ejus
3335 726 3400 780 de
3431 727 3554 796 jure
3591 727 3810 782 irritum

2230 823 2352 863 esse
2394 809 2632 875 debebit,
2663 813 2784 880 quia
2817 828 2935 864 tum
2977 828 3006 866 a
3037 821 3147 868 toto
3172 815 3303 869 orbe
3333 831 3470 886 papa
3511 817 3814 872 haberetur

2222 895 2376 966 juxta
2423 901 2733 954 eorumdem
2763 904 3082 956 sententiam
3125 905 3328 960 eisdem
3369 921 3502 976 papa
3535 923 3642 962 non
3683 909 3806 974 fuit,

2227 989 2382 1058 quasi
2429 1006 2534 1044 non
2573 1005 2638 1044 ex
2683 992 2774 1045 Dei
2823 993 2916 1046 sed
2959 1008 3148 1047 eorum
3181 1003 3386 1050 tantum
3419 998 3682 1066 penderet
3719 1015 3812 1056 vo-

2228 1079 2452 1146 luntate,
2501 1083 2808 1153 quempiam
2855 1086 3150 1154 quemlibet
3194 1101 3315 1142 esse
3361 1088 3444 1142 vel
3489 1104 3596 1144 non
3641 1104 3806 1156 esse;

2226 1173 2504 1228 Romanus
2530 1175 2672 1228 enim
2717 1177 2958 1246 pontifex
2981 1180 3002 1242 ,‘
3045 1185 3105 1230 nt
3141 1178 3409 1248 sapientes
3446 1190 3668 1247 norunt,
3697 1197 3806 1236 non

2224 1265 2382 1319 modo
2411 1267 2624 1334 deponi,
2657 1267 2750 1322 sed
2779 1269 2940 1322 etiam
2973 1269 3117 1324 nullo
3137 1269 3447 1326 Christiano
3467 1271 3590 1340 jure
3611 1289 3642 1326 a
3671 1289 3808 1344 quo-

2221 1357 2352 1414 libct
2402 1369 2582 1429 potest
2613 1359 2866 1428 judicari.
2919 1364 3119 1418 Deinde
3161 1365 3286 1434 quia
3337 1381 3459 1420 cum
3505 1367 3560 1420 in
3608 1369 3804 1422 eodem

2220 1451 2438 1508 decreto
2473 1463 2690 1508 cautum
2735 1465 2878 1510 esset
2919 1465 2976 1510 ut
3015 1457 3200 1511 Romae
3231 1459 3501 1528 pontificis
3537 1461 3738 1515 electio
3771 1476 3804 1512 a

2220 1543 2464 1598 Romano
2511 1545 2660 1600 clero
2709 1555 2762 1600 et
2809 1547 3004 1616 populo
3051 1533 3300 1618 agerent,
3349 1565 3403 1605 et
3449 1563 3634 1620 postea
3689 1553 3802 1623 regi

2218 1633 2610 1702 uotificarctur,
2683 1636 2780 1704 ipsi
2835 1637 3117 1705 prtefatum
3165 1641 3440 1695 decretum
3499 1643 3798 1710 violantes,

2217 1723 2496 1796 elegerunt
2541 1727 2682 1796 quod
2737 1729 2817 1782 eis
2877 1745 2984 1784 non
3033 1730 3260 1798 licebat,
3307 1732 3457 1802 prius
3503 1733 3802 1790 Cadalaum

540 1821 816 1874 civitatem
845 1835 966 1874 cum
991 1818 1238 1872 Ticinum
1261 1833 1318 1872 se
1345 1833 1568 1888 pergere
1593 1826 1828 1888 putaret,
1859 1831 2018 1872 mane
2048 1818 2114 1872 ad
2149 1815 2190 1872 Β
2219 1815 2601 1884 Parmensem,
2647 1829 2834 1889 postea
2887 1820 3222 1876 Wicbertum
3275 1824 3666 1890 Ravennatem,
3717 1829 3802 1882 in-

537 1919 754 1978 portam
783 1910 1020 1966 civitatis
1047 1909 1461 1964 Mediolanensis
1485 1925 1604 1978 qua:
1625 1909 1823 1963 dicitur
1847 1907 2111 1973 Romana,

538 2003 832 2056 invenitur.
876 2001 1120 2070 Cumque
1169 2001 1418 2056 inventus
1455 2001 1819 2056 custodiretur
1859 2014 1888 2052 a
1919 1999 2114 2069 pepqu

539 2095 704 2149 missa
759 2093 1022 2149 relatione
1071 2095 1138 2150 ad
1189 2094 1576 2164 imperatorem
1632 2092 2110 2148 clementissimum

539 2186 1016 2252 Valentinianum,
1071 2187 1160 2258 qui
1215 2188 1316 2241 hoc
1363 2201 1575 2242 summo
1622 2187 1816 2257 gaudio
1873 2185 2108 2254 accepit,

537 2283 678 2350 quod
717 2281 926 2352 judices
955 2282 1020 2335 ad
1052 2295 1110 2337 se
1138 2279 1328 2336 directi
1369 2281 1436 2336 ad
1465 2279 1830 2335 sacerdOtium
1859 2287 2111 2348 peteren-

539 2381 641 2425 lttl‘.
687 2391 704 2422 ι

607 2462 745 2516 Ecce
775 2475 840 2516 ex
873 2461 956 2516 his
980 2471 1034 2516 et
1055 2461 1280 2530 praefato
1308 2461 1482 2528 capite
1507 2461 1875 2529 patentissimo
1897 2459 2107 2528 colligi-

535 2563 641 2620 tur,
681 2554 834 2623 juxta
879 2553 1112 2623 priscam
1145 2553 1583 2606 consuetmlincm
1615 2553 1862 2619 pra-fatos
1889 2553 2106 2620 pontifi—

531 2661 622 2702 ces
665 2645 864 2700 electos
905 2644 1108 2710 fuisse;
1153 2645 1246 2698 sed
1295 2643 1418 2712 quia
1465 2643 1766 2697 nullatenus
1805 2643 2106 2711 promoveri

529 2739 894 2808 patiebantur,
922 2753 1044 2794 cum
1077 2738 1127 2790 in
1156 2737 1374 2790 alterius
1402 2735 1664 2790 electione
1685 2734 1968 2803 przrfectus
1993 2735 2104 2788 vice

531 2831 932 2894 Romanorum,
989 2829 1268 2892 Mauricii;
1329 2828 1379 2880 in
1435 2826 1658 2878 alterius
1709 2841 1838 2880 vero
1879 2825 2104 2894 populus

531 2921 897 2976 Valentiniani
935 2920 1130 2990 legitur
1156 2917 1414 2972 auxilium
1451 2917 1721 2982 expetisse
1746 2956 1760 2980 ,
1803 2925 1948 2985 patet
1977 2931 2102 2986 pro-

529 3015 703 3081 fecto,
743 3013 895 3084 juxta
959 3029 1079 3084 cap.
1117 3011 1150 3066 8
1209 3010 1419 3080 synodi,
1467 3010 1760 3064 Ecclesium
1819 3010 2103 3066 saecularcs

527 3113 822 3174 potestates
855 3105 912 3159 in
947 3105 1030 3160 sui
1072 3101 1396 3170 adjutorium
1439 3101 1722 3166 invitasse,
1764 3117 1964 3172 easque
1994 3119 2096 3157 non

527 3195 754 3266 imperio
781 3195 875 3250 sed
919 3194 1224 3250 obcdientia
1266 3203 1390 3246 tunc
1419 3207 1544 3246 usas
1583 3193 1767 3250 fuisse.
1803 3191 1952 3259 Quod
1981 3195 2098 3264 qui-
2128 3159 2170 3219 Ο

525 3289 644 3344 dem
691 3305 798 3344 non
831 3288 1042 3344 videtur
1069 3285 1226 3341 nobis
1259 3285 1374 3340 fieri
1399 3301 1504 3342 non
1535 3285 1717 3350 licere,
1749 3287 1792 3340 si
1821 3287 2100 3356 contingat

523 3379 742 3448 dignum
781 3378 1073 3449 quemlibet
1120 3393 1438 3432 consensum
1491 3378 1542 3431 in
1583 3377 1665 3432 sui
1703 3377 2098 3446 promotionem

521 3472 764 3541 praebere
813 3469 1044 3540 regalem
1090 3484 1214 3524 vero
1255 3477 1576 3538 potestatem
1617 3468 1894 3538 contingat
1925 3467 1978 3520 in
2010 3481 2100 3520 ea-

523 3566 642 3618 dem
663 3561 886 3617 dieecesi
909 3562 1116 3627 adesse,
1145 3570 1204 3616 ut
1228 3559 1635 3614 Valentinianus
1665 3569 1790 3614 tunc
1815 3559 1868 3612 in
1897 3557 2098 3612 Medio-

523 3653 730 3706 lanensi
781 3652 977 3722 legitur
1021 3649 1276 3706 adfuisse.
1325 3651 1393 3706 Ut
1434 3661 1618 3704 autem
1641 3659 1913 3720 quaeratur
1942 3659 2093 3704 extra

522 3745 831 3808 diu-cesim,
865 3759 988 3800 cum
1018 3744 1178 3812 longo
1216 3743 1510 3798 interstitio
1553 3743 1722 3811 possit
1757 3743 1965 3808 abesse,
2001 3743 2095 3796 ab-

521 3837 890 3890 surdissimum
907 3846 1008 3901 est,
1027 3851 1148 3890 cum
1166 3835 1630 3891 sanctissimorum
1649 3834 1868 3888 Patrum
1891 3835 2092 3904 legibus

521 3935 779 3979 statutum
821 3927 988 3982 sitne
1031 3927 1174 3980 intra
1215 3935 1326 3980 tres
1363 3940 1575 3980 menses
1601 3925 1873 3979 viduatam
1927 3925 2088 3980 relin-

519 4025 688 4088 quant
717 4017 1010 4072 Ecclcsiam
1039 4031 1070 4070 a
1101 4015 1374 4086 pontifice.

589 4109 740 4176 Quod
775 4125 901 4165 vero
939 4110 990 4164 in
1036 4107 1271 4163 Historia
1317 4105 1588 4178 tripartita
1623 4105 1817 4176 legitur
1853 4107 2090 4160 Valenti-

517 4205 710 4258 nianus
743 4203 870 4272 imp.
909 4202 1108 4256 dixisse
1140 4201 1426 4254 Ambrosio
1461 4218 1474 4252 :
1515 4199 1658 4254 Deus
1700 4199 1792 4251 tibi
1833 4200 2086 4252 conmisit

517 4295 742 4358 animas,
770 4307 862 4360 ego
902 4307 1162 4360 corpora;
1201 4305 1360 4358 quam
1398 4290 1627 4359 pessime
1657 4291 1928 4344 coluereat
1957 4305 2089 4358 prae-

517 4385 858 4449 cedentibus,
893 4384 984 4453 qui
1015 4383 1142 4450 legit
1181 4382 1460 4452 intelligat.
1499 4381 1663 4436 Valde
1691 4383 1835 4436 enim
1867 4390 2086 4436 contra-

2217 1909 2442 1964 ducntes
2481 1924 2574 1966 eos
2625 1911 2932 1980 apostolicis
2987 1914 3314 1986 insignibus,
3361 1927 3618 1974 vocantes
3669 1935 3800 1990 apo-

2216 1999 2433 2055 stolicos
2478 2011 2752 2068 apostatas
2779 2043 2794 2068 ,
2851 2003 3170 2059 Antichristi
3229 2022 3608 2074 praecessores.
3651 2009 3800 2068 Prai-

2215 2101 2359 2146 terea
2415 2101 2596 2146 autem
2644 2095 2898 2162 prmfatns
2945 2095 3251 2151 Wicbertus
3301 2107 3391 2152 aut
3441 2100 3522 2154 sui
3573 2111 3633 2155 ut
3685 2117 3799 2156 sum

2213 2184 2350 2250 parti
2377 2184 2612 2238 favorem
2643 2187 2998 2251 ascriberent,
3021 2191 3262 2257 quietiam
3288 2191 3338 2244 in
3361 2193 3549 2248 eodem
3573 2193 3796 2247 decreto

2213 2275 2490 2336 addendo,
2523 2277 2766 2344 qtnedatn
2803 2279 3090 2343 mutando,
3121 2281 3190 2332 ita
3222 2281 3348 2334 illud
3385 2283 3732 2338 reddiderunt
3759 2301 3790 2338 a

2212 2380 2270 2420 se
2300 2365 2594 2430 dissidens,
2629 2375 2686 2419 ut
2717 2380 2807 2420 aut
2833 2383 3002 2436 pauca
3033 2379 3121 2421 aut
3153 2370 3293 2423 nulla
3331 2373 3660 2442 exetnplaria
3687 2377 3792 2431 sibi

2212 2457 2594 2511 concordantia
2641 2457 2854 2513 valeant
2899 2460 3147 2515 inveniri.
3180 2461 3351 2528 Quale
3383 2441 3561 2520 autem
3601 2467 3792 2524 decre-

2211 2555 2322 2600 tum
2363 2556 2465 2612 est,
2499 2549 2640 2617 quod
2689 2565 2717 2603 a
2759 2565 2819 2604 se
2859 2553 2931 2604 ita
2962 2553 3265 2622 discrepare
3307 2556 3538 2624 videtur,
3571 2569 3630 2612 ut
3659 2561 3788 2630 quid

2209 2641 2262 2694 in
2289 2655 2354 2696 eo
2381 2643 2716 2712 potissimum
2746 2647 2890 2700 credi
2924 2647 3135 2714 debeat,
3170 2649 3485 2718 ignoretur?

2279 2733 2384 2786 Sed
2421 2743 2478 2786 ut
2522 2735 2734 2790 tandem
2783 2737 3076 2794 invincibili
3109 2741 3288 2810 gladio
3335 2741 3614 2810 feriamus,
3645 2759 3786 2816 pra:-

2207 2822 2349 2876 fatus
2381 2821 2660 2888 Nicolaus,
2695 2841 2832 2880 unus
2862 2827 3068 2883 scilicet
3095 2831 3431 2900 patriarcha,
3461 2851 3581 2888 cum
3611 2835 3786 2906 quoli-

2205 2913 2295 2968 bet
2342 2915 2716 2986 cpiscoporum
2761 2920 3024 2984 concilio,
3068 2939 3171 2976 non
3217 2926 3392 2992 potuit
3437 2929 3782 2999 abrumpere,

2207 3007 2313 3059 imo
2359 3021 2456 3060 nec
2507 3017 2745 3074 mutare,
2779 3027 2882 3063 non
2920 3013 3190 3068 obviantia
3227 3017 3377 3076 fidei.
3427 3019 3652 3087 prtefata
3686 3023 3784 3076 de-

2205 3104 2352 3148 creta
2405 3106 2713 3152 sanctorum
2762 3101 3000 3172 quinque
3051 3107 3519 3174 patriarcharum,
3573 3113 3784 3168 scilicet

2207 3183 2466 3250 Romani,
2508 3186 2874 3252 Alexandrini,
2928 3193 3271 3262 Antiocbcni,
3319 3197 3780 3271 Jerosolymitani,

2202 3271 2802 3344 Constantinopolitani,
2827 3287 2880 3333 et
2911 3290 2968 3334 ut
2993 3297 3058 3334 ex
3093 3299 3316 3341 numero
3347 3287 3588 3357 praefatis
3621 3305 3783 3364 syno-

2197 3368 2282 3420 dis
2313 3369 2554 3436 apposito
2595 3370 2772 3440 colligi
2815 3381 3010 3439 potest,
3055 3385 3366 3432 sanctorum
3397 3379 3648 3446 Patrum,
3679 3401 3777 3438 nu-

2200 3475 2350 3514 mero
2379 3475 2473 3514 CCI.
2511 3469 2564 3514 et
2606 3475 2670 3517 eo
2701 3464 2952 3534 amplius,
2997 3475 3072 3523 tot
3103 3469 3318 3538 quidem
3363 3473 3614 3544 leguntur
3641 3493 3780 3548 prte-

2197 3549 2336 3605 fatas
2389 3552 2799 3608 constitutiones
2847 3557 2960 3611 suis
3015 3561 3348 3629 temporibus
3396 3566 3680 3632 statuisse,
3725 3569 3780 3622 in

2197 3641 2392 3712 quibus
2431 3658 2538 3698 non
2584 3644 2931 3700 inveniuntur
2974 3649 3267 3719 quidquam
3311 3653 3471 3722 regia:
3515 3659 3778 3724 potestati

2197 3733 2250 3786 in
2281 3733 2595 3802 pontificum
2626 3735 2890 3791 electione
2919 3753 3011 3792 seu
3047 3741 3387 3808 promotione
3415 3743 3756 3803 concessisse

2197 3827 2327 3893 imo,
2363 3837 2422 3881 ut
2449 3829 2764 3898 praedictum
2795 3839 2900 3895 est,
2931 3833 3335 3890 considentibus
3358 3851 3478 3890 cum
3511 3838 3592 3893 eis
3621 3840 3780 3894 Chri-

2194 3920 2540 3975 stianissimis
2571 3921 2987 3989 imperatoribus
3021 3933 3075 3978 et
3115 3941 3221 3980 non
3253 3929 3775 3994 contradicentibus,

2191 4011 2443 4082 leguntur
2473 4013 2572 4065 sub
2605 4021 2862 4080 perpetuo
2887 4014 3231 4069 anathemate
3261 4017 3514 4072 vetuisse.
3545 4019 3700 4086 Quod
3731 4023 3778 4075 si

2191 4103 2296 4158 hoc
2347 4103 2728 4157 vindicandum
2775 4113 2862 4158 est
2902 4119 2966 4157 ex
3009 4105 3319 4160 Graecorum
3379 4109 3776 4178 imperatorum

2191 4193 2598 4261 consuetudine,
2623 4193 2706 4247 vel
2733 4209 2798 4248 ex
2825 4195 3181 4250 Ambrosiana
3212 4196 3293 4251 vel
3319 4211 3384 4252 ex
3433 4197 3772 4269 Gregortana

2190 4289 2477 4356 electione,
2513 4299 2748 4356 constat,
2779 4299 2837 4344 ut
2861 4289 3200 4358 prmmissnm
3237 4295 3342 4352 est,
3371 4289 3590 4343 eosdem
3625 4291 3772 4362 ipsos

2189 4383 2292 4440 hoc
2322 4385 2483 4439 veluti
2514 4385 2626 4440 Deo
2653 4385 2936 4440 adversum
2973 4384 3263 4453 respuisse,
3293 4383 3610 4438 corumdem
3641 4401 3771 4441 vero

515 4478 654 4532 rium
681 4476 911 4544 videtur,
937 4485 990 4530 et
1017 4477 1116 4530 hoc
1137 4491 1260 4530 eum
1288 4475 1506 4538 dixisse,
1539 4487 1590 4530 et
1619 4485 1677 4530 ut
1705 4492 1734 4530 a
1765 4491 1823 4530 se
1845 4475 2086 4546 pontifex
2117 4505 2164 4563 υ
2189 4475 2506 4544 pontificum
2547 4476 2865 4532 electionem
2907 4486 2960 4529 et
2994 4477 3387 4543 promotionem
3421 4490 3520 4529 vni
3560 4480 3774 4548 synodo

514 4567 824 4638 eligeretur,
858 4567 1000 4636 quod
1035 4567 1230 4622 ibidem
1263 4566 1597 4636 prtemissum
1632 4575 1740 4632 est,
1785 4567 2086 4622 nullatenus

514 4661 872 4716 consensisse.
905 4661 1016 4716 lloc
1041 4671 1218 4716 autem
1247 4660 1378 4714 nihil
1411 4661 1565 4714 nobis
1589 4661 1928 4726 adversatur,
1961 4677 2084 4716 cum

511 4752 704 4806 beatus
749 4752 1042 4822 Gregorius
1069 4753 1310 4807 eamdem
1357 4751 1647 4806 Historiam
1687 4752 1998 4806 mendosam
2032 4761 2089 4806 et

515 4861 544 4898 a
568 4844 810 4898 Romana
843 4845 1078 4900 Ecclesia
1112 4845 1450 4915 repudiatam
1483 4843 1732 4898 aflirmet.

587 4933 724 4988 Sunt
763 4934 891 4988 item
947 4935 1036 5002 qui
1091 4935 1354 5002 objiciunt
1406 4948 1420 4987 :
1481 4933 1756 4988 Nicolaum
1808 4931 2084 4988 Juniorcm

512 5026 730 5080 decreto
775 5026 962 5097 synodi
1007 5026 1385 5091 constituisse,
1427 5035 1486 5080 ut
1515 5027 1748 5082 obeunte
1787 5027 2084 5096 apostolico

510 5115 765 5185 pontiﬁce
810 5131 1094 5172 successor
1128 5116 1436 5184 eligeretur,
1486 5125 1540 5170 et
1586 5117 1776 5170 electio
1817 5114 1934 5184 ejus
1971 5117 2083 5185 regi

483 5209 904 5264 'notificaretur.
941 5209 1102 5264 Facta
1133 5223 1262 5262 vero
1291 5208 1574 5272 electione,
1606 5218 1658 5264 et
1682 5221 1741 5264 ut
1769 5209 2082 5278 prmdictum

511 5313 589 5330 Α...
643 5302 758 5330 nam:
789 5299 1060 5330 nnl:nnnln
1117 5301 1188 5330 :In
1221 5298 1434 5330 ειη-ται.νῆ
1465 5299 1701 5330 ηΑν-Ιῖΐιιν
1737 5315 2053 5330 nnnnnnnﬁnn

2191 4567 2438 4635 quamvis
2467 4577 2792 4637 praepostere
2816 4567 3204 4622 concordasse.

2257 4657 2324 4710 Et
2350 4659 2596 4726 quamvis
2627 4660 2920 4724 decretum,
2958 4659 3022 4713 de
3062 4671 3170 4728 quo
3203 4673 3430 4728 agimus,
3459 4673 3489 4713 a
3523 4661 3769 4729 praefatis

2187 4751 2442 4804 Ecclesia:
2470 4751 2674 4821 legibus
2697 4751 2913 4820 penitus
2941 4757 3247 4815 enervetur,
3273 4751 3550 4806 videamus
3581 4761 3762 4806 tamen

2187 4842 2361 4895 adhuc
2389 4841 2514 4910 quid
2557 4841 2623 4894 de
2665 4856 2729 4894 eo
2774 4841 2968 4894 iterum
3013 4839 3267 4894 Ecclesiae
3298 4849 3354 4895 et
3388 4841 3572 4898 saeculi
3617 4841 3760 4914 leges

2186 4941 2466 4998 censeant,
2508 4941 2566 4986 ut
2609 4933 2822 5004 penitus
2865 4943 3176 4987 evacuetur.
3228 4931 3306 4987 Ex
3357 4935 3564 5004 synodo
3611 4949 3758 5005 papa:

2187 5021 2395 5088 Hilarii,
2428 5039 2546 5092 cap.
2579 5023 2614 5076 ι
2643 5039 2656 5076 :
2697 5041 2716 5073 ‹
2755 5023 2886 5077 lllud
2917 5025 3058 5092 quod
3087 5025 3313 5094 quisque
3341 5026 3616 5080 commisit
3647 5025 3756 5095 epi-

2185 5131 2380 5184 scapus
2407 5116 2593 5170 illicite
2624 5125 2713 5169 aut
2744 5126 2797 5170 et
2843 5132 2870 5170 a
2902 5119 3272 5172 deeessoribus
3303 5119 3510 5172 invenit
3546 5121 3751 5186 admis—

2185 5223 2322 5272 sum,
2357 5209 2400 5262 si
2431 5209 2706 5278 proprium
2738 5210 2850 5263 vult
2877 5221 3049 5265 Vitare
3079 5210 3398 5280 periculum,
3432 5213 3704 5268 damnabit
3733 5230 3744 5264 :

2185 5299 2314 5330 Nelil‘
2347 5300 2398 5330 :l'l
2427 5315 2485 5330 ΩΔ
2529 5301 2782 5330 ηηῖιιηηῖιι
2809 5304 2858 5330 :n
2885 5305 2986 5330 ..12η
3013 5320 3116 5330 ..Λ-ι
3141 5305 3406 5330 -ΛΑΛΛΑΙ-ξί
