4018 5330
210 348 306 410 ωε

212 572 420 629 quoque
463 558 911 613 intercedentium
949 557 1153 613 fuerint
1189 557 1513 612 auctoritate
1545 556 1778 621 firmata,

213 652 515 711 nullatenus
542 651 612 708 ab
648 652 732 708 his
763 652 1072 708 discedendi
1103 651 1325 707 liberam
1355 650 1593 720 pontifex
1624 650 1706 705 vel
1735 651 1782 706 si

211 742 330 798 velit
361 743 712 812 permittatur
740 742 941 797 habere
965 741 1262 797 licentiam.
1298 761 1317 795 ι

276 835 559 889 Adrianus
600 832 980 903 Engelramino
1013 852 1025 886 :
1072 852 1091 884 ι
1137 832 1564 899 Constitutiones
1592 842 1784 888 contra

212 935 392 979 sancta
419 924 640 979 decreta
678 922 1047 979 Romanorum
1081 923 1396 994 przesulum,
1438 924 1636 981 nullius
1678 927 1789 980 sint

214 1016 495 1071 momenti.
532 1036 552 1068 ι

278 1106 577 1176 Gregorius
619 1108 671 1162 in
704 1107 956 1177 Registro
985 1124 998 1161 :
1044 1125 1067 1158 ι
1095 1106 1368 1179 Imperiali
1404 1108 1788 1163 constitutione

213 1208 393 1268 aperte
437 1200 707 1254 sancitum
747 1213 870 1256 esse
899 1208 958 1254 ut
986 1214 1050 1255 ea
1077 1214 1199 1269 qua:
1226 1208 1413 1254 contra
1445 1200 1590 1269 leges
1619 1200 1785 1265 ﬁunt,

214 1306 315 1345 non
346 1288 523 1346 solum
555 1291 798 1359 inutilia,
833 1291 929 1347 sed
961 1291 1126 1345 etiam
1157 1305 1256 1360 pro
1286 1288 1503 1346 infectis
1541 1289 1790 1346 habenda

212 1383 339 1438 sint.
374 1402 395 1435 ι
1282 1442 1287 1449 θ

280 1473 356 1526 Ex
396 1473 661 1528 Romanis
706 1473 958 1544 legibus:
1013 1491 1033 1524 ι
1078 1471 1134 1526 ld
1181 1480 1388 1527 tantum
1420 1472 1486 1526 de
1522 1484 1675 1526 sacra
1706 1483 1792 1525 re—

213 1563 500 1631 sponsione
526 1563 886 1618 subsrantiam
916 1571 1211 1625 mutuetur,
1253 1554 1396 1633 quod
1428 1553 1602 1632 legum
1642 1560 1795 1615 auxi-

213 1655 280 1710 lia
330 1664 754 1727 prosequuntur.
801 1675 821 1709 ι
861 1656 994 1711 Item
1040 1674 1054 1708 :
1113 1673 1131 1707 ι
1161 1654 1428 1711 Generale
1470 1662 1794 1724 praeceptum

215 1746 477 1802 beneﬁcio
546 1746 765 1817 speciali
824 1746 1236 1802 anteferendum
1281 1753 1387 1803 est.
1424 1764 1443 1798 ι
1496 1744 1562 1799 Et
1616 1745 1794 1798 item:

909 349 1184 406 comas
1215 324 1621 406 cntnenruu
1657 347 2052 406 asumma
2090 351 2270 407 uani
2295 352 2452 408 nuo.
2491 385 2560 394 —
2588 353 2715 409 LIB.
2742 354 2803 410 ιι.

218 478 361 523 tera:
401 483 422 517 ι
461 464 653 522 Postea
694 481 856 537 quam
888 467 1143 522 Ecclesiae
1172 466 1295 537 jura
1327 465 1775 521 documentorum
1803 470 1855 529 Α
1882 468 2010 523 dicit

3356 361 3480 421 466"

2061 485 2075 523 :
2128 468 2186 522 Si
2217 486 2308 522 nos
2338 470 2475 539 ipso:
2506 464 2892 537 judicaremus,
2932 486 2964 524 a
2995 470 3216 528 Domino
3246 491 3348 529 non
3368 477 3465 547 ju-

1881 557 2178 612 dicaremur
2209 556 2256 627 (Ι
2285 555 2407 611 Cor.
2439 562 2523 626 η).
2562 576 2581 610 ι

1956 649 2458 705 Excommunicatiu
2488 659 2670 705 autem
2714 665 2835 721 quae
2882 652 2936 706 in
2978 652 3203 721 przrfato
3248 655 3467 712 decreto

1887 744 2206 798 terribiliter
2228 743 2500 814 profertur
2529 760 2558 799 a
2582 746 2881 814 Wicbcrto,
2913 755 3005 803 aut
3033 765 3063 803 a
3092 764 3206 804 suis
3237 748 3465 804 fautori-

1886 834 2028 890 bus.
2080 835 2247 890 lndita
2302 837 2580 903 creditur,
2638 839 2894 907 quoniam
2952 840 3005 894 in
3066 840 3463 909 antiquioribus

1887 924 2129 993 ejusdem
2161 926 2367 982 decreti
2393 928 2814 998 exemplaribus,
2844 930 3004 1000 longe
3031 930 3190 986 aliter
3214 931 3464 986 habetur.

1888 1018 1955 1073 Et
1975 1019 2091 1074 haec
2118 1019 2338 1088 quidem
2372 1022 2552 1076 veniet
2580 1036 2742 1092 super
2778 1037 2870 1078 eos
2894 1023 2988 1093 qui
3031 1038 3150 1079 eam
3181 1022 3380 1081 ibidem
3412 1023 3469 1078 in

1889 1110 1973 1164 sui
2006 1109 2245 1165 favorem
2285 1110 2615 1178 indiderunt,
2657 1120 2714 1168 et
2761 1128 2925 1184 super
2959 1129 3054 1170 eos
3098 1114 3191 1184 qui
3238 1129 3360 1169 eam
3404 1113 3471 1169 ti-

1892 1202 2142 1258 mendam
2196 1218 2318 1258 esse
2360 1204 2544 1260 dicere
2586 1215 2920 1275 praesumunt
2946 1226 2958 1261 :
2985 1222 3149 1276 super
3191 1207 3313 1263 illos
3352 1206 3473 1277 qui-

1892 1296 2036 1362 dem,
2081 1304 2142 1349 nt
2178 1295 2419 1351 incidant
2459 1296 2512 1351 in
2563 1296 2771 1352 foveam
2802 1314 2963 1367 quam
3011 1299 3283 1365 foderunt,
3327 1307 3382 1354 et
3413 1311 3472 1352 ut

1894 1386 2265 1457 apprehendat
2300 1402 2393 1442 eos
2422 1388 2601 1457 captio
2640 1405 2798 1456 quam
2832 1389 3282 1445 occultaverunt:
3309 1405 3471 1459 super

1895 1477 1994 1532 hos
2035 1486 2237 1541 autem,
2285 1479 2541 1546 quoniam
2586 1478 2673 1533 ille
2720 1481 3123 1549 trcpidaverunt
3153 1482 3345 1539 timere
3385 1482 3477 1537 ubi

1897 1585 2002 1623 non
2042 1579 2187 1624 esset
2216 1571 2395 1635 timor,
2428 1572 2684 1639 quoniam
2736 1571 2995 1629 Dominus
3034 1573 3088 1627 in
3128 1573 3477 1643 generatione

1890 1656 2035 1726 justa
2067 1668 2173 1713 est.
2205 1657 2339 1713 Nam
2391 1662 2434 1713 si
2481 1661 2534 1715 in
2561 1662 2910 1731 generatione
2934 1661 3076 1731 justa
3115 1672 3216 1729 est,
3255 1663 3308 1719 in
3338 1679 3478 1733 pra:-

1900 1751 2027 1807 fatis
2051 1749 2308 1806 Patribus
2336 1750 2458 1816 fuit,
2503 1760 2557 1806 et
2595 1747 2711 1823 per'
2739 1769 2833 1809 eos
2860 1753 3071 1810 locutus
3113 1763 3215 1823 est,
3249 1755 3478 1826 ideoque

220 1856 238 1888 ι
260 1837 457 1891 Contra
476 1839 567 1908 jus
595 1840 854 1908 rescripta
887 1854 991 1893 non
1022 1840 1262 1906 valeant.
1288 1851 1610 1908 quocunque
1638 1836 1796 1890 modo
1833 1813 1872 1870 Β
1905 1842 2117 1897 illorum
2148 1843 2457 1898 maledictio
2487 1813 2629 1899 sicut
2664 1846 2756 1899 Dei
2792 1846 3032 1914 pavenda
3065 1854 3169 1902 est.
3200 1813 3286 1901 'De
3316 1813 3481 1902 male-

218 1926 415 1982 fuerint
445 1930 756 2000 impetrata.
797 1928 949 1997 Quod
990 1929 1133 1983 enim
1162 1927 1374 1998 publica
1400 1927 1522 1998 jura
1549 1926 1799 1996 praescri-

219 2022 387 2086 bunt,
440 2022 631 2090 magis.
672 2022 826 2091 sequi
879 2020 1090 2089 judices
1144 2022 1369 2076 debent.
1413 2039 1432 2072 ι
1486 2019 1554 2073 Et
1609 2015 1795 2074 infra:

227 2129 249 2163 ι
282 2111 595 2167 Personalia
641 2114 905 2184 rescripta
956 2128 1075 2184 quae
1103 2129 1224 2168 cum
1267 2114 1390 2184 jure
1441 2114 1801 2178 concordant,

220 2206 429 2260 valeant
474 2219 628 2260 more
674 2214 941 2271 veterum,
979 2215 1036 2260 et
1075 2205 1273 2277 negotii
1317 2205 1383 2260 de
1424 2217 1531 2273 quo
1564 2202 1803 2273 loquitur

222 2307 398 2352 nostra
443 2296 733 2367 rescriptio
775 2296 898 2353 linis
936 2297 1057 2352 lata:
1085 2297 1370 2352 sententiae
1404 2295 1649 2351 terminis
1677 2309 1801 2348 cen-

222 2398 416 2445 seatur.
467 2389 717 2460 Speciale
751 2399 930 2445 autem
966 2390 1011 2445 si
1050 2389 1180 2458 quid
1219 2388 1426 2458 legibus
1455 2402 1516 2442 ac
1546 2385 1657 2455 juri
1702 2385 1803 2439 itu-

225 2490 397 2550 portat
420 2482 700 2553 injuriam,
729 2482 987 2538 abolitum
1015 2482 1361 2550 exstirpetur.
1400 2500 1421 2533 ι
1454 2478 1584 2535 item
1610 2496 1625 2533 :
1657 2496 1676 2530 ι
1707 2478 1800 2534 Illa

226 2588 367 2628 sacra
392 2573 820 2645 uniuscujusque
849 2571 1201 2643 supplicantis
1247 2570 1518 2626 desiderio
1544 2582 1801 2625 concessa

232 2665 571 2735 pratvaleant,
603 2675 660 2720 et
688 2664 904 2720 effectui
935 2664 1336 2735 mancipentur,
1364 2677 1487 2733 qua:
1515 2676 1637 2717 cum
1662 2659 1804 2729 juris

228 2766 278 2811 et
300 2757 479 2827 legum
526 2758 738 2812 ratione
766 2756 1093 2812 concordant
1122 2769 1137 2808 :
1184 2770 1250 2809 ea
1306 2768 1434 2808 vero
1469 2766 1589 2823 qua:
1617 2765 1792 2805 surreo

230 2850 403 2918 ptione
436 2848 523 2905 vel
551 2847 704 2903 falsis
731 2848 980 2918 precibus
1008 2846 1236 2902 forsitan
1270 2844 1652 2914 impetrantur,
1684 2840 1803 2896 nul-

231 2940 330 2995 lum
360 2942 798 3013 supplicantibus
831 2940 1007 2996 ferant
1034 2938 1356 2994 remedium.
1389 2956 1408 2988 ι

292 3033 385 3089 llis
411 3035 599 3104 itaque
620 3033 863 3089 decursis
880 3040 1029 3103 patet
1054 3030 1337 3103 praefatum
1370 3029 1648 3084 decretum
1677 3025 1800 3081 nul-

1903 1935 2140 1991 dietione
2164 1951 2295 1991 vero
2322 1937 2533 1993 illorum
2566 1937 2657 2008 qui
2690 1939 2999 1994 earumdem
3026 1939 3250 1994 Patrum
3286 1940 3476 1997 decre-

1904 2027 1971 2081 tis
2009 2043 2116 2083 non
2156 2029 2435 2094 obediunt,
2465 2029 2598 2083 dicit
2645 2029 2784 2084 idem
2824 2028 3081 2084 Dominus
3112 2042 3209 2099 per
3246 2030 3481 2099 prophe-

1904 2128 2015 2173 tam
2049 2138 2061 2172 :
2092 2138 2111 2171 ι
2142 2119 2464 2175 Benedicam
2497 2119 2964 2174 maledictionibns
2997 2119 3192 2174 vestris
3219 2118 3478 2174 (Malach.

1905 2208 2051 2276 10;»
2109 2219 2164 2264 et
2221 2209 2350 2265 item
2391 2229 2403 2263 :
2442 2229 2459 2261 ι
2494 2207 2812 2263 Maledicent
2856 2208 2932 2262 illi
2979 2215 3033 2262 et
3081 2216 3138 2262 tu
3194 2207 3483 2262 bertbdices

1907 2296 2081 2368 (Paul.
2112 2299 2289 2369 cvm).
2321 2319 2339 2352 ι
2373 2300 2439 2355 Ει
2465 2298 2721 2354 Salomon
2748 2318 2760 2351 :
2800 2317 2819 2350 ι
2849 2299 3001 2353 Sicut
3029 2299 3146 2353 avis
3174 2298 3225 2352 in
3257 2308 3467 2355 contra.

1907 2392 2048 2446 riunt
2081 2391 2285 2455 volans,
2311 2401 2366 2447 et
2391 2407 2580 2462 passer
2603 2390 2829 2460 quilibet
2858 2390 3060 2445 vadens
3091 2407 3104 2443 :
3144 2389 3223 2444 sic
3260 2389 3483 2445 maledi-

1907 2494 2055 2541 ctum
2103 2486 2304 2539 frustra
2329 2484 2598 2555 prolatum
2631 2498 2793 2553 super
2830 2497 2955 2538 eum
2993 2483 3175 2538 veniet
3200 2482 3292 2553 qui
3336 2482 3493 2541 misit

1910 2576 2040 2631 illud
2068 2575 2342 2643 (Proverb.
2372 2575 2543 2643 xxvi).
2576 2592 2595 2624 ι
2628 2573 2739 2628 lloc
2781 2581 2970 2629 contra
3015 2574 3293 2629 decretum
3330 2569 3486 2640 cujus

1909 2683 1967 2722 se
1993 2668 2303 2744 Wicbertus
2329 2665 2651 2720 auctoritate
2677 2664 2934 2742 defendit,
2962 2672 3021 2719 ut
3056 2665 3249 2720 doceat
3276 2677 3335 2719 se
3366 2677 3487 2719 esse

1907 2757 2049 2825 quod
2073 2765 2306 2821 nonest,
2334 2771 2434 2811 nec
2457 2771 2691 2825 unquam
2723 2756 3086 2825 essepoterit.

1984 2849 2057 2903 De
2087 2862 2312 2902 numero
2340 2862 2469 2901 vero
2507 2861 2771 2901 annorum
2796 2846 2993 2916 quibus
3022 2845 3138 2901 haec
3169 2844 3491 2901 damnabilis

1909 2939 2246 2993 consuetudo
2272 2936 2639 3007 permansisse
2678 2937 2898 3001 dicitur,
2934 2942 2993 2991 ut
3023 2935 3205 2991 saeculi
3254 2942 3491 3005 potestas

1908 3040 2009 3098 pro
2056 3044 2154 3083 suo
2194 3028 2345 3082 libitu
2399 3027 2681 3097 pontifices
2725 3032 3063 3096 promoveat,
3107 3025 3232 3096 jure
3271 3025 3488 3080 causari

233 3123 325 3181 lius
380 3124 645 3178 momenti
702 3137 858 3187 esse,
919 3137 1021 3176 nec
1063 3135 1300 3190 unquam
1350 3118 1555 3187 aliquid
1598 3115 1804 3186 jurium
1833 3158 1878 3217 Ε
1911 3108 2017 3175 non
2056 3127 2249 3189 potest.
2292 3116 2426 3171 Nam
2457 3117 2522 3171 de
2569 3118 2801 3172 diversis
2848 3116 3351 3179 consuetudinibus,
3398 3112 3489 3166 illa

236 3214 501 3271 habuisse.
540 3215 608 3269 Et
653 3215 769 3269 haec
807 3214 989 3269 dicens
1014 3227 1124 3267 non
1155 3209 1448 3282 pra-judico
1483 3209 1655 3264 beata:
1694 3222 1806 3261 rne-
1839 3206 1878 3217 ν
1911 3208 2251 3279 potissimum
2282 3207 2556 3276 sequenda
2584 3217 2687 3273 est,
2720 3222 2840 3276 quae
2864 3221 2988 3261 cum
3016 3206 3279 3276 originem
3307 3218 3488 3258 sume—

236 3304 412 3358 moria:
451 3320 605 3375 papa:
648 3302 907 3366 Nicolao,
954 3318 1054 3356 nec
1109 3300 1404 3370 quidquam
1447 3298 1566 3369 ejus
1611 3295 1805 3352 honori

223 3395 461 3465 derogo,
518 3393 743 3449 Patrum
801 3393 1102 3448 sententias
1162 3390 1255 3445 Dei
1302 3388 1510 3459 Spiritu
1557 3385 1806 3441 conditas

234 3485 523 3556 sequendo.
570 3484 743 3539 llotno
791 3485 988 3554 quippe
1026 3482 1146 3549 fuit,
1194 3479 1353 3550 eique
1396 3485 1454 3532 ut
1493 3484 1685 3532 contra
1727 3474 1810 3528 fas

234 3588 412 3648 ageret
440 3576 651 3649 subripi
680 3577 876 3647 potuit.
912 3576 1020 3631 Nec
1063 3574 1260 3629 mirum
1294 3573 1396 3627 hoc
1425 3570 1599 3626 eidem
1641 3568 1813 3624 conti-

238 3672 393 3740 gisse,
428 3686 554 3725 cum
584 3670 809 3740 quidam
844 3669 1010 3738 ipsius
1037 3669 1291 3723 decessor
1323 3663 1625 3718 inveniatur
1658 3660 1813 3732 quid-

241 3763 354 3829 dam
410 3763 750 3826 oeerevisse,
799 3769 855 3815 et
905 3760 1115 3815 meliori
1170 3774 1301 3813 usus
1353 3755 1579 3813 consilio
1631 3763 1818 3823 postea

242 3853 572 3906 immutasse.
634 3849 917 3920 Siquidem
960 3849 1271 3903 Bonifacius
1313 3846 1584 3903 secundus
1618 3844 1818 3915 legitur

240 3960 302 3999 ex
338 3945 563 4001 decreto
607 3943 957 3999 constituisse
1000 3941 1251 4011 Vigiliqu
1293 3940 1580 3995 diaconum
1612 3937 1715 3993 sibi
1762 3938 1816 3992 in

247 4036 558 4105 pontificatu
595 4034 912 4091 succedere.
945 4032 1097 4099 Quod
1129 4033 1256 4103 quia
1285 4032 1530 4086 Romano
1563 4029 1709 4085 clero
1740 4028 1817 4082 vi-

248 4142 357 4182 sum
401 4136 487 4182 est
528 4126 829 4182 canonibus
876 4124 1191 4189 adversari,
1240 4130 1507 4193 praesente
1555 4121 1703 4175 clero
1753 4121 1822 4174 ab

250 4221 430 4274 eodem
452 4219 793 4289 suppositum
821 4227 907 4273 est
932 4218 1062 4288 igni,
1094 4224 1218 4271 ante
1243 4214 1639 4271 confessionem
1676 4213 1821 4268 beati

252 4308 391 4365 Petri
441 4309 691 4379 apostoli.
732 4309 802 4362 Et
844 4318 992 4363 certe
1045 4305 1301 4376 praefatus
1353 4304 1605 4359 Nicolaus
1640 4303 1825 4357 divino

254 4418 392 4465 metu
432 4425 735 4466 concussus
779 4409 882 4465 hoc
920 4409 1061 4464 idem
1111 4407 1354 4473 fecisset,
1399 4406 1447 4461 si
1481 4413 1561 4461 tot
1603 4404 1824 4459 Patrum

1914 3307 2016 3365 ret,
2050 3297 2351 3353 catholicos
2379 3297 2568 3351 Patres
2598 3311 2818 3350 suorum
2859 3296 3099 3363 priorum
3131 3293 3351 3347 Patrum
3401 3306 3491 3346 ve—

1916 3388 2074 3459 stigia
2108 3396 2378 3442 sectantes
2407 3395 2661 3441 auctores
2688 3386 2899 3448 habuit,
2929 3385 3069 3438 sicut
3098 3383 3285 3437 Patres
3318 3381 3488 3450 septi-

1917 3494 2019 3533 m:e
2048 3486 2326 3531 etoctavze
2353 3475 2543 3546 synodi
2575 3473 2746 3530 secuti
2777 3480 2903 3529 sunt
2940 3481 3144 3527 statuta
3176 3478 3491 3525 sanctorum

1921 3571 2140 3624 Patrum
2174 3568 2546 3622 Romanorum
2579 3565 2917 3636 pontificum,
2947 3574 3000 3619 et
3039 3563 3116 3618 illi
3146 3563 3465 3619 consuetudi

1921 3677 2043 3715 nem
2071 3661 2138 3715 ab
2168 3657 2534 3728 apostolorum
2574 3656 2927 3727 temporibus,
2963 3669 3060 3725 per
3099 3667 3288 3709 omnes
3318 3652 3504 3708 Eccle-

1921 3753 2032 3807 sias
2062 3754 2429 3808 observatam.
2460 3750 2539 3806 Ea
2569 3765 2696 3805 vero
2725 3750 3075 3820 perversitas,
3112 3760 3232 3818 qua:
3259 3761 3289 3800 a
3319 3744 3504 3800 sarculi

1924 3845 2260 3914 principibus
2291 3843 2676 3914 super-inducta
2710 3850 2811 3908 est,
2853 3858 2958 3897 non
2986 3839 3300 3912 praejudicat
3327 3837 3511 3893 eidem

1925 3947 2126 3994 sancta:
2149 3938 2526 3993 consuetudini
2562 3936 2896 4006 quantalibet
2929 3944 3228 4003 temporum
3257 3931 3507 3986 obtinue-

1930 4031 1999 4085 rit
2034 4030 2324 4085 curricula.
2362 4028 2575 4099 Alioqui
2608 4027 2870 4083 Dominus
2901 4028 3040 4080 Deus
3077 4030 3265 4077 noster
3292 4021 3513 4089 culpan-

1930 4123 2034 4178 dus
2073 4132 2176 4188 est,
2219 4122 2313 4191 qui
2359 4120 2499 4177 filios
2541 4118 2707 4175 Israel
2751 4115 3065 4186 longissima
3112 4110 3511 4168 consuetudine

1930 4218 2028 4272 sub
2054 4217 2317 4271 servitute
2345 4215 2613 4276 detentos,
2643 4219 2754 4265 tum
2786 4209 2885 4264 sub
2928 4207 3234 4268 Pharaone,
3266 4213 3376 4256 tum
3406 4201 3507 4254 sub

1912 4310 2071 4379 ‘Cyro
2115 4292 2402 4363 vcl’Dario
2443 4303 2719 4367 liberavit,
2762 4310 2816 4355 et
2859 4301 3155 4355 humanum
3190 4309 3360 4366 genus
3404 4294 3508 4347 sub

1933 4397 2131 4453 diaboli
2159 4397 2422 4452 servitute
2459 4394 2615 4463 longa
2638 4389 3030 4448 consuetudine
3058 4388 3360 4450 detentum,
3384 4392 3508 4454 post

258 4502 549 4558 sententias
576 4511 707 4558 tunc
740 4502 796 4557 in
826 4517 995 4556 unum
1033 4500 1311 4565 collectas,
1343 4499 1591 4564 vidisset,
1612 4512 1827 4575 easque
1856 4498 1906 4559 D
1934 4491 2172 4560 Quinque
2235 4487 2398 4541 millia
2449 4500 2713 4540 annorum
2766 4479 3039 4575 curricula
3076 4477 3297 4575 propria
3330 4484 3504 4575 morte

257 4611 349 4652 suo
401 4597 620 4657 decreto
680 4605 797 4654 tam
852 4597 1196 4653 concorditer
1256 4595 1534 4652 adversari
1593 4606 1827 4664 perpen—

259 4687 436 4745 disset.

321 4778 516 4836 Beatus
538 4795 759 4852 quoque
780 4779 1117 4852 Augustinus
1142 4779 1337 4835 librum
1360 4776 1829 4834 Retractationum

260 4872 573 4941 composuit,
631 4871 686 4926 in
738 4870 1136 4927 correctionem
1186 4884 1536 4941 eorunrquae
1563 4868 1717 4939 prius
1752 4868 1833 4922 in-

259 4968 409 5015 caute
437 4960 748 5032 descripsit,
775 4970 830 5018 et
860 4970 918 5017 ut
948 4959 1094 5018 idem
1117 4960 1344 5032 quisque
1366 4960 1585 5033 sapiens
1624 4958 1786 5014 faciat
1816 4998 1831 5024 ,

262 5048 339 5106 bis
382 5053 566 5107 verbis
617 5051 1040 5112 commonefacit
1082 5069 1095 5105 :
1148 5050 1222 5106 ait
1266 5054 1407 5108 enim
1468 5052 1523 5106 in
1572 5048 1834 5117 protemio

1934 4580 2180 4635 redemit.
2216 4578 2484 4633 Praeterea
2518 4592 2641 4637 cum
2679 4572 2883 4630 Veteris
2915 4578 2969 4625 et
2996 4569 3129 4624 Novi
3181 4566 3519 4624 Testamenti.

1932 4676 2145 4746 legibus
2171 4672 2496 4727 adulterium
2534 4667 2821 4722 inhibitum
2851 4666 2942 4728 sit,
2975 4663 3021 4716 si
3063 4662 3154 4732 qui
3180 4675 3336 4732 reges
3364 4658 3517 4714 adul—

1933 4769 2132 4823 terium
2187 4762 2605 4825 commiserint,
2658 4755 2900 4827 nunquid
2952 4768 3138 4808 eormn
3195 4747 3529 4807 auctoritate»

1935 4853 2138 4927 posteri
2202 4868 2355 4925 reges
2415 4847 2714 4906 adulterari
2782 4845 2884 4902 sibi
2948 4843 3154 4899 licitum
3219 4836 3523 4913 putabunt?

1935 4948 2109 5004 Absit.

2010 5041 2077 5093 Et
2104 5037 2323 5106 quidem
2363 5042 2569 5088 certum
2606 5042 2691 5087 est
2735 5046 2924 5103 regum
2954 5033 3141 5083 contra
3189 5026 3339 5096 leges
3376 5034 3523 5076 com-
