4018 5330
576 395 672 448 ἠ-ῧῚ

1683 415 1737 471 S.
1791 413 2090 470 ANSELMI
2129 411 2462 472 LUCENSIS
2491 415 2794 474 EPISCOP!

3743 407 3852 464 468

567 515 652 560 "’3
697 523 1028 588 aurigarum
1084 522 1168 578 vel
1213 523 1544 594 prophetica:
1594 536 1689 581 aut
1743 529 2052 598 apostolica:
2080 527 2172 582 do-
2199 533 2246 590 Α
2274 543 2372 600 per
2413 545 2540 587 suos
2585 533 2839 587 diaconos
2873 531 3050 600 potius
3083 529 3355 585 intimare.
3399 525 3644 595 Cumque
3680 523 3849 578 iidem

572 611 760 666 ctrina:
782 613 1222 668 constitutionem
1255 615 1368 671 sive
1390 626 1701 672 sanctorum
1725 618 1949 673 Patrum
1975 628 2158 674 actum

571 701 756 770 fuerit,
806 703 988 766 stabit,
1037 713 1094 759 et
1143 707 1284 775 quod
1335 708 1404 762 ab
1433 708 1740 766 inﬁdelibus
1785 719 1840 766 et
1888 710 2157 766 haereticis

571 803 822 850 sanctum
851 797 976 862 erit,
1005 798 1226 855 omnino
1247 801 1567 856 cassabitur.
1599 819 1618 853 ι

643 887 774 942 ltem
805 888 1080 944 Adrianus
1119 891 1184 944 ad
1220 891 1660 962 Engelrammum
1689 895 2000 965 episcopum
2030 911 2151 966 cap.

569 976 677 1032 £8:
709 995 727 1028 ι
759 977 890 1032 Item
941 981 1176 1050 generali
1217 981 1436 1038 decreto
1475 985 1854 1039 constituimus
1895 995 1958 1040 ut
1995 1001 2152 1041 exse-

569 1067 830 1120 crandum
893 1070 1189 1125 anathema
1249 1071 1383 1135 ﬁat,
1438 1083 1494 1127 et
1551 1073 1717 1127 veluti
1766 1076 2155 1144 prrevaricator

569 1155 850 1212 catholicae
901 1158 1024 1213 fidei
1079 1152 1292 1230 semper
1337 1162 1476 1231 apud
1521 1163 1688 1217 Deum
1747 1179 1872 1220 reus
1926 1167 2149 1232 existat,

567 1245 878 1316 quicunque
911 1247 1117 1318 Regum
1159 1250 1238 1304 vel
1269 1261 1548 1322 potentum
1593 1253 1849 1324 deinceps
1879 1271 2150 1310 canonum

568 1353 858 1394 censuram
908 1341 961 1395 in
1003 1357 1330 1412 quocunque
1379 1344 1670 1399 crediderit
1715 1346 1796 1400 vel
1841 1349 2152 1416 permiserit

567 1427 894 1484 violandam.
927 1449 946 1484 ι
981 1431 1114 1488 Item
1149 1433 1288 1488 idem
1322 1437 1386 1490 ad
1416 1435 1666 1490 eumdem
1699 1453 1712 1492 :
1745 1457 1764 1488 ‹
1791 1437 2150 1496 Constitutio-

565 1536 663 1576 nes
695 1534 882 1578 contra
933 1536 1118 1580 sancta
1152 1527 1368 1584 decreta
1411 1528 1778 1584 Romanorum
1831 1535 2147 1602 prtesulum,

565 1611 768 1667 nullius
803 1614 909 1666 sint
933 1618 1212 1672 momenti.
1247 1638 1265 1669 ι

637 1703 693 1758 Si
720 1713 900 1760 autem
938 1709 1116 1762 omnis
1159 1709 1440 1779 plantatio,
1489 1727 1651 1782 quam
1703 1713 1864 1770 Pater
1907 1715 2146 1772 caelestis

565 1809 674 1850 non
711 1795 998 1864 plantavit,
1027 1799 1417 1866 eradicabitur,
1447 1811 1502 1856 et
1527 1805 1594 1866 si,
1622 1812 1678 1858 ut
1701 1805 2020 1873 prmdictum
2039 1819 2142 1871 cst,

2259 619 2400 674 sacri
2433 635 2672 676 canones
2698 620 3024 691 prohibeant
3045 619 3145 675 sub
3167 615 3625 673 interminatione.
3650 626 3846 682 quem-

2259 723 2366 777 que
2392 711 2706 780 pontificem
2737 727 2765 764 a
2798 726 2894 766 sua
2933 709 3229 766 cathedrali
3261 707 3488 764 ecclesia
3531 707 3708 761 tribus
3737 704 3849 759 Do-

2257 803 2472 858 minicis
2500 803 2686 859 diebus
2730 805 2943 869 abesse,
2985 804 3122 858 alios
3161 803 3380 872 quidem
3409 815 3596 855 eorum
3632 799 3724 852 vix
3763 807 3853 851 ter

2257 903 2350 949 aut
2372 903 2564 964 quater
2591 896 2643 950 in
2684 911 2846 962 anno,
2873 898 3056 951 ethos
3091 896 3178 949 vis
3213 909 3352 948 anno
3391 892 3601 961 integro
3631 890 3852 945 contin-

2256 985 2334 1055 git
2377 987 2596 1042 easdem
2649 988 2904 1042 revisere.
2951 987 3019 1042 Et
3061 996 3122 1042 ut
3163 985 3260 1040 soli
3308 999 3413 1038 non
3453 991 3701 1054 peccent,
3749 982 3849 1036 sed

2256 1077 2388 1130 ﬁant
2435 1086 2494 1132 ut
2542 1079 2803 1148 scriptum
2849 1087 2934 1134 est
2981 1095 2994 1132 :
3047 1096 3065 1130 ι
3119 1077 3344 1148 laqueus
3387 1076 3647 1146 juvenum
3697 1071 3838 1138 (Isa.

2255 1169 2412 1240 un),
2453 1189 2470 1220 ο
2499 1171 2630 1224 dant
2651 1169 2956 1240 exemplum
2978 1169 3189 1224 clericis
3211 1185 3337 1224 suas
3369 1167 3556 1222 itidem
3581 1165 3848 1220 ecclesias

2254 1259 2529 1327 deserere,
2551 1270 2616 1315 ‘et
2647 1261 2746 1317 sub
2773 1275 2868 1331 spe
2895 1260 3238 1332 episeopandi
3287 1271 3469 1328 regum
3508 1255 3674 1312 curia:
3701 1255 3846 1310 mili-

2253 1355 2302 1404 ta
2312 1365 2389 1404 re.

2323 1438 2430 1494 Sed
2461 1439 2738 1508 objicitur.
2783 1439 3014 1498 clericos
3059 1450 3114 1494 ut
3145 1439 3326 1494 divina
3355 1437 3530 1492 ofﬁcia
3573 1435 3840 1506 principi-

2249 1529 2352 1586 bus
2381 1530 2692 1596 exhibeant,
2727 1532 3045 1585 eorumdem
3097 1530 3402 1584 inhabitare
3433 1527 3638 1581 curiam
3675 1540 3843 1593 opor-

2251 1631 2390 1688 tere,
2439 1623 2594 1692 quasi
2653 1637 2758 1676 non
2815 1621 2886 1676 sit
2912 1621 3114 1692 justius
3161 1619 3300 1690 apud
3349 1619 3538 1680 Deum,
3589 1624 3646 1669 et
3697 1613 3842 1683 apud

2249 1713 2498 1768 homines
2528 1711 2958 1775 convenit-otius,
2991 1724 3260 1780 quemque
3302 1708 3613 1778 episcopum
3654 1704 3706 1758 in
3744 1719 3842 1758 cn-

2244 1805 2334 1874 jus
2375 1804 2597 1858 dioecesi
2635 1803 2902 1874 contingit
2939 1802 3239 1872 principem
3276 1801 3484 1863 adesse,
3517 1797 3692 1850 eidem
3725 1795 3842 1848 ido-

565 1887 709 1955 quod
743 1887 810 1941 ab
839 1887 1148 1944 inﬁdelibus
1191 1899 1246 1945 et
1286 1892 1558 1950 haereticis
1589 1903 1770 1948 actum
1804 1895 1982 1959 fuerit,
2029 1912 2148 1951 om-
2181 1873 2220 1930 Β
2248 1873 2382 1951 neos
2411 1906 2468 1951 et
2511 1896 2796 1964 religiosos
2827 1895 3055 1950 clericos
3085 1894 3154 1948 ad
3181 1892 3362 1947 divina
3395 1888 3654 1962 mysteria
3689 1886 3838 1942 cele-

563 1983 694 2036 nino
723 1984 1051 2060 cassabitur,
1083 1986 1326 2055 nunquid
1362 1987 1477 2042 lucc
1507 1988 1757 2059 impietas
1795 1989 2145 2062 Eutychiani—

571 2083 780 2127 starum
827 2075 1215 2144 imperatorum
1247 2077 1474 2142 cassari,
1506 2087 1560 2134 et
1605 2079 1869 2136 eradicari
1915 2098 2020 2136 non
2053 2084 2146 2138 de-

563 2163 689 2218 bet?
738 2162 898 2219 Certe
954 2166 1200 2235 quisquis
1251 2167 1653 2224 ecclesiasticus
1696 2186 1794 2240 pro
1827 2187 1926 2226 suo
1969 2173 2144 2228 oﬁicio

563 2259 916 2314 vehementer
947 2275 1052 2318 non
1092 2262 1427 2330 accenditur,
1469 2271 1528 2317 ut
1561 2273 1706 2320 tanta
1730 2267 1969 2334 pravitas
1995 2282 2024 2321 a
2051 2267 2142 2322 Dei

564 2355 726 2406 domo
763 2353 1027 2408 radicitus
1062 2353 1344 2420 evellatur,
1379 2355 1494 2410 zelo
1531 2353 1770 2423 ejusdem
1804 2358 1998 2412 dooms
2047 2359 2140 2413 Dei

561 2461 666 2501 non
715 2446 1036 2511 comeditur,
1074 2455 1128 2502 et
1171 2447 1311 2518 apud
1339 2447 1502 2502 Deum
1549 2449 1702 2504 canis
1729 2461 1910 2504 mutus
1939 2451 2142 2506 latrare

561 2554 667 2591 non
696 2539 882 2606 valens
913 2547 1212 2608 reputatur.
1250 2541 1385 2606 Quis
1414 2541 1560 2596 enim
1587 2557 1694 2596 non
1723 2543 1970 2597 advertat
2002 2544 2142 2598 hanc

559 2637 764 2697 pestem
823 2629 1176 2686 seminarium
1215 2644 1334 2684 esse
1382 2629 1704 2688 Simoniacze
1746 2632 2042 2698 haereseos,
2089 2643 2144 2688 et

560 2719 728 2773 totius
748 2719 1072 2776 Christianae
1097 2719 1370 2791 religionis
1401 2720 1802 2776 lamentabilem
1825 2723 2142 2802 destnrctio-

558 2813 719 2865 nem?
755 2811 958 2881 Nempe
1005 2828 1124 2867 cum
1175 2814 1409 2884 dignitas
1452 2813 1774 2884 episc0palis
1822 2829 1851 2868 a
1899 2815 2142 2885 principe

558 2903 783 2972 adipisci
825 2918 981 2972 posse
1025 2913 1294 2974 speratur,
1343 2907 1674 2978 contemptis
1717 2906 1831 2962 suis
1872 2907 2140 2978 episcopis

559 3007 622 3048 ac
661 2994 870 3049 clericis
897 2996 988 3050 Dei
1013 2995 1252 3052 Ecclesia
1287 2997 1574 3062 deseritur,
1600 3007 1656 3054 et
1679 2998 1747 3056 ab
1773 2999 1891 3054 aliis
1920 3001 2136 3071 quidem

558 3084 753 3154 ingens
780 3089 1005 3156 pecunia
1041 3089 1340 3143 aulicorum
1389 3091 1677 3161 marsupiis
1718 3091 2041 3161 infunditur,
2082 3104 2139 3150 ut

557 3177 868 3230 cornrndcm
897 3177 1152 3250 suffragia
1190 3180 1256 3234 ad
1290 3188 1396 3234 tam
1439 3180 1704 3236 nefariam
1739 3185 2135 3253 promotionem

557 3279 898 3332 mereantur,
933 3270 999 3322 ab
1025 3269 1146 3323 aliis
1169 3269 1391 3326 infinita:
1423 3271 1664 3342 pecuniae
1711 3273 1992 3342 dispendio
2017 3275 2138 3344 plus

557 3359 818 3414 decennio
842 3360 896 3412 in
939 3359 1180 3414 szeculari
1225 3362 1373 3416 curia
1419 3363 1746 3431 deservitur,
1778 3375 1962 3432 (estus,
2013 3368 2134 3436 plu-

555 3449 678 3514 vize,
729 3449 948 3520 frigora,
995 3461 1049 3507 et
1103 3463 1298 3508 caetera
1351 3455 1688 3512 incommoda
1741 3459 2138 3528 patientissime

555 3543 890 3610 tolerantur;
919 3546 986 3599 ab
1011 3547 1131 3600 aliis
1160 3557 1336 3601 autem
1372 3549 1456 3602 vel
1483 3549 1564 3602 sui
1597 3551 1852 3620 pastoris,
1882 3552 1962 3608 vel
1987 3553 2138 3621 cujus

557 3633 818 3689 honorem
853 3639 1096 3692 ambiunt
1125 3654 1274 3694 mors
1302 3641 1640 3698 incessanter
1669 3653 1908 3713 optatur,
1938 3646 2004 3700 ab
2033 3647 2138 3702 alio

557 3727 646 3779 alii
681 3728 1032 3783 vehementer
1063 3730 1352 3798 invidetur,
1387 3733 1512 3786 dum
1545 3735 1686 3803 quod
1724 3736 1826 3789 sibi
1856 3747 2039 3806 sperat
2070 3737 2138 3791 ab

555 3830 622 3868 eo
650 3816 854 3886 subripi
903 3833 1061 3887 posse
1102 3829 1350 3888 putatur;
1387 3823 1495 3878 imo
1533 3825 1666 3893 proh
1713 3826 1890 3881 dolor!
1922 3827 1974 3881 in
2021 3837 2138 3882 tan-

557 3919 666 3962 tam
715 3909 806 3963 Dei
847 3909 1096 3979 injuriam
1139 3913 1406 3968 interdum
1443 3915 1742 3984 prosilitur,
1770 3927 1829 3972 ut
1878 3927 1932 3974 et
1967 3922 2139 3975 servis

560 4009 610 4051 et
643 3999 951 4054 fornicariis
989 4001 1223 4073 dignitas
1253 4004 1356 4059 ista
1403 4015 1709 4076 prtestetur.
1747 4007 1908 4063 Tales
1937 4011 2136 4080 quippe

558 4107 680 4144 cum
726 4092 904 4162 adepti
957 4095 1178 4162 fuerint,
1211 4099 1356 4167 quod
1409 4097 1587 4154 taliter
1617 4102 1979 4170 expetierunt,
2014 4119 2134 4173 pec-

552 4197 740 4242 Cautes
795 4189 977 4243 saeculi
1038 4200 1378 4261 potestates,
1440 4195 1750 4250 nullatenus
1798 4207 2136 4265 praesumunt

551 4277 898 4349 redarguere,
922 4283 1177 4352 quoniam
1203 4285 1272 4341 ab
1307 4285 1411 4340 illis
1439 4299 1496 4341 se
1523 4297 1800 4357 promotos
1827 4287 1991 4344 fuisse
2018 4304 2134 4345 mc-

547 4371 843 4436 minerunt,
873 4373 979 4426 imo
1003 4389 1068 4428 ne
1101 4375 1425 4446 redarguere
1451 4388 1860 4446 prmsumerent,
1899 4383 2132 4448 promoti

548 4459 792 4514 fuerunt.
823 4462 888 4516 Et
927 4463 982 4516 hi
1024 4463 1106 4518 lac
1151 4466 1367 4534 quidem
1401 4475 1454 4521 et
1491 4468 1674 4522 lanam
1714 4469 2005 4538 accipiunt,
2039 4471 2132 4524 sed

550 4553 921 4619 perditissimo
968 4555 1213 4609 viventes
1261 4558 1502 4611 omnium
1551 4558 1780 4614 salutent
1833 4560 2127 4630 negligunt.
2161 4583 2210 4642 ι)

550 4641 646 4693 Sic
698 4642 894 4710 quippe
958 4643 1208 4711 impletur
1257 4647 1397 4713 quod
1442 4648 1702 4716 scriptum
1746 4657 1828 4703 est
1857 4664 1870 4703 :
1904 4669 1920 4700 ι
1953 4650 2126 4703 Ruina

541 4730 730 4801 populi
786 4734 1095 4787 sacerdotes
1149 4734 1272 4787 mali
1339 4735 1474 4806 (Isa.
1515 4739 1686 4809 xxtv).
1744 4759 1762 4791 ›
1829 4741 1896 4796 Ει
1947 4743 2126 4796 item:

551 4845 567 4873 ε
603 4822 674 4878 Et
715 4823 822 4877 crit
851 4824 990 4877 sicut
1015 4825 1264 4894 populus,
1296 4827 1364 4880 ita
1401 4837 1456 4882 et
1487 4829 1742 4885 sacerdos
1779 4831 1923 4900 (ἃδε.
1970 4831 2067 4902 1v).
2106 4853 2122 4884 ι

541 4917 872 4974 Sacra-notes
914 4915 1113 4985 quippe
1161 4934 1189 4970 a
1223 4920 1420 4988 populo
1469 4935 1574 4973 non
1621 4921 1870 4976 videntur
1905 4923 2130 4988 distare,

542 5023 664 5060 cum
735 5005 964 5073 quis-«pie
1016 5008 1268 5061 certatim
1321 5024 1378 5063 se
1431 5010 1781 5078 pepularibns
1825 5015 2132 5069 actionibus

541 5098 722 5140 Slmlr‘tl.
759 5095 1055 5140 inmlimrn-
1110 5096 1242 5140 Νηιή
1288 5113 1408 5140 nllrn
1443 5115 1602 5140 nnmn
1633 5102 1742 5140 “nn
1773 5103 2007 5140 milii-anc
2038 5105 2106 5140 in:

2247 1989 2458 2044 branda
2495 1989 2752 2060 dirigere,
2797 1997 2852 2044 et
2901 2002 3001 2058 pro
3029 1985 3291 2056 temporis
3322 1984 3702 2046 diuturnitate,
3731 1995 3840 2052 qua

2245 2080 2385 2136 idem
2417 2081 2614 2138 ibidem
2643 2089 2912 2146 moratur,
2937 2081 3071 2135 alios
3103 2079 3224 2133 aliis
3244 2077 3435 2148 jubere
3465 2075 3785 2132 succedere.

2315 2170 2414 2226 llis
2461 2171 2626 2226 tantis
2670 2171 2914 2226 cladibus
2943 2185 3064 2240 quae
3112 2170 3432 2236 contingunt
3477 2181 3546 2221 ex
3591 2162 3833 2235 pmfatis

2243 2264 2695 2337 promotionibus,
2727 2263 3022 2334 Gregorius
3053 2263 3313 2334 septimus
3337 2261 3560 2315 obviare
3587 2259 3832 2329 cupiens,

2245 2359 2492 2412 Romana
2541 2357 2748 2430 synodo
2788 2355 3175 2426 quinquaginta
3207 2353 3612 2423 episcoporum,
3653 2349 3832 2405 consi-

2243 2451 2404 2505 dente
2441 2450 2881 2521 presbyterorum
2925 2456 2980 2502 ct
3028 2447 3284 2501 abbatum
3327 2443 3698 2506 multitudine,
3741 2455 3834 2510 per

2243 2545 2427 2599 omnia
2459 2541 2666 2596 sanctis
2691 2538 2934 2610 praefatis
2956 2538 3209 2592 Patribus
3233 2535 3592 2592 consonantia
3615 2534 3832 2588 decreta

2243 2635 2455 2700 statuit,
2493 2633 2717 2688 dicens:
2758 2649 2776 2682 r
2804 2629 2860 2686 Si
2891 2629 3013 2699 quis
3039 2629 3293 2698 deinceps
3345 2627 3720 2696 episcopatum
3753 2621 3832 2674 vel

2245 2727 2513 2782 abbatiam
2547 2726 2611 2781 de
2636 2739 2797 2779 manu
2845 2722 3072 2792 alicujus
3113 2721 3268 2777 laico:
3291 2735 3540 2792 personat
3575 2731 3833 2788 suscepe-

2243 2819 2334 2884 rit,
2377 2816 2684 2872 nullatenus
2714 2815 2856 2869 inter
2878 2814 3160 2884 episcopos
3187 2812 3475 2874 habeatur,
3501 2824 3600 2863 nec
3637 2807 3746 2860 ulla
3785 2808 3832 2860 ei

2240 2917 2301 2963 ut
2325 2909 2578 2980 episcopo
2607 2915 2699 2960 aut
2725 2905 2904 2960 abbati
2932 2904 3203 2960 audientia
3231 2902 3580 2964 concedatur,
3615 2900 3836 2969 insuper

2241 3002 2290 3058 ei
2323 3002 2554 3073 gratiam
2589 3001 2730 3056 beati
2761 3000 2900 3054 Petri
2927 3007 2982 3053 et
3007 2998 3286 3053 introitum
3311 2995 3570 3051 Ecclesia:
3601 2993 3832 3048 interdi-

2241 3095 2444 3159 cimus,
2517 3107 2798 3162 quousque
2847 3091 3022 3145 locum
3081 3105 3242 3160 quem
3291 3087 3394 3142 sub
3439 3087 3674 3142 crimine
3727 3095 3833 3137 tam

2243 3187 2556 3242 ambitionis
2585 3200 2745 3256 quam
2779 3183 3182 3248 inobcdientize,
3215 3182 3358 3252 quod
3389 3189 3470 3236 est
3507 3179 3690 3234 scelus
3719 3179 3834 3231 ido-

2245 3277 2490 3338 lolatritc,
2527 3276 2711 3344 carpit,
2752 3273 3118 3344 resipiscendo
3161 3287 3267 3325 non
3307 3271 3529 3325 deserit.
3565 3268 3836 3323 Similiter

2244 3369 2408 3424 etiam
2448 3369 2514 3421 de
2563 3365 2908 3420 inferioribus
2943 3373 2999 3420 et
3039 3362 3422 3418 ecclesiasticis
3451 3361 3830 3432 dignitatibus,

2241 3463 2640 3519 constituimus.
2668 3481 2686 3512 ι
2720 3459 2882 3514 ltem:
2907 3479 2924 3510 ι
2951 3459 3004 3514 Si
3033 3459 3154 3529 quis
3177 3459 3590 3527 imperatorum,
3620 3469 3830 3525 regum,

2241 3555 2460 3620 ducum,
2499 3554 2897 3618 marchionum,
2945 3552 3225 3614 comitum,
3268 3549 3352 3602 vel
3393 3548 3624 3618 quilibet
3659 3562 3831 3601 saecu-

2241 3649 2433 3703 larium
2496 3655 2823 3718 potestatum
2890 3654 2982 3698 aut
3041 3657 3396 3714 personarum
3450 3640 3827 3695 investituram

2241 3741 2672 3809 episcopatuum,
2718 3735 2800 3790 vel
2854 3733 3080 3802 alicujus
3121 3731 3506 3788 ecclesiasticae
3545 3730 3830 3801 dignitatis

2241 3832 2368 3886 dare
2421 3827 2851 3899 praesumpserit,
2893 3826 3132 3894 ejusdem
3185 3823 3468 3878 sententia}
3505 3821 3723 3876 vinculo
3769 3838 3828 3877 se

2240 3924 2522 3978 astrictum
2555 3935 2674 3976 esse
2697 3920 2848 3974 sciat.
2883 3938 2901 3970 ι

2312 4013 2376 4066 Et
2422 4011 2676 4080 quoniam
2729 4017 3039 4064 sanctorum
3096 4006 3421 4062 auctoritate
3461 4009 3826 4058 monstratum

2239 4112 2344 4167 est,
2387 4103 2702 4172 pontiﬁcum
2753 4099 3072 4156 electionem
3123 4098 3368 4153 saeculari
3413 4095 3668 4166 potestati
3719 4111 3826 4148 non

2239 4194 2543 4264 subjaccre,
2585 4192 2715 4246 libet
2757 4193 2934 4246 adhuc
2965 4188 3552 4246 Christianissimorum
3595 4186 3825 4255 impera-

2239 4292 2439 4346 torum,
2469 4295 2605 4351 quas
2651 4281 2751 4333 hac
2793 4281 2860 4333 de
2887 4295 3049 4334 causa
3083 4284 3382 4332 sanxerunt
3409 4275 3826 4330 constitutiones

2239 4376 2306 4429 ad
2345 4375 2578 4428 medium
2623 4372 2911 4435 deducere,
2945 4379 3004 4424 ut
3025 4379 3208 4438 pateat
3247 4367 3423 4430 nobis,
3457 4367 3500 4419 si
3531 4365 3664 4434 quid
3685 4364 3825 4432 juris

2239 4468 2292 4521 in
2319 4467 2504 4520 eadem
2539 4479 2700 4518 causa
2735 4463 3023 4516 voluerunt
3061 4461 3360 4515 vindicare.
3395 4459 3507 4514 lloc
3543 4459 3694 4510 enim
3723 4457 3826 4511 Ca-

2240 4558 2387 4612 rolus
2429 4569 2482 4610 et
2515 4555 2822 4610 lmdovicus
2866 4553 3084 4622 gloriosi
3139 4553 3496 4622 imperatores
3545 4551 3600 4603 in
3649 4550 3822 4620 primo

2237 4648 2374 4702 libro
2408 4645 2782 4715 Capitulorum
2813 4659 3032 4698 suorum
3089 4651 3434 4698 statuerunt:
3475 4660 3494 4692 ι
3527 4639 3818 4696 Sacrorum

2235 4753 2500 4793 canonum
2533 4752 2639 4791 non
2672 4735 2865 4805 igurari,
2895 4735 3031 4789 utin
3057 4735 3148 4788 Dei
3171 4733 3392 4788 nomine
3419 4741 3606 4788 sancta
3637 4732 3820 4786 Eccle-

2235 4833 2313 4885 sia
2357 4846 2453 4884 suo
2491 4827 2714 4883 liberius
2755 4827 2995 4896 potiatur
3043 4827 3267 4888 honore,
3315 4839 3599 4879 assensum
3641 4823 3816 4877 ordini

2233 4921 2608 4976 ecclesiastico
2664 4919 3009 4988 praebemus,
3071 4927 3128 4970 ut
3174 4917 3384 4972 scilicet
3430 4917 3672 4986 episcopi
3725 4931 3818 4986 per

2235 5016 2556 5070 electionem
2591 5013 2718 5068 cleri
2758 5019 2812 5066 et
2841 5010 3044 5080 populi,
3083 5010 3378 5064 secundum
3417 5019 3620 5064 statuta
3657 5023 3816 5063 cano-

2235 5127 2360 5140 ..η-γι
2419 5111 2481 5140 ΑΛ
2533 5107 2750 5140 ηυηηιτῖη
2805 5105 3022 5140 ιιὶιοηηοί
3105 5113 3305 5140 rga-unto
3359 5117 3716 5140 nnrcnnnnnn
3765 5108 3814 5140 nt
