4018 5330
255 203 356 258 $09

963 197 1242 254 CONTRA
1276 191 1681 252 GUlBERTUM
1710 189 2102 248 ANTIPAPAM
2127 189 2304 246 LIBRI
2331 187 2487 247 DUO.
2525 221 2594 232 -—
2615 189 2742 246 LIB.
2773 189 2835 246 ll.

3343 187 3346 190 ’
3415 191 3520 244 ΠΟ

251 319 564 382 honorem,
617 314 762 370 hanc
808 325 926 368 esse
979 311 1284 368 libertatem
1333 319 1534 366 sanctze
1579 307 1832 364 Ecclesia:
1862 317 1906 374 Α
1936 307 2178 359 actiones
2227 303 2428 358 imitari
2463 303 2791 357 maluerunt.
2827 300 3148 356 Permittant
3191 309 3392 356 sancta:
3423 303 3516 357 Dei

247 407 459 462 clerum
503 405 709 459 scilicet
739 403 913 459 eidem
960 411 1014 457 et
1061 401 1314 472 populum
1365 399 1582 454 sibimet
1621 396 1834 467 pontiﬁ-

249 509 364 552 cem
415 495 620 567 eligere
669 495 904 560 debere,
965 495 1068 548 hoc
1125 494 1176 547 in
1241 491 1506 546 electione
1567 503 1832 544 canonum

247 595 448 642 statuta
497 589 762 643 servanda
815 601 934 642 esse
963 593 1372 649 commemorat,
1417 583 1518 637 hoc
1565 581 1834 636 Simonia-

247 693 364 734 cam
396 677 652 732 haeresim
685 677 1016 748 prohibendo
1041 677 1336 746 impugnat,
1373 675 1474 729 hoc
1512 673 1632 726 vita:
1674 671 1833 724 Incri-

249 779 359 822 tum
425 777 484 821 et
545 769 869 837 sapientiam
923 767 1158 838 pastoris
1223 765 1488 821 electione
1543 763 1832 833 qnmrenda

247 857 608 922 demonstrat,
634 867 708 922 et,
739 859 882 925 quod
925 859 1120 912 mirum
1146 867 1253 924 est,
1281 855 1599 911 brevissime
1623 851 1835 907 videtur

249 961 469 1020 tangere
519 953 662 1020 quod
693 953 882 1006 beatus
910 950 1204 1021 Gregorius
1247 950 1435 1020 scribit
1463 949 1526 1002 de
1555 944 1808 1016 pontiﬁce

245 1039 452 1096 scilicet
487 1061 502 1096 :
537 1061 555 1094 ι
585 1041 652 1098 Ut
678 1043 924 1114 quisquis
941 1045 1278 1115 perpendere
1294 1042 1487 1096 debeat
1512 1039 1745 1110 qualiter
1765 1037 1832 1092 ad

243 1130 626 1200 pontiﬁcatum
661 1133 862 1197 veniat,
896 1143 950 1187 et
981 1135 1082 1188 rite
1113 1133 1332 1188 veniens
1363 1130 1592 1201 qualiter
1618 1129 1828 1193 doceat,

241 1231 295 1276 et
317 1223 711 1278 recte'docens
747 1223 982 1296 qualiter
1011 1225 1175 1278 vivat.
1211 1243 1229 1276 ι
1495 1213 1498 1218 ’
1750 1213 1766 1226 ’

306 1313 466 1368 Patet
491 1315 678 1384 itaque
701 1325 1006 1370 sanctorum
1024 1315 1382 1370 [toni-auorum
1409 1315 1698 1385 pra-solum
1737 1329 1829 1368 au-

241 1407 489 1461 ctoritate
537 1417 594 1462 et
625 1405 870 1472 Patrum,
911 1417 1220 1461 sanctarum
1259 1407 1640 1464 universalium
1670 1421 1829 1477 syno—

239 1496 449 1558 dorum,
477 1497 728 1566 septimae
747 1507 907 1568 atque
925 1507 1152 1561 octavae,
1177 1497 1490 1567 pontiﬁcum
1509 1497 1826 1556 electionem

241 1585 364 1640 cieri
411 1595 471 1641 et
507 1589 694 1657 populi
725 1589 988 1658 cujusque
1014 1603 1134 1645 esse
1164 1590 1396 1644 debere:
1429 1597 1576 1660 patet
1611 1605 1826 1660 quoque

1943 395 2196 449 Ecclesia:
2219 395 2296 450 uti
2329 411 2428 448 suo
2449 393 2595 462 jure,
2625 401 2682 447 ct
2729 394 2953 456 honore,
2987 391 3195 447 scilicet
3221 391 3518 446 secundum

1939 503 2248 546 sanctorum
2271 489 2496 544 {mrum
2518 488 2827 543 sanctiones
2849 485 3132 558 pontiﬁces
3153 486 3256 542 sibi
3283 485 3518 556 deligere

1937 593 1992 638 et
2023 595 2358 651 promovere.

2007 675 2074 729 Et
2127 673 2380 743 quoniam
2433 685 2596 741 supra
2637 671 2870 726 diximus
2909 669 3048 724 hanc
3085 677 3290 740 pestem
3338 669 3516 723 Simo-

1937 767 2106 822 niacae
2149 767 2418 820 haereseos
2467 764 2816 820 seminarium
2868 776 3010 828 esse,
3070 777 3248 832 operte
3285 764 3517 832 pretium

1935 865 2019 914 est
2045 857 2306 912 adversus
2334 855 2573 924 ejusdem
2617 855 2839 910 haeresis
2879 853 3188 911 sacerdotes
3217 855 3517 924 insurgere,

1935 958 1988 1004 et
2015 949 2080 1002 de
2105 961 2289 1003 eorum
2323 945 2628 1002 sacerdotio
2673 955 2726 1000 ct
2757 943 3024 1001 sacriﬁcio
3051 943 3274 1000 Patrum
3303 955 3520 1000 senten-

1937 1039 2040 1092 tias
2072 1037 2124 1092 in
2155 1037 2394 1091 medium
2421 1037 2710 1090 adducere.

2005 1133 2060 1186 in
2090 1131 2338 1202 epistola,
2389 1131 2632 1200 septimm
2665 1131 2856 1202 synodi
2887 1129 3240 1196 universalis,
3281 1127 3518 1184 Adriano

1933 1239 2084 1295 papa:
2129 1225 2361 1292 directa,
2400 1224 2480 1279 sic
2533 1223 2673 1276 inter
2715 1231 2911 1276 czetera
2959 1221 3198 1290 legitur:
3235 1240 3254 1272 ε
3289 1221 3394 1276 Eos
3425 1221 3518 1290 qui

1933 1333 2030 1388 per
2063 1317 2346 1386 pecuniam
2401 1329 2596 1371 manus
2643 1314 3012 1384 imposuerunt
3067 1313 3152 1366 vel
3207 1313 3511 1380 imponunt.

1932 1407 2125 1462 Petrus
2171 1405 2384 1460 divinus
2423 1404 2720 1476 apostolus,
2751 1401 2904 1472 cujus
2955 1401 3269 1457 cathedram
3325 1403 3514 1457 sortita

1933 1506 2014 1552 est
2041 1497 2303 1552 sanctitas
2332 1505 2534 1562 vestra,
2571 1504 2828 1564 tanquam
2863 1493 3140 1548 Simonem
3181 1491 3394 1563 Magum
3428 1493 3516 1548 de-

1931 1593 2100 1663 ponit.
2133 1591 2492 1646 Tolerabilior
2517 1592 2664 1646 enim
2689 1597 2772 1646 est
2795 1588 3091 1644 Macedonii
3117 1596 3172 1644 et
3201 1601 3389 1643 eorum
3419 1589 3512 1656 qui

239 1676 742 1733 Christianissimos
789 1679 1164 1748 imperatores,
1221 1679 1657 1744 Constantinum,
1689 1678 1830 1735 Con-
1864 1678 1904 1736 ll
1935 1685 2076 1740 circa
2109 1683 2284 1754 ipsum
2309 1691 2434 1738 sunt
2465 1682 2638 1738 sancti
2685 1679 2920 1750 Spiritus
2950 1679 3386 1750 impugnatorum
3413 1678 3509 1732 im.

239 1777 493 1836 stantem,
562 1769 1016 1838 Valentinianum,
1073 1773 1461 1838 Theodosium,
1517 1773 1824 1834 Arcadium,

239 1858 559 1928 Honorium,
591 1863 868 1930 Carolum,
899 1865 1250 1932 Ludovicum,
1281 1875 1614 1936 cmtcrosque
1646 1867 1750 1922 tide
1776 1875 1830 1921 et

239 1953 492 2024 religione
549 1963 872 2024 praestantes
896 1997 928 2024 ,_
965 1957 1210 2012 eamdem
1267 1957 1712 2014 consuetudinem
1760 1957 1828 2012 ab

239 2045 604 2114 apostolorum
619 2049 952 2120 temporibus
967 2049 1308 2102 observatam
1331 2049 1550 2102 minime
1571 2047 1822 2102 violasse.
1843 2085 1846 2092 .

241 2135 388 2190 Patet
415 2139 590 2192 etiam
633 2139 761 2192 item
784 2139 1278 2194 Christianissimos
1307 2140 1659 2209 imperatores
1688 2139 1828 2196 Con-

241 2228 536 2281 stantinum
565 2227 842 2296 Magnum,
873 2241 928 2284 et
957 2232 1082 2285 item
1127 2231 1560 2295 Constantinum,
1593 2241 1647 2285 et
1671 2231 1822 2285 Eire-

241 2331 355 2382 neu,
397 2327 452 2374 et
503 2319 792 2384 Basiliam,
847 2321 1097 2375 Carolum
1141 2337 1355 2394 quoque
1385 2331 1440 2376 et
1469 2322 1822 2388 Lndovicum,

242 2408 520 2474 praefatam
549 2409 874 2464 electionem
903 2411 1147 2465 surculari
1185 2413 1436 2482 potestati
1465 2411 1673 2482 legibus
1699 2412 1822 2466 abs-

243 2497 438 2564 tulisse,
471 2513 790 2570 quanquam
835 2501 882 2556 si
928 2501 1092 2557 etiam
1119 2505 1429 2558 eorumdem
1451 2503 1823 2558 sanctionibus

245 2587 340 2644 hoc
363 2605 468 2643 non
495 2589 902 2660 prohiberetur,
927 2593 1374 2662 patriarchaiinm
1401 2594 1609 2649 sedium
1639 2603 1826 2650 aucto-

243 2679 376 2733 ritati
405 2695 520 2736 non
551 2683 730 2738 minus
747 2683 1117 2738 obandiretur.
1149 2683 1500 2740 Pontiﬁcibus
1521 2689 1688 2750 enim,
1715 2701 1821 2742 non

245 2769 687 2838 irruperatoribus,
733 2772 926 2844 legitur
957 2773 1102 2828 Deus
1137 2773 1338 2828 dixisse
1372 2791 1384 2828 :
1424 2775 1824 2844 «Quaecunque

243 2860 588 2930 alligaveritis
639 2879 802 2935 super
831 2875 1053 2933 terram,
1090 2877 1250 2922 erunt
1275 2867 1436 2938 ligata
1467 2877 1521 2922 et
1551 2870 1605 2924 in
1647 2869 1821 2935 caelis,

243 2959 338 3004 etc.
369 2951 592 3024 (Matth.
627 2959 804 3025 xvm).
844 2973 862 3008 ι
903 2957 1030 3010 Item
1061 2959 1237 3027 primo
1281 2958 1518 3027 pontiﬁci
1552 2977 1564 3011 :
1602 2977 1620 3010 ι
1653 2959 1821 3014 Pasce

1929 1777 2016 1847 pia
2057 1773 2300 1829 haeresis.
2349 1771 2432 1826 illi
2485 1771 2628 1828 enim
2667 1779 2994 1834 creaturam,
3043 1777 3100 1823 et
3145 1783 3359 1822 servum
3421 1768 3514 1822 Dei

1928 1869 2106 1923 Patris
2127 1877 2180 1923 et
2209 1867 2330 1922 Filii
2359 1865 2621 1936 Spiritum
2665 1871 2910 1918 sanctum
2951 1860 3232 1915 deiirando
3253 1859 3514 1914 fatentur.

1928 1959 2022 2012 Isti
2053 1975 2211 2013 suum
2253 1957 2501 2028 Spiritum
2528 1964 2774 2011 sanctum
2815 1953 3054 2009 cﬂiciunt
3095 1967 3312 2007 servum
3344 1969 3356 2005 :
3389 1949 3518 2005 Otu-

1929 2049 2014 2103 nis
2058 2049 2204 2102 enim
2235 2047 2487 2102 dominus
2516 2047 2606 2116 qui
2657 2045 2840 2111 habet,
2895 2043 2938 2098 si
2981 2043 3096 2098 vult
3139 2042 3344 2107 vendit,
3399 2041 3516 2094 sive

1927 2153 2144 2193 servum
2165 2180 2180 2203 ,
2215 2137 2330 2193 sive
2357 2136 2560 2206 aliquid
2591 2151 2778 2192 eorum
2809 2151 2928 2205 quae
2958 2133 3234 2202 possidet:
3263 2133 3516 2186 similiter

1924 2239 1980 2284 et
2009 2229 2098 2299 qui
2129 2227 2279 2295 emit,
2319 2228 2572 2283 dominus
2597 2225 2783 2281 volens
2820 2239 2939 2282 esse
2967 2226 3082 2296 ejus
3120 2223 3262 2294 quod
3293 2223 3508 2284 emerit,

1923 2335 2021 2391 per
2047 2319 2279 2390 pretium
2311 2319 2555 2389 pecuniae
2586 2317 2714 2372 illud
2763 2317 3017 2388 acquirit.
3047 2315 3126 2370 ita
3167 2323 3223 2368 et
3253 2313 3341 2382 qui
3371 2312 3513 2366 hanc

1925 2412 2164 2482 iniquam
2225 2413 2494 2468 actionem
2555 2417 2874 2481 operantur,
2937 2407 3228 2464 detrahunt
3282 2403 3510 2476 Spiritui

1925 2513 2135 2570 sancto,
2164 2503 2446 2572 mqnaliter
2472 2509 2760 2572 peccantes
2783 2499 2870 2554 his
2883 2499 2973 2569 qui
3000 2496 3516 2566 blasphemaverunt

1925 2592 2202 2648 dicentes:
2235 2593 2292 2647 in
2343 2591 2644 2647 Beelzebub
2681 2590 2879 2660 ejicere
2923 2587 3200 2644 Christum
3239 2583 3506 2640 daemonia
3545 2583 3550 2586 ’

1924 2681 2076 2753 (an.
2093 2685 2178 2752 ιι),
2202 2693 2384 2754 atque,
2413 2691 2472 2736 ut
2489 2682 2668 2736 verius
2681 2681 2940 2742 dicamus,
2965 2676 3510 2746 Judtecomparantnr

1921 2777 2208 2847 proditori,
2235 2775 2327 2846 qui
2353 2773 2552 2830 ludatis
2577 2773 2670 2828 Dei
2715 2769 3052 2827 occisoribus
3083 2769 3358 2825 Christum
3379 2782 3510 2820 veno

1925 2869 2079 2926 didit.
2107 2869 2348 2938 Cumque
2377 2875 2603 2922 sanctus
2650 2863 2888 2934 Spiritus
2913 2859 3390 2918 consubstantialis
3439 2859 3510 2911 sit

1923 2961 2164 3024 Christo,
2195 2959 2314 3026 eius
2351 2958 2450 3028 ipsi
2485 2957 2790 3028 proditores
2815 2961 2998 3010 erunt.
3029 2951 3098 3007 Et
3128 2949 3316 3022 procul
3347 2950 3508 3005 dubio

243 3053 360 3095 oves
397 3057 554 3098 meas
579 3043 764 3114 (Joan.
819 3045 996 3116 χχιιι).
1032 3063 1050 3098 r
1082 3047 1210 3101 item
1242 3047 1497 3116 apostolis
1527 3049 1816 3104 omnibus:
1849 3033 1892 3092 (ἶ
1925 3067 2030 3107 non
2072 3059 2158 3105 est
2187 3051 2242 3106 in
2271 3051 2351 3104 eis
2409 3049 2582 3120 gratia
2627 3045 2863 3117 Spiritus
2899 3044 3092 3110 sancti,
3134 3043 3188 3098 id
3213 3051 3296 3098 est
3325 3055 3511 3096 sacer-

249 3153 276 3184 ι.
305 3134 510 3192 Euntes
563 3139 755 3193 docete
809 3153 998 3194 omnes
1046 3149 1231 3211 gentes
1275 3141 1491 3214 (Matth.
1541 3142 1755 3212 xxvm).
1795 3162 1813 3195 ι

246 3225 679 3284 Patriarcharum
717 3230 862 3284 enim
891 3241 1038 3286 tanta
1069 3241 1153 3288 est
1197 3235 1515 3300 auctoritas,
1557 3243 1616 3288 ut
1643 3233 1820 3290 omni-

247 3322 408 3375 modis
439 3323 736 3378 hzereticus
775 3326 1190 3394 comprobetur,
1219 3327 1468 3396 quisquis
1508 3326 1819 3381 eorumdem

249 3417 509 3483 synodicis
531 3419 1034 3484 constitutionibus,
1066 3421 1288 3475 obviare
1317 3419 1528 3474 nititur.
1558 3421 1824 3486 Qntecun-

251 3521 344 3573 que
380 3508 528 3562 enim
557 3511 924 3566 communiter
943 3512 1234 3566 statuerint
1257 3511 1552 3580 sequenda,
1580 3513 1648 3564 ab
1671 3509 1820 3564 omni

251 3593 474 3653 Ecclesia
501 3609 814 3667 serventur,
835 3615 1166 3672 quaecunque
1190 3601 1476 3656 docuerint
1499 3599 1816 3670 respuenda,

249 3701 582 3759 respuantur,
640 3709 740 3749 nec
771 3707 1006 3763 unquam
1047 3709 1074 3746 a
1123 3693 1384 3762 quolibet,
1438 3693 1540 3746 nisi
1583 3689 1718 3746 forte
1753 3690 1821 3743 ab

181 3781 184 3784 ’
251 3781 435 3838 eisdem
467 3787 784 3841 earumdem
806 3799 1090 3842 commune
1114 3785 1378 3854 judicium
1409 3783 1814 3840 retractabitur.

253 3869 668 3931 Firmamentum
705 3877 847 3931 enim
875 3877 1198 3933 Christianae
1219 3877 1344 3932 ﬁdei
1379 3877 1430 3931 in
1464 3891 1650 3932 eorum
1681 3874 1822 3930 sedi-

253 3964 360 4032 bus,
393 3985 490 4040 per
541 3972 761 4026 beatum
813 3971 1030 4029 Petrum
1085 3989 1351 4028 sessorem
1383 3975 1714 4036 earumdem,
1748 3971 1820 4027 ita

255 4059 380 4118 Deus
408 4063 626 4130 locavit,
663 4075 722 4119 ut
767 4065 810 4121 si
853 4083 992 4122 unus
1022 4083 1086 4121 ex
1117 4068 1289 4122 tribus
1315 4065 1701 4136 principalibus
1727 4081 1822 4134 pa-

259 4153 495 4211 triarchis
520 4158 801 4224 ceciderit,
825 4159 928 4213 duo
950 4168 1124 4224 stent;
1145 4161 1285 4228 quod
1309 4161 1354 4213 si
1379 4159 1481 4213 duo
1505 4158 1818 4222 ceciderint,

259 4257 366 4298 cum
391 4261 490 4316 pro
523 4247 630 4300 ﬁde
659 4247 808 4302 Petri
840 4265 906 4303 ne
937 4249 1151 4304 deﬁciat
1173 4265 1200 4302 a
1232 4249 1450 4304 Christo
1477 4259 1687 4302 oratum
1729 4249 1819 4316 sit,

259 4335 400 4388 unius
427 4338 632 4392 scilicet
663 4338 892 4393 Romani
915 4339 1236 4410 patriarcha:
1261 4339 1392 4395 ﬁdes
1420 4340 1471 4394 in
1497 4355 1600 4409 qua
1624 4339 1819 4395 fratres

258 4441 369 4480 suos
432 4429 737 4494 conﬁrrnet,
806 4409 1080 4502 nunquam
1139 4430 1371 4488 deﬁciat.
1425 4429 1574 4496 Quod
1637 4409 1900 4500 utiqueD

260 4515 486 4574 Christus
519 4519 660 4576 Deus
683 4531 868 4576 noster
890 4521 1002 4591 jam
1035 4523 1326 4577 ostendere
1352 4522 1602 4593 dignatus
1633 4529 1733 4586 est,
1768 4521 1823 4576 in

262 4609 637 4666 universaiibus
691 4613 950 4682 synodis,
998 4612 1108 4680 jam
1162 4613 1231 4667 ab
1277 4613 1444 4684 ipsius
1503 4611 1824 4668 ascensione

262 4701 412 4757 octies
441 4705 821 4760 universaliter
843 4703 1147 4760 celebratis.
1181 4705 1314 4760 Nam
1357 4721 1465 4760 uno
1490 4705 1574 4760 vel
1619 4705 1825 4761 duobus

264 4801 290 4840 a
317 4788 411 4846 ﬁde
435 4795 846 4860 conuentibus,
879 4795 1156 4850 Romanus
1181 4795 1234 4849 in
1279 4797 1518 4865 ejusdem
1558 4795 1676 4851 ﬁdei
1703 4801 1826 4850 mn-

265 4878 496 4937 damento
517 4883 643 4940 licet
670 4885 937 4957 pulsatus,
959 4885 1086 4941 licet
1114 4903 1432 4952 concussus,
1467 4897 1645 4942 tamen
1676 4889 1830 4943 stetit

269 4969 555 5032 immobilis.
595 4997 614 5030 σ
644 4977 852 5033 Cteium
874 4979 1018 5032 enim
1045 4988 1099 5034 et
1127 4987 1267 5033 terra
1311 4979 1635 5044 transibunt,
1665 4981 1828 5033 verba

271 5071 432 5119 autem
455 5069 568 5137 ejus
597 5085 702 5126 non
735 5071 1066 5137 transibunt,
1108 5073 1242 5142 Πιηί
1268 5075 1406 5129 dixit
1435 5091 1448 5127 :
1482 5091 1498 5123 ‹
1531 5071 1610 5126 Tu
1635 5089 1692 5128 es
1725 5071 1828 5125 Pe-

269 5159 372 5208 trus
384 5165 433 5211 et
449 5171 607 5230 super
619 5161 755 5217 hanc
777 5170 988 5233 petram
1003 5163 1280 5220 mdiﬁcabo
1303 5163 1608 5222 Ecclesium.
1628 5179 1825 5228 meam,

272 5253 317 5295 et
341 5257 497 5314 porta:
523 5249 678 5310 inferi
708 5271 818 5310 non
859 5253 1226 5326 praevalebunt
1254 5261 1518 5315 adversus
1548 5273 1687 5324 eam,
1715 5267 1822 5312 ctc.

1923 3143 2053 3198 dotii
2077 3142 2357 3196 sanctitas.
2375 3139 2506 3194 Nam
2532 3139 2623 3206 qni
2647 3153 2753 3193 non
2778 3142 3122 3206 acceperunt,
3139 3148 3245 3189 non
3275 3132 3504 3187 habent:

1921 3235 2011 3288 Ait
2035 3235 2178 3288 enim
2205 3233 2397 3287 Petrus
2435 3230 2642 3285 Simoni
2671 3248 2682 3284 :
2717 3248 2736 3281 ι
2767 3229 2886 3284 Νοη
2911 3239 2994 3282 cst
3035 3227 3128 3282 tibi
3159 3240 3287 3295 pars
3328 3239 3504 3293 neque

1931 3341 2050 3380 sors
2071 3326 2123 3378 in
2152 3338 2404 3378 sermone
2430 3321 2824 3388 isto,quoniam
2851 3316 3174 3374 existimasti
3197 3315 3394 3369 donum
3411 3313 3506 3366 Dei

1921 3417 2146 3488 pecunia
2161 3414 2576 3486 possieeri(Act.
2603 3413 2743 3484 vui).
2769 3431 2788 3463 ι
2807 3411 2936 3464 Nam
2958 3407 3312 3478 ctvigesimus
3333 3413 3386 3458 et
3407 3419 3503 3458 oc-

1923 3523 2078 3567 tavus
2097 3527 2266 3566 canon
2298 3509 2758 3581 apostolorum,et
2784 3517 2937 3562 actus
2961 3503 3298 3568 eorumdem,
3315 3502 3509 3557 tertius

1923 3613 1978 3658 et
2008 3611 2236 3674 quartus
2265 3601 2404 3658 liber
2438 3601 2668 3672 Regum,
2713 3599 2946 3654 alienant
2978 3596 3200 3652 omnino
3245 3610 3274 3649 a
3323 3609 3504 3648 sacer-

1923 3698 2070 3753 dotio
2094 3697 2446 3768 pronuntiant
2471 3711 2618 3763 eum,
2646 3697 2737 3765 qui
2760 3694 2996 3764 aliquam
3023 3691 3236 3747 dederit
3253 3688 3507 3744 velacce-

1923 3793 2062 3863 perit
2083 3791 2367 3863 pecuniam
2417 3806 2470 3845 tn
2502 3789 2681 3860 aliquo
2722 3799 2982 3856 tempore,
3015 3787 3129 3842 sive
3159 3793 3284 3840 ante
3315 3798 3507 3838 manus

1923 3884 2348 3955 impositionem,
2380 3883 2494 3938 sive
2521 3883 2575 3937 in
2613 3897 2806 3936 manus
2855 3877 3218 3951 impositione,
3250 3876 3363 3932 sive
3387 3881 3516 3946 post

1921 3991 2117 4032 manus
2157 3975 2557 4046 impositionem
2589 3991 2602 4028 :
2637 3973 2900 4042 Accipere
2947 3969 3090 4024 enim
3141 3975 3222 4022 est
3259 3967 3506 4035 quando—

1925 4083 2140 4138 cunque
2163 4067 2431 4137 accipere.
2472 4085 2490 4118 ι
2525 4063 2657 4119 item
2685 4078 2750 4117 ex
2784 4061 2972 4114 ultima
3013 4056 3234 4127 epistola
3261 4053 3506 4122 ejusdem

1925 4165 2112 4236 synodi
2145 4183 2156 4218 :
2195 4181 2214 4214 ι
2251 4160 2440 4216 Omnis
2471 4173 2599 4229 ergo
2629 4157 2911 4226 episcopus
2955 4152 3036 4205 vel
3079 4149 3381 4220 presbyter,
3412 4153 3508 4199 aut

1925 4258 2184 4312 diaconus
2209 4253 2510 4316 convictus,
2543 4249 2686 4319 quod
2715 4263 2810 4318 per
2839 4244 3093 4316 pecunias
3119 4255 3312 4296 manus
3339 4239 3507 4308 impo-

1925 4348 2178 4402 sitionem
2209 4344 2417 4400 dederit
2463 4343 2546 4396 vel
2599 4338 2889 4410 acceperit,
2920 4343 2975 4390 et
3020 4350 3050 4388 a
3099 4331 3402 4388 sacerdotio
3454 4340 3513 4382 et

1927 4438 2094 4508 gradu
2129 4436 2360 4492 decidat.
2399 4433 2670 4490 Fortassis
2713 4439 2890 4485 autem
2939 4428 3124 4482 dicunt
3166 4424 3352 4494 aliqui,
3380 4423 3508 4493 quia

1928 4526 2303 4598 paenitentiam
2333 4525 2546 4596 agimus
2573 4537 2673 4594 pro
2701 4528 2944 4592 peccato,
2977 4525 3032 4572 et
3061 4515 3318 4570 Dominus
3349 4515 3506 4584 igno-

1929 4627 2041 4675 scet
2069 4617 2215 4674 illud.
2257 4617 2334 4671 lta
2369 4623 2474 4680 est,
2502 4614 2626 4684 quia
2651 4625 2841 4669 omnes
2881 4619 3102 4679 agentes
3134 4604 3508 4677 paenitentiam

1929 4711 2071 4765 Deus
2098 4707 2342 4777 suscipit,
2365 4714 2419 4761 et
2457 4703 2695 4774 indulget
2738 4717 2836 4772 per
2859 4698 3231 4770 paenitentiam
3286 4703 3512 4765 peccata

1930 4799 2174 4871 quaajam
2197 4806 2406 4870 patrata
2435 4803 2597 4860 sunt;
2639 4813 2657 4846 ι
2692 4801 2744 4849 et
2773 4791 2910 4846 infra
2941 4804 2956 4843 :
2983 4807 3002 4840 ι
3040 4788 3146 4844 Sed
3173 4786 3300 4855 quia
3325 4799 3518 4840 secun-

1935 4891 2059 4946 dum
2122 4887 2458 4958 Apostoium,
2513 4879 3007 4955 irreprehensibilis
3054 4877 3214 4934 debet
3266 4873 3518 4930 sacerdos

1931 4994 2074 5044 esse,
2118 4979 2212 5048 qui
2261 4991 2357 5046 per
2403 4977 2662 5044 pecunias
2707 4985 3032 5044 quemquam
3073 4974 3372 5026 consecrat.
3431 4960 3518 5014 vel

1931 5077 2280 5124 consecratus
2299 5073 2405 5130 est,
2433 5064 2642 5124 alienus
2661 5072 2746 5122 est
2766 5079 2794 5116 a
2817 5060 3140 5124 sacerdotio,
3169 5058 3312 5112 sicut
3339 5055 3519 5109 omnis

1930 5157 2186 5213 Ecclesiae
2246 5159 2450 5214 scimus
2504 5157 2712 5214 alumni
2763 5169 2830 5209 ex
2879 5149 3166 5209 Canonicis
3215 5139 3523 5215 disciplinis

1929 5253 2146 5308 eruditi.
2189 5271 2208 5306 ι
