4018 5330
497 212 593 269 ιῑι

1519 212 1576 270 S.
1605 213 1906 268 ANSELMI
1943 210 2282 270 LUCENSIS
2319 211 2619 268 EPISCOPI

3642 219 3751 284 473

484 340 631 397 pere.
661 337 795 399 nam
825 340 944 381 eum
995 326 1294 396 corporalis
1338 326 1611 393 Ecclesiae,
1660 327 1947 396 episcopus
1978 326 2063 381 vel
2092 332 2139 386 Α
2166 325 2449 394 pmphetis
2480 324 2631 393 ponit
2654 333 2705 379 et
2733 325 2891 379 dicit:
2920 344 2937 376 ι
2960 324 3511 398 Sibimetipsisregem
3538 331 3745 386 constio

486 416 657 472 abbas
682 418 800 471 sine
828 416 987 471 rebus
1018 418 1388 488 corporalibus
1425 418 1784 472 exterioribus
1835 417 1888 471 in
1914 416 2060 471 nullo

484 509 757 577 proﬁciat,
789 509 928 563 sicut
954 525 1054 565 nec
1093 510 1270 563 anima
1298 510 1413 563 sine
1438 525 1665 579 corpore
1690 509 2061 580 temporaliter

485 600 639 665 vivit,
669 600 912 669 quisquis
946 616 1132 655 eorum
1170 601 1397 656 alterum
1428 601 1611 655 vendit
1642 601 1756 656 sine
1785 616 1891 670 quo
1926 601 2065 656 alte-

486 708 606 746 rum
653 692 855 747 habere
883 709 989 747 non
1036 693 1301 762 provenit,
1357 701 1607 751 neutrum
1653 708 1758 747 non
1786 692 2060 746 venditum

486 782 826 852 derelinquit.
852 783 1022 850 Quam
1061 795 1238 838 tamen
1268 782 1626 851 objectionem
1652 797 1809 838 sacer
1837 782 2062 838 Chalce-

488 872 741 927 donensis
791 888 962 927 canon
1014 874 1227 943 penitus
1257 874 1605 940 exterminat,
1642 888 1764 927 eum
1797 882 2059 942 procura-

487 972 659 1019 torem
688 963 772 1019 vel
797 950 1135 1019 defensorem
1170 965 1445 1030 Ecclesiae,
1479 964 1561 1019 vei
1608 979 1929 1035 quemquam
1962 967 2062 1018 Ec—

485 1054 667 1119 clesia:
693 1054 1017 1124 subjectum,
1049 1055 1183 1111 adeo
1214 1071 1311 1126 per
1336 1056 1592 1125 pecunias
1619 1055 1855 1109 ordinari
1879 1054 2060 1124 prohi-

485 1148 632 1213 beat,
665 1157 723 1202 ut
752 1148 1148 1204 interventores
1184 1164 1398 1219 quoque
1428 1148 1559 1203 tanti
1593 1148 1812 1203 sceleris
1838 1146 2062 1201 anathe-

486 1239 649 1293 matis
677 1221 933 1295 mucrone
959 1241 1222 1294 suecidat.
1260 1260 1278 1292 ι

561 1329 700 1398 Quid
731 1329 917 1400 plura?
947 1330 1004 1386 Si
1032 1332 1475 1405 anathematiaati
1509 1342 1561 1388 et
1586 1332 2060 1398 excommunicati,

490 1431 545 1476 ut
575 1431 632 1477 et
663 1437 792 1479 vere
835 1423 1096 1491 haeretici,
1130 1422 1449 1480 Simoniaci.
1476 1433 1529 1479 ει
1575 1425 1829 1495 ncopbyti
1861 1425 1926 1478 ab
1963 1424 2063 1478 Ec-

489 1512 651 1567 clesia
684 1520 809 1567 sunt
838 1516 1094 1583 separati,
1145 1517 1267 1585 quis
1313 1531 1419 1570 non
1462 1516 1642 1570 videat
1689 1500 1831 1584 quod
1874 1515 2060 1583 hujus-

488 1603 629 1657 modi
667 1603 1014 1661 sacerdotum
1055 1606 1236 1660 missa:
1259 1614 1316 1660 ct
1341 1606 1618 1662 orationes
1658 1606 1827 1661 Deum
1857 1606 1923 1659 ad
1957 1606 2062 1659 ira-

487 1694 737 1748 cundiam
777 1708 939 1763 super
984 1695 1239 1763 populum
1284 1706 1611 1765 provocent,
1662 1712 1821 1766 quem
1870 1696 2065 1752 talibus

488 1782 691 1851 placari
722 1786 1113 1841 credebamns?
1147 1786 1421 1857 Scriptum
1451 1798 1533 1844 est
1557 1789 1700 1845 enim
1729 1807 1742 1843 :
1780 1807 1797 1838 ι
1820 1788 1946 1844 Veri
1980 1803 2066 1842 sa-

487 1862 677 1933 crificii
705 1879 852 1933 locus
882 1890 1035 1939 extra
1084 1881 1408 1937 catholicam
1448 1882 1745 1939 Ecclesiam
1784 1899 1893 1938 non
1922 1892 2058 1938 est.»

487 1969 552 2024 Et
589 1970 762 2027 item:
803 1970 1125 2026 ereticum
1166 1974 1427 2029 hominem
1465 1984 1580 2044 post
1623 1976 1847 2045 primam
1896 1985 1946 2031 et
1985 1994 2066 2031 se-

490 2060 716 2117 cundum
748 2063 1118 2131 correptionem
1166 2063 1339 2117 devita
1377 2063 1506 2135 (Tit.
1536 2064 1641 2135 ιιι).
1689 2064 1913 2130 Quando
1937 2080 2067 2137 ergo

472 2150 628 2205 .tales
673 2152 956 2221 episcopos
1000 2153 1084 2207 vel
1126 2153 1381 2219 abbates,
1427 2155 1510 2210 vel
1558 2156 1795 2225 reliquos
1840 2156 2065 2219 clericos

489 2256 594 2296 non
635 2243 957 2311 devitamus,
987 2245 1032 2300 si
1072 2261 1258 2301 eorum
1300 2249 1492 2305 missas
1522 2250 1789 2312 audimus,
1826 2249 1907 2303 vel
1943 2265 2063 2305 cum

489 2335 567 2389 eis
593 2350 832 2402 oramus,
863 2352 985 2392 cum
1019 2337 1124 2391 illis
1149 2340 1765 2395 excommunicationem
1799 2341 2061 2397 subimus.

491 2428 636 2494 Quos
662 2430 882 2500 quidem
917 2430 1234 2487 sacerdotes
1264 2448 1386 2489 esse
1430 2433 1621 2489 saltem
1665 2434 1912 2499 credere,
1945 2449 2063 2488 om-

490 2522 619 2577 nino
659 2536 844 2578 errare
879 2532 984 2589 est,
1029 2539 1152 2579 cum
1193 2523 1387 2580 Petrus
1422 2523 1629 2580 Simoni
1671 2525 1813 2579 dicat
1848 2542 1860 2577 :
1915 2542 1931 2575 ι
1966 2524 2068 2580 Ρε-

491 2614 651 2668 cunia
686 2625 781 2668 tua
816 2624 989 2670 tecum
1028 2615 1098 2670 sit
1139 2617 1190 2670 in
1222 2617 1546 2685 perditione,
1584 2616 1710 2686 quia
1741 2615 2065 2672 existimasti

489 2710 689 2764 donum
718 2711 810 2767 Dei
843 2712 1066 2780 pecunia
1094 2713 1356 2782 possideri
1407 2713 1546 2784 (Act.
1575 2714 1716 2784 VIII).
1756 2730 1775 2765 ι
1810 2712 1909 2768 Ubi
1940 2728 2063 2766 cum

490 2801 810 2856 existimasti
836 2803 1049 2866 dicitur,
1077 2819 1185 2857 non
1208 2820 1306 2872 pro
1327 2819 1390 2858 eo
1415 2804 1557 2872 quod
1586 2802 1797 2869 fecerit,
1820 2804 1913 2858 sed
1936 2803 2063 2872 quia

490 2906 549 2946 se
575 2907 732 2961 posse
769 2892 948 2949 facere
988 2895 1238 2958 credidit,
1266 2895 1680 2960 condemnatur,
1730 2910 1852 2950 cum
1885 2895 2066 2958 minus

492 2983 563 3035 sit
591 2983 903 3038 existimare
932 2999 1091 3054 quam
1123 2985 1360 3038 credere.
1386 2982 1443 3037 in
1472 2985 1575 3038 hoc
1600 2998 1728 3054 ergo
1760 2986 1902 3054 quod
1932 2985 2059 3040 sub-

485 3071 750 3141 jungitur,
785 3093 802 3125 ι
831 3088 939 3127 non
966 3081 1050 3127 est
1091 3072 1185 3127 tibi
1217 3088 1344 3144 pars
1374 3087 1546 3143 neque
1577 3088 1696 3129 sors
1733 3074 1784 3127 in
1818 3088 2066 3130 sermone

491 3162 596 3216 isto
635 3163 886 3233 (Ιυξιι.),›
938 3173 1188 3234 patenter
1222 3164 1531 3219 ostenditur
1570 3165 1696 3234 quia
1731 3165 1862 3220 nihil
1898 3180 2069 3223 saera:

492 3257 851 3314 ordinationis
879 3258 932 3312 in
966 3258 1067 3312 hac
1101 3258 1441 3327 promotione
1470 3258 1784 3327 percipitur.

562 3349 697 3404 item
728 3365 792 3404 es
831 3349 1084 3419 llegistro
1114 3350 1254 3405 beati
1286 3347 1533 3420 Gregorii
1566 3350 1635 3404 ad
1663 3349 1894 3420 Sigium,
1926 3349 2069 3407 inter

492 3451 685 3496 caetera
710 3457 725 3496 :
766 3462 783 3494 ι
807 3443 916 3497 Cur
944 3458 1047 3496 non
1078 3444 1449 3512 perpenditur,
1476 3458 1572 3499 cur
1605 3458 1711 3500 non
1730 3443 2065 3514 ,advertitur,

495 3532 617 3603 quia
667 3532 970 3590 benedictio
1012 3533 1085 3592 ιιιι
1131 3534 1183 3589 iu
1216 3532 1652 3592 uni-edictionem
1687 3538 1939 3602 vertitur,
1975 3537 2066 3606 qui

494 3625 561 3676 ad
601 3624 704 3677 hoc
744 3633 803 3676 ut
834 3625 1118 3679 haereticus
1148 3625 1240 3679 fiat
1269 3626 1652 3695 promovetur“?
1684 3645 1702 3679 ι
1737 3625 1895 3690 item,
1924 3626 2066 3679 idem

493 3713 548 3765 in
577 3714 767 3768 eodem
797 3730 811 3768 :
837 3734 854 3766 ι
886 3714 1061 3770 Grave
1106 3718 1326 3772 omnino
1363 3727 1419 3771 et
1454 3716 1594 3775 ultra
1629 3732 1793 3788 quam
1834 3717 1938 3772 dici
1967 3732 2065 3786 po-

496 3813 600 3858 test
638 3802 849 3860 facinus
875 3815 978 3873 est,
1011 3818 1256 3865 sanetum
1293 3807 1556 3879 Spiritum
1584 3807 1678 3877 qui
1706 3807 1890 3862 omnia
1914 3809 2067 3863 rede—

499 3897 615 3960 mit,
642 3898 961 3951 venundari.
994 3918 1012 3951 ι

570 3986 699 4041 Item
741 3988 1059 4044 Ambrosius
1104 3988 1157 4042 in
1189 3987 1492 4044 Pastorali:
1530 4007 1549 4040 ι
1578 3988 1781 4059 Nempe
1831 3990 1933 4044 hoc
1985 3997 2069 4044 est

496 4080 639 4149 quod
669 4080 829 4135 nimis
855 4081 1033 4148 doleo,
1064 4082 1192 4151 quia
1228 4081 1666 4151 archiepiscopus
1693 4094 1816 4135 cum
1850 4096 1943 4150 per
1970 4096 2064 4151 pe-

494 4172 708 4224 cnuiam
763 4172 997 4242 aliquem
1049 4173 1359 4242 episcopum
1411 4172 1690 4227 ordinaret
1738 4172 2062 4241 specialiter,

497 4262 771 4328 ordinavit
795 4264 1086 4335 leprosum.
1115 4284 1134 4317 ι
1167 4265 1301 4321 item
1342 4265 1542 4321 ibidem
1572 4280 1586 4318 :
1623 4284 1642 4318 ι
1672 4266 1824 4331 Quod
1857 4252 2067 4334 accepit

496 4356 728 4423 pecunia
756 4355 883 4422 fuit,
915 4357 1059 4427 quod
1085 4356 1233 4411 dedit
1261 4357 1410 4426 lepra
1445 4357 1575 4412 fuit:
1612 4375 1632 4409 ι
1666 4357 1797 4413 item
1831 4357 2059 4412 ibidem:
2092 4393 2142 4453 Β

500 4467 518 4497 ι
547 4448 751 4503 Aurum
782 4450 916 4504 dans
958 4449 1262 4520 perdidisti,
1306 4458 1362 4504 et
1397 4456 1642 4505 sanctam
1678 4450 1907 4522 gratiam
1954 4464 2060 4504 non
2092 4447 2099 4453 ’

479 4514 851 4610 Ϊιιειιιιὶεἰγίειὶ.
884 4560 904 4594 ι

567 4630 841 4686 liactenus
882 4631 947 4686 de
987 4629 1420 4686 Simoniaeorum
1466 4627 1794 4693 sacerdotio,
1825 4643 1968 4684 nunc
1998 4641 2064 4683 ue

497 4739 685 4781 eorum
717 4724 983 4779 sacrificio
1008 4724 1229 4783 Patrum
1253 4722 1553 4787 sententias
1578 4729 2002 4801 perscrutemur.

569 4816 870 4888 Cyprianus
898 4816 951 4870 in
982 4817 1205 4886 epistola
1247 4817 1315 4870 ad
1342 4812 1652 4871 Cornelium
1680 4829 1694 4865 :
1731 4830 1749 4862 ι
1783 4811 2068 4866 Existimat

495 4908 693 4976 aliquis
722 4922 930 4962 summa
954 4917 1008 4961 ει
1044 4921 1264 4977 magna,
1303 4914 1397 4960 aut
1436 4920 1544 4959 non
1588 4905 1792 4959 sciente
1832 4912 1925 4956 aut
1957 4916 2061 4955 non

482 4998 839 5066 permittente
878 4997 987 5051 Deo
1036 4995 1091 5050 in
1143 4994 1384 5050 Ecclesia
1437 4993 1533 5048 Dei
1581 4992 1727 5058 ﬁeri,
1779 4998 1836 5046 et
1889 5003 2066 5043 sacer-

493 5092 674 5156 dotes,
708 5090 759 5144 id
789 5100 895 5155 est,
935 5089 1033 5144 Dei
1077 5087 1479 5157 dispensatores
1520 5102 1625 5140 non
1666 5091 1825 5139 erunt
1853 5081 1920 5136 de
1950 5080 2066 5150 ejus

497 5184 770 5239 sententia
797 5181 1049 5244 ordinati,
1100 5183 1203 5237 hoc
1231 5189 1316 5234 est
1361 5180 1521 5232 fidem
1567 5191 1674 5254 non
1716 5176 1915 5229 habere
1959 5188 2066 5242 qua

489 5276 745 5330 vivimus.
771 5276 875 5330 hoc
899 5283 983 5328 est
1007 5273 1115 5326 Deo
1139 5273 1401 5325 honorem
1430 5282 1534 5321 non
1559 5268 1709 5320 dare.
1735 5264 1840 5319 Sed
1868 5264 1926 5317 ile
1950 5263 2064 5330 ejus

2170 422 2475 482 tuerunt,et
2496 432 2601 471 non
2631 429 2727 486 per
2755 431 2839 472 me
2869 416 3024 488 (Osee
3037 416 3176 487 vin).
3199 436 3217 473 ι
3244 418 3308 482 Et
3330 418 3567 475 iterum:
3596 439 3615 470 ς
3647 419 3749 474 Sa-

2166 503 2373 558 crificia
2421 519 2611 559 eorum
2642 492 2918 575 tanquam
2960 506 3115 576 panis
3154 507 3360 574 luctus;
3411 524 3604 564 omnes
3648 511 3745 580 qui

2168 594 2495 649 manducant
2525 610 2586 650 ea
2634 596 3146 651 contaminabuntur
3174 598 3328 668 (Osee
3372 599 3473 670 lx).
3513 586 3628 655 {Et
3650 616 3749 668 per

2166 682 2358 739 Isaiam
2378 684 3248 756 Spiritussanctusclamatetdicit
3273 707 3286 744 :
3311 687 3431 745 «Va:
3449 691 3625 756 vobis,
3652 691 3748 751 lilii

2167 777 2503 846 desertores;
2527 779 2641 835 haec
2668 781 2799 836 dicit
2828 780 3087 842 Dominus
3113 795 3127 837 :
3156 781 3432 845 iiabuistis
3456 783 3746 845 consilium

2166 875 2221 921 et
2264 882 2370 922 non
2415 884 2511 938 per
2554 883 2664 935 me,
2706 877 2760 924 et
2803 869 3008 925 fecistis
3043 872 3455 926 conventionem
3495 885 3603 926 non
3646 886 3748 940 per

2170 954 2430 1025 Spiritum
2482 973 2695 1026 meum,
2747 956 2982 1028 adjicere
3027 969 3251 1030 peccata
3302 976 3468 1032 super
3522 971 3747 1027 peccata

2168 1046 2323 1117 (Isai.
2357 1047 2511 1118 xxx).
2542 1069 2560 1100 ι

2237 1137 2595 1212 iiieronymns
2632 1156 2797 1212 super
2839 1143 3120 1221 duodecnn
3167 1153 3501 1215 prophetas:
3557 1164 3577 1200 ι
3618 1147 3747 1213 Odit

2168 1229 2310 1285 Deus
2361 1234 2627 1290 sacrificia
2669 1237 3081 1303 haereticorum,
3121 1250 3176 1294 et
3219 1255 3248 1294 a
3281 1256 3341 1295 se
3389 1240 3638 1311 projicit,
3687 1259 3747 1299 et

2168 1326 2595 1397 quotiescunque
2624 1328 2723 1383 sub
2772 1332 2986 1386 nomine
3026 1332 3235 1387 Domini
3270 1332 3472 1388 fuerint
3515 1350 3746 1407 congre-

2169 1415 2299 1484 gati,
2336 1417 2690 1473 detestabitur
2733 1419 2961 1476 fetorem
3008 1437 3216 1488 eorum,
3265 1434 3322 1480 et
3344 1424 3547 1480 claudit
3584 1443 3749 1485 nares

2169 1518 2296 1559 snas
2335 1523 2347 1557 :
2378 1496 2594 1571 ,OdiSSe
2646 1516 2826 1563 autem
2861 1517 2915 1565 et
2952 1511 3218 1581 projicere
3249 1523 3303 1568 et
3349 1530 3454 1570 non
3505 1517 3744 1585 odorari,

2170 1592 2406 1650 humana
2459 1595 2697 1668 loquitur
2758 1601 3187 1667 consuetudine,
3232 1612 3291 1657 ut
3342 1619 3442 1658 nos
3492 1605 3746 1661 affectum

2100 1677 2140 1736 Β
2169 1684 2265 1740 Dei
2294 1688 2495 1742 nostris
2542 1690 2885 1747 sermonibus
2928 1708 3340 1764 cognoscamus.
3385 1696 3453 1751 Et
3500 1700 3544 1753 si
3592 1700 3748 1756 bolo-

2168 1786 2355 1831 causta
2380 1778 2700 1846 obtulerint,
2733 1781 3019 1848 videantur
3039 1784 3314 1855 jejunare,
3349 1788 3479 1844 dare
3509 1790 3747 1848 eleemo—

2167 1883 2361 1937 synas,
2413 1871 2729 1940 pudicitiam
2777 1873 3051 1944 polliceri,
3093 1894 3213 1947 qua:
3257 1879 3573 1937 holocausta
3623 1893 3753 1939 sunt

2167 1974 2316 2023 vera,
2359 1975 2464 2015 non
2514 1977 2577 2017 ea
2620 1966 2844 2034 suscipit
2891 1955 3165 2023 Dominus.
3213 1969 3328 2025 Non
3378 1973 3522 2027 enim
3571 1978 3749 2030 sacri-

2168 2048 2413 2105 ficiorum
2462 2056 2921 2127 magnitudinem,
2975 2062 3068 2116 sed
3120 2060 3460 2119 offerentium
3516 2069 3747 2139 respicit

2167 2140 2517 2199 voluntatem.
2550 2163 2568 2196 ι

2238 2233 2486 2307 Pelagius
2523 2237 2725 2295 Viatori
2774 2248 2828 2294 et
2861 2240 3153 2313 Pangralio
3183 2244 3325 2301 inter
3367 2256 3561 2303 czetcra
3592 2266 3607 2303 :
3648 2269 3666 2303 ι
3702 2252 3749 2305 Α

2168 2328 2641 2389 sclrisrnatieorum
2670 2335 2958 2390 sacrificiis
3001 2338 3181 2406 potius
3225 2349 3407 2396 autem
3446 2343 3751 2414 sacrilegiis

2167 2423 2439 2480 abstinere
2486 2426 2715 2482 debetis.
2751 2446 2769 2480 ι
2807 2428 2938 2483 item
2968 2430 3024 2484 in
3055 2432 3241 2486 eadem
3271 2434 3497 2504 epistola
3524 2454 3538 2490 :
3576 2456 3595 2489 ι
3625 2436 3748 2492 Νοιι

2166 2526 2246 2571 cst
2282 2516 2483 2573 Christi
2518 2535 2733 2590 corpus,
2762 2522 2906 2591 quod
2933 2523 3314 2582 sehismaticus
3342 2527 3601 2583 conficit:
3633 2530 3750 2591 Nec

2167 2613 2311 2667 enim
2359 2615 2588 2671 divisum
2636 2632 2756 2673 esse
2786 2598 3067 2673 ‘Christnm
3091 2620 3289 2690 poterit
3316 2621 3599 2692 quisquam
3630 2624 3750 2680 sine

2167 2704 2391 2769 apostoli
2436 2706 2811 2775 reprobatione
2845 2710 3138 2780 conligere.
3178 2710 3372 2778 Unam,
3412 2723 3467 2768 ιιι
3491 2729 3635 2783 saepe
3662 2715 3748 2769 di-

2166 2801 2311 2847 ctum
2345 2802 2446 2859 est,
2488 2811 2607 2865 quae
2637 2796 2835 2853 Christi
2866 2814 3063 2869 corpus
3105 2809 3215 2865 est,
3246 2816 3366 2858 esse
3397 2812 3617 2859 constat
3644 2806 3747 2861 Ec-

2166 2883 2409 2950 clesiam,
2454 2902 2575 2955 qua:
2625 2887 2679 2941 in
2726 2889 2833 2945 duo
2876 2890 2961 2945 vel
3008 2890 3161 2961 plura
3201 2892 3366 2948 dividi
3400 2910 3505 2950 non
3538 2905 3745 2965 potest.

2169 2975 2432 3031 Similiter
2454 2980 2597 3033 enim
2627 2996 2748 3036 cum
2773 2985 2836 3037 ab
2862 2999 2925 3040 ea
2953 2985 3234 3054 quisquam
3265 2986 3596 3056 discesserit,
3625 3003 3751 3051 esse

2168 3068 2223 3123 d(
2239 3068 2384 3124 sistit
2414 3069 2677 3126 Ecclesia.
2714 3073 2885 3129 Unum
2917 3076 2969 3129 in
3000 3075 3297 3131 Jerusalem
3336 3079 3594 3148 templum
3636 3091 3739 3136 est

2169 3162 2329 3218 idolis
2358 3180 2581 3220 necesse
2603 3176 2687 3222 est
2716 3177 2774 3222 ut
2805 3168 3072 3236 immolet,
3101 3171 3193 3241 qui
3224 3173 3573 3228 semetipsum
3609 3173 3719 3229 divi

2167 3256 2301 3311 serit
2349 3276 2368 3309 ι
3732 3312 3735 3317 ι

2240 3346 2535 3421 Gregorius
2562 3348 2613 3407 in
2642 3348 2936 3423 Registru:
2973 3372 2991 3405 ι
3020 3350 3130 3410 Nos
3162 3352 3626 3420 consecrationem
3660 3354 3743 3408 di-

2168 3454 2292 3494 cere
2328 3440 2473 3493 nullo
2513 3442 2673 3497 modo
2705 3458 3015 3511 possumus,
3049 3459 3168 3514 quae
3196 3444 3264 3497 ab
3306 3442 3744 3501 exc‘urnmueica-o

2169 3530 2237 3583 tis
2266 3530 2574 3587 hominibus
2604 3543 2687 3587 est
2711 3532 2998 3589 celebrata.
3032 3552 3050 3585 ι

2235 3618 2573 3689 ii:ec_itaque
2613 3632 2722 3676 tam
2762 3624 3001 3692 patentia
3042 3632 3258 3694 tamque
3294 3625 3578 3681 manifesta
3615 3637 3741 3682 sunt

2168 3721 2226 3766 ut
2257 3711 2536 3767 dilucidari
2568 3727 2675 3767 non
2706 3725 2920 3781 egeant.
2951 3714 3340 3785 Patentissime
3379 3732 3615 3787 namque
3657 3719 3738 3773 Si—

2167 3803 2536 3865 moniacorum
2586 3806 2948 3860 sacerdotium
3001 3816 3054 3861 et
3101 3808 3364 3862 sacrificia
3414 3808 3570 3864 irrita
3621 3825 3743 3867 esse

2168 3893 2565 3960 demonstrant,
2588 3895 2837 3964 quamvis
2859 3896 3077 3965 quidam
3105 3899 3405 3968 scripserit,
3431 3901 3573 3970 quod
3601 3902 3744 3968 sicut

2167 3984 2222 4039 in
2265 3984 2592 4054 baptismate
2633 3986 3100 4055 Simoniacorum,
3139 3990 3213 4044 ita
3247 3988 3304 4052 e't
3339 3992 3394 4046 in
3424 3996 3739 4048 eorumdem

2168 4075 2438 4130 sacrificio
2464 4076 2637 4133 virtus
2665 4076 2901 4147 Spiritus
2943 4081 3114 4135 sancti
3151 4095 3556 4155 cooperaretur,
3600 4086 3742 4143 scili~

2168 4176 2253 4222 cet
2279 4178 2337 4220 ut
2362 4183 2466 4222 non
2498 4168 2700 4222 eisdem
2733 4171 2804 4223 sit
2832 4187 3016 4224 verum
3044 4182 3100 4225 et
3126 4172 3362 4229 salutare
3385 4176 3738 4241 sacrificium,

2168 4262 2258 4317 sed
2301 4260 2387 4319 his
2429 4261 2626 4329 quibus
2665 4262 2969 4315 exhibetur.
3020 4263 3175 4329 Quod
3213 4280 3277 4319 ex
3318 4267 3611 4335 prmmissis
3640 4267 3740 4341 Pa-

2170 4359 2309 4404 trum
2358 4351 2642 4409 sententiis
2687 4353 3026 4420 apertissime
3072 4353 3359 4421 refellitur,
3406 4367 3461 4411 et
3505 4360 3741 4414 maxine

2168 4459 2233 4498 ex
2264 4458 2329 4497 eo
2362 4442 2503 4513 quod
2532 4443 2765 4498 dicitur:
2795 4443 3076 4512 Sacriﬁcia
3099 4463 3278 4501 eorum
3305 4459 3558 4519 tanquam
3585 4456 3739 4519 panis

2169 4531 2337 4585 luctus
2362 4572 2376 4594 ,
2425 4548 2601 4587 omnes
2641 4533 2730 4602 qui
2773 4551 2835 4588 ea
2880 4537 3202 4591 ntanducant
3243 4540 3740 4601 contamiuabutuur

2168 4621 2321 4693 (Osee
2350 4623 2449 4692 ix).
2480 4622 2595 4677 Non
2626 4624 2770 4678 enim
2795 4625 3058 4679 exhibitio
3092 4626 3453 4697 baptismatis,
3480 4639 3534 4684 et
3563 4633 3736 4687 saeri-.

2166 4714 2273 4769 ﬁcii
2303 4715 2562 4770 Dominici
2593 4718 2860 4784 corporis,
2887 4719 3109 4773 omnino
3133 4719 3293 4774 simili
3323 4720 3424 4775 sibi
3449 4721 3739 4777 collatione

2168 4805 2404 4861 conferri
2467 4805 2664 4861 valent.
2729 4805 2859 4875 Nam
2925 4809 3249 4865 necessitate
3301 4820 3529 4881 urgente
3588 4814 3736 4884 omni

2166 4897 2440 4966 baptizata
2469 4897 2783 4952 conceditur
2809 4898 3109 4967 baptizare,
3143 4900 3248 4955 sub
3278 4901 3405 4956 ﬁdei
3441 4901 3738 4974 interroga-

2170 4988 2334 5052 tione,
2362 4996 2416 5042 et
2446 4987 2663 5043 nomine
2685 4988 2991 5055 Trinitatis,
3016 4998 3071 5045 et
3093 4991 3235 5047 trina
3267 4993 3558 5060 mersione,
3592 4997 3735 5064 quod

2169 5077 2355 5146 utique
2410 5092 2726 5133 concessum
2777 5088 2862 5135 est
2905 5091 3124 5151 prepter
3172 5098 3295 5139 eum
3346 5084 3439 5151 qui
3495 5086 3737 5157 periculo

2169 5156 2360 5222 mortis
2390 5176 2634 5237 urgetur,
2665 5183 2732 5244 ne
2762 5170 2808 5225 si
2840 5179 2966 5224 tunc
3004 5172 3073 5226 ad
3098 5173 3435 5228 sacerdotem
3473 5190 3601 5230 cum
3632 5191 3738 5230 non

2169 5260 2400 5315 adfuerit
2447 5271 2721 5327 curratur,
2770 5263 2946 5317 subito
2983 5278 3089 5317 non
3138 5263 3314 5318 valeat
3359 5266 3592 5321 inveniri
3645 5268 3738 5330 qui
