4018 5330
214 332 315 393 ι’ἔδ

811 335 1086 392 CONTRA
1118 336 1529 393 GUIBERTUM
1569 335 1970 392 ANTIPAPAM
2010 337 2188 393 LIBRI
2224 338 2382 394 DUO.
2407 370 2473 380 —
2503 339 2629 393 LIB.
2658 340 2717 395 ΙΙ.

3365 344 3472 399 474

216 451 534 522 ceptioncm,
569 450 796 520 ideoque
836 451 1204 504 necessarium
1237 459 1320 505 est
1355 459 1414 504 ut
1456 465 1553 521 per
1595 465 1781 519 quem-
1813 459 1856 516 Α
1886 453 1977 524 qui
2015 467 2119 506 non
2163 453 2409 522 sequitur
2442 453 2774 508 catholicam
2802 451 3108 509 veritatem.
3145 454 3470 511 Schismati-

214 541 340 595 libet
364 542 672 610 baptizatur
696 551 982 609 antequam
1015 542 1352 596 Dominicum
1382 557 1578 610 corpus
1613 559 1640 595 a
1675 558 1788 596 mo-

213 633 380 686 rituro
405 633 698 702 expetitur.
727 633 894 703 Magis
921 648 1155 702 namque
1183 634 1468 690 dolendum
1493 644 1575 690 est
1600 650 1788 704 quem-

214 721 354 790 piam
425 722 634 790 absque
688 724 958 791 baptismo
1018 724 1270 777 humanis
1315 726 1477 779 rebus
1525 727 1789 782 ext-edere

211 825 369 878 quam
407 811 741 880 baptizatum
771 814 974 881 absque
1010 814 1354 868 eucharistia'.
1380 816 1783 880 communione,

210 902 454 972 quamvis
507 904 626 959 sine
669 911 901 972 utroque
955 919 1061 960 non
1113 905 1374 971 Salvetur,
1425 908 1518 976 qui
1561 907 1779 978 quidem

209 1003 500 1063 utrumque
549 1004 733 1065 posset
781 1011 1016 1052 sumere.
1070 995 1206 1051 Nam
1254 999 1346 1067 qui
1393 999 1566 1066 dixit}
1625 1018 1641 1049 ι
1673 998 1786 1053 Nisi

214 1083 335 1150 quis
371 1094 596 1138 renatus
627 1084 790 1140 fuerit
821 1101 887 1140 ex
917 1101 1057 1156 aqua
1086 1096 1140 1142 et
1171 1086 1378 1156 Spiritu
1411 1104 1517 1144 non
1561 1089 1788 1145 intrabit

211 1176 260 1230 in
287 1190 508 1245 regnum
535 1177 631 1232 Dei
658 1177 837 1248 (Joan.
869 1179 985 1244 In);
1020 1198 1038 1231 ι
1074 1178 1215 1232 idem
1240 1180 1411 1233 dixit:
1444 1199 1461 1231 ι
1494 1179 1606 1234 Nisi
1636 1196 1788 1235 man-

209 1273 532 1329 ducaveritis
587 1288 779 1341 panem
835 1271 928 1324 lilii
979 1271 1215 1325 hominis
1266 1284 1324 1326 et
1376 1272 1625 1327 hibet-itis
1671 1273 1787 1340 ejus

209 1367 543 1436 senguinem,
573 1381 678 1418 non
709 1363 976 1417 habebitis
995 1364 1157 1416 vitam
1178 1363 1230 1416 in
1251 1364 1403 1416 vobis
1426 1362 1605 1431 (Joan.
1631 1366 1728 1433 vi),
1761 1385 1778 1416 ι

208 1459 324 1512 ideo
370 1438 553 1508 autem
597 1455 705 1508 divi
756 1454 822 1508 de
871 1455 1111 1524 potentia
1157 1454 1407 1507 sumendi
1459 1465 1778 1523 utrumque,

206 1548 456 1618 quoniam
497 1547 757 1617 parvulus
807 1547 964 1601 modo
995 1557 1153 1602 natus
1204 1548 1364 1600 modo
1413 1559 1636 1602 renatus
1677 1565 1782 1603 non

206 1640 348 1694 valet
382 1655 605 1694 carnem
632 1638 968 1692 Domiulcam
1001 1638 1352 1703 manducare,
1401 1638 1526 1692 licet
1571 1639 1787 1706 sangui-

206 1751 328 1792 nem
361 1734 601 1804 ejusdem
640 1736 810 1804 possit
836 1733 925 1788 vix
955 1734 1036 1787 ori
1068 1732 1302 1787 infusum
1333 1733 1618 1803 deglutire.
1651 1731 1784 1786 Nam

1891 556 1986 594 cus
2013 551 2094 595 est
2121 543 2211 611 qui
2247 559 2350 596 non
2383 543 2729 612 amplectitur
2757 542 3076 596 catholicam
3103 559 3310 614 pacem.
3344 565 3362 596 ›

1963 629 2096 685 Item
2120 647 2258 701 papa
2289 631 2536 702 Pelagius
2563 633 2616 686 iu
2641 649 2739 688 suo
2766 632 2996 702 Iit‘geslo
3025 633 3320 690 introducit
3349 634 3472 691 bea-

1891 729 2004 774 tum
2029 722 2389 791 Augustinum
2421 725 2494 777 ita
2523 722 2872 778 defmientem
2903 723 3137 777 schisma
3168 724 3221 778 in
3247 725 3472 793 epistola

1889 811 1957 865 ad
2013 812 2358 866 Valerianum
2414 813 2736 882 patricium;
2778 814 2921 868 inter
2974 823 3172 868 caetera
3219 832 3232 869 :
3292 834 3310 866 ‹
3345 817 3474 872 Vide

1890 915 2071 956 uzrum
2125 903 2458 958 schismatici
2499 918 2604 958 non
2652 905 2783 969 sint,
2833 905 2926 973 qui
2963 919 3021 958 se
3054 903 3122 957 ab
3158 905 3474 961 eminentis-

1888 990 2026 1047 sima
2079 1001 2133 1047 et
2179 991 2618 1048 manifestissima
2669 994 2996 1050 auctoritate
3054 995 3517 1064 apostoliearum'

1889 1084 2100 1138 sedium
2130 1094 2542 1154 separaverunt.
2573 1104 2592 1139 ι

1958 1173 2114 1238 Item,
2150 1175 2290 1229 idem
2336 1175 2585 1244 Pelagius
2631 1175 2684 1230 in
2723 1175 2950 1246 epistola
2990 1175 3058 1230 ad
3101 1175 3376 1233 Viatorem
3418 1187 3475 1232 et

1888 1265 2235 1336 Pangratium
2261 1269 2467 1323 inducit
2493 1269 2853 1341 Anguslinum
2886 1271 2959 1326 ita
2990 1271 3296 1326 dicentem:
3329 1289 3346 1322 ι
3369 1271 3473 1338 Qui

1888 1357 2174 1413 adversum
2224 1360 2604 1414 auctoritatem
2649 1361 2862 1416 illarum
2911 1362 3310 1429 Ecclesiarum,
3351 1378 3473 1433 qua:

1891 1453 2209 1521 apostolicas
2248 1454 2402 1507 sedes
2447 1463 2502 1508 et
2551 1455 2810 1522 epistolas
2857 1455 3104 1524 accipere
3137 1464 3468 1521 meruerunt,

1888 1551 2093 1598 temere
2138 1545 2345 1610 credit,
2397 1545 2850 1601 immanissimum
2907 1549 3218 1604 schismatis
3265 1549 3471 1605 crimen

1889 1647 1918 1686 a
1948 1649 2006 1688 se
2034 1633 2348 1704 propulsare
2389 1651 2495 1690 non
2527 1638 2747 1706 poterit.
2781 1657 2798 1689 ι

1959 1724 2086 1779 IIzec
2107 1742 2228 1780 cum
2259 1728 2330 1781 ita
2363 1729 2491 1795 sint,
2523 1744 2591 1783 ex
2615 1730 2700 1784 his
2728 1739 2872 1799 patet
2899 1744 2995 1785 eos
3022 1745 3142 1786 esse
3170 1731 3471 1788 Eeclesiam

207 1826 348 1894 quod
395 1825 632 1879 dicitur:
687 1845 703 1876 ι
735 1824 847 1879 Nisi
889 1826 1370 1891 manducaui-ritis,
1404 1846 1422 1878 ι
1468 1827 1534 1880 de
1575 1826 1660 1890 his
1696 1825 1786 1895 qui
1822 1830 1862 1889 Β
1890 1818 1982 1887 qui
2043 1819 2462 1887 apostolicarum
2521 1819 2889 1876 Ecclesiarum
2948 1825 3324 1879 auctoritatem
3383 1841 3471 1880 se-

207 1916 536 1970 mauducare
565 1926 818 1983 possunt,
847 1918 1220 1986 accipiendum
1255 1927 1404 1986 puto.
1441 1916 1610 1973 Nemo
1639 1919 1780 1972 enim

207 2006 335 2061 dicit
375 2007 438 2060 de
483 2023 549 2061 eo
593 2008 685 2077 qui
726 2011 1053 2064 manducare
1083 2025 1187 2062 non
1235 2018 1435 2078 potest,
1465 2010 1559 2065 sed
1604 2011 1672 2064 de
1718 2024 1784 2064 eo

207 2099 297 2166 qui
337 2109 537 2168 potest.
1427 2109 1430 2112 ’

275 2191 369 2244 IIis
411 2193 483 2245 ita
519 2193 765 2246 decursis
797 2193 1084 2248 dicendum
1118 2193 1331 2247 videtur
1363 2194 1592 2248 bmresin
1625 2193 1782 2248 Aria-

207 2295 422 2346 norum,
460 2290 515 2336 ct
561 2281 1018 2345 Sabellianormn,
1063 2292 1116 2336 et
1153 2282 1687 2346 .‘ilacednnimiorum,
1731 2292 1784 2338 et

207 2370 678 2435 Photinianorum,
709 2383 871 2441 atque
898 2389 1113 2427 omnem
1149 2373 1454 2442 generalem
1481 2372 1728 2426 haeresim
1754 2388 1783 2426 a

208 2462 264 2514 ὃ.
299 2463 386 2516 Dei
420 2463 676 2517 Ecclesia:
713 2463 1118 2533 impugnatione
1161 2480 1424 2527 cessasse,
1465 2473 1519 2518 et
1550 2463 1658 2517 Deo
1689 2478 1786 2532 pro

207 2554 392 2608 eadem
420 2563 697 2624 pugnante
733 2567 1092 2621 cessaturum,
1121 2556 1162 2609 si
1197 2573 1298 2625 qua
1323 2557 1572 2624 deinceps
1602 2556 1786 2609 existi-

212 2656 383 2699 matur
418 2647 552 2701 oriri
582 2661 763 2714 posse.
812 2646 939 2701 Hzec
969 2663 1117 2711 vero,
1155 2647 1206 2700 id
1243 2656 1324 2700 est
1356 2647 1782 2701 Simoniacorum

213 2742 448 2804 hmresis,
483 2758 604 2810 qua:
644 2742 697 2795 in
737 2742 888 2796 initio
935 2744 1207 2796 nascentis
1240 2742 1495 2795 Ecclesia:
1525 2741 1785 2794 adversus

211 2849 321 2890 eam
352 2836 538 2889 statim
587 2850 740 2888 arma
786 2833 1068 2902 corripuit,
1100 2846 1270 2900 usque
1307 2832 1357 2883 in
1387 2831 1550 2885 tinem
1579 2830 1782 2896 saeculi,

209 2935 362 2995 prout
387 2926 489 2978 sibi
527 2925 772 2980 diabolus
801 2923 1126 2976 vexillil'eros
1153 2932 1205 2974 et
1236 2936 1491 2989 sequaces
1524 2919 1782 2986 inveniet,

211 3026 261 3071 et
288 3017 352 3070 ad
379 3015 621 3084 ejusdem
654 3016 1023 3086 probationem
1053 3015 1296 3067 eamdem
1328 3014 1642 3082 impugnare
1674 3028 1780 3067 non

211 3109 453 3162 cessabit.
494 3129 511 3161 ι
541 3109 767 3179 Oportet
813 3110 955 3163 enim
999 3108 1230 3162 haarescs
1276 3123 1416 3164 esse.
1451 3126 1469 3158 ι
1525 3114 1579 3159 ut
1616 3106 1692 3160 ait
1721 3105 1780 3157 Β.

212 3201 515 3269 Apostolus,
571 3221 590 3254 ι
640 3212 699 3256 ut
747 3201 837 3270 qui
893 3203 1101 3270 probati
1153 3209 1280 3255 sunt
1333 3200 1598 3255 manifesti
1654 3192 1858 3254 (iautC

211 3291 346 3362 (Cor.
397 3295 500 3358 Il).
532 3311 550 3344 ι
595 3291 700 3345 Sed
741 3292 1276 3345 animadvertemlum
1309 3299 1412 3353 est,
1447 3291 1588 3358 quod
1630 3289 1786 3341 Chri-

210 3392 318 3437 stus
348 3383 491 3438 Deus
514 3423 528 3448 ,
565 3383 656 3453 qui
686 3398 838 3436 suam
878 3383 1176 3436 Ecclesium
1216 3398 1377 3451 super
1416 3383 1536 3435 ﬁdei
1578 3390 1784 3450 petram

211 3475 577 3528 aediﬁcandam
614 3475 886 3545 promisit,
925 3476 1098 3543 primo
1128 3475 1367 3528 omnium
1408 3474 1786 3527 hmreticorum

211 3565 575 3634 apostolorum
607 3566 872 3634 opposuit,
905 3564 1176 3627 videlicet,
1226 3571 1283 3616 ut
1336 3564 1476 3617 sicut
1522 3561 1784 3623 Ecclesia,

211 3655 261 3712 id
290 3665 374 3710 est
423 3657 764 3711 credentium
812 3656 1102 3710 multitudo
1139 3655 1291 3708 novit
1340 3670 1396 3706 se
1443 3655 1599 3706 tidem
1642 3652 1786 3705 Petri

211 3761 418 3815 semper
465 3747 662 3802 debere
707 3747 882 3815 sequi,
917 3748 995 3800 sic
1028 3750 1081 3799 iu
1115 3754 1431 3815 perpetuum
1479 3743 1789 3798 meminerit

212 3834 451 3903 ejusdem
502 3837 724 3892 nefaria:
773 3839 994 3892 haeresis
1038 3839 1216 3892 virosa
1253 3849 1308 3891 et
1338 3837 1614 3890 mortifera
1655 3851 1787 3890 con-

213 3930 373 3983 sortia
405 3930 618 3998 fugere,
648 3929 699 3984 in
740 3930 894 3999 cujus
922 3933 1099 3999 capite
1132 3940 1346 3985 constat
1370 3929 1609 3984 omnium
1633 3927 1790 3982 Chri-

213 4022 442 4076 stianum
469 4025 772 4094 principem
801 4024 1198 4080 maledictionis
1219 4023 1458 4093 jaculum
1485 4021 1786 4076 intorsissc.

214 4115 332 4171 “ac
359 4132 484 4172 cum
528 4117 600 4170 ita
647 4118 774 4180 sint,
818 4117 1126 4186 quicunque
1153 4131 1251 4186 pro
1281 4132 1380 4170 suo
1408 4130 1566 4178 posse
1594 4115 1663 4168 ab
1692 4114 1790 4166 hu-

209 4204 292 4273 jus
321 4207 491 4276 pestis
540 4207 947 4276 impugnatione
982 4207 1295 4270 cessaverit,
1335 4222 1455 4259 cum
1488 4205 1709 4260 Simone
1738 4211 1791 4256 et

215 4297 324 4368 ejus
354 4298 680 4367 sequacibus
710 4299 1012 4365 portionem
1047 4299 1288 4363 habebit,
1315 4299 1528 4352 dicente
1551 4297 1613 4350 Β.
1651 4297 1786 4351 Gre-

217 4390 398 4455 gorio:
435 4406 454 4441 ι
485 4387 744 4455 Quisquis
774 4397 959 4442 contra
1002 4387 1432 4443 Simoniacorum
1460 4387 1706 4440 haeresim
1737 4395 1791 4439 et

217 4477 610 4550 Neophytorum
645 4493 746 4548 pro
792 4477 951 4534 oIIicii
997 4480 1079 4534 sui
1122 4479 1240 4535 loco
1291 4479 1636 4534 vehementer
1683 4495 1786 4532 non

1889 1918 2163 1980 quuutur;
2193 1926 2288 1967 eos
2333 1929 2462 1969 vero
2506 1915 2759 1970 omnibus
2800 1915 2974 1971 modis
3004 1931 3125 1972 esse
3165 1917 3474 1972 schismati-

1887 2018 2000 2068 cos,
2027 2005 2117 2074 qui
2145 2015 2334 2062 contra
2353 2008 2728 2077 praescriptas
2763 2011 3118 2064 auctoritates
3147 1999 3471 2080 apostolica-

1887 2111 2006 2150 rum
2047 2097 2279 2162 sedium,
2325 2108 2380 2152 et
2428 2109 2740 2154 sanctorum
2777 2099 2999 2154 Patrum
3043 2099 3161 2170 plus
3205 2117 3367 2170 quam
3409 2117 3472 2157 cc

1885 2189 2174 2259 pontiﬁces
2203 2189 2256 2242 iu
2289 2189 2530 2243 Ecclesia
2565 2190 2655 2244 Dei
2685 2191 2941 2244 ordinare
2975 2190 3241 2246 nituntur.

1963 2299 1984 2333 ί
2007 2281 2400 2336 Schismaticus
2419 2298 2546 2337 vero
2563 2281 2717 2350 juxta
2739 2283 3133 2338 Antiochenum
3160 2283 3471 2346 concilium,

1888 2373 1932 2427 si
1975 2373 2336 2442 permanserit
2383 2374 2568 2428 turbas
2607 2373 2814 2428 faciens
2846 2383 2897 2426 et
2947 2376 3242 2430 seditiones
3291 2373 3476 2429 Eccle-

1889 2467 2004 2529 siae,
2051 2481 2148 2534 per
2191 2476 2484 2520 extraneas
2529 2473 2828 2534 potestates
2876 2475 3131 2535 tanquam
3185 2468 3475 2522 seditiosus

1889 2555 2321 2624 comprimendus
2350 2557 2489 2612 esta‘
2511 2556 2789 2610 -—¢Multa
2824 2571 3076 2626 namque,
3097 2567 3155 2611 ut
3185 2558 3260 2612 ait
3288 2558 3475 2629 Augu-

1888 2647 2082 2711 stinus,
2109 2647 2272 2701 etiam
2301 2662 2422 2702 cum
2453 2647 2638 2703 invitis
2658 2647 2890 2720 benigna
2913 2649 3148 2718 quadam
3180 2650 3475 2719 asperitate

1888 2739 2184 2810 plcctendis
2223 2741 2426 2809 agenda
2455 2749 2603 2805 sunt,
2631 2756 2858 2810 quorum
2893 2741 3068 2811 potius
3093 2740 3315 2795 utilitati
3344 2756 3475 2795 con-

1888 2829 2174 2885 sulendum
2209 2839 2293 2883 est
2324 2845 2484 2898 quam
2532 2830 2816 2885 voluntati.
2849 2830 2980 2886 Nam
3029 2832 3084 2886 in
3130 2832 3475 2901 corripiendo

1887 2920 1998 2975 ﬁlio
2043 2921 2341 2990 quamlibet
2376 2927 2924 2994 aspere,’.nuuquam
2969 2935 3147 2977 tamen
3180 2939 3336 2978 amor
3375 2938 3474 2992 pa-

1891 3023 2075 3068 ternus
2104 3014 2391 3068 amittitur.
2431 3013 2517 3069 Fit
2557 3027 2734 3071 tamen
2784 3016 2925 3088 quod
2974 3018 3138 3073 nollet
3184 3029 3243 3074 ut
3269 3019 3472 3083 doleat,

1890 3103 1981 3170 qui
2011 3101 2172 3155 etiam
2206 3102 2410 3157 invitus
2441 3103 2656 3159 videtur
2683 3103 2867 3159 dolere
2890 3107 3186 3161 sanandus.
3217 3125 3237 3159 ι

1957 3194 2090 3248 Item
2119 3194 2369 3263 Pelagius
2385 3193 2670 3250 Valeriano
2696 3199 2927 3267 patricio
2957 3214 2970 3252 :
3007 3219 3024 3250 ι
3059 3199 3172 3254 Non
3200 3202 3448 3271 persequi

1891 3294 2000 3348 tur,
2047 3285 2150 3338 nisi
2183 3285 2273 3354 qui
2307 3286 2373 3339 ad
2419 3286 2619 3340 malum
2651 3289 2814 3357 cogit.
2848 3287 2948 3354 Qui
2981 3305 3108 3344 vero
3151 3291 3352 3345 malum
3383 3293 3471 3346 vel

1889 3374 2092 3428 factum
2125 3373 2240 3442 jam
2275 3377 2447 3446 punit,
2480 3378 2563 3429 vel
2602 3379 2854 3447 prohibet
2889 3395 2956 3434 ne
2997 3381 3109 3445 ﬁat,
3147 3369 3253 3434 non
3294 3396 3478 3450 perse-
3541 3381 3552 3385 ’

1889 3466 2074 3534 quitur
2110 3467 2233 3532 iste,
2278 3467 2372 3521 sed
2407 3467 2600 3537 diligit.
2650 3468 2784 3522 Nam
2816 3471 2886 3537 si,
2931 3478 2988 3526 ut
3015 3471 3232 3541 quidam
3263 3482 3473 3542 putant,

1890 3573 2048 3612 nemo
2075 3574 2174 3613 nec
2205 3559 2582 3628 reprimendus
2613 3577 2640 3615 a
2676 3561 2842 3626 malo,
2890 3577 2989 3617 nec
3021 3563 3384 3619 retrahendus
3409 3566 3476 3619 ad

1889 3648 2087 3703 bonum
2111 3651 2490 3713 est,humanas
2513 3665 2573 3705 ac
2589 3651 2800 3705 divinas
2826 3651 2970 3722 leges
2997 3668 3218 3708 necesse
3240 3663 3319 3708 est
3343 3671 3474 3708 eva-

1890 3741 2068 3814 cuari,
2087 3756 2206 3810 qua:
2235 3750 2290 3795 et
2332 3741 2486 3795 malis
2516 3757 2732 3810 pmnam
2757 3751 2811 3796 et
2839 3742 2993 3797 bonis
3021 3745 3242 3813 praemia
3266 3744 3477 3812 justitia

1890 3832 2150 3888 suadente
2203 3833 2560 3887 constituunt.
2621 3833 2817 3888 Malum
2869 3843 3054 3889 autem
3109 3836 3346 3892 schisma
3398 3848 3481 3893 cst

1891 3925 2053 3980 etiam
2087 3941 2184 3990 per
2215 3935 2504 3981 extraneas
2535 3935 2828 3996 potestates
2855 3928 3291 3996 opprimendum.
3325 3949 3343 3983 ι

1959 4016 2144 4085 Itaque
2173 4017 2240 4081 si,
2273 4027 2332 4072 ut
2375 4033 2443 4072 ex
2481 4018 2566 4073 his
2611 4027 2759 4087 patet
2798 4019 3132 4074 schismatici
3163 4035 3260 4090 per
3293 4029 3480 4075 extra-

1890 4124 2022 4164 neas
2050 4117 2350 4179 potestates
2385 4118 2513 4163 sunt
2553 4109 2921 4180 opprimendi,
2952 4111 3196 4180 nunquid
3223 4119 3278 4166 et
3303 4111 3480 4166 Simo-

1891 4201 2034 4256 niaci
2083 4201 2153 4256 ab
2199 4201 2405 4255 eisdem
2460 4217 2569 4256 non
2620 4209 2746 4256 sunt
2795 4200 3173 4271 opprimendi?
3225 4199 3481 4270 Nunquid

1892 4293 2073 4347 minus
2101 4293 2460 4354 delinquunt?
2488 4293 2600 4348 lmo
2637 4293 2828 4362 magis.
2862 4292 2996 4345 Nam
3026 4292 3070 4347 si
3103 4291 3354 4347 Christus
3384 4293 3478 4346 Dei

1890 4384 2060 4439 Filius
2083 4394 2135 4439 et
2169 4384 2410 4454 Spiritus
2449 4384 2570 4452 ejus
2600 4394 2657 4438 et
2695 4383 2876 4438 Patris
2905 4399 3001 4453 per
3025 4382 3208 4438 omnia
3237 4381 3479 4453 aequales

1891 4486 2038 4542 sunt,
2086 4476 2303 4532 Iudaeus
2349 4486 2405 4531 et
2455 4475 2822 4541 Simoniacus,
2875 4491 2965 4545 qui
3015 4485 3304 4546 utrumque
3347 4491 3479 4531 ven-

219 4572 424 4634 asserit,
465 4586 588 4624 cum
622 4584 688 4623 eo
728 4583 788 4623 se
825 4585 928 4622 non
971 4569 1180 4624 dubitet
1219 4569 1418 4624 habere
1459 4568 1784 4638 portionem,
1815 4559 1864 4616 1)
1890 4565 2048 4632 dunt,
2079 4582 2239 4636 pares
2265 4583 2370 4622 non
2398 4568 2590 4622 erunt?
2629 4568 2760 4624 Item
2792 4583 2912 4621 cum
2945 4582 3008 4622 ex
3040 4567 3338 4636 prmmissis
3371 4582 3475 4623 aus-

219 4660 299 4726 qui
321 4661 468 4728 prius
491 4660 599 4715 hoc
623 4659 900 4728 piaculare
928 4658 1188 4726 ﬂagitium
1217 4660 1506 4715 commisit.
1530 4679 1549 4711 ι

282 4749 568 4804 Sciendum
609 4758 696 4803 est
738 4758 918 4804 autem
961 4751 1104 4818 quod
1152 4750 1294 4804 aliud
1344 4759 1428 4806 est
1474 4749 1786 4804 baareticum

219 4855 343 4904 esse,
363 4841 509 4894 aliud
522 4840 961 4895 schismaticum.
989 4840 1383 4908 Siquidcmest,
1403 4842 1493 4910 qui
1510 4841 1788 4896 catholicae

220 4930 460 4988 Ecclesiae
495 4932 658 4987 ﬁdem
703 4932 978 5001 relinquit,
1006 4942 1057 4986 et
1091 4934 1173 4987 sui
1208 4935 1291 4987 vel
1334 4933 1560 4989 alterius
1586 4935 1790 4989 erroris

219 5022 348 5077 viam
397 5025 554 5093 sequi
606 5023 799 5093 diligit.
856 5021 987 5076 Item
1033 5024 1184 5093 juxta
1225 5026 1441 5079 beatum
1481 5022 1783 5080 Isidorum:

225 5131 239 5142 ο
268 5111 360 5142 Α.ιῖ
412 5128 626 5144 θΑη-ι-ιηὶ
661 5111 996 5144 Ωηινῖηίιιιιηιιὶ
1028 5113 1185 5146 οιΙίΙΛΙ·
1216 5115 1605 5148 ἶιιιιιιοηνΔΙηΙιιιι
1625 5130 1786 5148 nonnon

1894 4661 2240 4718 ctoritatibus
2264 4673 2498 4727 constet,
2515 4663 2883 4717 Simoniacum
2908 4661 3249 4716 Paracletum
3273 4678 3480 4728 emere,

1891 4752 2135 4808 Jmlzeum
2185 4770 2312 4810 vero
2364 4754 2567 4824 liqueat
2616 4753 2897 4808 Christum
2955 4754 3184 4819 emisse,
3235 4755 3479 4824 nunquid

1895 4844 2170 4899 constabit
2203 4845 2420 4901 eosdem
2453 4843 2655 4898 malitia
2695 4855 2748 4901 et
2777 4845 2971 4900 merito
3015 4861 3175 4915 pares
3203 4846 3486 4902 habendos.

1896 4934 2055 4988 esse?
2086 4934 2154 4988 Et
2189 4934 2406 5004 quidem
2439 4935 2512 4987 ita
2544 4933 2783 4990 videtur.

1962 5027 2120 5080 Patet
2148 5027 2327 5090 itaque
2369 5023 2728 5094 Simoniacos,
2760 5026 2922 5080 veluti
2955 5026 3158 5096 primos
3185 5034 3242 5079 et
3293 5026 3480 5094 pracci-

1892 5133 2024 5150 nuAe
2059 5118 2345 5150 I‘mnnoinne
2401 5117 2466 5150 ἰιι
2491 5117 2744 5150 nun-anu.“
2779 5117 3022 5150 ιιιιοιὶιιηα
3057 5115 3380 5150 νηοηηυηιῖηο
3427 5125 3480 5150 οι
