4018 5330
535 309 644 364 ιιι

1559 316 1618 372 S.
1653 315 1952 373 ANSEL-Ml
1982 313 2318 373 LUCENSIS
2353 313 2654 372 EPISCOPI

3696 313 3816 374 £76

538 421 726 478 tuitur.
767 437 786 473 ι
818 417 950 477 ltem
984 421 1122 477 idem
1149 445 1164 477 λ
1198 423 1514 496 «Negligere
1543 428 1742 498 quippe
1785 444 1905 484 cum
1939 429 2112 498 possis
2141 439 2188 500 Α
2216 427 2417 498 perbim
2437 424 2776 482 contumacia
2807 424 3157 496 delinquitur.
3190 397 3452 499 optimum
3479 438 3564 486 est
3594 440 3658 486 ut
3687 435 3812 503 pri-

533 509 826 565 deturbare
878 525 1164 580 perversos
1199 553 1214 578 ,
1277 515 1408 571 nihil
1466 523 1550 571 est
1604 516 1749 571 aliud
1807 532 1971 587 quam
2011 517 2114 573 τοι»

534 615 679 658 vere.
711 620 730 653 Ι
1271 611 1274 616 ’

605 691 936 762 Augustinus
963 710 977 750 :
1011 714 1030 747 ι
1059 695 1316 769 Quisquis
1345 710 1490 756 metu
1517 702 1801 772 cujuslibet
1833 707 2114 774 potestatis

535 783 822 838 veritatem
854 787 1260 851 occultat,iram
1293 792 1386 847 Dei
1415 809 1576 864 super
1606 811 1663 850 sc
1689 805 1965 868 provocat,
1986 801 2110 868 quia

533 875 704 944 magis
735 877 885 932 timet
913 879 1187 936 hominem
1216 881 1379 954 quam
1415 887 1602 942 Deum.
1625 909 1644 941 ι

599 966 917 1025 Ambrosius
945 989 958 1024 :
1002 990 1022 1024 ι
1054 972 1378 1032 Consentire
1397 987 1498 1045 est,
1532 995 1639 1036 non
1670 981 1844 1037 solum
1877 983 2113 1042 scienter

532 1056 674 1111 mala
711 1059 823 1113 lieri
850 1066 1186 1132 permittere,
1219 1067 1311 1123 sed
1341 1069 1501 1125 etiam
1550 1072 1829 1143 malefacta
1859 1089 1966 1130 non
1991 1072 2112 1146 p'er-

531 1161 704 1214 sequn
745 1167 763 1201 ι
1340 1165 1343 1168 ·

600 1238 892 1312 Gregorius
919 1263 932 1298 :
967 1265 986 1298 ι
1006 1247 1107 1315 Qui
1127 1265 1232 1305 non
1265 1255 1488 1326 corrigit
1518 1258 1828 1320 resecanda,
1859 1261 2110 1314 commit-

533 1332 616 1385 tit.
651 1350 668 1383 ι
717 1331 847 1388 Item
893 1337 948 1392 in
990 1339 1282 1399 Moralibus
1311 1360 1326 1398 :
1357 1365 1374 1396 ι
1405 1347 1726 1419 Plerumque
1756 1351 1921 1419 quieti
1946 1357 2108 1422 atque

532 1422 839 1480 inconcussi
880 1428 1252 1500 relinquimur,
1285 1437 1330 1490 si
1363 1437 1582 1492 obviare
1615 1441 1793 1508 pravis
1834 1439 2110 1509 projusti-

527 1515 600 1567 tia
631 1530 738 1569 non
770 1532 1042 1577 curamus.
1072 1521 1177 1580 Sed
1208 1527 1252 1581 si
1280 1527 1345 1581 ad
1370 1536 1584 1584 mternze
1621 1531 1744 1585 vita:
1779 1531 2105 1586 desiderium

529 1606 742 1664 animus
763 1614 989 1680 exarsit,
1017 1616 1063 1670 si
1095 1630 1279 1672 verum
1325 1619 1503 1674 lumen
1530 1620 1642 1689 jam
1669 1621 1994 1678 intrinsecus
2018 1639 2105 1678 re-

530 1695 707 1764 Spicit,
736 1699 781 1754 si
820 1701 872 1755 in
905 1717 963 1758 se
991 1702 1206 1760 ﬂamma
1249 1708 1425 1762 sancti
1473 1709 1703 1765 fervoris
1749 1711 2017 1776 accendit,
2052 1713 2103 1766 in

2218 536 2364 575 mum
2396 520 2567 575 levius
2598 519 2888 586 mitiusqnc
2913 534 3035 573 cum
3065 520 3356 576 eisdemet
3378 539 3505 576 cum
3525 524 3813 580 schismao

2217 610 2338 664 ticis
2363 619 2575 680 agatur,
2605 617 2659 664 et
2690 617 2747 662 ut
2769 624 2865 678 pro
2891 608 2971 664 eis
3005 619 3212 674 oretur,
3239 629 3258 664 ι
3306 626 3374 666 ne
3400 612 3559 678 forte,
3601 633 3623 667 ι
3655 615 3808 671 sicut

2216 699 2294 755 ait
2339 700 2659 769 Apostolus,
2698 717 2717 749 ι
2755 700 2846 754 det
2891 700 2996 754 illis
3037 700 3181 763 Deus
3214 703 3499 771 reprobum
3548 718 3806 769 sensum.

2215 799 2276 850 ut
2307 791 2352 845 si
2381 791 2765 860 resipiscanta
2806 791 3016 860 laqueis
3050 791 3276 857 diaboli,
3305 807 3337 846 a
3364 794 3562 862 quibus
3589 794 3824 865 alligati-

2214 891 2469 943 tenentur
2489 881 2672 953 (Rom.
2701 897 2748 948 ι;
2778 880 2842 935 II
2875 881 3013 936 Tim.
3041 884 3124 951 ιι).
3161 902 3180 936 ι
3216 884 3367 948 Quod
3387 884 3432 938 si
3461 886 3666 939 rationi
3687 901 3810 941 ιιοιι

2212 975 2602 1044 acquieverint,
2633 973 2928 1034 Simoniaci
2949 975 3157 1044 pariter
3181 984 3234 1030 et
3257 977 3585 1042 sebimatici,
3610 987 3671 1033 ut
3709 978 3798 1034 in-

2213 1067 2476 1122 curabilia
2496 1067 2736 1125 membra
2765 1067 2834 1120 ab
2855 1065 3110 1121 Ecclesia:
3129 1081 3356 1136 corpore
3377 1069 3796 1135 abscindantur,

2212 1167 2265 1215 et
2302 1167 2361 1214 ut
2385 1160 2588 1216 dictum
2621 1167 2727 1224 est,
2755 1157 2824 1212 ab
2851 1158 3052 1214 exteris
3077 1159 3438 1227 potestatibus
3469 1160 3796 1231 oppriman-

2211 1261 2318 1305 tur.

2282 1341 2568 1397 Sciendum
2599 1349 2685 1396 est
2702 1340 3055 1411 Augustinum
3089 1341 3157 1396 de
3175 1341 3424 1403 omnibus
3445 1342 3720 1396 haereticis
3741 1351 3800 1395 et

2209 1434 2568 1492 schistnaticis
2589 1433 2654 1487 ad
2677 1434 2966 1502 quemdam
2979 1432 3196 1489 Petrum
3211 1433 3290 1488 sic
3313 1434 3596 1503 scripsisse
3615 1452 3628 1486 :
3645 1453 3662 1484 ι
3677 1433 3798 1486 Fir-

2207 1525 2452 1580 missime
2481 1533 2601 1578 tene
2641 1533 2696 1578 et
2741 1523 3047 1578 nullatenus
3077 1524 3306 1586 dubites,
3332 1539 3524 1579 omnes
3568 1524 3796 1578 hmreti-

2209 1635 2332 1676 cum
2365 1627 2422 1671 et
2465 1618 2872 1673 schismaticum
2899 1617 3248 1687 quantumvis
3277 1617 3475 1671 multas
3498 1617 3793 1671 eleemosi-

2208 1728 2308 1767 nas
2337 1710 2519 1776 faciat,
2543 1710 2629 1765 vel
2657 1711 2820 1765 etiam
2850 1724 2950 1778 pro
2986 1709 3206 1766 Christo
3233 1709 3550 1778 sanguinem
3576 1707 3803 1771 fundat,

529 1791 970 1854 quantum'locus
1012 1795 1267 1862 admittit,
1319 1797 1372 1850 in
1415 1808 1677 1868 quantum
1709 1816 1869 1856 causa
1916 1800 2106 1870 exigit,
2138 1808 2182 1867 Β
2211 1818 2332 1857 cum
2363 1800 2578 1856 diabolo
2612 1808 2666 1856 et
2715 1799 2919 1870 angelis
2948 1797 3063 1868 ejus
3104 1809 3308 1853 mterno
3339 1797 3446 1868 igni
3478 1796 3800 1866 mancipan-

531 1879 791 1938 dcbemus
853 1899 953 1954 pro
1037 1886 1357 1944 defensione
1433 1889 1659 1959 jnstitite
1749 1893 2114 1961 nosmetipsos

527 1967 783 2040 obiicere,
837 1983 892 2030 et
944 1981 1217 2046 perversis
1273 1983 1340 2036 ad
1389 1981 1589 2051 injusta
1629 1985 2112 2053 prorumpentibus

524 2062 689 2120 etiam
717 2080 839 2120 cum
871 2068 938 2124 ab
965 2070 1046 2126 eis
1077 2087 1180 2126 non
1206 2073 1502 2142 quaerimur
1537 2075 1778 2129 obviare.
1827 2075 1957 2129 Nam
1987 2091 2108 2131 cum

523 2152 792 2220 justitiam
821 2171 983 2227 quam
1026 2175 1124 2216 nos
1151 2177 1398 2218 amamus
1457 2164 1512 2218 in
1554 2165 1675 2219 aliis
1713 2165 1955 2233 feriunt,
2008 2181 2106 2222 nos

534 2244 891 2304 nihilominus
931 2266 1027 2305 sua
1077 2255 1426 2322 percussione
1493 2255 1827 2322 confodiunt,
1891 2256 2107 2312 etiamsi

524 2339 770 2392 venerari
799 2340 1094 2398 videantur.
1142 2363 1163 2397 ι

598 2428 664 2490 Et
715 2432 970 2499 quoniam
1021 2451 1050 2488 a
1100 2436 1420 2506 quibusdam
1471 2454 1656 2494 eorum
1709 2439 2036 2510 ignorantia,
2075 2454 2106 2494 a

524 2520 848 2591 quibusdam
877 2542 1005 2583 vero
1030 2529 1373 2601 negligentia,
1401 2532 1469 2586 ab
1497 2533 1765 2602 aliquibus
1786 2540 1966 2586 autem
2007 2547 2102 2586 su-

2215 1894 2365 1958 dum,
2396 1893 2499 1947 nisi
2534 1901 2662 1949 ante
2693 1892 2852 1947 linem
2884 1893 3008 1948 vita:
3051 1889 3210 1959 hujus
3233 1889 3517 1953 catholicae
3540 1889 3796 1958 incorpo-.

2212 1992 2364 2040 retur
2389 1993 2445 2037 et
2472 1985 2835 2051 reintegretur
2860 1981 3136 2036 Ecclesiae.

2285 2073 2555 2128 Hactenus
2579 2081 2767 2128 contra
2794 2087 2886 2130 eos
2915 2072 3005 2142 qui
3052 2073 3237 2128 dicunt
3278 2069 3372 2127 Dei
3399 2067 3704 2126 Ecclesiam
3742 2076 3799 2130 et

2213 2165 2525 2236 pontificum
2554 2164 3091 2235 ejusordinationem
3122 2163 3284 2233 regia:
3314 2162 3572 2232 potestati
3603 2160 3792 2232 subja-

2211 2271 2359 2322 cere,
2382 2263 2678 2325 contraque
2701 2255 3133 2316 Simoniaeorum
3149 2255 3506 2314 sacerdotium
3536 2260 3592 2308 et
3619 2253 3794 2308 sacri:

2210 2348 2392 2403 licium
2441 2347 2574 2402 satis
2621 2346 2846 2401 dictum.
2894 2346 3047 2401 Nunc
3091 2353 3264 2400 restat
3325 2345 3394 2400 de
3445 2342 3800 2399 facultatibus

2211 2440 2464 2496 Ecclesiae
2491 2439 2692 2506 dicere,
2749 2454 2884 2509 quas
2933 2438 3095 2494 iidem
3125 2437 3464 2494 contendunt
3497 2436 3601 2493 sub
3649 2435 3799 2506 regia

2209 2532 2412 2586 ditione
2436 2546 2680 2586 manere.
3569 2522 3575 2528 ’

533 2659 3792 2694 mw

1053 2834 1182 2964 S.
1275 2833 1971 2965 ANSELMI
2065 2832 3262 2966 COLLECTANEA.

1337 3074 1357 3144 (
1387 3073 1542 3145 Apud
1579 3073 1857 3137 Camsmu,
1899 3073 2143 3144 Antiqua
2171 3071 2451 3138 Lectionis,
2489 3083 2616 3132 tom.
2647 3073 2734 3139 γι,
2765 3088 2888 3145 pag.
2922 3072 3072 3144 255.)

1867 3189 1870 3194 ’
1917 3226 2384 3308 LECTORI.

599 3403 665 3459 In
703 3405 1056 3474 manuscripto
1087 3403 1262 3458 codice
1292 3419 1392 3475 quo
1423 3403 1503 3460 usi
1528 3420 1734 3468 sumus,
1768 3403 2476 3475 subjiciebanturgsequentes
2509 3403 2800 3475 sententiae,
2826 3402 2889 3457 ab
2923 3403 3061 3472 ipso,
3110 3411 3167 3456 ut
3195 3403 3405 3457 videtur
3433 3400 3788 3475 Αιιδειηιολεκ

525 3477 687 3530 uariis
717 3471 1018 3530 auctoribus
1043 3471 1506 3542 collecta-quibus
1547 3471 1904 3529 demonstrare
1946 3477 2116 3527 studet
2160 3471 2409 3528 Ecclesia:
2429 3474 2708 3543 facultates
2740 3490 2840 3527 non
2873 3471 2983 3528 esas
3011 3475 3064 3528 in
3101 3483 3359 3541 potestate
3391 3474 3526 3542 regis
3551 3483 3646 3543 aut
3673 3471 3786 3526 (ἰιιλη

530 3548 688 3599 saris.
736 3545 957 3617 Quo/it,
989 3557 1042 3599 ut
1083 3563 1143 3599 ea
1185 3562 1299 3617 quin
1323 3556 1614 3616 sequuntur
1634 3555 1724 3617 aut
1757 3546 1859 3598 sint
1905 3544 2074 3600 altera
2103 3560 2225 3615 pars
2264 3547 2476 3601 secundi
2509 3545 2664 3610 libri;
2694 3553 2786 3599 aut
2811 3547 2971 3600 totius
3000 3545 3170 3615 operis
3197 3544 3330 3599 liber
3351 3547 3558 3600 tertius.
3595 3542 3789 3600 Utrum

531 3626 703 3670 tamen
733 3616 864 3670 nihil
891 3616 1232 3683 desideretur,
1259 3633 1362 3670 non
1385 3617 1586 3687 injuria
1615 3616 1874 3686 ambigas.

706 3915 924 3970 Albinus
945 3918 998 3971 in
1024 3917 1155 3970 libro
1177 3918 1400 3972 secundo
1424 3917 1922 3988 superﬂua/neum.

603 4023 624 4058 ι
658 4004 868 4061 Invenit
894 4007 1050 4062 Jesus
1078 4008 1128 4061 in
1153 4008 1353 4078 templo
1381 4011 1672 4065 vendentes
1698 4011 1864 4066 boves
1893 4020 1947 4065 et
1974 4025 2105 4066 oves

527 4106 584 4153 et
611 4097 886 4153 columbas
913 4108 967 4153 et
999 4099 1390 4152 nummularius
1412 4103 1685 4166 sedentes;
1713 4111 1770 4155 et
1803 4116 1922 4156 cum
1950 4101 2106 4157 fecis-

525 4196 612 4244 set
653 4187 809 4258 quasi
852 4187 1116 4260 ﬂagellum
1155 4188 1220 4243 de
1271 4188 1539 4252 funiculis,
1594 4207 1784 4246 omnes
1831 4192 1990 4261 ejecit
2036 4192 2104 4246 de

528 4278 752 4351 templo,
794 4286 923 4335 oves
960 4295 1174 4350 quoque
1211 4289 1266 4334 et
1308 4283 1491 4344 boves,
1535 4289 1588 4333 et
1618 4281 2101 4336 nummulariorum

524 4373 710 4429 ell'udit
737 4390 1132 4438 res,acmeusas
1157 4374 1957 4445 subvertit(Matt/nuuloan.
1983 4374 2096 4446 ll).)

513 4459 724 4528 Boves,
752 4474 880 4515 oves
938 4469 992 4514 et
1027 4459 1290 4515 columba:
1328 4460 1396 4514 ad
1427 4461 1528 4515 hoc
1564 4459 1902 4525 emebantur,
1935 4469 1993 4514 ut
2024 4459 2105 4515 of-

523 4551 802 4607 ferrentur
831 4553 884 4607 in
913 4551 1128 4623 templo.
1156 4549 1506 4606 Nuunnularii
1529 4553 1596 4606 ad
1624 4553 1726 4608 hoc
1752 4553 2014 4608 sedebant
2035 4553 2102 4608 ad

529 4659 765 4709 mensas,
820 4652 879 4697 ut
903 4644 1047 4698 inter
1065 4655 1336 4714 emptores
1361 4645 1776 4715 venditoresque
1804 4645 2100 4700 hostiarum

528 4744 775 4805 prompta
801 4745 942 4790 esset
963 4736 1205 4805 pecuniae
1237 4737 1460 4790 taxatio.
1495 4736 1831 4791 Videbantur
1857 4751 1988 4806 ergo
2031 4736 2100 4790 li-

527 4824 636 4880 cite
659 4824 814 4878 vendi
856 4825 908 4879 in
953 4826 1170 4891 templo,
1198 4826 1325 4895 quia
1373 4826 1440 4880 ad
1475 4826 1577 4880 hoc
1605 4826 1928 4881 emebantur
1957 4835 2016 4880 ut
2045 4827 2100 4880 in

526 4916 717 4971 eodem
757 4917 955 4985 templo
995 4916 1316 4972 oﬂ'errentur
1355 4918 1600 4972 Domino.
1628 4917 1732 4972 Sed
1756 4918 1945 4974 nolens
1989 4918 2104 4988 ipse

532 5006 793 5062 Dominus
816 5008 1019 5076 aliquid
1050 5008 1100 5061 in
1128 5009 1286 5062 domo
1327 5024 1424 5062 sua
1470 5018 1698 5064 terrena:
1724 5011 2102 5078 negotiationis

530 5115 599 5154 ne
623 5099 740 5168 ejus
766 5099 1123 5170 quidemquae
1147 5099 1367 5155 honesta
1389 5108 1687 5170 putaretur,
1704 5102 1969 5166 exhiberi,
1994 5103 2102 5157 dis-

530 5195 658 5230 nuli!
709 5196 1070 5230 uiuenti-Hanno
1121 5193 1345 5230 ininclnc
1417 5205 1468 5230 nl
1521 5197 1665 5230 I'npnc
1713 5196 1870 5230 οἴην-Ι
1911 5210 2097 5230 ("nunc

2276 3918 2402 3974 llaec
2437 3924 2658 3987 propter
2678 3915 2796 3972 illos
2823 3915 3081 3982 diximus,
3110 3916 3207 3986 qui
3226 3916 3512 3973 ecclesiam
3548 3917 3782 3988 ingressi

2205 4024 2312 4062 non
2331 4006 2500 4061 solum
2522 4005 2873 4061 intentionem
2887 4006 3077 4060 orandi
3099 4005 3396 4076 negligunt,
3411 4007 3778 4061 verumetiam

2203 4112 2265 4153 ea
2299 4111 2395 4166 pro
2435 4096 2631 4165 quibus
2661 4111 2819 4151 orare
2849 4096 3164 4158 debuerant,
3203 4102 3422 4165 augent,
3463 4096 3687 4164 insuper
3725 4104 3781 4150 et

2204 4197 2492 4258 arguentes
2529 4202 2586 4241 se
2617 4202 2712 4256 pro
2742 4185 3045 4254 huiusmodi
3073 4185 3589 4250 stultitia-conviciis
3613 4185 3783 4240 odiis-

2205 4293 2327 4347 que,
2361 4277 2443 4331 vel
2469 4277 2631 4331 etiatn
2657 4276 3140 4339 detractationibus
3168 4277 3549 4345 insequuntur,
3579 4277 3778 4331 addent.

2207 4378 2287 4424 tes
2310 4369 2558 4424 videlicet
2584 4378 2808 4438 peccata
2830 4368 3082 4437 peccatis,
3107 4379 3161 4423 et
3184 4369 3338 4437 quasi
3362 4366 3545 4422 funem
3574 4364 3776 4437 longis-

2204 4461 2399 4514 simum
2429 4461 2529 4514 sibi
2562 4460 2779 4514 incauta
2831 4474 3020 4513 eorum
3045 4460 3483 4529 augmentatione
3509 4467 3776 4522 texentes,

2205 4565 2304 4605 nec
2353 4551 2603 4604 timentes
2649 4564 2716 4604 ex
2763 4563 2829 4602 eo
2861 4548 3095 4603 districti
3131 4548 3331 4619 judicis
3373 4547 3778 4603 examinatione

2205 4641 2471 4696 damnari.
2500 4639 2633 4694 Nam
2662 4639 2746 4695 bis
2771 4639 2986 4710 quidem
3015 4640 3068 4694 in
3102 4649 3293 4695 sancto
3316 4637 3612 4709 Evangelio
3650 4636 3778 4706 legi-

2205 4747 2326 4786 mus
2355 4732 2497 4802 qnod
2520 4731 2740 4785 veniens
2769 4729 2822 4784 in
2847 4729 3045 4799 templo
3066 4729 3325 4785 Dominus
3351 4727 3659 4798 hujusmodi
3687 4741 3780 4781 ne-

2205 4822 2500 4891 gotiatores
2545 4819 2722 4888 ejecit,
2775 4821 3007 4889 primunt
3059 4820 3329 4884 videlicet,
3380 4819 3435 4873 id
3477 4826 3583 4882 est,
3620 4817 3780 4874 tertio

2204 4922 2332 4968 ante
2355 4912 2662 4981 passionem
2691 4925 2844 4964 suam
2892 4925 3056 4975 anno,
3086 4912 3229 4966 sicut
3251 4925 3318 4963 ex
3342 4907 3566 4964 Joannis
3606 4907 3780 4961 Evan—

2205 5006 2410 5077 gelistaa
2437 5002 2791 5073 sequentibus
2816 5003 3034 5070 scriptis
3059 5002 3421 5069 agnoscimus,
3446 5009 3502 5054 et
3526 5001 3642 5070 ipso
3674 5014 3779 5067 quo

2203 5113 2393 5169 passus
2423 5105 2509 5152 est
2535 5111 2698 5160 anno,
2725 5111 2848 5150 cum
2875 5105 3000 5150 ante
3025 5096 3260 5163 quinque
3287 5094 3404 5147 dies
3436 5093 3656 5146 Pascha:
3696 5106 3782 5145 sc-

2205 5190 2336 5230 ιιιιης
2375 5189 2527 5230 ειαίηη
2555 5187 2946 5230 Jurnsnlvmnm
2983 5186 3237 5230 venisset-
3278 5182 3385 5230 Sed
3426 5183 3530 5230 hoc
3556 5181 3698 5230 idem
3727 5183 3777 5230 in
