4018 5330
404 312 514 374 479

1476 314 1537 370 8.
1564 312 1873 369 ANSELME
1897 310 2233 370 LUCENSlS
2268 309 2583 370 EPISCOP!‘

3580 288 3755 347 ιεοί,

410 424 477 491 lu
502 423 1059 499 Joannem—Iesus
1081 437 1254 497 autem
1278 426 1539 499 inciinans
1562 429 1805 499 deorsum
1836 427 1999 499 digito
2024 432 2077 493 Α
2105 427 2479 483 fornicationis
2523 425 2730 480 crimen
2773 423 2827 478 in
2870 422 3040 478 fratre
3087 424 3357 480 accusat,
3397 430 3455 469 tu
3503 412 3753 482 seipso“

768 498 1025 552 scribebat
1051 494 1105 553 in
1126 509 1268 554 terra
1290 497 1476 571 (Joan.
1500 498 1645 569 Vin).

398 648 414 663 .
480 608 588 665 Per
632 609 1044 666 inclinationem
1090 610 1249 679 Iesu,
1289 612 1601 678 humilitas,
1633 628 1731 683 per
1774 613 2001 688 digitum

409 702 501 773 qui
526 701 881 757 articulorum
912 704 1303 773 compositione
1321 703 1573 766 ﬂexibilis
1597 715 1702 773 est,
1730 706 2001 763 subtilitas

408 792 757 851 discretionis
793 796 1134 864 exprimitur.
1182 796 1353 852 Porro
1383 814 1480 868 per
1504 808 1726 861 terram,
1761 815 1856 855 cor
1895 800 1999 854 liu—

411 898 655 949 manum,
691 885 837 953 quod
885 884 1270 948 velaetionntn
1310 889 1575 944 malarum
1614 889 1698 945 vel
1734 888 1997 945 bonarum

409 973 551 1030 solet
603 974 829 1030 reddere
869 974 1101 1044 fructus,
1146 979 1468 1035 Ostenditur.
1514 978 1823 1036 Postulatus
1866 997 1996 1052 ergo

409 1062 672 1127 Dominus
713 1061 962 1134 judicare
1017 1067 1084 1121 de
1135 1069 1459 1137 peccatrice,
1508 1084 1616 1126 non
1664 1071 1850 1125 statim
1905 1072 1999 1128 dat

401 1151 707 1226 judicium,
742 1155 850 1211 .sed
893 1156 1045 1226 prius
1091 1174 1149 1214 se
1193 1158 1465 1225 inclinans
1509 1160 1796 1228 deorsum,
1827 1162 1995 1234 digito

404 1246 597 1301 scribit
618 1246 672 1301 in
696 1254 863 1313 terra,
890 1262 954 1303 ac
982 1249 1060 1305 sic
1083 1248 1498 1322 demum.QUam
1522 1252 1721 1309 obnixe
1753 1262 1991 1324 rogatus,

399 1332 627 1404 judicat,
652 1350 753 1392 nos
779 1336 1030 1394 videlicet
1050 1339 1227 1410 typice
1254 1340 1551 1410 instruens,
1579 1351 1639 1397 ut
1663 1358 1785 1397 cum
1807 1344 1994 1413 quaeli-

408 1425 500 1481 bet
528 1426 901 1496 proximorum
934 1439 1117 1483 errata
1154 1431 1522 1503 conspicimus
1552 1448 1658 1488 non
1687 1434 1805 1496 haec
1832 1443 1991 1492 antea

405 1515 854 1586 reprehendendo
890 1518 1232 1590 judicemus,
1280 1538 1444 1595 quam
1496 1523 1569 1579 ad
1600 1525 1989 1581 conscientiam

406 1615 648 1662 nostram
686 1609 967 1664 humiliter
1006 1613 1246 1679 reversi,
1279 1613 1449 1685 digito
1488 1630 1609 1678 eam
1649 1617 1991 1675 discretionis
2028 1620 2031 1623 “

401 1698 631 1755 solerter
650 1702 1022 1772 exculpamus,
1053 1712 1109 1758 et
1145 1705 1273 1776 quid
1295 1706 1348 1761 in
1370 1721 1432 1762 ea
1455 1696 1731 1763 Conditori
1754 1710 1989 1779 placeat,

2101 518 2371 588 superbiae
2421 517 2631 571 facinus
2680 531 2787 571 non
2836 515 3032 569 videat.
3084 511 3207 566 ideo
3250 507 3473 580 jubetur
3515 502 3745 573 judex-

2104 611 2269 668 alieni
2328 611 2577 667 criminis
2632 610 2802 682 digito
2853 606 3195 664 discretionis
3258 603 3311 658 in
3362 601 3529 656 corde
3585 609 3718 650 suo

2100 703 2432 769 describere,
2465 718 2532 758 ne
2564 702 2704 757 forte
2731 701 2785 756 in
2816 700 2996 771 seipso
3017 713 3144 754 reus
3178 692 3507 750 inveniatur.
3542 686 3713 755 Quid

2109 814 2240 869 ergo
2289 797 2445 852 nobis
2493 796 2547 849 in
2595 793 2897 864 hujusmodi
2944 789 3198 875 periculis
3244 783 3503 882 remedii,
3539 776 3739 881 .quid‘

2103 898 2275 943 restat
2316 886 2531 951 salutis,
2562 885 2665 940 nisi
2708 892 2768 938 ut
2808 899 2928 937 cum
2966 887 3280 952 peccantem
3315 880 3731 941 conspicimus-

2103 977 2290 1042 alium,
2349 991 2476 1031 mox
2537 974 2861 1029 inclinemur
2909 970 3191 1053 deorsum,
3246 965 3300 1020 id
3351 971 3460 1025 est,
3516 974 3698 1053 quani

2099 1071 2293 1142 dejecti
2335 1084 2401 1124 ex
2448 1075 2646 1124 nostrae
2690 1065 3003 1121 conditione
3045 1049 3353 1131 fragilitatis
3403 1055 3596 1118 simus,
3633 1049 3715 1103 si.

2096 1179 2204 1218 non
2255 1177 2354 1217 nos
2405 1161 2586 1215 divina
2634 1158 2807 1230 pictas
2850 1163 3145 1220 sustentet,
3197 1148 3475 1207 humiliter
3514 1145 3695 1214 inspi-

2096 1255 2324 1320 ciamus,
2355 1254 2525 1325 digito
2553 1252 2859 1308 scribamus
2886 1250 2938 1304 in
2968 1258 3131 1311 terra,
3159 1245 3209 1300 id
3235 1252 3339 1331 est,
3365 1239 3692 1297 discrimine

2096 1347 2280 1402 solerti
2296 1360 2608 1416 pensemus,
2625 1359 2693 1398 an
2718 1358 2842 1399 cum
2868 1343 3025 1396 beato
3047 1337 3147 1393 Job
3169 1337 3349 1391 dicere
3376 1333 3681 1404 possimus:

2100 1458 2123 1496 ι
2155 1439 2342 1511 Neque
2385 1439 2528 1495 enim
2580 1435 3038 1508 reprehenditnos
3057 1447 3150 1487 cor
3172 1437 3416 1485 nostrum
3448 1426 3503 1480 in
3528 1422 3707 1479 omni;

2094 1531 2203 1585 vita
2229 1530 2461 1586 nostra?
2496 1548 2515 1583 ι
2551 1528 2672 1599 (Job
2712 1524 2873 1598 xvu.)

2298 1621 2383 1677 Ex
2406 1620 2622 1675 decretis
2658 1616 2908 1689 Stephani
2950 1631 3099 1686 papa:
3128 1624 3174 1669 et
3204 1610 3472 1681 martyris.

2166 1714 2500 1769 Vestimenta
2556 1709 2963 1771 ecclesiastica,
3030 1705 3226 1774 quibus
3282 1701 3512 1755 Domino
3573 1695 3680 1749 mi—

402 1788 605 1858 quidve
629 1791 935 1861 displiceat,
975 1795 1161 1850 sedula
1208 1798 1615 1859 examinatione
1647 1802 1986 1870 dirimamus,
2021 1776 2064 1836 Β
2092 1804 2379 1868 nistratur,
2403 1812 2457 1857 et
2481 1812 2693 1857 sacrata
2718 1798 2913 1854 debent
2931 1811 3051 1851 esse
3071 1805 3126 1850 et
3148 1785 3680 1856 honesta,quibusin

397 1878 556 1949 juxta
593 1880 722 1938 illud
744 1883 1031 1953 Apostoli:
1066 1905 1084 1939 ‹
1123 1888 1368 1955 Fratres,
1409 1901 1464 1945 et
1498 1892 1551 1949 si
1581 1903 1992 1963 praeoccupatus

401 1970 568 2027 fuerit
591 1972 753 2029 homo
778 1976 830 2030 in
853 1976 1037 2048 aliquo
1060 1978 1279 2048 delicto,
1304 1996 1401 2038 vos
1425 1985 1516 2052 qui
1545 1983 1817 2054 spiritales
1837 1984 1992 2051 estis,

402 2062 655 2121 instruite
696 2063 1007 2135 huiusmodi
1038 2068 1092 2123 in
1119 2069 1313 2141 spiritu
1338 2074 1795 2143 mansuetudinis,
1817 2075 1995 2139 consi-

407 2158 607 2214 derans
637 2147 868 2230 leipsum
898 2176 969 2218 ne
996 2172 1052 2218 et
1081 2173 1135 2218 tu
1168 2166 1391 2221 tenteris
1419 2163 1561 2237 (Cal.
1594 2171 1693 2240 vi).
1733 2188 1752 2220 ι

475 2245 611 2302 Cum
666 2258 848 2306 autem
905 2263 1325 2322 perseverarent
1378 2256 1779 2329 interrogantes
1840 2275 1993 2328 eum,

400 2338 583 2394 erexit
627 2354 686 2396 se
732 2350 785 2397 et
822 2341 960 2397 dixit
991 2344 1110 2399 eis:
1147 2363 1167 2397 ι
1206 2343 1311 2413 Qui
1348 2356 1590 2405 vestrum
1628 2350 1745 2404 sine
1770 2360 1998 2421 peccato

405 2440 506 2497 est,
544 2435 752 2504 primus
792 2434 848 2490 in
896 2433 1044 2495 illam
1086 2435 1319 2507 lapidem
1362 2438 1750 2511 tnittat(.loan.
1795 2440 1933 2513 vnn).
1972 2461 1993 2495 ι

400 2525 541 2594 Quia
579 2527 705 2582 hinc
740 2536 795 2582 et
826 2528 948 2587 ideo
992 2528 1233 2587 Domino
1268 2532 1473 2588 Scriba:
1505 2544 1560 2588 et
1589 2534 1846 2591 Pharisaei
1884 2546 2000 2592 ten-

399 2618 606 2673 debant
641 2619 864 2689 laqueos
908 2620 1262 2690 insidiarum,
1305 2634 1560 2696 putantes
1607 2642 1729 2681 eum
1776 2627 1861 2683 vel
1900 2616 2001 2682 im-

406 2709 824 2775 misericordem
868 2709 1111 2777 futurum
1150 2714 1205 2769 in
1233 2712 1530 2784 judicando
1568 2717 1653 2772 vel
1692 2716 1957 2787 injustum
1981 2760 1998 2785 ,

402 2801 713 2871 praevidens
753 2800 843 2857 ille
885 2802 1058 2869 dolos,
1100 2805 1256 2874 quasi
1302 2804 1394 2861 tila
1436 2799 1636 2862 transit
1684 2822 1921 2875 araneae,
1947 2817 2002 2863 et

398 2890 659 2962 judicium
686 2893 914 2964 iustitia:
941 2910 1041 2965 per
1073 2898 1255 2952 omnia
1285 2906 1341 2954 et
1377 2901 1850 2955 mansuetudinem
1888 2902 2004 2972 pie-

405 2984 532 3042 tatis
559 2986 876 3043 ostendcns.
908 2987 1051 3044 Ecce
1082 2992 1440 3061 temperantia
1470 2992 1760 3055 miserandi
1790 3011 1803 3048 :
1846 3013 1865 3051 ‹
1898 2994 2000 3060 Qui

2091 1894 2214 1951 aliis
2232 1895 2417 1950 usibus
2448 1908 2609 1949 nemo
2636 1892 2795 1946 debet
2828 1891 2981 1955 fruit,
3011 1904 3173 1959 quam
3209 1880 3596 1941 ecclesiasticis
3626 1885 3691 1932 et

2094 1986 2207 2042 Deo
2235 1984 2413 2057 dignis
2439 1982 2649 2049 oﬂiciis,
2680 1983 2805 2052 quia
2839 1996 2939 2036 nec
2968 1980 3037 2041 ab
3066 1978 3187 2033 aliis
3212 1978 3406 2032 debent
3434 1970 3679 2038 contingi

2094 2087 2187 2137 aut
2219 2076 2382 2139 ferri,
2417 2075 2519 2130 nisi
2551 2088 2581 2127 a
2623 2071 2856 2128 sacratis
2889 2069 3235 2132 hominibus;
3278 2080 3345 2119 ne
3384 2063 3519 2117 ultio
3559 2078 3683 2130 qua:

2094 2169 2384 2224 Balthasar
2410 2165 2698 2237 percussit,
2732 2179 2895 2233 super
2924 2163 3038 2216 haec
3072 2155 3597 2231 transgredientibus
3627 2163 3688 2207 et

2098 2261 2227 2315 talia
2257 2257 2711 2331 praesumeutibus
2741 2254 2923 2309 veniat
2960 2252 3136 2307 divina
3156 2290 3171 2315 ,
3201 2256 3255 2302 et
3292 2258 3549 2302 corruere
3586 2258 3683 2297 eos

2090 2334 2265 2414 iaciat
2286 2353 2352 2406 ad
2380 2351 2508 2405 ima.
2546 2348 2672 2403 Haec
2707 2346 2816 2401 illis
2846 2333 2906 2399 in'
2929 2342 3175 2415 partibus
3202 2338 3398 2411 quibus
3426 2335 3683 2401 moraris,

2098 2443 2228 2497 etin
2260 2441 2532 2503 omnibus,
2567 2420 2765 2510 quibus
2795 2434 3056 2507 potueris,
3089 2432 3302 2488 cunctis
3342 2436 3467 2484 nota
3494 2427 3682 2490 facito,

2098 2541 2149 2589 et
2182 2534 2476 2589 observare
2519 2529 2815 2602 apostolica
2856 2528 3116 2583 mandato
3156 2523 3515 2586 auctoritate,
3555 2519 3683 2589 quia

2099 2637 2156 2683 et
2186 2626 2358 2682 nostri
2396 2625 2662 2695 nobisque
2706 2620 2984 2677 commissi
3020 2619 3074 2672 in
3125 2617 3253 2672 sede
3289 2611 3586 2684 apostolica
3630 2618 3686 2663 et

2100 2717 2397 2773 universali
2436 2715 2678 2771 Ecclesia
2726 2728 2917 2768 omnes
2960 2713 3076 2767 htec
3121 2710 3415 2766 observare
3452 2718 3596 2760 nunc
3633 2710 3690 2756 et

2102 2808 2302 2864 tuturis
2335 2806 2697 2878 temporibus,
2712 2802 2941 2875 professi
2973 2808 3121 2856 sunt.

2354 2919 2692 2976 Innocentius
2725 2934 2865 2987 papa
2905 2913 3159 2985 episcopis
3197 2910 3421 2981 Apulia.

2175 3012 2424 3071 Cauones
2451 3009 2589 3081 apud
2612 3008 2848 3064 Nicaeam
2872 3003 3147 3060 constituti
3174 3002 3499 3071 pmnitentes
3517 2996 3697 3053 etiam:

400 3075 526 3131 sine
551 3086 776 3145 peccan
797 3086 883 3132 est
909 3087 1172 3144 vestrum,
1208 3099 1227 3133 ι
1272 3095 1400 3138 ecce
1428 3082 1622 3137 iterum
1653 3084 1820 3156 justia
1847 3084 1995 3156 judi-

407 3165 559 3190 .......l:
624 3182 640 3190 -
686 3165 890 3190 ....2--...-
940 3167 989 3190 2..
1046 3168 1188 3190 21L...
1242 3170 1411 3190 1..ειΔ
1441 3188 1465 3190 Α
1562 3170 1641 3190 ναι.
1687 3181 1700 3190 .
1843 3173 1898 3190 ιγ
1958 3175 1992 3190 ,-

2106 3103 2170 3160 ab
2192 3102 2391 3158 intimis
2420 3082 2610 3155 oﬂiciis
2645 3098 2961 3155 clericorum
2990 3094 3302 3151 excludunt.

402 3165 585 3231 candi,
621 3182 641 3217 ι
685 3165 892 3236 primus
940 3167 995 3222 in
1046 3168 1195 3224 illam
1241 3170 1475 3241 lapidem
1527 3170 1726 3227 mittat.
1771 3193 1789 3225 ι
1831 3173 1909 3229 Ac
1948 3175 1996 3229 si

403 3256 633 3313 dixisset
676 3276 690 3312 :
741 3277 759 3311 ‹
808 3259 868 3314 Si
921 3259 1136 3332 Moyses
1188 3263 1467 3321 mandavit
1510 3264 1677 3331 vobis
1713 3265 1994 3323 mulierem

405 3348 713 3420 lmjusmodi
736 3349 997 3421 lapidare,
1022 3352 1222 3418 videte,
1248 3354 1374 3424 ‘quia
1396 3371 1502 3410 non
1533 3356 1637 3411 hoc
1658 3367 1994 3426 peccatores,

405 3443 500 3498 sed
531 3441 709 3514 justos
754 3441 937 3499 facere
976 3447 1255 3516 praecepit.
1302 3466 1322 3501 ι
1358 3447 1540 3504 Primo
1568 3463 1668 3505 vos
1707 3449 1811 3519 ipsi
1840 3446 1999 3517 justi-

406 3536 536 3591 tiam
588 3535 722 3607 legis
776 3536 1015 3606 implete,
1060 3547 1116 3593 et
1170 3540 1249 3594 sic
1295 3539 1615 3597 innocentes
1657 3542 1906 3597 manibus
1944 3550 2000 3596 et

406 3625 609 3680 mundo
631 3626 795 3682 corde
818 3627 885 3681 ad
906 3627 1253 3700 lapidandum
1285 3645 1435 3685 ream
1463 3633 1797 3698 concurrite,
1822 3631 1997 3702 primo

408 3714 710 3784 spiritualia
726 3715 863 3786 legis
892 3718 1091 3782 edicta,
1118 3718 1298 3785 fidem,
1331 3721 1757 3776 misericordiam
1787 3729 1840 3775 et
1868 3723 2000 3775 cha-

408 3802 627 3857 ritatem
661 3801 927 3873 perﬁcito,
959 3816 1015 3861 et
1061 3808 1141 3863 sic
1182 3809 1251 3863 ad
1298 3810 1537 3866 carnalia
1584 3810 1875 3880 judicanda
1917 3813 2000 3873 di-

412 3896 625 3951 vertite.

482 3985 618 4042 Dato
652 3998 831 4043 autem
851 3982 1080 4058 judicio,
1106 3991 1365 4049 Dominus
1398 3994 1594 4049 iterum
1630 4009 1690 4050 se
1723 3993 2000 4051 inclinans

413 4078 670 4134 deorsqu
696 4080 749 4134 in
778 4090 923 4136 terra
952 4082 1241 4138 scribebat.
1266 4084 1334 4140 Et
1356 4088 1594 4156 quidem,
1615 4087 1770 4157 juxta
1793 4104 1998 4144 morem

410 4170 825 4227 consuetudinis
860 4172 1149 4238 humanae,
1176 4184 1355 4244 potest
1398 4175 1653 4247 intelligi,
1688 4178 1835 4248 quod
1878 4179 2000 4235 ideo

414 4263 678 4320 Dominus
704 4281 888 4321 coram
916 4270 1275 4326 tentatoribus
1302 4271 1564 4342 imprObis
1597 4258 1846 4329 inclinari
1870 4276 2000 4330 etin

420 4364 571 4412 terra
631 4358 872 4415 scribere
911 4362 1146 4417 voluerit
1188 4373 1248 4419 ut
1284 4365 1391 4421 alio
1435 4365 1643 4422 vultum
1691 4368 1998 4433 intendens,

414 4450 648 4509 liberum
692 4454 849 4509 daret
886 4455 966 4510 eis
1015 4458 1254 4524 exitum,
1307 4472 1444 4529 quos
1504 4475 1600 4514 sua
1650 4460 2000 4530 responsione
2026 4493 2079 4553 υ

412 4544 695 4614 perculsos
720 4545 881 4601 citius
905 4547 1169 4614 exituros,
1196 4564 1358 4619 quam
1384 4551 1542 4622 plura
1568 4552 1999 4625 interrogaturos

414 4635 758 4705 praeviderat.
793 4637 1037 4710 Denique
1070 4640 1374 4709 audientes,
1396 4657 1535 4698 unus
1553 4652 1676 4714 post
1692 4660 1856 4699 unum
1885 4644 2001 4701 exi—

415 4725 569 4794 bant,
597 4728 922 4798 incipientes
952 4747 983 4785 a
1016 4716 1341 4788 senioribus.

487 4817 596 4875 Sed
656 4819 885 4891 ﬁgurate
944 4838 1044 4878 nos
1100 4824 1356 4879 admonet
1396 4824 1454 4879 in
1502 4840 1569 4880 eo
1597 4825 1740 4896 quod
1775 4836 1830 4882 et
1877 4836 2001 4883 ante

415 4910 599 4964 datam
629 4920 686 4965 et
718 4920 841 4982 post
878 4912 1060 4968 datam
1104 4916 1430 4970 sententiam
1477 4915 1744 4973 inclinans
1784 4919 2001 4989 scripsit

416 5001 476 5057 in
516 5011 695 5071 terra,
734 5013 793 5059 ut
828 5014 884 5059 et
925 5006 1077 5076 prius
1122 5023 1284 5075 quam
1328 5015 1644 5078 peccantem
1694 5011 1998 5080 proximum

414 5093 812 5165 corripiamus,
848 5103 903 5151 et
948 5106 1237 5168 postquam
1274 5098 1470 5154 debitae
1502 5098 1873 5171 castigationis
1925 5101 2000 5157 illi

414 5186 777 5244 ministerium
795 5190 1210 5256 reddiderimus,
1227 5206 1324 5248 nos
1342 5194 1488 5263 ipsos
1500 5193 1661 5265 digna
1679 5194 2000 5250 humilitatis

2510 3211 2596 3267 Ea:
2628 3212 2845 3266 decretis
2884 3208 3066 3265 Siricii
3097 3222 3267 3278 papte.
3654 3252 3659 3255 ,

2167 3306 2413 3363 illudnos
2434 3319 2650 3374 quoque
2677 3301 2890 3374 parfuit
2910 3300 3220 3370 providere,
3237 3306 3315 3364 ut,
3341 3298 3483 3353 sicut
3503 3296 3680 3366 pumi-

2099 3397 2327 3455 tcntiam
2351 3410 2514 3467 agere
2547 3393 2798 3462 cuiquam
2827 3405 2932 3447 non
2972 3388 3289 3447 conceditur
3328 3387 3678 3450 clericorum,

2089 3490 2174 3551 ita
2208 3497 2266 3545 et
2293 3496 2416 3558 post
2464 3485 2862 3558 paenitudinem
2907 3498 2972 3539 ac
3017 3479 3512 3538 reconciliationem
3549 3476 3682 3535 nulli

2098 3597 2339 3649 unquam
2384 3578 2525 3639 laico
2574 3577 2736 3633 liceat
2783 3578 3044 3632 honorem
3085 3573 3376 3629 clericatus
3421 3570 3679 3640 adipisci,

2099 3673 2227 3742 quia
2264 3670 2514 3741 quamvis
2553 3669 2665 3729 sint
2690 3668 2941 3725 omnium
2979 3674 3319 3737 peccatorqu
3357 3663 3683 3733 contagione

2102 3745 2370 3827 mundati,
2425 3760 2572 3815 nulla
2622 3769 2800 3814 tamen
2847 3758 3045 3814 debent
3082 3753 3442 3826 gerendorum
3473 3753 3680 3811 instru-

2100 3863 2282 3913 menta
2315 3859 2778 3911 sacramentorum
2813 3848 3109 3919 suscipere,
3133 3845 3228 3917 qui
3255 3843 3456 3903 dudum
3479 3843 3692 3905 iuerint.

2100 3958 2233 4000 vasa
2267 3944 2543 3998 vitiorum.

2412 4060 2498 4115 Ea:
2535 4057 2756 4116 decretis
2792 4056 2977 4116 Leonis
3014 4072 3165 4127 papa:
3196 4054 3375 4125 primi.

2175 4151 2284 4209 Nec
2304 4154 2537 4223 primum
2566 4158 2660 4205 aut
2684 4148 2979 4204 secundum
3004 4154 3097 4202 aut
3117 4146 3334 4201 tertium
3364 4145 3416 4198 in
3438 4143 3687 4198 Ecclesia

2103 4247 2329 4317 gradum
2407 4246 2638 4314 quisque
2690 4242 2951 4297 laicorum
3024 4239 3354 4310 quibuslibet
3411 4236 3684 4307 suffragiis

2105 4334 2274 4390 fultus
2333 4335 2612 4402 ascendat,
2665 4332 2981 4403 priusquam
3029 4330 3096 4385 ad
3148 4330 3250 4384 hoc
3298 4326 3550 4383 meritum
3585 4343 3685 4396 per

2106 4426 2349 4497 legitima
2411 4435 2702 4496 augmenta
2752 4423 3055 4495 perveniat.
3117 4421 3270 4488 Quod
3333 4420 3476 4473 enim
3539 4433 3685 4471 nunc

2105 4528 2378 4591 utcunque
2404 4519 2643 4588 patimur
2664 4532 2785 4572 esse
2831 4516 3063 4582 veniale,
3089 4514 3315 4570 inultum
3339 4513 3681 4584 postmodum

2102 4624 2224 4664 esse
2250 4626 2356 4663 non
2379 4608 2596 4678 poterit,
2626 4607 2670 4662 si
2693 4607 2978 4676 quisquam
3001 4605 3053 4660 id
3080 4605 3220 4675 quod
3240 4604 3467 4659 omnino
3506 4601 3682 4655 inter-

2106 4704 2337 4760 dicimus
2350 4715 2616 4770 usurpare
2629 4697 3053 4771 praesumpserit,
3067 4698 3194 4766 quia
3212 4694 3460 4750 remissio
3472 4691 3686 4762 peccati

2091 4805 2201 4846 non
2220 4790 2604 4846 datlieentiam
2627 4789 2906 4861 peccandi,
2930 4802 3107 4858 neque
3127 4786 3268 4857 quod
3294 4785 3470 4857 potuit
3491 4782 3673 4851 aliqua

2094 4880 2305 4937 ratione
2336 4880 2591 4944 concedi,
2627 4879 2712 4934 fas
2738 4879 2844 4934 erit
2872 4878 3103 4949 amplius
3132 4878 3353 4949 impune
3387 4873 3673 4932 committi.

2519 4991 2606 5047 Ea:
2627 4992 2846 5046 concilio
2875 4991 3125 5047 Totetano
3152 5006 3251 5045 xu.

2167 5085 2226 5141 Si
2267 5083 2529 5139 diaconus
2564 5092 2656 5135 aut
2690 5082 2974 5154 presbyter
3011 5082 3217 5136 crimen
3264 5080 3494 5149 capitale
3532 5092 3651 5131 com

2096 5176 2331 5240 miserit,
2367 5177 2434 5230 ab
2467 5172 2626 5228 otlicii
2655 5171 2860 5227 honore
2898 5171 3176 5241 depositus
3204 5170 3258 5225 in
3292 5168 3681 5225 monasterium

2138 5278 2175 5288 -1
2200 5267 2413 5288 κν,ν³,ι--..
2491 5267 2667 5288 Σιεξα-...ι
2714 5272 3027 5288 ιΑωσ..-»...-.Λ,

2491 5265 2667 5288 ξιξ-...ι
2714 5265 3047 5288 ιΑκι..-».....Λ-Ι

3136 5281 3149 5288 -
3169 5262 3400 5288 ηιιαητιῖαι
3454 5260 3646 5288 ενῖυθκῖί
