4018 5330
233 303 322 360 481

1597 289 2104 348 COLLECTANEA.

3407 283 3510 339 £82

237 417 376 472 aliud
399 426 692 480 assrstens,
719 429 820 468 I'IISI
853 419 1060 468 tantum
1085 417 1364 480 supportet
1385 407 1526 478 quod
1549 408 1598 462 ei
1641 419 1824 462 sacer-
1853 417 1904 478 Α
1929 403 2156 474 epistola
2201 403 2268 456 ad
2318 401 2632 456 Michaelcm
2679 411 2736 458 et
2777 401 3010 456 Leonem
3057 399 3356 470 episcopos.
3409 400 3510 458 Ubi

239 509 332 564 dos
365 509 634 578 imponat,
665 521 764 561 suo
791 519 885 559 ore
911 503 1278 558 benedictum.

869 593 955 647 Ea:
979 595 1194 648 eisdem.

307 689 362 743 Si
383 689 510 757 quis
531 687 848 742 clericatum
873 683 1170 755 promereri
1193 679 1484 742 desiderat,
1507 679 1608 734 hoc
1623 677 1826 748 justum

239 791 320 836 est
347 791 408 834 ut
439 781 512 835 sit
550 780 808 836 ostiarius
847 794 1046 833 annum
1084 791 1282 840 unum,
1321 775 1490 830 lector
1519 788 1691 828 annos
1731 789 1824 838 xx,

241 874 510 927 exorcista
523 887 696 926 annos
711 873 918 934 decem;
939 869 1224 940 acolythus
1237 881 1406 922 annos
1421 866 1681 936 quinque,
1701 862 1828 916 sub-

243 966 504 1020 diaconus
547 979 720 1018 annos
765 963 1034 1032 quinque,
1071 961 1330 1016 diaconus
1365 975 1534 1014 annos
1564 957 1822 1028 quinque.

245 1057 308 1112 Et
341 1057 420 1110 sic
448 1057 518 1109 ad
549 1056 812 1110 honorem
841 1053 1162 1124 presbyterii
1193 1051 1510 1115 accedat,et
1537 1049 1744 1106 faciens
1769 1049 1826 1104 in

241 1164 305 1203 eo
325 1149 520 1202 ordine
549 1160 722 1200 annos
749 1160 865 1210 sex,
891 1147 935 1200 si
971 1145 1134 1200 fuerit
1156 1143 1398 1198 omnium
1423 1141 1600 1196 votiva
1631 1141 1822 1208 gratia,

243 1253 346 1292 non
387 1237 649 1306 praemio,
695 1252 802 1290 non
840 1237 1118 1290 inrasione
1156 1233 1496 1304 cupiditatis,
1541 1231 1666 1284 nulli
1703 1245 1826 1298 pro-

244 1345 502 1400 rumpens
553 1331 803 1400 gradum,
841 1329 919 1384 sic
974 1329 1042 1382 ab
1101 1328 1246 1380 omni
1307 1323 1546 1380 Ecclesia
1595 1322 1825 1392 eligatur

243 1425 648 1478 consecrandus
674 1423 978 1490 cpiscopus,
1017 1419 1164 1474 nullo
1190 1419 1256 1474 de
1284 1417 1542 1471 membris
1571 1414 1826 1468 Ecclesia:

243 1516 620 1576 interdicente,
639 1527 694 1568 et
713 1514 860 1566 omni
893 1511 1130 1567 Ecclesia
1159 1509 1540 1565 conveniente:
1575 1507 1644 1560 Et
1679 1506 1824 1560 dixe-

241 1619 360 1662 runt
391 1607 646 1676 episcopi,
677 1605 870 1675 placet.

295 1699 638 1752 Innocentius
659 1713 794 1766 papa
820 1695 884 1748 de
903 1693 1218 1765 temporibus
1243 1692 1511 1748 morandis
1534 1691 1588 1744 in
1611 1689 1770 1744 clero.

1933 493 2282 548 introducens
2303 493 2535 561 primtun
2559 499 2722 558 caput
2743 490 2902 558 hujus
2925 490 3160 554 concilii,
3177 490 3248 544 ita
3273 489 3514 559 loquitur

1929 587 1996 640 de
2021 585 2320 656 apostolica
2353 585 2516 638 sede:
2555 603 2572 634 ι
2607 583 2682 636 Illi
2719 597 2912 652 nempe
2941 581 3118 637 facitis
3144 581 3511 652 pra'judicium

1931 679 1996 732 de
2025 691 2134 746 quo
2155 692 2256 730 nec
2283 677 2434 730 vobis
2463 691 2562 730 nec
2595 674 2812 730 cuilibet
2841 673 3148 730 mortalium
3181 675 3302 730 licet
3335 675 3512 728 facere

1923 767 2212 837 judicium,
2227 766 2540 822 beatissimo
2555 775 2606 822 et
2623 766 2922 836 apostolico
2942 766 3182 836 pontiﬁci
3207 765 3510 836 Sylvestro,

1927 858 2188 912 divinitus
2217 857 2562 921 decernente,
2593 857 2966 927 Spiritualique
2987 855 3104 926 ejus
3123 857 3230 910 ﬁlio
3245 855 3512 910 Constan-

1926 949 2042 1004 tino
2090 949 2495 1020 religiosissimo
2539 949 2779 1019 Augusto
2835 964 2956 1004 cum
3007 948 3256 1002 universa
3306 946 3513 1017 synodo

1927 1039 2140 1096 Nicaena
2167 1042 2502 1110 approbante
2529 1055 2592 1096 ac
2621 1040 3018 1106 subscribente,
3043 1049 3102 1094 ut
3123 1053 3334 1096 summa
3357 1039 3514 1094 sedes

1923 1147 1956 1186 a
1987 1131 2202 1186 nemine
2225 1131 2516 1200 judicetur.
2558 1150 2576 1184 ι

2301 1223 2388 1276 Ea:
2411 1223 2613 1276 decrero
2637 1222 2924 1276 Alexandri
2945 1237 3094 1293 papa

1994 1315 2130 1370 Cum
2167 1329 2445 1370 sacrorum
2473 1329 2738 1368 canonum
2763 1315 3058 1368 auctoritas
3081 1321 3310 1380 quatuor
3333 1327 3399 1367 ex
3423 1327 3511 1366 re-

1923 1409 2026 1464 bus
2049 1408 2276 1462 ecclesia
2297 1406 2483 1474 jubeat
2511 1405 2624 1460 ﬁeri
2657 1407 2952 1476 portiones,
2975 1421 3206 1476 quarum
3232 1421 3336 1459 una
3371 1419 3508 1474 pan-

1924 1498 2162 1570 peribus,
2191 1497 2360 1552 altera
2388 1497 2610 1550 fabricis
2633 1496 2988 1551 ecclesiarum
3019 1497 3090 1552 sit
3121 1495 3505 1565 impendenda,

1853 1669 1856 1672 ἢ
1927 1592 2084 1646 tertia
2111 1591 2382 1660 episcopo,
2409 1597 2602 1658 quarta
2628 1589 2844 1644 clericis
2871 1589 2942 1644 sit
2983 1587 3334 1651 conferenda,
3367 1589 3510 1643 sicut
3551 1635 3556 1640 .

1927 1681 2256 1750 pauperibus
2277 1680 2594 1736 etccclesiis
2639 1680 2862 1748 singulae
2909 1689 3092 1750 partes
3135 1687 3265 1734 sunt
3312 1693 3510 1733 concc-

313 1792 386 1845 Ita
411 1805 570 1856 sane,
599 1799 662 1844 ut
691 1790 742 1842 in
773 1789 854 1842 eis
891 1797 1128 1856 tempora
1157 1801 1186 1839 a
1213 1783 1508 1852 majoribus
1534 1781 1824 1836 constituta
1853 1781 1902 1842 B
1929 1774 2136 1838 dendae,
2173 1773 2242 1826 ita
2272 1787 2488 1842 quoque
2517 1771 2736 1841 reliqua:
2767 1783 2950 1841 partes
2973 1785 3149 1840 neque
3171 1770 3240 1824 ab
3259 1767 3512 1839 episcopo

245 1891 562 1946 serventur,
609 1895 676 1936 ne
723 1881 830 1934 cito
881 1878 1106 1950 quilibet
1149 1877 1350 1940 lector,
1400 1873 1510 1927 cito
1551 1871 1822 1941 acolytus,

245 1975 352 2026 cito
385 1973 672 2037 diaconus,
706 1973 812 2026 cito
843 1970 1098 2024 sacerdos
1127 1969 1254 2034 ﬁat,
1286 1967 1410 2038 quia
1447 1966 1500 2019 in
1531 1965 1826 2018 minoribus

249 2063 432 2118 ciliciis
471 2063 516 2118 si
569 2063 662 2118 diu
700 2065 1020 2132 perdurent,
1055 2069 1110 2114 et
1145 2059 1254 2114 vita
1303 2073 1490 2112 eorum
1533 2055 1736 2124 pariter
1772 2061 1828 2108 et

243 2155 504 2224 obsequia
541 2153 984 2224 comprobantur,
1027 2161 1086 2208 ut
1123 2153 1190 2207 ad
1239 2149 1602 2206 sacerdotium
1637 2155 1824 2216 postea

247 2246 480 2300 emensis
523 2247 912 2316 stipendiorum
949 2245 1162 2299 meritis
1205 2243 1458 2306 veniant,
1497 2255 1596 2294 nec
1637 2239 1824 2308 prteri-

249 2339 396 2407 piant
422 2338 570 2410 quod
599 2339 710 2390 vita
742 2341 966 2405 probata
997 2345 1257 2391 meretur.

667 2428 754 2480 Eat
778 2429 990 2480 decretis
1023 2425 1218 2480 Zosimi
1239 2441 1408 2496 ραραῖ.

321 2523 446 2577 llaec
487 2532 671 2577 autem
719 2521 944 2592 singulis
989 2521 1275 2592 gradibus,
1317 2516 1654 2574 observanda
1703 2522 1830 2570 sunt

251 2621 530 2685 tempora,
580 2613 625 2667 si
681 2613 750 2666 ab
805 2611 1028 2665 infantia
1083 2609 1463 2665 ecclesiasticis
1513 2607 1830 2663 ministeriis

257 2721 448 2762 nomen
493 2703 736 2770 dederit,
776 2703 916 2758 inter
943 2703 1172 2758 lectores
1207 2717 1376 2771 usque
1405 2701 1471 2755 ad
1512 2701 1826 2753 vicesimum

255 2801 426 2854 {etatis
469 2815 672 2853 ammm
705 2799 1014 2852 continuata
1054 2798 1430 2854 observatione
1469 2795 1753 2865 perduret,
1785 2793 1828 2846 si

261 2890 548 2960 majorjam
569 2901 626 2946 et
651 2891 968 2960 grandmvus
995 2889 1305 2953 accesserit,
1333 2889 1406 2943 ita
1429 2897 1606 2942 tamen
1633 2895 1689 2939 ut
1707 2893 1830 2954 post

261 2983 578 3051 baptismum
609 2981 792 3034 statim
827 2993 886 3034 se
921 2979 1114 3033 divina:
1145 2977 1348 3032 militia:
1375 2977 1644 3031 desideret
1671 2989 1829 3028 mau-

259 3073 456 3140 cipari,
516 3071 628 3126 sive
686 3070 826 3123 inter
887 3069 1120 3124 lectores
1167 3069 1278 3122 sive
1337 3069 1476 3121 inter
1530 3065 1830 3122 exorcistas

263 3162 628 3230 quinquennio
653 3169 922 3226 teneatur,
945 3159 1138 3214 exinde
1165 3161 1410 3229 acolytns
1435 3159 1518 3212 vel
1547 3157 1829 3213 subdiaco-

267 3268 360 3306 nus
395 3261 627 3322 quatuor
659 3251 838 3314 annis,
875 3259 930 3303 ct
957 3250 1034 3302 sic
1077 3250 1144 3302 ad
1177 3249 1608 3302 benedictionem
1651 3246 1834 3300 diaco-

269 3351 442 3409 natus,
473 3341 520 3396 si
551 3348 813 3404 meretur,
844 3340 1084 3394 accedat.
1135 3339 1190 3392 ln
1231 3353 1338 3407 quo
1374 3339 1562 3392 ordine
1599 3336 1836 3405 quinque

269 3436 436 3499 arinis,
489 3435 536 3490 si
597 3434 868 3502 inculpate
927 3447 984 3486 se
1021 3433 1273 3501 gesserit,
1327 3432 1533 3485 haerere
1587 3427 1831 3491 debebit;

270 3531 458 3585 exinde
486 3526 906 3596 suifragantibus
937 3523 1215 3592 stipendiis
1248 3537 1346 3591 per
1374 3529 1450 3575 tot
1473 3517 1670 3590 gradus
1695 3518 1836 3572 datis

273 3623 494 3693 propria:
545 3620 664 3674 ﬁdei
717 3618 1074 3680 docmnentis,
1101 3613 1429 3686 presbyterii
1470 3610 1835 3666 sacerdotium

272 3715 462 3783 poterit
491 3711 814 3783 promereri.
843 3709 916 3763 De
944 3724 1052 3778 quo
1083 3709 1234 3772 loco,
1265 3707 1308 3762 si
1349 3720 1472 3760 cum
1503 3703 1746 3758 exactior
1769 3702 1837 3756 ad

273 3805 434 3858 bonos
459 3818 638 3858 mores
660 3803 769 3856 vita
802 3800 1136 3869 produxerit,
1163 3813 1430 3854 summum
1465 3795 1838 3866 pontiﬁcatum

273 3911 484 3964 sperare
505 3894 741 3958 debebit,
768 3895 868 3948 hac
893 3903 1068 3946 tamen
1097 3891 1210 3961 lege
1232 3906 1384 3944 serva
1395 3899 1468 3954 ta,
1491 3899 1548 3942 ut
1565 3903 1738 3958 neque
1755 3887 1839 3940 di-

271 4002 455 4056 gamus
475 4001 652 4056 neque
679 3984 1038 4054 pmnitens'ad
1063 3983 1162 4036 bos
1177 3983 1378 4052 gradus
1411 3984 1580 4050 possit
1603 3979 1836 4044 admitti,

271 4095 396 4136 sane
429 4095 554 4136 cum
596 4080 758 4132 etiam
797 4077 1108 4131 defensores
1148 4075 1428 4138 Ecclesia),
1465 4075 1554 4142 qui
1589 4090 1656 4128 ex
1691 4074 1841 4128 laicis

273 4174 418 4238 ﬁunt,
454 4171 764 4243 supradicta
796 4170 1174 4224 observatione
1199 4177 1517 4233 teneantur,
1557 4169 1602 4222 si
1625 4182 1840 4222 merue-

272 4273 390 4319 runt
413 4279 535 4324 esse
567 4265 620 4319 in
657 4261 848 4318 ordine
876 4260 1186 4314 clericatus.

271 4354 530 4426 Sylrester
558 4355 612 4426 in
637 4353 839 4426 synodo
853 4349 1206 4426 ron/irritante
1244 4346 1842 4426 Nictenttntlconciiium,

498 4418 936 4480 subscfibentibus
965 4419 1064 4474 sibi
1089 4435 1293 4474 ccrxxv
1319 4418 1591 4487 episcopis.

337 4521 664 4576 Commoneo
699 4525 879 4570 autem
903 4527 1090 4569 omnes
1124 4521 1363 4568 vestrum
1398 4518 1679 4566 consortes
1705 4523 1840 4562 una-

271 4616 486 4670 nimiter
506 4613 574 4667 de
611 4609 910 4665 redditibus
937 4595 1192 4663 Ecclesiae
1225 4613 1456 4676 quatuor
1491 4611 1673 4674 partes
1705 4601 1844 4670 ﬁeri,

273 4715 428 4776 quota
467 4719 598 4774 pars
633 4703 903 4770 exigatur.
943 4697 1150 4752 Habeat
1183 4705 1364 4752 autem
1409 4695 1638 4751 ecclesia
1681 4709 1845 4749 unam

273 4807 476 4868 partem
508 4795 578 4849 ad
609 4808 668 4848 se
696 4790 1076 4851 relevandam.
1111 4787 1348 4859 pontifex
1379 4802 1564 4852 unam,
1601 4797 1656 4842 et
1684 4786 1846 4842 aliam

273 4905 538 4962 pauperes
605 4885 692 4940 vel
747 4881 1063 4954 peregrini,
1115 4881 1416 4952 presbyteri
1471 4891 1720 4949 quartam
1794 4885 1850 4934 et

275 4981 482 5036 diaconi
521 4993 644 5034 cum
701 4977 916 5030 residuo
966 4971 1140 5035 clero,
1195 4972 1446 5026 omnibus
1491 4980 1671 5027 autem
1729 4971 1846 5042 ipso

275 5073 526 5144 pontiﬁce
585 5069 956 5139 dispensante.
1020 5063 1301 5118 Constituo
1355 5063 1522 5118 etiam
1586 5072 1642 5120 et
1705 5065 1850 5134 hunc

275 5165 538 5238 ordinem,
573 5169 630 5215 ut
659 5161 702 5215 si
726 5159 847 5230 quis
870 5157 940 5212 de
974 5153 1123 5209 clero
1153 5154 1235 5208 vel
1277 5153 1610 5226 presbyteris
1638 5155 1852 5208 univer-

276 5271 454 5310 sorum
476 5255 734 5314 locorum,
759 5247 904 5321 quod
931 5260 1216 5300 commune
1235 5256 1336 5310 est,
1363 5246 1642 5301 transierit
1661 5247 1728 5301 de
1748 5247 1852 5300 hoc

1927 1864 2012 1922 vel
2041 1863 2186 1918 clero
2209 1863 2452 1918 emenda:
2493 1871 2620 1918 sunt
2671 1862 2754 1918 vel
2791 1861 3110 1928 vendendas,
3151 1861 3246 1916 sed
3294 1859 3374 1914 eis
3415 1873 3512 1927 pro

1925 1954 2200 2025 Evangelii
2229 1955 2660 2018 annuutiatione,
2703 1962 2760 2008 et
2785 1969 2886 2024 pro
2913 1951 3076 2009 oﬁicii
3103 1952 3188 2008 sui
3213 1950 3400 2006 labore
3419 1963 3512 2003 eo-

1927 2044 2046 2100 dem
2077 2045 2236 2100 modo
2259 2043 2616 2100 conferendae.

2349 2133 2436 2188 Ex
2452 2135 2667 2190 decretis
2693 2133 2892 2188 Celasii
2913 2151 3080 2204 papte.

1999 2223 2237 2291 Quatuor
2268 2234 2447 2278 autem
2471 2233 2579 2278 tam
2611 2225 2676 2277 de
2705 2225 2918 2278 redditu
2945 2239 3108 2293 quam
3149 2227 3214 2278 de
3239 2223 3513 2280 oblatione

1929 2315 2184 2380 ﬁdelium,
2210 2322 2370 2382 prout
2395 2313 2682 2382 cujuslibet
2711 2313 2956 2368 ecclesia:
2985 2312 3211 2367 facultas
3251 2312 3510 2377 admittit,

1927 2409 2068 2462 sicut
2099 2407 2297 2460 dudum
2325 2407 2720 2460 rationabiliter
2750 2415 2832 2462 est
2862 2408 3162 2470 decretum,
3189 2403 3515 2459 convenien-

1930 2507 2010 2552 tcs
2049 2498 2162 2552 ﬁeri
2193 2498 2469 2567 portiones
2496 2514 2511 2553 :
2545 2500 2780 2564 Quarum
2805 2498 2876 2560 sit
2900 2513 3004 2550 una
3027 2495 3317 2566 pontificis,
3341 2494 3512 2548 altera

1928 2589 2270 2653 clericorum,
2302 2603 2598 2657 pauperum
2627 2587 2802 2652 tertia,
2831 2594 3023 2656 quarta
3065 2585 3287 2642 fabrICts
3337 2585 3512 2656 appli-

1927 2678 2120 2738 canda.
2155 2678 2226 2732 De
2255 2679 2478 2747 quibus,
2499 2678 2955 2734 sicutsaeerdotis
2975 2677 3222 2732 intererit
3245 2677 3510 2746 integram

1929 2766 2194 2820 ministris
2221 2767 2464 2822 ecclesia:
2493 2777 2846 2822 memoratam
2885 2768 3188 2836 dependere
3238 2765 3516 2836 quantiza-

1933 2867 2058 2922 tem,
2091 2858 2168 2912 sic
2195 2858 2368 2914 clerus
2397 2858 2538 2914 ultra
2577 2859 2876 2928 delegatam
2923 2859 3021 2912 sibi
3080 2871 3346 2912 summam
3379 2857 3516 2912 nihil

1929 2949 2226 3005 insolenter
2250 2953 2461 3004 noverit
2485 2950 2868 3019 expetendum.
2897 2949 2969 3002 Ea
3003 2963 3132 3002 vero
3173 2963 3293 3017 qua:
3341 2945 3516 3001 eccle-

1932 3041 2168 3098 siasticis
2192 3043 2436 3096 ardiﬁciis
2459 3043 2722 3096 attributa
2745 3049 2890 3104 sunt,
2923 3041 3044 3094 huic
3072 3040 3220 3108 operi
3251 3039 3518 3092 veraciter

1858 3137 1900 3198 Ο
1931 3143 2232 3204 prmrogata
2258 3176 2272 3198 ,
2331 3133 2570 3188 locorum
2624 3133 2820 3186 doceat
2863 3133 3184 3186 instauratio
3229 3130 3517 3192 manifesta

1937 3233 2269 3288 sanctorum,
2297 3225 2422 3293 quia
2449 3223 2602 3278 nefas
2629 3233 2730 3287 est,
2759 3222 2802 3276 si
2833 3221 3005 3278 sacris
3037 3223 3242 3278 aedibus
3287 3222 3516 3278 destitu-

1935 3314 2026 3378 tis,
2057 3314 2114 3368 in
2137 3313 2345 3366 lucrum
2372 3329 2526 3367 suum
2553 3313 2746 3381 pracsul
2791 3312 3062 3382 impendia
3101 3313 3186 3368 his
3233 3312 3518 3382 designata

1935 3412 2234 3462 convertat.
2283 3402 2456 3472 Ipsam
2514 3402 2863 3456 nihilominus
2909 3401 3208 3470 ascriptam
3259 3401 3518 3469 pauperi-

1935 3492 2034 3545 bus
2057 3493 2358 3561 portionem
2383 3491 2630 3562 quamvis
2651 3491 2846 3544 divinis
2884 3491 3186 3546 rationibus
3209 3507 3266 3546 se
3295 3491 3518 3559 dispen-

1936 3598 2090 3638 sasse
2151 3592 2554 3638 monstraturus
2599 3582 2762 3636 etiam
2819 3583 3086 3647 videatur,
3141 3593 3316 3638 tamen
3355 3565 3518 3653 .juxta

1936 3673 2078 3741 quod
2109 3675 2368 3742 scriptum
2397 3681 2480 3730 est
2511 3691 2525 3726 :
2561 3671 2625 3726 Ut
2654 3673 2858 3726 rideant
2887 3689 3041 3743 opera
3065 3681 3232 3726 uestra
3277 3671 3434 3746 bo’na,
3473 3680 3521 3724 et

1936 3759 2226 3829 glorificent
2256 3759 2470 3814 Patrem
2493 3769 2714 3815 vestrum
2736 3762 2826 3830 qui
2853 3761 2903 3813 in
2929 3761 3070 3814 (uelis
3096 3771 3170 3814 est
3196 3755 3409 3826 (Matth.
3443 3768 3530 3828 ν),

1938 3857 2154 3917 oportet
2199 3849 2360 3903 etiam
2413 3851 2664 3920 praesenti
2718 3849 3098 3906 testificatione
3139 3843 3442 3914 pradicari.
3473 3859 3530 3902 et

1937 3946 2094 4002 bona:
2127 3945 2284 4000 fama:
2313 3947 2600 4016 przeconiis
2637 3961 2744 4000 non
2779 3947 2968 4000 taceri.

1943 4061 2027 4116 Ea:
2047 4061 2270 4124 concilio
2295 4059 2618 4127 Moguntina,
2663 4055 2749 4108 cui
2796 4057 3074 4127 prn‘sedit_
3095 4051 3401 4127 Bonifacius
3441 4063 3528 4105 nr-

2013 4133 2368 4258 chiept’isgopus
2386 4125 2444 4186 vet
2473 4141 2674 4198 martyr
2693 4129 3007 4188 auctoritate
3034 4125 3310 4179 lac/toria:
3351 4140 3528 4191 papa,

2013 4221 2129 4258 can.
2239 4241 2256 4258 .

2077 4221 2129 4273 p.
2169 4221 2256 4258 ιυ.

2016 4294 2268 4349 Ecclesia:
2293 4292 2593 4360 antiquitus
2625 4287 2953 4348 cousdtutar,
2999 4298 3098 4340 nec
3145 4281 3374 4346 decima,
3428 4295 3530 4333 nec

1946 4385 2123 4453 aliqua
2145 4385 2486 4454 possessione
2519 4381 2827 4450 priventur,
2857 4377 2928 4430 ita
2962 4383 3020 4429 ut
3069 4373 3227 4429 novis
3273 4371 3532 4426 oratoriis

1867 4479 1920 4538 D
1947 4475 2234 4530 tribuatur.

2447 4561 2530 4618 Ea:
2559 4563 2758 4624 eodem,
2794 4575 2908 4627 cap.
2949 4555 3036 4610 Η.

2018 4680 2334 4748 Quicunque
2357 4676 2682 4732 beneﬁcium
2713 4669 3144 4727 ecclesiasticum
3189 4663 3412 4726 habent,
3465 4661 3532 4715 ad

1950 4783 2090 4830 tecta
2119 4770 2360 4828 ecclesia:
2393 4765 2772 4828 restauranda,
2795 4760 2877 4816 \‘el
2907 4760 3050 4828 ipsas
3069 4755 3328 4810 ecclesias
3351 4767 3540 4808 emen-

1951 4863 2156 4918 dandas
2183 4861 2406 4916 omnino
2445 4859 2722 4930 adiuvent,
2765 4863 2822 4910 et
2851 4864 3047 4906 nonam
3097 4847 3366 4904 decimam
3417 4843 3539 4896 red-

1952 4955 2101 5010 dam.
2244 5039 2328 5094 επ
2381 5035 2602 5090 concilio
2633 5029 3012 5108 Aquileg‘iensi,
3049 5045 3164 5096 cap.
3201 5027 3256 5082 5-

2031 5131 2252 5187 Utnnlli
2283 5129 2604 5200 presbytero
2651 5127 2704 5182 in
2747 5127 2853 5181 alio
2899 5122 3018 5175 loco
3067 5119 3336 5190 baptisma
3385 5111 3550 5168 liceat

1956 5223 2256 5288 celebrare,
2288 5221 2390 5276 nisi
2417 5223 2469 5276 in
2498 5219 2692 5288 eodem
2717 5221 2856 5288 loco,
2912 5212 3004 5270 ubi
3048 5225 3264 5283 semper
3290 5204 3552 5275 baptiste-

2391 5313 2414 5330 ρ
