4018 5330
495 319 598 378 433

1557 310 1616 364 S.
1655 309 1953 366 ANSELMI
1990 307 2325 366 LUCENSIS
2350 308 2654 366 EPISCOPI

3655 309 3779 365 484

495 435 620 487 dine
645 444 827 486 curam
866 427 1100 485 habeant
1129 427 1196 484 de
1218 426 1644 485 Christianitatis
1671 442 1834 482 causa
1863 425 2064 496 populo
2095 429 2141 488 Α
2175 423 2351 478 electo
2391 423 2586 478 idoneo
2637 423 2705 477 ab
2737 429 2964 491 utraque
3012 431 3167 492 parte
3220 423 3444 478 custode
3483 424 3722 480 condatu
3743 443 3775 480 r

495 525 595 580 sibi
620 523 926 584 commisso,
955 531 1009 575 et
1031 521 1254 591 populus
1283 535 1407 576 suas
1432 520 1670 574 decimas
1696 519 1808 576 suis
1839 518 2070 588 presby-

497 617 627 670 teris
661 614 869 676 offerat,
897 623 951 666 et
979 612 1277 682 presbyteri
1302 611 1543 665 dividant
1595 624 1687 664 cas
1741 611 1794 665 in
1842 618 2076 678 quatuor

497 715 713 776 partes,
768 706 907 759 sicut
952 706 1168 772 antiqua
1218 702 1440 756 Patrum
1500 700 1681 770 regula
1735 700 2071 762 continetur,

497 813 660 850 uitam
691 795 812 860 sibi,
841 809 1001 848 uuam
1025 792 1263 857 clericis,
1312 807 1476 846 unam
1521 790 1867 861 pauperibus,
1911 803 2072 842 uuam

497 887 563 942 atl
595 887 1043 942 instaurationem
1077 900 1170 940 seu
1201 884 1486 938 luminaria
1538 883 1620 936 vel
1651 882 1929 937 incensum
1979 897 2071 936 ec~

495 979 782 1034 clesiarum
818 995 831 1031 :
864 978 1040 1033 ethoc
1071 979 1377 1041 statuimus,
1409 985 1462 1029 ut
1489 974 1734 1045 prtedicti
1770 975 2072 1045 presbyteri

495 1071 922 1141 habeant,juxta
945 1085 1096 1124 suam
1130 1069 1438 1132 ecclesiam,
1471 1077 1562 1121 aut
1594 1066 1734 1122 infra
1761 1082 1914 1120 suam
1959 1065 2069 1119 cel-

495 1159 598 1213 lam
623 1159 795 1215 locutn
823 1161 1202 1224 constitutum,
1233 1161 1318 1214 ubi
1344 1170 1555 1229 quarta,
1613 1176 1774 1231 quam
1818 1157 2070 1230 pauperi-

490 1252 590 1308 bus
611 1251 725 1306 dari
757 1253 1034 1308 docuimus
1065 1252 1349 1308 inferatur.

799 1343 884 1397 Ex
921 1343 1131 1414 Regesto
1163 1344 1348 1398 Leonis
1377 1360 1524 1414 papa:
1551 1344 1747 1414 quarti.

560 1434 637 1489 De
658 1433 1054 1503 decimisjusto
1097 1435 1286 1490 ordine
1323 1450 1425 1490 non
1483 1444 1692 1490 tantum
1745 1435 1922 1499 nobis,
1978 1433 2070 1488 sed

489 1528 804 1598 majoribus,
828 1528 1006 1582 visum
1057 1537 1164 1592 est,
1214 1527 1476 1598 plebibus,
1527 1537 1733 1581 tantum
1763 1529 1851 1581 ubi
1883 1542 2069 1581 sacro«

486 1629 672 1672 sancta
705 1619 902 1673 dantur
922 1617 1269 1687 baptismata,
1302 1615 1415 1672 dari
1440 1617 1659 1672 debere.

631 1706 870 1761 Gelasius
901 1725 1035 1778 papa
1060 1707 1294 1762 Maximo
1325 1722 1372 1761 et
1400 1708 1622 1762 Eusebio
1655 1708 1926 1778 episcopis.

2177 514 2232 568 in
2268 514 2460 580 thecis,
2494 522 2552 567 ut
2583 514 2627 568 si
2657 513 2828 582 major
2854 514 3138 569 emerserit
3179 512 3409 580 fabrica,
3461 515 3572 570 sint
3612 517 3753 573 sub-

2177 607 2332 670 sidio.
2355 623 2473 677 qua:
2504 607 2701 662 diversi
2729 607 2986 676 temporis
3017 606 3295 675 diligentia
3339 608 3618 676 potuerint
3662 625 3770 664 cu-

2178 698 2388 761 stodiri,
2421 706 2515 752 aut
2543 707 2691 752 certe
2720 707 2934 752 ematur
2977 698 3271 766 possessio,
3325 713 3445 768 qua:
3493 698 3777 755 utilitates

2175 790 2430 858 respiciat
2457 803 2791 844 communes.

2513 879 2599 935 Ea:
2627 881 2857 960 concilio.
2876 881 3180 944 Aureliano,
3207 898 3323 951 cap.
3351 880 3383 933 7

2246 975 2436 1032 Omnia
2469 990 2589 1046 quae
2616 975 2725 1028 Deo
2753 964 3074 1038 olferun'tur,
3101 982 3416 1028 consecrata
3436 974 3774 1039 habeantur,

2175 1067 2227 1121 in
2257 1066 2452 1131 vineis,
2503 1065 2684 1129 terris,
2734 1063 2922 1134 sylvis,
2981 1063 3328 1129 utensilibus,
3393 1063 3770 1125 vestimentis,

2174 1158 2456 1226 pecoribus
2478 1154 2778 1223 et.reliquis
2811 1152 3268 1222 possessionibus,
3313 1161 3374 1206 ut
3416 1167 3540 1221 quas
3587 1151 3777 1206 eccle-

2172 1251 2288 1315 siis,
2322 1250 2438 1304 sine
2466 1248 2625 1304 dubio
2649 1247 2866 1302 Christo
2891 1246 2982 1315 qui
3006 1260 3233 1316 sponsus
3265 1259 3452 1299 earum
3496 1252 3582 1299 est
3626 1243 3771 1298 offe-

2174 1352 2385 1397 l'llllllll‘.

2247 1433 2318 1487 De
2343 1431 2522 1485 eadem
2554 1447 2626 1484 re.
2655 1429 2738 1484 Ea:
2760 1429 2980 1484 concilio
3009 1426 3436 1497 Rothomagensi,
3467 1443 3583 1495 cap.
3632 1426 3688 1478 3.

2241 1523 2439 1578 Omnes
2472 1522 2694 1576 deeimze
2725 1531 2886 1576 terra:
2913 1521 3026 1576 sive
3053 1519 3118 1574 de
3145 1519 3319 1589 pomis
3348 1517 3621 1580 arborum,
3649 1519 3770 1571 sive

2171 1617 2236 1670 de
2262 1614 2503 1685 frugibus
2532 1613 2746 1667 Domini
2773 1621 2918 1678 sunt,
2949 1621 3002 1666 et
3025 1611 3098 1666 illi
3121 1611 3548 1666 sanctificantur.
3581 1608 3765 1664 Boves

2170 1715 2223 1762 et
2247 1721 2375 1761 oves
2401 1713 2456 1759 et
2483 1719 2682 1774 caprae,
2714 1719 2834 1773 qua:
2857 1703 2956 1758 sub
2986 1702 3217 1774 pastoris
3244 1702 3392 1772 virga
3452 1709 3766 1764 transeunt,
3855 1741 3864 1746 -

559 1797 707 1852 Licet
742 1798 940 1868 regulis
963 1799 1304 1854 contineatur
1327 1800 1564 1869 antiquis
1603 1799 1893 1868 parochias
1945 1797 2067 1852 uni-
2096 1813 2144 1873 Β
2172 1795 2430 1866 quidquid
2455 1795 2726 1850 decimum
2749 1795 2978 1857 venerit,
3037 1791 3465 1848 sanetificabitur
3507 1790 3762 1846 Domino.

486 1889 682 1957 cuique
733 1888 976 1944 ecclesiae
1035 1889 1264 1960 pristina
1333 1890 1684 1961 dispositione
1751 1891 2067 1959 deputatas,

487 1979 631 2033 nulla
663 1995 822 2050 posse
844 1981 1051 2036 ratione
1073 1981 1326 2046 cenvelli,
1355 1997 1423 2037 ne
1475 1997 1575 2051 per
1616 1982 2069 2038 consuetudinem

485 2073 772 2142 pessimam
802 2074 1032 2145 exempli
1066 2075 1192 2128 mali
1251 2076 1560 2130 temeritate
1603 2064 1906 2138 crescente,
1959 2075 2073 2128 ubi-

486 2180 592 2237 que
621 2165 946 2224 universalis
977 2164 1224 2221 confusio
1249 2177 1585 2232 nasceretur,
1606 2168 1717 2238 jam
1751 2168 1802 2221 in
1836 2167 2070 2221 decretis

486 2258 689 2312 nostris
717 2267 842 2314 ante
872 2272 991 2313 non,
1026 2257 1252 2310 multum
1285 2259 1545 2327 temporis
1592 2259 1874 2314 destinatis
1898 2299 1912 2324 ,
1957 2274 2072 2311 om-

486 2347 850 2417 niajussimus
881 2365 1000 2419 qua:
1030 2348 1207 2404 taliter
1230 2347 1445 2402 fuerant
1475 2350 1658 2404 invasa
1694 2350 1922 2406 restitui.
1965 2349 2070 2404 Sed

483 2439 607 2506 quia
646 2439 927 2494 temeritas
957 2439 1370 2509 pervadentium
1398 2439 1571 2510 legem
1601 2440 1701 2495 sibi
1728 2448 1882 2508 putat
1912 2454 2070 2509 posse

483 2533 754 2598 generari,
791 2531 837 2585 si
867 2530 1055 2586 sceleri
1087 2547 1183 2586 suo
1211 2532 1562 2600 pertinaciam
1602 2533 1925 2587 retentionis
1975 2533 2070 2586 ad-

477 2621 776 2689 juugat,ea
809 2637 928 2690 qua:
976 2622 1118 2676 inter
1173 2623 1395 2677 fratrem
1443 2632 1498 2677 et
1547 2623 1921 2692 coepiscopum
1977 2637 2070 2676 nos

484 2720 652 2766 strum
691 2713 1104 2768 Constantinum
1131 2713 1464 2768 Comiscana:
1514 2715 1764 2770 Ecclesia:
1818 2715 2073 2769 sacerdo-

486 2812 616 2869 tem,
646 2813 700 2858 et
725 2805 963 2860 directos
981 2805 1407 2859 ab'Anconitano
1430 2807 1683 2874 pontifice
1706 2807 2064 2872 decrevimus,

484 2909 581 2963 per
609 2911 703 2949 vos
733 2895 940 2965 impleri
969 2897 1234 2965 cupimus.
1294 2895 1446 2952 Tunc
1476 2896 1703 2951 formam
1757 2897 1807 2950 iu
1853 2896 2066 2950 cretcris

485 2986 898 3053 cogitationibus
921 3004 1038 3058 qua:
1063 2988 1133 3042 sit
1159 2989 1435 3057 sequenda
1453 2989 1885 3059 perscripsimus.
1911 2988 2064 3044 Nulla

487 3075 653 3145 igitur
683 3080 1107 3148 praesumptione
1138 3088 1338 3134 statum
1365 3080 1745 3148 parocliiarum
1791 3081 1880 3150 qtti
1938 3069 2062 3150 per?

485 3175 663 3236 petua:
700 3168 877 3221 aetatis
911 3169 1166 3223 firmitate
1209 3169 1443 3235 duravit,
1494 3169 1730 3239 patimur
1763 3171 2062 3238 immutari,

487 3257 612 3326 quia
651 3271 821 3326 neque
852 3257 1177 3328 negligentia
1205 3259 1498 3327 pontificis,
1551 3273 1725 3329 neque
1747 3262 2060 3332 temporalis

485 3341 737 3416 abjectio,
767 3363 886 3417 quae
939 3364 1032 3418 per
1085 3348 1350 3403 incuriam
1401 3347 1541 3404 forte
1591 3359 1900 3421 generatur,
1958 3368 2062 3408 nec

486 3435 694 3506 ignavia
717 3436 946 3493 faciente
975 3454 1264 3504 consensu,
1317 3453 1417 3494 nec
1443 3439 1745 3510 subripient
1789 3442 2060 3514 supplica-

487 3528 632 3582 tione
663 3531 951 3598 praeceptio
976 3529 1232 3585 divellere
1264 3538 1440 3600 potest
1461 3531 1628 3586 semel
1649 3532 2063 3588 diceeesimcou-

485 3618 750 3678 stitutam.
777 3633 841 3672 ex
870 3634 973 3688 qua
1003 3633 1221 3690 semper
1273 3621 1341 3675 ad
1381 3623 1850 3691 regenerationem
1901 3632 2064 3692 atque

487 3709 950 3777 eousiguationem
973 3710 1124 3782 plebs
1152 3712 1344 3767 devota
1368 3715 1632 3769 consistit.

486 3814 637 3870 Idem
667 3816 878 3872 Justino
907 3821 1274 3877 archidiaeouo
1296 3833 1343 3877 et
1378 3822 1597 3877 Fausto.
1627 3822 1702 3876 De
1733 3825 1884 3880 rebus
1905 3825 2064 3882 cccle-

787 3891 880 3942 sia:
909 3891 962 3942 in
988 3903 1214 3961 quatuor
1245 3905 1415 3961 partes
1445 3894 1757 3946 dividendis.

559 3977 726 4033 Vobis
751 3987 805 4032 et
826 3979 982 4035 fama:
1003 3991 1192 4036 vestra:
1223 3983 1526 4037 consultum
1553 3983 1824 4048 duximus,
1851 3993 1906 4038 ut
1929 4000 2063 4054 pou-

489 4066 652 4124 tilicis
687 4070 852 4124 vestri
880 4071 998 4127 loco
1028 4072 1303 4127 vobiscum
1327 4073 1395 4127 ab
1416 4073 1606 4128 eodem
1647 4074 1841 4144 aliquis
1871 4077 2062 4129 subro-

433 4157 436 4160 ’
487 4169 662 4229 getur,
696 4163 787 4231 qui
811 4160 925 4230 ejus
975 4155 1192 4218 nomine
1241 4163 1446 4234 pariter
1488 4164 1741 4219 universa
1793 4165 2062 4234 disponat,

487 4261 754 4320 quatenus
802 4253 984 4307 omnia
1016 4254 1213 4324 pra-dia
1245 4253 1310 4308 ad
1362 4264 1599 4309 vestrum
1645 4257 1906 4310 revocetis
1959 4269 2067 4310 stu-

487 4342 658 4408 dium,
690 4358 758 4398 ne
787 4343 1038 4412 cuiquam
1065 4343 1260 4399 clerico
1294 4359 1394 4414 pro
1449 4345 1695 4415 portione
1749 4361 1845 4401 sua
1892 4346 2065 4400 solum

487 4432 701 4503 aliquod
730 4434 972 4490 ecclesia:
1004 4435 1205 4506 putetis
1248 4450 1368 4492 esse
1417 4437 1805 4506 deputandum,
1866 4453 1933 4492 ne
1969 4453 2064 4508 per

2174 1887 2288 1942 Non
2316 1887 2545 1956 eligetur
2562 1901 2663 1940 nec
2693 1885 2894 1941 bonum
2920 1899 3018 1939 nec
3043 1883 3264 1948 malum,
3297 1897 3396 1937 nec
3417 1881 3589 1935 altero
3617 1895 3772 1935 com-

2172 1979 2490 2034 mutabitur.
2547 1977 2605 2032 Si
2640 1979 2762 2047 quis
2809 1978 3125 2042 mutaverit,
3182 1985 3237 2032 et
3277 1974 3420 2044 quod
3461 1981 3660 2036 mutat,
3709 1981 3769 2026 et

2170 2070 2312 2140 quod
2341 2078 2610 2124 mutatum
2631 2079 2714 2124 est
2764 2068 3192 2124 sanetiticahitur
3243 2066 3494 2128 Domino,
3547 2073 3604 2119 et
3653 2077 3765 2117 non

2174 2161 2483 2216 redimetur.
2508 2159 2613 2215 Sed
2643 2160 2768 2230 quia
2795 2159 2954 2214 modo
3010 2161 3162 2214 multi
3215 2157 3563 2212 inveniuntur
3615 2155 3767 2208 deci-

2171 2267 2287 2306 mas
2317 2252 2445 2305 dare
2471 2251 2736 2317 uolentes,
2766 2250 3051 2304 statuimus
3082 2257 3160 2315 ut,
3193 2247 3488 2303 secundum
3539 2243 3762 2298 Domini

2171 2343 2339 2397 nostri
2363 2353 2705 2414 praeceptum,
2740 2344 3132 2397 admoneamur
3174 2339 3340 2396 semel
3368 2347 3424 2394 et
3463 2338 3627 2394 tertio
3661 2353 3678 2402 ;
3715 2337 3763 2391 si

2171 2449 2276 2487 non
2327 2433 2758 2498 emendaverint,
2813 2431 3172 2485 anathematis
3223 2429 3435 2483 vinculo
3481 2428 3765 2482 constriné

2174 2533 2397 2594 gantur,
2436 2539 2608 2593 usque
2637 2525 2703 2580 ad
2726 2523 3155 2580 satisfactionem
3213 2529 3268 2577 et
3321 2520 3764 2578 emendationem

2170 2633 2482 2688 congruam.

2478 2709 2562 2764 Ex
2588 2708 2806 2764 conciiio
2830 2707 3219 2774 Gaballonensi,
3251 2725 3364 2778 cap.
3397 2705 3453 2762 5.

2239 2800 2424 2867 Questi
2455 2812 2584 2857 sunt
2604 2811 2864 2872 praeterea
2892 2802 3109 2872 quidam
3143 2801 3339 2854 fratres
3382 2796 3525 2868 quod
3571 2804 3761 2851 essent

2168 2885 2329 2962 aliqui
2358 2895 2593 2964 episcopi
2622 2905 2676 2950 et
2703 2896 2944 2958 abbates.
2985 2896 3074 2964 qui
3116 2894 3351 2951 decimas
3375 2907 3483 2946 non
3513 2891 3761 2946 sinerent
3805 2938 3814 2945 .

2169 2984 2298 3039 dare
2326 2987 2391 3039 ad
2437 2987 2714 3054 ecclesias,
2762 2986 2850 3040 ubi
2896 2986 2971 3041 illi
3023 2985 3198 3042 coloni
3256 2984 3449 3039 missas
3503 2981 3756 3035 audiunt.

2167 3073 2400 3132 Proinde
2430 3078 2668 3133 decrevit
2692 3093 2847 3134 sacer
2876 3077 2978 3133 iste
2999 3088 3299 3134 conventus
3347 3085 3406 3129 ut
3431 3073 3670 3144 episcopi
3700 3081 3759 3127 et

2091 3177 2136 3239 ο
2167 3165 2388 3222 abbates
2415 3169 2480 3222 de
2509 3169 2654 3236 agris
2676 3177 2730 3223 et
2757 3170 2949 3235 vineis,
2990 3184 3109 3238 qua:
3138 3169 3203 3223 ad
3233 3183 3387 3223 suum
3417 3167 3500 3220 vel
3526 3164 3754 3219 fratrum

2165 3259 2489 3330 stipendium
2517 3261 2738 3324 habent,
2778 3261 3016 3316 decimas
3043 3261 3108 3314 ad
3137 3258 3393 3314 ecclesias
3443 3255 3642 3311 deferri
3666 3254 3754 3309 fa-

2165 3349 2338 3414 ciant;
2376 3349 2591 3404 familia:
2613 3364 2744 3404 vero
2766 3349 2837 3404 ibi
2861 3350 2990 3404 dent
3017 3349 3256 3404 decimas
3279 3363 3426 3410 suas,
3459 3347 3546 3401 ubi
3575 3345 3752 3399 infan-

2165 3446 2246 3493 tes
2273 3453 2458 3492 eormn
2491 3439 2858 3509 baptiz‘antur,
2881 3448 2937 3494 et
2966 3438 3054 3496 ubi
3084 3454 3180 3509 per
3211 3446 3382 3493 totum
3420 3435 3546 3492 anui
3573 3437 3752 3492 circu-
3791 3508 3796 3512 π

2102 3585 2109 3587 ξ
2162 3527 2274 3584 lum
2301 3530 2495 3585 missas
2513 3531 2760 3584 audiunt.

2508 3640 2594 3695 Ex
2620 3641 2838 3696 concilio
2865 3639 3136 3706 Toletano,
3168 3653 3284 3710 cap.
3308 3640 3398 3695 56.

2235 3732 2311 3786 De
2347 3731 2431 3786 his
2478 3740 2659 3787 autem
2709 3747 2828 3800 qute
2867 3732 3126 3786 altaribus
3179 3730 3500 3794 offeruntur,
3555 3738 3751 3800 quarta

2162 3839 2289 3894 pars
2329 3823 2555 3879 fideliter
2577 3825 2844 3895 episcopis
2882 3825 3177 3888 deferatur,
3221 3825 3337 3879 dua:
3363 3823 3600 3888 clericis,
3626 3839 3630 3842 ‘
3653 3824 3750 3878 de-

2165 3915 2321 3970 cinia:
2379 3925 2583 3981 autem,
2631 3918 2928 3972 secundum
2976 3917 3259 3988 quosdam,
3316 3916 3542 3986 singulis
3594 3916 3754 3968 annis

2168 4006 2322 4059 tertia
2351 4019 2498 4073 pars,
2531 4014 2625 4059 aut
2665 4006 2716 4059 in
2750 4007 2909 4060 tertio
2962 4015 3091 4061 tota.
3127 4005 3231 4060 Sed
3283 4014 3463 4060 tamen
3517 4019 3616 4059 nos
3664 4017 3752 4058 se-

2165 4103 2394 4162 quentes
2433 4096 2724 4161 Romanos,
2761 4096 2986 4166 singulis
3012 4097 3169 4150 annis
3218 4104 3464 4165 quartam
3516 4103 3747 4165 partem,

2167 4194 2261 4239 aut
2289 4185 2342 4239 in
2368 4195 2563 4256 quarto
2595 4197 2762 4241 totam
2791 4187 3029 4257 episcopi
3065 4187 3355 4254 recipiant.

2383 4295 2388 4299 ·
2447 4275 2530 4331 Ex
2558 4277 2776 4332 concilio
2804 4277 3243 4347 Mogontiacensi,
3269 4293 3384 4344 cap.
3409 4272 3544 4331 83:"

2237 4366 2477 4434 Quatuor
2501 4378 2680 4438 partes
2703 4369 2858 4439 juxta
2881 4384 3116 4424 canones
3148 4369 3262 4423 fieri
3304 4370 3370 4423 de
3397 4367 3630 4422 fidelium
3654 4369 3751 4420 nh-

2168 4457 2456 4515 lationibus
2484 4461 2702 4524 debent,
2734 4471 2790 4516 ut
2811 4477 2917 4515 una
2944 4459 3016 4515 sit
3042 4459 3297 4529 episcopi,
3331 4458 3502 4513 altera
3523 4458 3750 4513 clerico-

485 4523 748 4580 incuriam
803 4527 1296 4598 negligentiamque
1336 4529 1613 4584 minuatur
1639 4571 1654 4596 ,
1705 4531 1801 4586 sed
1845 4547 2058 4586 onmem
2095 4526 2142 4585 Ι)
2171 4568 2310 4617 mm,
2345 4553 2500 4608 lenia
2527 4568 2844 4624 pauperum.
2878 4523 3090 4624 quam,-
3129 4523 3511 4607 mmmam,
3567 4550 3746 4604 ρεριρ-

485 4616 759 4685 peusionis
781 4633 1044 4673 summam
1067 4635 1134 4674 ex
1160 4617 1410 4675 omnibus
1436 4623 1651 4690 praediis
1684 4625 1905 4680 rusticis
1960 4642 2052 4680 ur-

484 4705 746 4776 banisque
767 4709 1044 4766 collectam
1081 4712 1147 4765 ad
1179 4712 1474 4767 antistitem
1506 4712 1784 4770 deieratis.
1833 4717 1912 4770 Ex
1951 4731 2056 4786 qua

485 4800 665 4846 tamen
693 4795 1011 4852 collectione
1039 4800 1303 4855 habeatur
1334 4803 1498 4868 ratio,
1563 4805 1705 4872 quod
1750 4804 1817 4858 ad
1868 4818 2058 4862 causas

483 4885 569 4940 vel
598 4901 862 4956 expensas
895 4891 1266 4947 accedentium
1318 4895 1703 4951 necessitatum
1746 4911 1880 4966 opus
1938 4912 2059 4953 esse

483 4977 830 5044 perspicitur,
867 4988 925 5033 ut
972 4980 1039 5035 de
1088 4983 1266 5037 medio
1311 4994 1700 5052 sequestretur,
1753 4996 1807 5043 et
1852 4999 2057 5052 quartas

2165 4643 2366 4699 siarum
2391 4653 2659 4699 servetur.

2573 4731 2654 4787 Ea:
2679 4733 2897 4788 concilio
2929 4732 3310 4803 Agrippinensi.

2233 4821 2366 4880 Item
2420 4823 2565 4893 quod
2618 4823 2826 4880 decima
2878 4839 2997 4893 qua:
3043 4838 3072 4876 a
3126 4821 3372 4876 fidelibus
3419 4821 3596 4886 datur,
3652 4819 3747 4876 Dei

2164 4928 2358 4969 census
2387 4916 2747 4984 nuncupanda
2769 4926 2873 4980 est,
2896 4925 2951 4970 et
2979 4915 3098 4968 ideo
3120 4929 3187 4969 ex
3213 4914 3423 4981 integro
3448 4914 3743 4969 reddenda.

2163 5003 2326 5052 Cuius
2353 5005 2512 5052 tertia
2537 5021 2662 5052 nars
2684 5006 2978 5052 secundum
3008 5020 3266 5052 rannnem
3295 5002 3607 5052 Tnletannm
3631 5006 3746 5052 oni-
