4018 5330
488 271 589 326 481

1613 264 1671 319 S.
1714 260 2010 318 ANSELMI
2054 259 2390 317 LUCENSlS
2431 263 2735 322 EPISCOPI

3648 263 3768 318 £88

569 382 624 437 11
667 381 736 436 Ut
763 393 920 434 nemo
958 393 986 432 a
1027 377 1272 432 Romano
1309 375 1548 432 Ecclesia
1591 376 1893 441 dissentiat,
1953 387 2073 442 quae
2101 379 2152 438 Α
2251 373 2338 427 59.
2382 374 2534 441 Quod
2581 377 2742 431 habet
2796 376 3122 445 apostolicus
3171 393 3200 432 a
3245 388 3398 434 neato
3428 380 3586 436 Petro
3614 381 3769 435 ﬁdu-

492 481 654 544 caput
678 480 760 527 est
787 471 1027 525 omnium
1044 469 1426 524 Ecelesiarum.

564 567 650 620 12.
693 564 846 631 Quod
889 578 919 616 a
945 561 1146 632 regulis
1189 561 1442 615 Rmuana:
1468 553 1724 616 EcClesiae
1769 558 2073 613 nullatenus

494 657 747 714 convenit
775 653 1012 708 deviare.

567 749 654 803 15.
695 747 848 814 Quod
881 745 1118 801 Ecclesia
1152 744 1396 799 Romana
1428 758 1706 814 nunquam
1731 759 1760 797 a
1787 740 1890 800 ﬁde
1921 755 2075 797 erra-

495 840 655 893 verit.

568 928 652 982 14.
694 927 845 994 Quod
895 942 1031 997 papa
1083 927 1242 981 debet
1272 924 1563 980 universali
1595 921 1848 979 Ecclesiae
1881 923 2076 977 subve-

500 1021 635 1084 nire,
676 1031 730 1073 et
755 1019 1013 1087 quidquid
1048 1019 1098 1072 in
1127 1034 1188 1072 ea
1219 1017 1468 1071 nocivum
1491 1024 1573 1072 est
1606 1017 1900 1086 corrigere.
1957 1082 1961 1086 _

569 1111 651 1164 15.
681 1109 748 1163 lit
777 1109 1106 1162 Antiochena
1153 1108 1392 1162 Ecclesia
1447 1108 1700 1170 Romanae
1721 1108 1791 1162 sit
1813 1101 2074 1176 subjecta,

496 1217 595 1256 nec
625 1201 689 1254 ab
718 1200 832 1269 ejus
856 1199 1138 1253 dissentiat
1163 1199 1539 1267 dispositione.

567 1289 652 1343 16.
691 1290 842 1356 Quod
868 1290 1166 1343 Romanam
1199 1273 1492 1342 Ecclesia‘m
1535 1286 1676 1341 beati
1711 1285 1855 1341 Petri
1897 1302 2079 1342 sacer-

495 1381 642 1436 dotio
686 1381 945 1436 Dominus
988 1380 1209 1445 ditavit;
1238 1389 1291 1433 et
1337 1379 1480 1448 quod
1525 1380 1698 1447 prima
1728 1379 1873 1433 salus
1915 1389 1999 1432 est
2043 1393 2075 1432 a

495 1472 800 1526 constitutis
849 1471 1072 1526 Patrum
1121 1487 1226 1526 ιιοιι
1281 1473 1516 1535 deviare,
1573 1480 1626 1525 ct
1665 1471 1810 1540 quod
1862 1471 1912 1524 in
1949 1472 2076 1525 sede

491 1564 786 1633 apostolica
815 1579 1027 1632 semper
1054 1573 1137 1618 est
1166 1563 1432 1617 catholica
1464 1572 1674 1616 servata
1705 1563 1912 1631 religio.

572 1656 658 1710 17.
698 1656 852 1722 Quod
904 1656 1143 1710 Romana
1193 1657 1430 1710 Ecclesia
1480 1657 1648 1725 ipsius
1694 1655 1905 1712 Domini
1944 1669 2076 1711 voce

495 1745 793 1802 Salvatoris
823 1748 1070 1802 omnibus
1091 1748 1310 1817 prmlata
1340 1756 1439 1802 est.

564 1840 650 1894 18.
693 1839 841 1902 Quod
874 1838 1164 1906 apostolica
1197 1838 1352 1892 sedes
1383 1828 1779 1891 ﬁrmamentum
1827 1845 1910 1890 est
1951 1851 2071 1889 om-

492 1928 640 1982 nium
670 1929 1074 1998 episcoporum,
1105 1927 1564 1995 ecclesiarnmqne
1594 1927 1831 1982 omnium
1864 1935 2071 1980 vertex.

565 2020 649 2072 19.
692 2018 760 2073 Ut
793 2019 962 2089 prima
995 2018 1149 2073 sedes
1178 2034 1207 2070 a
1236 2019 1380 2071 nullo
1406 2017 1696 2086 judicctnr.

562 2109 652 2165 20.
696 2110 765 2166 Ut
785 2127 972 2166 omnes
1001 2110 1255 2166 Ecclesia:
1285 2119 1486 2164 statuta
1515 2109 1772 2163 Romana:
1816 2107 2074 2163 Ecclesiae

493 2210 832 2256 conservent.

562 2293 652 2346 21.
691 2291 759 2347 lit
789 2307 946 2346 nemo
995 2289 1300 2361 apostolica:
1330 2289 1474 2344 sedis
1513 2288 1775 2360 judicium
1824 2286 2074 2358 judicare

491 2393 583 2436 aut
609 2392 904 2437 retractare
931 2391 1242 2453 praesumat.

560 2473 653 2527 22.
694 2473 846 2539 Quod
876 2473 1167 2542 apostolica
1193 2473 1349 2528 sedes
1395 2478 1558 2540 caput
1590 2479 1676 2525 est
1703 2468 1941 2524 omnium
1976 2465 2074 2522 Ec-

490 2563 797 2618 clesiarum.

559 2656 651 2710 25.
693 2654 844 2720 Quod
895 2654 1137 2708 Romana
1190 2653 1427 2708 Ecclesia
1483 2652 1742 2721 singulari
1797 2651 2074 2722 privilegio

489 2754 811 2816 potestatem
835 2746 1000 2800 habet
1023 2743 1223 2815 ligandi
1251 2753 1305 2800 et
1334 2743 1596 2798 solvendi.

558 2838 649 2890 24.
693 2837 844 2904 Quod
888 2837 1199 2907 apostolicae
1223 2837 1365 2891 sedis
1408 2836 1605 2906 praesul
1633 2851 1664 2891 a
1710 2835 1856 2890 nullo
1896 2835 2000 2889 nisi
2038 2849 2069 2888 a

490 2927 603 2982 Deo
621 2926 945 2995 judicandus
971 2937 1072 2982 est.

559 3020 651 3073 25.
693 3017 844 3085 Quod
901 3035 1032 3088 papa
1081 3018 1226 3072 vices
1265 3032 1391 3072 snas
1441 3016 1619 3083 alteri,
1677 3025 1733 3072 et
1775 3033 1886 3072 sum
1929 3017 2074 3071 sedis

493 3110 655 3165 etiam
684 3110 1016 3165 subdiacono
1057 3109 1365 3176 committit,
1402 3108 1493 3164 ubi
1535 3123 1774 3179 praesens
1801 3124 1922 3164 esse
1963 3122 2070 3163 non
2100 3133 2145 3196 ρ

492 3208 693 3270 potest.

558 3290 648 3344 26.
689 3289 839 3356 Quod
872 3305 1020 3360 papa:
1054 3299 1231 3345 tacere
1259 3304 1364 3344 non
1395 3289 1520 3346 licet
1542 3290 1681 3360 quod
1713 3289 1764 3344 in
1795 3297 2074 3362 querelam

494 3391 674 3450 potest
708 3381 913 3434 venire.

562 3475 654 3528 27.
699 3472 850 3540 Quod
880 3473 946 3527 ad
978 3473 1160 3528 sedem
1193 3471 1546 3542 apostolicam
1584 3471 1653 3527 ab
1689 3471 1956 3543 episc0pis
1980 3487 2076 3526 rea

493 3565 716 3630 feratur,
745 3566 870 3620 dum
898 3566 948 3619 in
977 3564 1098 3619 ﬁdei
1128 3567 1336 3620 ratione
1366 3566 1663 3620 dubitatur.

561 3655 651 3710 28.
680 3656 832 3723 Quod
864 3672 998 3725 papa
1019 3671 1082 3709 ex
1111 3655 1288 3708 divina
1318 3654 1658 3708 institutione
1681 3653 1948 3708 universis
1974 3654 2076 3708 Ec-

491 3748 673 3804 clesiis
697 3748 1070 3817 principaliter
1097 3763 1281 3801 curam
1312 3747 1492 3801 debet.

560 3839 650 3892 29.
691 3839 844 3904 Quod
896 3839 1038 3892 sedis
1064 3838 1369 3908 apostolica:
1409 3837 1732 3892 auctoritate
1760 3835 2075 3903 iudicentur

495 3952 616 4005 quae
639 3935 1006 3988 diﬂicnltatem
1037 3932 1439 4000 dijudicationis
1469 3932 1666 3987 habere
1692 3931 1964 3986 videntur.

563 4028 655 4080 5ὓ.
697 4026 847 4092 Quod
874 4025 1113 4078 Romana
1138 4023 1373 4078 Ecclesia
1397 4023 1757 4093 principatum
1789 4039 1818 4076 a
1849 4023 2076 4077 Domino

494 4120 726 4190 aCCepit,
766 4127 820 4173 et
843 4119 1053 4172 Marcus
1080 4131 1109 4169 a
1141 4116 1397 4185 magistro
1435 4129 1572 4184 papa
1614 4113 1776 4169 Petro
1822 4130 1928 4170 non
1965 4116 2077 4168 dis-

494 4211 683 4267 sensit.

563 4303 653 4358 51.
696 4299 767 4356 Ut
793 4313 983 4356 omnes
1011 4295 1262 4354 catholici
1284 4304 1581 4366 sequantur
1607 4297 1748 4365 quod
1775 4297 1928 4352 sedes
1951 4311 2078 4367 apo-

493 4392 686 4448 stolica
710 4392 890 4446 docet.

2177 464 2319 519 ciam
2360 476 2414 520 et
2449 471 2822 525 auctoritatem
2854 471 3172 525 defendendi
3197 471 3352 525 ﬁdem

2243 556 2333 610 40.
2376 557 2528 624 Quod
2578 576 2730 631 papa:
2783 561 2956 632 major
2996 563 3208 616 cunctis
3257 564 3554 619 necessitas
3580 566 3772 620 corri-

2174 646 2333 717 gendi
2364 648 2642 704 incumbit.

2245 736 2335 790 41.
2374 738 2525 804 Quod
2578 742 2794 795 traditio
2835 741 3095 798 Romanre
3147 743 3404 799 Ecclesiae
3443 761 3472 798 a
3529 747 3772 817 reliquis

2149 831 2494 886 -observetur
2527 833 2799 899 Ecclesiis,
2833 851 2951 904 qua:
2979 835 3046 891 ab
3096 837 3206 906 ipsa
3237 838 3558 907 principium
3604 855 3773 895 accc-

2177 930 2396 990 perunt.

2247 1011 2336 1064 42.
2377 1011 2529 1078 Quod
2577 1029 2681 1069 non
2734 1016 2890 1071 aliter
2931 1017 2998 1072 de
3059 1017 3356 1088 Scripturis
3413 1021 3772 1078 sentiendum

2178 1113 2336 1168 quam
2364 1103 2535 1156 sancti
2556 1103 2744 1158 Patres
2776 1100 3098 1161 docuerunt.

2247 1189 2334 1243 45.
2380 1191 2531 1257 Quod
2559 1209 2689 1263 papa
2722 1197 2888 1265 ipsius
2913 1197 3056 1251 sedis
3083 1199 3384 1253 reverentia
3414 1201 3628 1271 cogitur
3647 1210 3772 1256 stu-

2178 1278 2361 1352 diosus
2388 1297 2483 1350 pro
2514 1285 2762 1339 omnibus
2787 1301 2925 1340 esse.

2247 1371 2337 1424 44.
2379 1374 2530 1441 Quod
2561 1391 2666 1428 non
2697 1377 2768 1430 sit
2801 1378 3162 1432 recedendum
3209 1379 3278 1433 ab
3316 1377 3628 1450 apostolicis
3683 1382 3770 1436 in‘

2179 1464 2401 1518 stitutis.

2249 1553 2337 1606 45.
2384 1552 2451 1608 Ut
2478 1554 2656 1609 nullus
2689 1556 2907 1612 decreta
2941 1557 3086 1612 sedis
3126 1557 3438 1627 apostolicae
3488 1568 3770 1614 temerare

2136 1661 2139 1666 ί
2178 1652 2492 1711 praesumat.

2104 1756 2150 1816 Β
2247 1732 2336 1786 46.
2379 1733 2533 1800 Quod
2579 1734 2872 1804 apostolica
2904 1735 3060 1792 sedes
3109 1737 3373 1793 universae
3427 1741 3611 1809 praesit
3660 1741 3770 1795 Ec-

2177 1823 2372 1878 clcsiai.

2246 1914 2337 1966 47.
2377 1912 2529 1978 Quod
2551 1914 2706 1970 sedes
2742 1915 2887 1970 beati
2913 1915 3059 1984 Petri
3096 1915 3176 1972 fas
3207 1917 3371 1975 habet
3388 1919 3672 1989 iudicandi
3699 1923 3769 1976 de

2175 2007 2320 2061 omni
2346 2005 2609 2072 Ecclesia,
2633 2009 2726 2063 sed
2757 2024 2917 2064 nemo
2939 2011 3003 2064 de
3033 2011 3143 2065 illa.

2248 2095 2337 2151 48.
2380 2097 2530 2163 Quod
2558 2099 2716 2152 sedes
2762 2099 3060 2168 apostolica
3109 2103 3314 2173 absque
3349 2103 3556 2174 synodo
3586 2106 3767 2175 possit

2177 2187 2386 2244 solvere
2411 2189 2594 2258 inique
2625 2190 2933 2246 damnatos.

2246 2279 2334 2334 49.
2375 2280 2528 2346 Quod
2559 2282 2851 2349 apostolica
2882 2283 3038 2338 sedes
3093 2285 3523 2356 uniuscujusque
3571 2287 3764 2358 synodi

2176 2389 2274 2428 sua
2319 2374 2644 2428 auctoritate
2685 2375 3019 2430 conﬁrmata:
3068 2391 3289 2432 scrvare
3341 2377 3500 2432 debet
3555 2378 3766 2432 consti-

2177 2475 2376 2521 tutum.

2245 2557 2338 2612 50.
2379 2557 2452 2615 Ut
2495 2559 2709 2614 irritum
2753 2561 2826 2615 sit
2866 2561 3129 2631 quidquid
3182 2561 3236 2615 in
3285 2560 3582 2632 apostolica
3638 2562 3767 2617 sede

2177 2651 2378 2720 absque
2405 2652 2699 2720 apostolico
2720 2645 3048 2707 decernitur.

2245 2741 2334 2795 51.
2375 2741 2529 2808 Quod
2560 2742 2752 2796 Petrus
2779 2743 2930 2813 regni
2957 2742 3218 2798 cmlorum
3247 2742 3426 2799 claves
3456 2745 3668 2813 accepit
3703 2752 3764 2797 ut

2175 2831 2296 2886 aliis
2318 2833 2569 2901 aperiret.

2253 2923 2342 2976 52.
2389 2924 2539 2990 Quod
2565 2925 2863 2988 auctoritas
2890 2925 3384 2995 congregandarum
3430 2925 3764 2995 generalium

2181 3018 2508 3086 synodorum
2537 3018 2636 3071 soli
2661 3018 2969 3086 apostolicae
2998 3019 3108 3073 sedi
3139 3019 3210 3072 sit
3236 3018 3547 3073 commissa.

2247 3107 2334 3162 55.
2377 3108 2529 3173 Quod
2567 3126 2703 3180 papa
2731 3127 2759 3166 a
2788 3111 2903 3166 solo
2937 3112 3047 3164 Deo
3078 3111 3148 3164 sit
3167 3111 3512 3181 judicandus.

2251 3200 2340 3253 54.
2370 3201 2440 3255 Ut
2469 3216 2628 3256 nemo
2649 3217 2712 3256 ea
2739 3217 2858 3271 quae
2879 3201 3188 3272 apostolica:
3212 3203 3329 3256 sedi
3351 3212 3476 3257 sunt
3501 3217 3762 3257 concessa

2178 3303 2402 3360 usurpet
2429 3291 2546 3346 sine
2569 3291 2686 3360 ejus
2712 3293 2981 3347 consultu.

2250 3381 2340 3435 55.
2381 3381 2534 3446 Quod
2555 3392 2775 3438 sanctus
2797 3384 2992 3438 Petrus
3008 3385 3100 3454 jus
3115 3383 3314 3456 ligandi
3338 3393 3500 3455 atque
3519 3384 3762 3439 solvendi

2179 3471 2314 3525 Lino
2344 3480 2400 3526 et
2422 3472 2572 3526 Cleto
2595 3489 2700 3526 non
2735 3475 2957 3528 tradidit
2979 3475 3078 3545 (2).

2251 3561 2342 3616 56.
2382 3562 2535 3628 Quod
2573 3563 2626 3616 in
2660 3580 2765 3619 una
2799 3565 3065 3619 catholica
3107 3563 3348 3620 Ecclesia
3387 3579 3514 3618 vera
3546 3563 3764 3619 Christo

2180 3652 2355 3707 hostia
2387 3653 2716 3708 immolatur.

2250 3743 2338 3796 57.
2385 3742 2538 3809 Quod
2566 3744 2634 3798 ab
2659 3745 2956 3814 apostolica
2991 3747 3122 3802 sede
3146 3747 3270 3802 ﬁdei
3295 3747 3496 3802 veritas
3538 3755 3622 3803 est
3675 3746 3761 3801 iu-

2181 3837 2463 3906 quireuda.

2248 3927 2333 3981 58.
2379 3926 2452 3980 De
2480 3929 2742 3995 petitione
2767 3930 2968 3987 Nicaeni
2995 3933 3232 3999 concilii,
3277 3941 3338 3988 ut
3367 3935 3436 3990 ab
3467 3934 3760 4005 apostolica

2182 4021 2506 4076 auctoritate
2526 4026 2900 4079 conﬁrmetur.

2251 4119 2339 4173 59.
2382 4121 2454 4174 De
2479 4122 2735 4189 petitione
2749 4124 3126 4194 {Egyptiorum
3145 4125 3518 4195 episcoporum
3541 4141 3641 4196 pro
3657 4141 3759 4178 ιιι

2182 4212 2436 4281 capitulis
2457 4213 2657 4268 Niczeni
2684 4217 2917 4270 concilii.

2251 4303 2341 4358 60.
2383 4303 2536 4370 Quod
2570 4305 2812 4361 Romana
2851 4306 3091 4364 Ecc.esia
3145 4323 3360 4379 semper
3413 4307 3758 4364 immaculata

2181 4397 2546 4464 permanserit
2573 4406 2627 4452 et
2653 4400 3011 4468 permanebit.

569 4485 659 4536 52.
703 4481 772 4536 Ut
799 4479 1038 4536 omnium
1079 4476 1444 4532 Ecclesiarum
1475 4483 1649 4530 status
1698 4491 1833 4548 papa
1882 4493 2073 4532 curam

2253 4490 2342 4544 61.
2387 4489 2539 4557 Quod
2573 4490 2717 4545 beati
2748 4491 2890 4546 Petri
2927 4493 3082 4550 sedes
3108 4496 3462 4550 sacerdotalis
3485 4503 3662 4550 mater
3682 4503 3760 4550 est

496 4574 712 4628 habeat.

564 4665 656 4719 55.
695 4664 771 4717 De
797 4660 983 4716 eadem
1017 4675 1092 4714 re.
1155 4690 1159 4693 ι

563 4753 654 4808 54.
697 4753 768 4805 De
795 4751 978 4804 cadem
1009 4765 1087 4805 re.

563 4844 655 4899 55.
693 4843 847 4909 Quod
872 4841 1112 4895 Romana
1141 4841 1376 4895 Ecc'csia
1408 4851 1580 4895 mater
1610 4841 1680 4893 sit
1705 4840 1942 4895 omnium
1974 4841 2076 4897 Ec-

497 4933 808 4998 clesiarum,
834 4942 890 4987 et
918 4947 1190 5002 nunquam
1217 4952 1247 4986 a
1277 4932 1380 4986 ﬁde
1408 4934 1693 4986 erraverit.

568 5027 658 5080 56-
695 5027 848 5082 Quod
878 5027 1171 5082 apostolica
1207 5030 1364 5084 sedes
1403 5043 1679 5084 nunquam
1717 5029 1952 5083 haereses
1999 5029 2077 5084 fo-

2196 4584 2461 4654 iignitatis
2489 4594 2542 4639 et
2568 4586 2823 4655 magistra
2845 4587 3228 4644 ecclesiasticae
3255 4589 3502 4642 rationis.

2256 4675 2345 4728 62.
2388 4675 2458 4730 Ut
2486 4677 2618 4733 nulli
2646 4678 2718 4732 sit
2740 4677 2823 4734 fas
2846 4686 3116 4735 temerare
3155 4679 3335 4735 divina
3361 4691 3414 4735 et
3454 4679 3759 4750 apostolica:

2185 4767 2330 4822 sedis
2355 4767 2620 4824 instituta.

2256 4857 2342 4910 65.
2389 4857 2540 4923 Quod
2563 4858 2807 4914 Romana
2837 4860 3079 4916 Ecclesia
3111 4875 3299 4917 omnes
3327 4861 3562 4916 instituit
3591 4861 3758 4915 eccle-

2185 4949 2432 5002 siasticas
2455 4949 2777 5019 dignitates;
2807 4961 2862 5005 et
2905 4953 2995 5021 qui
3020 4953 3069 5006 ei
3102 4969 3256 5007 suum
3285 4953 3626 5022 privilegium
3665 4966 3757 5004 au-

2179 5037 2323 5088 ferre
2349 5048 2600 5088 conatur.
2627 5040 2678 5088 in
2701 5041 2948 5088 hmmsim
2969 5041 3186 5088 labitur-
