4018 5330
179 333 274 392 489

1255 323 1640 381 COLLECTIO
1677 321 2042 380 CA'NONICA.
2081 349 2152 362 -
2189 317 2318 374 LIB.
2359 319 2422 374 ll.

3343 321 3450 378 430

239 445 324 502 66.
361 443 512 511 Quod
567 441 808 497 Romana
837 438 1080 496 Ecclesia
1111 439 1180 494 ab
1219 439 1337 510 ipso
1375 439 1606 496 Domino
1631 441 1744 512 pri-
1773 443 1824 502 Λ
1849 445 1980 492 natu
2012 437 2318 508 populoque
2347 435 2590 490 Romano
2635 433 2886 490 Carolum
2915 435 2968 490 in
2999 451 3180 509 regem
3209 437 3369 510 elegit
3395 449 3450 494 et

179 549 368 595 rnatum
407 535 662 600 obtinuit,
690 542 746 590 et
791 533 934 604 quod
987 532 1180 588 Petrus
1217 539 1272 588 et
1299 531 1506 588 Paulus
1526 549 1630 588 una
1663 533 1750 588 die

177 644 262 685 sua
291 641 404 684 eam
429 633 606 682 morte
633 631 1120 686 consecraverunt;
1157 631 1213 678 et
1243 624 1386 692 quod
1423 623 1536 692 ipsa
1576 623 1750 692 prima

177 719 320 774 sedes
339 726 440 782 est,
482 715 720 772 secunda
749 713 1138 778 Alexawlrina,
1187 713 1348 768 tertia
1387 713 1748 768 Antiochena.

239 812 320 866 67.
357 811 510 878 Quod
558 809 872 878 evangeliea
917 807 1244 862 auctoritate
1297 807 1472 876 prima
1507 806 1750 860 omnium

175 911 250 959 est
281 901 522 958 Romana
557 901 823 966 Ecclesia,
851 907 908 954 et
929 899 1074 969 quod
1103 899 1298 954 Petrus
1325 907 1380 954 et
1417 896 1616 952 Paulus
1646 911 1752 951 una

175 995 256 1048 die
279 992 476 1047 mortui
508 1001 654 1048 sunt.

235 1085 316 1140 68.
357 1085 510 1151 Quod
559 1086 808 1140 Romana
853 1083 1098 1140 Ecclesia
1151 1099 1258 1138 non
1325 1081 1604 1154 synodicis
1661 1079 1756 1134 sed

177 1179 490 1248 evangelicis
517 1177 782 1234 inStitutis
821 1178 1118 1247 primatum
1143 1175 1398 1232 obtinuit.

235 1269 318 1323 69.
355 1267 512 1334 Quod
539 1267 734 1322 Petrus
761 1275 816 1322 et
837 1267 1038 1322 Paulus
1059 1269 1312 1322 doctores
1335 1273 1460 1320 sunt
1489 1263 1752 1336 gentium,

173 1367 406 1412 auctores
445 1367 772 1426 martyrum,
807 1356 1084 1426 principes
1109 1355 1482 1410 sacerdotum.

235 1450 315 1503 70.
358 1449 516 1517 Quod
567 1463 726 1504 nemo
771 1457 952 1518 potest
993 1447 1256 1502 accedere
1293 1449 1360 1500 ad
1409 1445 1552 1500 beati
1603 1443 1754 1498 Pauli

171 1555 372 1612 corpus,
405 1539 498 1596 vel
525 1539 804 1596 sudarium
827 1537 1048 1608 cjns,dc
1069 1537 1222 1608 cujus
1254 1547 1446 1592 catena
1481 1535 1754 1592 interdum

173 1633 332 1688 limari
355 1643 562 1701 potest,
589 1631 860 1688 interdum
883 1631 1128 1686 minime.

231 1725 314 1778 τι.
356 1724 516 1792 Quod
543 1724 870 1800 auctoritate
913 1723 1230 1794 pontiﬁcum
1269 1733 1326 1778 et
1369 1731 1632 1792 potestate
1681 1737 1758 1776 te-

1857 529 2216 584 conﬁrmavit.

1927 622 2016 677 79.
2073 622 2150 676 De
2194 619 2388 676 Carolo
2441 635 2564 692 rege
2611 622 2664 676 in
2709 615 3010 678 Romanum
3063 622 3446 694 imperatorem

1855 713 2048 770 electo.
2405 697 2412 704 ’
2745 785 2762 792 ν

1925 807 2016 862 80.
2055 807 2233 875 Quod,
2289 815 2514 878 rogante
2563 805 2805 862 Adriano
2857 823 3014 876 papa,
3071 807 3296 864 Carolus
3355 824 3444 862 rex

1857 898 2194 954 Desidet-ium
2229 913 2408 970 regem
2433 899 2916 970 Langobardorum
2945 900 3108 970 cepit,
3146 911 3200 954 et
3227 903 3448 956 honori-

1859 989 1960 1044 ﬁce
1993 989 2134 1042 idem
2159 989 2346 1044 Roma:
2375 999 2660 1057 susceptus
2689 999 2793 1045 est.

1927 1079 2020 1136 8|.
2060 1077 2216 1146 Quod
2256 1079 2484 1136 Carolus
2525 1095 2620 1134 rex
2664 1093 2718 1134 et
2753 1081 3020 1150 patricius
3048 1081 3354 1150 provincias
3399 1089 3456 1136 et

1861 1170 2108 1226 civitates
2157 1184 2214 1226 et
2265 1179 2442 1226 castra
2503 1171 2714 1244 aliaque
2767 1171 2934 1228 multa
2962 1172 3217 1228 Ecclesia:
3265 1169 3454 1226 Sancti

1859 1261 2006 1316 Petri
2039 1261 2188 1318 dedit
2215 1277 2280 1316 ac
2310 1262 2570 1316 restituit.

1929 1357 2018 1412 82.
2053 1357 2204 1424 Quod
2235 1373 2357 1412 cum
2411 1372 2602 1428 magna
2649 1356 3060 1414 honoriﬁcentia
3105 1358 3260 1430 legati
3305 1355 3452 1415 sedis

1860 1452 2172 1522 apostolica:
2195 1451 2463 1522 dirigendi
2491 1463 2620 1508 sunt
2657 1453 2722 1506 ad
2751 1468 2949 1524 regem.

1927 1543 2016 1598 85.
2047 1543 2200 1610 Quod
2225 1542 2496 1598 Adrianus
2529 1557 2666 1613 papa
2697 1543 2900 1614 legatos
2945 1545 3117 1600 noluit
3145 1547 3450 1602 Constanti-

1861 1633 2098 1706 nopolim
2129 1634 2344 1690 mittere
2371 1633 2474 1690 nisi
2502 1635 2888 1706 imperator'et
2927 1637 3166 1706 Augusta
3192 1639 3271 1693 eis
3297 1653 3450 1692 seen-

1861 1727 2074 1780 ritatem
2101 1725 2382 1792 facerent;
2413 1735 2467 1780 et
2497 1741 2618 1797 qua:
2645 1727 2760 1780 sine
2795 1729 2908 1796 ipso
2953 1727 3093 1782 facta
3125 1738 3268 1794 sunt,
3302 1729 3450 1798 prius

171 1831 284 1885 gum
341 1816 580 1870 mundus
637 1817 880 1886 regitur,
927 1825 986 1870 et
1031 1815 1230 1886 regalis
1281 1823 1460 1870 tamen
1513 1821 1754 1886 potestas
1787 1799 1830 1858 Β
1859 1817 2417 1884 anathematizarunt;
2445 1827 2498 1872 et
2523 1833 2590 1873 ne
2615 1817 2934 1874 universalis
2958 1819 3168 1874 dicatur
3185 1819 3452 1876 Constan~

171 1905 392 1976 subjecta
421 1905 778 1974 pontiﬁcibus
807 1919 930 1960 esse
957 1905 1136 1960 debet.

232 1997 314 2052 Η.
351 1997 512 2064 Quod
563 1997 938 2052 sacerdotibus
991 1997 1346 2066 imperatores
1388 1996 1610 2050 obedire
1661 1995 1754 2050 de-

171 2089 304 2150 bent,
331 2103 436 2142 non
465 2087 684 2158 jubere.

231 2179 314 2232 73.
357 2179 434 2233 De
459 2177 776 2232 constantia
813 2193 964 2246 papte
1010 2177 1224 2249 Agapiti
1267 2185 1458 2232 contra
1491 2176 1752 2232 Justinia-

172 2285 282 2324 nam
307 2279 624 2339 augustum,
657 2283 818 2338 quem
854 2271 1070 2324 tandem
1115 2269 1182 2324 ad
1213 2269 1378 2338 pedes
1411 2283 1538 2324 suos
1579 2268 1756 2322 humi-

171 2359 324 2416 liavit.

231 2455 312 2508 ῑι.
353 2457 426 2508 De
448 2453 772 2508 obedientia
803 2463 858 2508 et
887 2453 1092 2508 honore
1119 2469 1276 2522 quem
1301 2451 1552 2508 Tiberius
1584 2451 1756 2520 impe-

171 2553 302 2600 rator
323 2544 580 2602 exhibuit
607 2559 778 2616 papae.
1571 2533 1580 2542 ’

233 2637 314 2690 75.
351 2637 512 2704 Quod
563 2635 984 2706 imperatoribus
1021 2635 1104 2692 las
1147 2651 1252 2691 non
1296 2645 1380 2691 est
1421 2635 1640 2690 curiose
1689 2633 1756 2690 de

174 2725 796 2794 qiritualibus-negotiis
827 2737 1006 2797 agere.

233 2817 314 2873 76.
346 2817 502 2886 Quod
565 2819 876 2889 Stephanus
925 2834 1062 2890 papa
1113 2819 1400 2890 Pippinum
1459 2821 1512 2872 in
1569 2833 1752 2888 regem

179 2912 428 2980 provexit.

229 3001 310 3054 Ti.
339 3001 416 3056 De
439 3001 752 3057 obedientia
779 3009 834 3057 et
863 3002 1168 3057 humilitate
1194 3018 1355 3074 quam
1383 3017 1472 3056 rex
1499 3001 1756 3072 Pippinus

173 3089 432 3160 Stephano
459 3109 620 3164 papa:
657 3095 922 3150 exhibuit.

230 3181 312 3240 78.
343 3187 498 3254 Quod
529 3201 672 3260 papa
694 3186 934 3244 Joamtes
965 3187 1074 3242 \‘lll
1103 3203 1226 3242 eum
1257 3187 1526 3257 episcopis
1570 3197 1626 3242 et
1673 3201 1760 3242 se-

1861 1911 2250 1982 tinOpoliIanus
2285 1913 2589 1982 episcopus.

1927 2004 2020 2058 84.
2053 2004 2122 2060 Ει
2161 2005 2382 2059 monitis
2431 2003 2746 2074 apostolicis
2793 2004 3100 2060 obedientia
3150 2005 3453 2076 praebeatur

1857 2097 1926 2152 ab
1955 2097 2234 2167 Augustis.

1935 2189 2023 2245 83.
2067 2189 2144 2244 De
2193 2198 2536 2246 sacramento
2583 2189 2724 2260 regis
2765 2191 2996 2246 Othonis
3041 2191 3184 2248 facto
3237 2193 3458 2250 domino

1857 2295 2008 2350 papa:
2035 2279 2252 2334 Joanni.

1921 2367 2018 2423 86.
2045 2367 2284 2438 Epistola
2324 2367 2550 2424 Joannis
2577 2385 2727 2442 papa:
2761 2371 2830 2425 ad
2869 2371 3248 2441 imperatorem
3284 2372 3455 2428 Justi-

1859 2459 2192 2526 nianum,'ct
2221 2460 2564 2530 imperatoris
2593 2465 2658 2516 ad
2699 2477 2892 2532 papam
2932 2463 2999 2518 de
3045 2463 3457 2522 conﬁrmatione

1860 2551 2144 2606 catholicae
2168 2552 2290 2610 ﬁdei
2319 2561 2510 2608 eontra
2537 2551 2814 2608 Judaicam
2853 2561 2910 2609 et
2949 2555 3302 2625 apostaticam
3329 2570 3455 2626 per-

1860 2643 2065 2698 ﬁdium.

1929 2735 2022 2790 87.
2073 2735 2152 2790 De
2200 2734 2538 2807 professione
2583 2735 2896 2802 Iustiniani,
2935 2739 3077 2808 quod
3123 2739 3356 2808 primum
3403 2747 3460 2794 et

1859 2829 2158 2884 maximum
2199 2829 2400 2884 bonum
2445 2838 2527 2884 est
2579 2829 2904 2885 Christiana:
2947 2831 3071 2910 ﬁdei
3122 2841 3274 2887 recta
3329 2845 3462 2888 con-

1861 2922 2050 2980 fessio.

1932 3018 2023 3073 88.
2077 3016 2231 3084 Quod
2277 3017 2639 3072 sacerdotium
2701 3025 2758 3072 et
2823 3017 3106 3088 imperium
3165 3019 3460 3076 humanam

1863 3112 2098 3168 maxime
2121 3113 2286 3166 vitam
2319 3119 2609 3175 exornant,
2635 3119 2688 3164 et
2717 3111 2782 3166 de
2807 3111 3069 3182 eligendis
3093 3114 3460 3184 ornandisque

1863 3204 2164 3274 episcopis,
2215 3213 2268 3257 et
2314 3203 2381 3256 de
2427 3203 2774 3260 damnatione
2823 3203 3146 3262 Simoniacae
3191 3207 3464 3278 perversi-

1865 3304 2016 3350 tatis.

1087 3464 1395 3542 CAPIT
1411 3464 1604 3542 ULA
1667 3465 1949 3542 LIBRI
1995 3461 2480 3552 SECUNDI,

881 3619 983 3684 Qui
1013 3631 1086 3676 εει
1112 3623 1174 3675 rlc
1197 3623 1426 3691 primum
1467 3623 1716 3678 Rantan
1741 3621 1992 3678 Ecclesiw
2017 3635 2066 3675 cI
2093 3621 2332 3674 libertate
2356 3617 2740 3690 appellationis.

235 3779 283 3834 1.
310 3778 380 3835 Ut
401 3777 708 3834 difﬁciliora
727 3777 930 3847 judicia
983 3781 1049 3836 ad
1085 3781 1397 3836 sacerdotes
1422 3781 1757 3836 deferantur.

233 3869 284 3924 2.
319 3871 386 3926 L't
411 3885 606 3925 animos
637 3883 760 3924 eam
795 3881 1092 3940 sequantur
1131 3871 1446 3940 religionem
1482 3885 1644 3941 quam
1675 3872 1758 3926 di-

176 3977 264 4017 vus
291 3964 486 4020 Petrus
518 3965 800 4036 apostolus
827 3965 1064 4020 edocuit.

237 4054 285 4108 5.
331 4055 402 4112 Ut
451 4055 816 4111 frustratoriae
845 4056 1123 4112 dilationis
1157 4071 1322 4111 causa
1372 4055 1761 4127 appellationes

177 4163 270 4203 non
310 4150 462 4206 fiant.

236 4241 284 4295 ι.
313 4242 383 4298 Ut
409 4240 742 4298 difﬁciliores
763 4257 939 4298 causzc
963 4253 1018 4298 et
1049 4241 1252 4312 majora
1283 4243 1494 4312 negotia
1539 4245 1604 4298 ad
1633 4257 1756 4314 apo-

177 4332 405 4388 stolicam
429 4335 642 4400 sedem,
671 4334 714 4388 si
747 4335 1072 4406 appellatum
1104 4335 1284 4400 fuerit,
1319 4335 1651 4392 deferantur.

239 4423 288 4479 5.
317 4428 390 4481 De
424 4427 619 4482 eadem
652 4443 732 4482 rc.

235 4518 280 4571 ϐ.
314 4518 468 4585 Quod
496 4519 564 4573 ad
589 4519 888 4574 Itonianam
917 4521 1218 4577 Ecclesium
1264 4523 1332 4577 ab
1367 4524 1619 4579 omnibus
1662 4539 1762 4595 op—

1943 3777 2026 3832 10.
2063 3776 2130 3831 Ut
2153 3775 2530 3846 appellationis
2563 3777 2800 3832 remedio
2827 3779 3014 3836 vitiata
3055 3797 3216 3839 causa
3253 3784 3460 3850 releve—

1871 3881 1976 3935 lnr,
2007 3871 2142 3925 etin
2179 3871 2442 3940 supplicio
2481 3870 2645 3924 etiam
2685 3871 2954 3929 destinato
3005 3891 3106 3932 vox
3153 3879 3458 3947 appellandi

1867 3983 1972 4024 non
1995 3977 2241 4036 negetur.

1941 4062 2030 4116 il.
2063 4059 2132 4115 Ut
2165 4061 2218 4115 in
2247 4061 2590 4131 gravioribus
2625 4063 2862 4135 episcopi
2915 4066 3109 4134 pulsati
3159 4069 3228 4122 ad
3277 4071 3458 4126 sedem

1868 4151 2219 4222 apostolicau.
2251 4153 2588 4220 confugiant,
2635 4171 2756 4225 qua}
2799 4171 2894 4225 per
2933 4171 2992 4212 se
3023 4173 3118 4212 aut
3147 4171 3273 4215 suos
3315 4163 3462 4216 vica-

1867 4243 1976 4297 rios
2003 4242 2278 4313 negotiLm
2302 4257 2488 4297 eorum
2519 4255 2815 4299 retractare
2843 4256 3097 4314 procuret

1939 4331 2026 4386 12.
2063 4331 2136 4394 ,111
2169 4332 2430 4402 primates
2461 4343 2774 4388 accusatum
2804 4336 3112 4404 episcopum
3142 4337 3456 4404 discutiant,

1867 4423 2191 4494 sententiam
2213 4438 2343 4478 vero
2365 4423 2728 4480 damnationis
2775 4426 2896 4480 sine
2935 4429 3228 4497 apostolica
3271 4441 3459 4486 aucto-

1871 4515 2032 4570 ritate
2062 4530 2166 4569 non
2193 4513 2497 4585 proferant.
3049 4527 3060 4532 '

180 4611 364 4674 pressis
393 4611 776 4681 appellandum
816 4623 922 4678 est,
959 4629 988 4668 a
1023 4629 1128 4684 qua
1179 4629 1368 4670 omnes
1398 4614 1630 4684 majores
1665 4617 1756 4674 Ec-

1939 4609 2027 4664 15.
2057 4607 2210 4676 Quod
2239 4609 2414 4664 dubia!
2461 4623 2526 4664 ac
2573 4625 2807 4680 majores
2845 4625 3023 4666 causa:
3061 4612 3128 4667 ab
3164 4615 3456 4684 apostolica

179 4699 341 4756 clesirc
364 4719 546 4760 causa:
577 4704 934 4762 terminanda:
971 4717 1118 4762 sunt.

243 4793 292 4848 7.
323 4795 478 4862 Quod
503 4810 700 4853 omnes
745 4797 942 4868 quibus
985 4817 1206 4856 necesse
1263 4801 1428 4856 fuerit
1456 4801 1522 4856 ad
1565 4801 1766 4857 Roma-

184 4899 290 4940 nam
317 4887 616 4944 Ecelesiam
658 4888 930 4961 suﬁ‘ugcre
971 4907 1200 4963 eamque
1243 4893 1516 4964 appellare
1566 4895 1764 4950 debent

183 4977 368 5049 absque
411 4981 820 5052 impedimento,
871 4994 926 5038 et
955 4984 1133 5040 nullus
1169 4987 1456 5057 epist-Opus
1490 4985 1764 5054 judicetur

183 5070 256 5124 Vel
283 5073 556 5140 audiatur,
605 5073 715 5128 nisi
763 5073 818 5128 in
865 5075 1072 5148 synodo
1097 5077 1390 5146 apostolica
1438 5079 1764 5134 auctoritate

185 5175 270 5190 ΛΑσι
281 5175 422 5190 ..δι-ιι.
434 5180 458 5190 Α

1869 4705 1994 4760 sede
2023 4703 2218 4758 debent
2245 4703 2544 4758 terminari.

1940 4795 2028 4849 tt.
2063 4794 2139 4850 De
2169 4795 2356 4850 eadem
2383 4809 2465 4850 re.

1941 4889 2028 4943 15.
2057 4887 2210 4955 Quod
2237 4889 2412 4944 alieno
2429 4901 2620 4944 errore
2645 4887 2966 4953 maculatus,
3021 4890 3102 4945 vel
3144 4907 3174 4946 a
3205 4907 3304 4948 suo
3337 4907 3462 4963 pro-

1867 4979 2044 5047 posito
2075 4981 2354 5042 recedens,
2383 4979 2468 5033 vel
2493 4979 2802 5046 apostolica:
2835 4979 2950 5036 sedi
2987 4980 3326 5051 inobediens,
3357 4999 3462 5038 non

1869 5081 1948 5126 est
1983 5071 2380 5140 suscipiendus.

1941 5165 2004 5190 ll!
2053 5163 2206 5188 n..-.l
2240 5164 2481 5188 0-..“...—
2528 5161 2768 5188 IP-.J--!-
2807 5165 2887 5188 ρ--
2917 5164 3074 5188 1.-ι.-.
3105 5168 3118 5182 ο
3179 5169 3314 5186 ιο--..
3341 5165 3374 5186 1:
3407 5162 3466 5186 ,ιιι
