4018 5330
531 304 629 362 491

1670 292 1729 353 S.
1768 292 2071 351 ANSELMI
2100 290 2440 353 LUCENSIS
2480 292 2793 355 EPISCO‘PI

3720 294 3821 351 499.

608 417 695 472 18.
729 415 881 486 Quod
904 408 1285 486 appellantium
1315 411 1693 482 episcoporum
1725 419 1780 466 et
1805 400 2124 467 Cunctorum
2154 418 2202 478 Α
2230 419 2410 482 potest
2438 413 2680 484 synodus
2725 411 3050 484 regulariter
3090 412 3436 486 congregari;
3476 426 3578 468 nec
3613 413 3821 484 episcoo

530 511 798 582 majorum
856 507 1074 578 negotia
1125 502 1438 576 apostolicm
1508 502 1624 558 sedi
1697 502 1899 559 debent
1964 516 2135 558 reser-

528 603 668 658 vari.
1099 581 1107 591 ⁸

601 694 691 751 19.
741 692 895 762 Quod
937 691 1145 747 alienus
1203 689 1335 744 sita
1384 687 1582 743 divinis
1624 696 1680 743 et
1728 686 2128 758 pontiﬁcalibus

534 786 747 855 ciliciis,
799 787 888 858 qui
929 782 1241 857 apostdlica:
1287 783 1432 838 sedis
1479 780 1710 836 noluerit
1737 781 1958 837 obedire
1994 795 2129 850 prte-

533 879 730 949 ceptis.
874 926 877 927 ν
1498 894 1506 899 ε

598 969 690 1024 20.
726 967 795 1025 Ut
821 966 999 1023 nullus
1041 963 1579 1037 metropolitanorum
1614 978 1810 1018 causas
1844 963 2128 1032 episcopo-

526 1072 650 1116 rum
689 1061 801 1117 sive
831 1060 1061 1116 aliorum
1092 1073 1255 1129 agere
1276 1064 1599 1127 praesumat,
1628 1055 1732 1111 nisi
1760 1069 1880 1126 qua:
1908 1054 1975 1108 ad
1998 1068 2125 1124 pro-

526 1151 701 1223 priam
740 1149 1015 1221 pertinent
1036 1147 1377 1220 parochiam.

604 1245 695 1298 2i.
727 1245 880 1313 Quod
906 1258 1045 1314 papa
1073 1241 1318 1298 omnium
1361 1238 1714 1296 ecclesiarum
1746 1252 1935 1294 curam
1967 1236 2127 1292 debet

522 1337 747 1402 habere,
770 1346 825 1389 et
860 1335 1005 1390 beati
1034 1333 1179 1389 Petri
1228 1333 1385 1388 sedes
1434 1329 1790 1386 sacerdotalis
1836 1336 2011 1385 mater
2041 1340 2127 1385 est

523 1427 829 1500 dignitatis,
855 1435 910 1482 et
946 1425 1204 1497 magistra
1234 1422 1618 1480 ecclesiasticae
1648 1419 1898 1476 rationis.

591 1520 685 1574 22.
711 1518 864 1587 Quod
892 1532 1030 1589 papa
1061 1516 1306 1573 restituit
1341 1515 1626 1586 episcopos
1676 1513 1878 1585 injuste
1922 1512 2125 1585 princi-

517 1628 648 1685 pum
682 1613 877 1668 timore
900 1611 1209 1677 damnatos,
1239 1616 1295 1667 et
1339 1608 1520 1664 omnia
1548 1622 1643 1663 sua
1676 1606 1826 1662 reddi
1856 1605 2116 1677 praecipit.

2234 518 2338 573 pus
2369 503 2462 574 qui
2490 520 2611 559 eam
2639 503 2946 574 appellavit,
2972 511 3148 574 potest
3168 504 3288 559 sine
3311 505 3423 575 ipsa
3446 500 3715 558 damnari.

2304 594 2394 648 40.
2434 594 2503 651 Ut
2552 610 2711 650 nemo
2759 595 3086 666 suspicionis
3135 595 3366 650 arbitrio
3410 595 3725 665 judicetur;
3769 604 3823 650 et

2234 691 2377 759 quod
2405 690 2521 746 sola
2554 692 2709 746 sedes
2736 692 3031 762 apostolica
3055 692 3397 764 privilegium
3430 693 3594 748 habet
3618 708 3649 747 a
3682 701 3819 747 tem-

2232 782 2456 850 poribus
2482 783 2851 853 apostolorum
2877 784 3158 854 judicandi
3190 785 3496 854 episcopos.

2303 874 2393 929 41.
2426 874 2580 941 Quod
2603 875 2670 930 ab
2698 874 2958 945 apostolis
2983 889 3173 931 eorum
3197 876 3607 930 successoribus
3646 880 3819 929 status

2235 973 2344 1019 tum
2375 975 2478 1031 est,
2510 974 2570 1020 ut
2597 966 2800 1036 absque
2830 966 3058 1022 Romani
3112 966 3388 1036 pontiﬁcis
3411 967 3688 1022 sententia
3711 981 3819 1023 nec

2231 1056 2462 1111 concilia
2510 1057 2878 1124 celebrentur,
2909 1072 3010 1113 nec
3055 1057 3296 1129 episcopi
3344 1058 3707 1124 dauuientur;
3764 1065 3820 1114 et

2230 1146 2372 1201 sicut
2400 1147 2594 1203 beatus
2636 1148 2832 1204 Petrus
2881 1149 3089 1219 primus
3134 1157 3256 1204 erat
3308 1149 3705 1220 apostolorum,
3740 1149 3819 1205 sic

2230 1238 2477 1294 Romana
2504 1240 2746 1298 Ecclesia
2769 1242 3064 1314 primatum
3083 1243 3247 1299 habet
3274 1240 3519 1298 omnium
3547 1241 3817 1298 Ecclesia-

2228 1343 2368 1385 rum.
3656 1372 3657 1375 η
3820 1376 3824 1385 .

2297 1419 2388 1473 42.
2413 1419 2567 1488 Quod
2616 1421 2875 1478 Romana:
2911 1424 3025 1480 sedi
3074 1438 3105 1479 a
3150 1433 3393 1496 tempore
3442 1423 3817 1495 apostolorum

2227 1527 2544 1570 concessum
2583 1525 2689 1583 est,
2722 1526 2777 1573 et
2809 1518 2862 1572 in
2893 1516 3114 1573 Nicena
3145 1519 3359 1591 synodo
3399 1519 3813 1583 conﬁrmatum,

2224 1613 2283 1660 ut
2314 1605 2521 1676 absque
2561 1604 2679 1671 eius
2708 1609 2975 1664 sententia
3003 1608 3184 1664 nullus
3213 1610 3500 1680 episcoaus
3521 1608 3817 1664 damnetur

586 1706 675 1761 23.
704 1700 856 1774 Quod
887 1703 1183 1774 apostolica
1234 1702 1393 1758 sedes
1443 1700 1512 1756 ab
1545 1700 1668 1757 aliis
1712 1699 1905 1772 ligatos
1942 1707 2122 1770 potest
2152 1771 2180 1774 ᾳ
2223 1703 2319 1748 aut
2350 1694 2673 1763 depellatur.

518 1795 756 1857 solvere,
782 1794 850 1849 ab
885 1794 976 1848 illa
1004 1809 1132 1849 vero
1161 1792 1354 1863 ligatos
1384 1807 1564 1848 nemo.

591 1887 682 1942 24.
733 1885 887 1954 Quod
929 1900 1064 1956 papa
1116 1888 1370 1955 reparare
1419 1891 1600 1955 potest
1638 1881 1844 1954 judicia
1891 1881 2117 1937 damna-

524 1987 730 2033 torum.
920 2000 925 2005 ι
1238 2000 1239 2003 η
1452 2044 1457 2047 ,
1502 2018 1507 2023 .
1747 2031 1751 2035 ,

589 2072 680 2127 25.
707 2072 862 2140 Quod
894 2069 1189 2142 apostolica
1238 2069 1394 2125 sedes
1430 2067 1536 2122 vim
1576 2067 1739 2122 habet
1784 2065 2114 2121 convocandi

519 2165 779 2238 synodos,
810 2172 863 2220 et
887 2163 1165 2233 judicandi
1199 2177 1388 2219 omnes
1417 2161 1650 2231 majores
1698 2158 1956 2215 Ecclesia:
1979 2172 2113 2213 cau-

516 2272 629 2313 $85.
1727 2279 1733 2285 ‘
2106 2302 2109 2305 .

574 2348 842 2417 26.‘Quod
870 2348 992 2406 ideo
1014 2346 1274 2404 Romana:
1309 2346 1423 2403 sedi
1448 2360 1707 2403 concessa
1737 2354 1861 2402 sunt
1894 2343 2111 2416 privile-

513 2438 602 2511 gia
655 2440 721 2496 de
765 2439 1159 2512 congregandis
1205 2438 1452 2496 conciliis
1499 2445 1555 2493 et
1596 2437 1816 2507 Judtciis
1856 2447 1913 2503 et
1956 2437 2113 2492 resti-

512 2531 1238 2605 tutionibusepiscoporum,
1285 2536 1360 2587 ut'
1384 2529 1634 2588 omnibus
1667 2529 1941 2600 oppressis
1989 2542 2112 2584 suc-

513 2634 722 2681 currat.
1368 2694 1371 2699 ,
1910 2646 1915 2651 -

578 2717 668 2774 27.
686 2717 852 2786 "Quod
878 2718 1079 2773 veritas
1106 2715 1302 2789 saepius
1330 2716 1602 2786 exagitata
1628 2712 1969 2769 manifestius
1999 2711 2109 2768 cla-

510 2811 699 2867 rescit.

577 2900 668 2955 28.
702 2899 775 2957 Ut
803 2900 871 2956 ad
899 2899 1255 2971 apoStolicam
1304 2898 1490 2953 sedem
1541 2865 1940 2952 transferantur
1986 2909 2108 2966 quae

511 2992 643 3049 alibi
673 2991 818 3048 ﬁniri
849 3007 956 3048 non
989 2999 1241 3063 possunt.

2296 1784 2380 1838 15.
2451 1784 2520 1841 Ut
2555 1801 2746 1843 omnes
2781 1789 3078 1846 observent
3116 1804 3258 1860 quou
3313 1788 3613 1860 apostolica
3658 1787 3815 1844 sedes

2220 1876 2492 1932 observat.

2286 1966 2378 2021 442
2399 1966 2467 2023 Ut
2497 1966 2704 2039 absque
2755 1971 3052 2039 apostolica
3104 1972 3234 2029 sede
3265 1988 3366 2029 nec
3393 1972 3692 2029 concilium
3721 1987 3812 2029 ce-

2218 2057 2480 2126 lebretur,
2507 2077 2607 2117 nec
2634 2062 2922 2134 episcopus
2937 2064 3248 2120 damnetur.
3810 2112 3817 2115 .

2285 2140 2375 2205 4³5.
2407 2149 2560 2217 Quod
2585 2166 2724 2224 papa
2761 2153 2937 2210 Julius
2976 2170 3070 2211 eos
3108 2156 3350 2227 increpat
3375 2157 3467 2227 qui
3495 2166 3698 2227 praeter
3728 2158 3811 2228 ip-

2218 2241 2332 2298 sius
2377 2244 2712 2299 sententiam
2767 2247 3058 2302 concilium
3110 2246 3374 2313 fecerant,
3414 2258 3471 2303 et
3522 2250 3812 2321 episcopos

2222 2328 2635 2403 damnaverant,
2667 2350 2805 2407 quos
2844 2336 2960 2407 ipse
2998 2338 3239 2409 suscepit
3266 2347 3320 2393 et
3368 2340 3423 2393 in
3460 2354 3591 2397 suas
3620 2339 3811 2395 Eccle-

2214 2422 2326 2479 sias
2345 2424 2603 2481 restituit.
3574 2450 3575 2453 ‘

2284 2515 2373 2570 46.
2415 2516 2571 2584 Quod
2599 2518 2812 2574 irritum
2838 2520 2908 2577 sit
2932 2522 3220 2578 concilium
3260 2523 3364 2578 nisi
3391 2523 3561 2579 fuerit
3587 2533 3813 2595 apostos

2214 2608 2302 2664 lici
2330 2611 2655 2666 auctoritate
2676 2611 2974 2682 ﬁrmatum.

2280 2698 2370 2753 47.
2403 2699 2557 2766 Quod
2612 2704 2924 2772 apostolica:
2981 2705 3097 2762 sedi
3154 2706 3437 2778 privilegia
3486 2707 3807 2779 specialiter

2211 2801 2337 2847 sunt
2368 2808 2629 2851 concessa
2671 2796 2738 2852 de
2763 2790 3164 2869 congregandis
3205 2799 3470 2866 conciliis,
3500 2809 3557 2854 et
3579 2801 3805 2871 judiciis

2209 2898 2274 2938 ac
2301 2885 2737 2942 restitutionibus
2761 2889 3175 2961 episcoporum,
3223 2900 3280 2946 et
3330 2891 3397 2946 de
3442 2892 3675 2948 summis
3704 2907 3803 2948 ne-

2208 2973 2369 3043 gotiis
2395 2974 2785 3032 Ecclesiarum.

577 3085 669 3142 29.
700 3084 765 3142 Ut
813 3087 880 3141 ad
918 3084 1269 3156 apostolicam
1316 3081 1499 3139 sedem
1548 3079 1836 3146 referatur,
1890 3079 1935 3135 si
1997 3094 2100 3150 qua

2276 3065 2366 3119 48.
2402 3066 2476 3122 Ut
2500 3067 2554 3122 in
2586 3069 2768 3125 causis
2805 3070 3184 3142 episcoporum
3216 3072 3488 3129 sententia
3525 3087 3685 3145 papae
3712 3089 3804 3129 ex-

507 3179 777 3238 dissensio
800 3180 946 3236 inter
967 3179 1168 3235 fratres
1198 3179 1425 3234 oriatur.

572 3270 663 3327 50.
691 3269 763 3325 Ut
791 3285 971 3325 causae
1018 3267 1370 3324 ecclesiarum
1419 3266 1487 3321 ab
1529 3263 1796 3334 episcopis
1833 3260 2104 3317 ventilatte

501 3363 926 3420 corroborentur
951 3361 1021 3417 ab
1044 3357 1340 3431 apostolica
1374 3357 1519 3421 sede,
1550 3354 1594 3410 si
1639 3361 1771 3409 ratae
1814 3350 2102 3409 debuerint

502 3468 850 3524 permanere.

571 3547 661 3601 51.
695 3546 766 3602 Ut
805 3544 1055 3617 purgatio
1082 3543 1460 3615 episcoporum
1511 3552 1619 3593 non
1669 3536 1762 3591 ﬁat
1810 3536 1927 3590 sine
1972 3548 2102 3589 con-

502 3646 669 3695 Sensu
700 3636 930 3692 Romani
957 3635 1230 3706 pontiﬁcis
1260 3632 1343 3689 vel
1368 3632 1595 3686 aliorum
1620 3626 1957 3698 pontiﬁcum.

574 3728 666 3784 52.
695 3727 850 3795 Quod
877 3743 1015 3798 papa
1045 3728 1258 3782 decreta
1294 3736 1563 3777 canonum
1596 3720 1671 3773 ita
1694 3718 1892 3773 librare
1920 3714 2093 3777 debet,

500 3828 566 3874 ut
612 3833 734 3888 quae
780 3818 1081 3874 necessitas
1132 3826 1437 3887 temporum
1483 3810 1779 3868 relaxanda
1830 3808 2096 3874 exnoscit,

503 3917 771 3978 temperet
799 3916 1058 3978 quantum
1081 3905 1198 3960 ﬁeri
1231 3911 1428 3974 potest.
1742 3948 1745 3949 ν

574 4001 646 4058 '53
692 4000 889 4057 Utriec
931 3998 1220 4055 concilium
1264 3996 1572 4051 nominetur
1607 3995 1752 4065 quod
1801 3992 1920 4048 sine
1968 4005 2100 4046 con-

507 4110 670 4153 sensu
694 4111 846 4167 papae
894 4101 1281 4165 congregatum
1330 4088 1513 4156 fuerit,
1562 4095 1616 4143 et
1650 4096 1710 4142 ut
1750 4084 2097 4143 diﬁicilliores

501 4189 832 4260 quaestiones
862 4187 930 4242 ad
961 4189 1134 4257 ipsum
1162 4182 1486 4239 referantur.

569 4281 660 4336 54.
692 4279 846 4347 Quod
875 4277 1186 4348 apostolicae
1213 4275 1325 4330 sedi
1350 4286 1684 4330 summarum
1713 4267 2095 4339 dispositiones

500 4388 793 4429 causarum
818 4370 886 4426 ab
909 4370 1025 4440 ipso
1050 4367 1277 4423 Domino
1308 4364 1517 4420 traditae
1545 4369 1702 4427 sunt;
1738 4369 1794 4415 ct
1826 4367 1884 4414 ut
1909 4372 2093 4414 sacer-

500 4464 657 4520 dotes
684 4479 790 4519 non
818 4470 1147 4518 aceusentur
1172 4457 1311 4529 apud
1336 4455 1581 4526 publicos
1609 4453 1842 4523 judices.

572 4554 666 4609 55.
695 4553 769 4610 Ut
800 4553 1181 4624 episcoporum
1205 4548 1408 4603 ﬁnitiva
1447 4545 1649 4616 judicia
1678 4547 1745 4600 ad
1766 4545 1947 4599 sedem
1977 4541 2090 4596 Ilo-

498 4661 717 4703 manam
744 4644 1069 4711 referantur,
1113 4649 1170 4699 et
1220 4642 1271 4696 in
1312 4637 1566 4696 ecclesiis
1608 4652 1795 4693 eorum
1842 4650 1951 4690 non
1999 4632 2091 4688 alii

498 4746 887 4810 prrcponantur
912 4738 1085 4794 donec
1116 4733 1330 4807 negotia
1370 4745 1558 4788 eorum
1594 4730 1740 4801 juste
1786 4728 1860 4782 ibi
1909 4725 2091 4782 terrui-

498 4839 722 4887 nentur.

2208 3166 2500 3227 spectetur.

2274 3250 2363 3307 49.
2391 3249 2542 3318 Quod
2556 3253 2795 3325 episcopi
2824 3256 2891 3311 ab
2915 3256 3210 3326 apostolica
3235 3258 3362 3313 sede
3394 3258 3798 3326 ordinationes,

2205 3341 2480 3411 dogmata,
2505 3345 2908 3401 sublevationes
2945 3348 3143 3402 debent
3183 3349 3447 3420 recipere,
3480 3358 3537 3405 et
3584 3352 3653 3406 de
3685 3367 3803 3406 ma-

2197 3432 2405 3503 joribus
2436 3437 2613 3493 causis
2642 3437 2776 3492 nihil
2805 3448 3003 3509 printer
3031 3439 3203 3510 ipsam
3234 3440 3547 3496 decernere.

2275 3526 2364 3593 50.
2397 3526 2466 3582 Ut
2492 3530 2859 3598 apostolicam
2900 3532 3084 3585 sedem
3122 3531 3354 3601 appellet
3384 3533 3475 3602 qui
3519 3541 3800 3606 metropo-

2203 3618 2426 3674 litanum
2485 3637 2640 3676 suum
2672 3622 2754 3677 vel
2780 3632 3006 3679 caeteros
3059 3624 3344 3693 episcopos
3410 3624 3576 3680 habet
3607 3640 3799 3696 suspe-

2201 3720 2407 3779 ctos,et
2427 3714 2569 3783 quod
2601 3713 2714 3784 ipsa
2745 3722 3074 3785 potestatem
3101 3716 3262 3771 habet
3288 3716 3485 3785 injuste
3507 3717 3797 3774 damnatos

2200 3812 2255 3858 et
2285 3804 2784 3860 excommunicatos
2810 3806 3121 3873 restituere,
3165 3816 3220 3862 et
3257 3823 3353 3861 sua
3407 3807 3489 3862 eis
3537 3808 3792 3877 reddere,

2156 3963 2161 3969 η
2200 3897 2329 3967 quia
2355 3905 2518 3965 caput
2548 3906 2633 3952 est
2654 3897 2900 3952 omnium
2927 3898 3322 3956 Ecclesiarum.

2269 3988 2359 4043 51.
2412 3988 2479 4044 Ut
2525 3998 2876 4047 accusatores
2911 4000 2967 4047 et
2996 3993 3236 4049 accusati
3294 3992 3535 4064 episcopi
3598 4008 3793 4053 coram

2197 4091 2335 4148 papa
2365 4079 2713 4147 conveniant,
2765 4088 2821 4136 et
2862 4081 2933 4135 ibi
2964 4097 3144 4137 causae
3174 4096 3362 4136 eorum
3397 4091 3789 4150 retractentur,

2197 4179 2253 4226 ct
2283 4169 2568 4226 ﬁrmentur
2595 4181 2688 4227 aut
2715 4171 3080 4240 inﬁrmentur,
3112 4174 3254 4229 sicut
3277 4173 3518 4244 antiquis
3555 4190 3793 4231 consue-

2198 4270 2312 4318 tum
2335 4272 2418 4319 est
2458 4264 2680 4335 regulis.

2267 4355 2356 4411 52.
2387 4355 2455 4411 Ut
2484 4359 2867 4415 contentiones
2895 4359 3036 4414 inter
3063 4359 3291 4415 clericos
3316 4368 3369 4413 et
3394 4357 3562 4413 laicos
3587 4374 3620 4413 a
3639 4373 3790 4415 com-

2121 4462 2173 4523 Ι)
2197 4449 2622 4519 provincialibus
2661 4453 2934 4523 episcOpis
2968 4452 3354 4519 terminentur,
3388 4450 3627 4520 majores
3655 4465 3785 4507 vero

2195 4541 2261 4595 ad
2288 4542 2470 4598 sedem
2494 4541 2797 4599 Romanam
2831 4543 3246 4600 transferantur.

2261 4631 2351 4688 5'5.
2390 4633 2527 4689 Dum
2578 4635 2631 4690 in
2664 4635 2789 4692 ﬁdei
2828 4626 3042 4694 ratione
3083 4637 3380 4702 dubitatur,
3426 4634 3631 4691 debent
3665 4633 3783 4705 epi-

2188 4725 2340 4797 scopi
2384 4726 2451 4781 ad
2482 4727 2665 4782 sedem
2693 4729 2832 4784 beati
2852 4726 2999 4783 Petri
3030 4729 3132 4783 hoc
3163 4727 3387 4782 referre.

2260 4820 2351 4875 54.
2383 4819 2535 4887 Quod
2557 4835 2693 4889 papa
2721 4834 2825 4873 non
2850 4834 2945 4888 per
2969 4833 3027 4873 se
3049 4819 3143 4875 sed
3171 4833 3267 4888 per
3296 4817 3505 4885 legatos
3533 4814 3779 4871 conciliis

570 4921 660 4976 56.
698 4919 769 4977 Ut
793 4926 1078 4976 accusatus
1103 4917 1387 4988 episcopus
1409 4912 1587 4967 alieno
1621 4905 1805 4981 judice
1834 4922 1939 4963 non
1966 4921 2091 4962 con-
2188 4910 2616 4982 provincialibus
2644 4909 2781 4965 solet
2805 4908 3088 4964 interesse.

499 5015 815 5085 stringatur,
838 5011 935 5068 scd
975 5010 1116 5081 apud
1157 5025 1286 5064 suos
1326 5007 1611 5077 episcopos
1654 5019 1818 5059 causa
1839 5001 1955 5070 ejus
1982 5001 2089 5055 dis-

2262 5003 2353 5058 55.
2378 5002 2531 5070 Quod
2554 5002 2619 5057 de
2640 5001 2842 5070 judicio
2867 5000 3010 5056 sedis
3038 4998 3350 5069 apostolica:
3379 4996 3558 5052 nullus
3581 4995 3778 5052 debeat

497 5113 773 5172 cernatur,
822 5102 947 5159 ﬁnis
992 5116 1125 5167 vero
1195 5099 1264 5155 ad
1314 5096 1665 5168 apostolicam
1713 5093 1895 5150 sedem
1943 5088 2089 5146 defe-
2183 5095 2447 5164 judicare,
2479 5095 2594 5165 ipsa
2623 5094 2833 5149 verodc
2858 5086 3139 5148 omnibus

2263 5186 2327 5200 un
2382 5185 2425 5200 ι’*
2507 5187 2517 5197 ν
2638 5186 2648 5197 ο
2712 5186 2723 5199 ο
2788 5185 2817 5200 II
2860 5185 2872 5196 ο
3090 5185 3100 5196 η
3182 5183 3193 5194 ⁸
3236 5182 3267 5200 1⁸
3330 5198 3355 5199 η
3404 5197 3415 5200 -
3465 5182 3499 5200 ⁸-
3523 5196 3567 5200 --
3624 5195 3767 5200 -k.-_-
