4018 5330
291 249 390 304 493

290 462 514 516 ﬁniatur.

352 555 438 608 59.
467 551 622 619 Quod
653 551 1066 622 metropolitano
1089 565 1208 605 cum
1231 551 1481 606 omnibus
1504 552 1843 620 comprovin-

285 643 498 700 cialibus
529 641 796 710 episcopis
817 656 1056 696 summas
1077 641 1476 696 ecclesiasticas
1501 657 1699 696 causas
1719 641 1844 696 licet

285 737 572 794 discutere,
614 733 706 786 sed
753 747 856 786 non
897 731 1147 796 deﬁnire,
1199 745 1298 786 nec
1333 731 1644 800 episcopum
1691 731 1842 784 dam-

283 840 424 891 nare,
469 839 569 879 nec
605 824 868 895 synodum
909 838 1236 894 congregare
1281 825 1486 894 absque
1533 824 1842 894 apostolica:

281 915 412 968 sedis
443 915 782 968 auctoritate.

343 1005 426 1060 60.
457 1003 608 1071 Quod
641 1015 842 1060 statuta
879 1003 1143 1073 majorum
1173 1001 1320 1060 nullo
1358 1005 1518 1060 modo
1545 1006 1652 1060 sint
1673 1003 1844 1074 negli-

279 1097 457 1166 genda,
487 1113 586 1152 nec
627 1097 931 1166 usurpanda
958 1113 1078 1166 qua:
1105 1113 1212 1151 non
1237 1105 1365 1150 sunt
1393 1111 1704 1152 concessa..

344 1187 424 1240 61.
453 1185 608 1254 Quod
663 1185 904 1256 episcopi
955 1201 1060 1240 non
1106 1186 1317 1255 possint
1363 1185 1684 1256 regulariter
1715 1199 1842 1255 syn-

276 1280 423 1334 odum
449 1293 780 1349 congregare
811 1287 1010 1348 prater
1035 1279 1388 1347 apostolicam
1420 1277 1625 1333 sedem.
1721 1271 1726 1278 ’

337 1369 418 1422 63.
448 1368 520 1424 Ut
545 1368 808 1436 judicium
834 1379 1146 1434 renovetur,
1173 1369 1219 1424 si
1249 1367 1494 1424 Roniana
1515 1367 1840 1438 judicaverit

277 1459 498 1513 Ecclesia
527 1459 916 1514 renovandum.
1667 1527 1672 1532 _

335 1547 418 1603 63.
453 1548 614 1603 Sicut
653 1549 798 1602 inter
821 1549 1099 1619 apostolos
1125 1549 1224 1604 fuit
1250 1549 1506 1606 discretio
1535 1549 1836 1620 potestatis,

274 1650 480 1703 utunus
521 1642 648 1696 aliis
687 1645 1086 1712 prmemineret,
1110 1645 1186 1699 sic
1217 1645 1358 1698 inter
1383 1645 1666 1714 episc0pos
1694 1645 1842 1699 ordi-

1368 248 1676 304 COLLECT
1681 249 1746 306 10
1774 249 2222 308 C;\NO.\iC.-\.—
2252 249 2376 306 ΜΒ.
2419 252 2498 306 Ill.

291 369 478 424 nullam
515 367 729 424 interim
777 365 1078 422 molestiam
1109 367 1405 436 patiantur,
1443 367 1616 424 donec
1651 368 1724 422 ibi
1755 383 1844 424 res
1871 371 1918 426 Α

3417 262 3521 316 496

2017 370 2102 424 70.
2141 369 2206 424 lit
2233 373 2522 425 anathema
2544 371 2612 426 sit
2639 373 2946 444 quicunque
2961 383 3152 430 contra
3181 391 3372 446 papam
3397 394 3522 433 ver-

1945 459 2012 514 ba
2047 459 2366 515 inl‘amantia
2398 465 2782 532 composuerit,
2808 475 2902 518 aut
2926 479 3255 534 quemquam
3289 469 3519 538 patriar-

1943 549 2166 606 charum
2198 553 2522 608 inltonorare
2550 557 2852 610 tentaverit.

2013 641 2098 692 7t.
2134 639 2286 708 Quod
2307 642 2600 710 apostolica
2629 645 2784 699 sedes
2810 645 2948 698 intra
2979 645 3182 701 Italiam
3209 663 3271 703 ac
3295 659 3517 704 cmteras

1943 723 2219 796 Hispania:
2255 730 2588 798 provincias,
2631 741 2685 786 et
2717 733 2856 786 intra
2885 733 3047 786 totius
3102 735 3298 806 Illyrici
3359 736 3513 802 lines,

1941 819 2399 884 consecrationcs,
2431 819 2798 876 ordinationes
2829 831 2876 876 et
2909 821 3274 892 depositiones
3297 835 3516 894 patrare

1941 909 2244 978 antiquitus
2273 910 2572 964 consuevit.

2015 997 2100 1049 72.
2128 997 2280 1063 Quod
2321 1015 2454 1068 papa
2503 999 2836 1056 ordinaverit
2881 1001 3251 1058 Ravennatem
3305 1006 3516 1074 episco-

1940 1102 2098 1158 pum;
2135 1089 2278 1144 etde
2295 1089 2602 1145 obedientia
2649 1091 3062 1148 Mediolanensis
3105 1096 3513 1168 arclticpisc0pi,

1938 1185 1994 1234 et
2017 1177 2084 1232 de
2111 1179 2519 1234 consecratione
2551 1178 2852 1236 Ticineusis
2883 1185 3164 1239 antistitis.

2009 1267 2098 1322 75.
2131 1267 2200 1322 Ut
2241 1283 2286 1324 St
2306 1269 2427 1338 quis
2459 1270 2790 1340 epiSCOpusa
2815 1275 3363 1342 comprovincialibus
3401 1284 3514 1348 epi-

1941 1359 2118 1428 scopis
2158 1359 2572 1425 condemnatur,
2602 1361 2740 1416 alius
2765 1363 2818 1418 in
2851 1364 2965 1431 ejus
2994 1365 3113 1422 loco
3162 1385 3266 1424 non
3301 1373 3515 1428 ordine-

1940 1459 2046 1514 tur,
2072 1450 2198 1504 dum
2227 1447 2579 1520 apostolicam
2633 1455 2815 1510 sedem
2848 1457 3100 1528 appellat,
3155 1461 3260 1514 nisi
3301 1463 3368 1517 ab
3399 1464 3514 1534 ipsa

1937 1539 2346 1594 determinetur.

2009 1630 2098 1687 74.
2121 1631 2273 1700 Quod
2302 1633 2544 1704 quaedam
2573 1646 2698 1690 sunt
2723 1653 2842 1708 qua:
2880 1641 3022 1695 nulla
3051 1643 3261 1698 ratione
3281 1647 3514 1702 convelli

271 1743 440 1785 natum
467 1741 552 1787 est
603 1741 662 1786 ut
716 1733 942 1804 singulis
999 1735 1294 1803 provinciis
1345 1713 1539 1803 singuli
1573 1713 1834 1804 praesint,
1871 1713 1910 1772 Β
1939 1730 2182 1790 Possm":
2223 1724 2468 1793 quamam
2515 1738 2641 1778 "ero
2681 1741 2780 1796 Ρτο
2831 1731 3154 1786 ηθοοεεῖιθιθ
3197 1743 3248 1788 el
3291 1744 3508 1789 amilum

269 1821 449 1890 quibus
475 1831 662 1877 tamen
686 1825 938 1878 omnibus
965 1825 1207 1880 Romana
1245 1833 1438 1894 praeest
1465 1825 1728 1880 Ecclesia.

329 1913 410 1966 6-5.
443 1915 517 1968 De
545 1914 854 1969 invectione
881 1923 1070 1970 contra
1115 1915 1434 1970 Remensem
1464 1915 1836 1984 archiepisco-

270 2020 384 2072 pum
415 2019 516 2073 pro
541 2005 824 2062 [lotliardo
846 2007 1122 2077 episcopo,
1145 2023 1304 2078 quem
1337 2009 1450 2077 ipse
1477 2007 1834 2078 appellantem

268 2097 608 2165 apostolicam
641 2099 824 2154 sedem
853 2101 1147 2155 damnavit.

328 2189 410 2242 65.
433 2191 590 2255 Quod
629 2205 790 2244 nemo
829 2200 1006 2260 potest
1059 2193 1128 2248 ab
1183 2191 1268 2246 bis
1289 2191 1378 2262 qui
1407 2189 1682 2247 inferioris
1710 2201 1838 2248 sunt

269 2279 528 2348 dignitatis
573 2281 658 2334 vel
686 2281 894 2335 ordinis
909 2280 1162 2350 judicari.
1329 2331 1332 2334 .
1575 2348 1582 2354 .

327 2367 408 2422 66.
440 2369 598 2435 Quod
635 2368 1232 2440 Constantinopolitano
1273 2371 1532 2436 Ecclesia,
1584 2371 1728 2427 sicut
1781 2379 1836 2427 et

266 2467 456 2514 eadem
477 2475 696 2523 omnes,
731 2460 989 2514 Romana:
1015 2461 1126 2516 sedi
1170 2462 1328 2516 debet
1353 2473 1472 2514 esse
1499 2461 1760 2530 subjecta.

327 2549 406 2602 67.
457 2549 619 2617 Quod
661 2551 948 2620 quisquam
979 2549 1194 2605 sibimet
1241 2565 1344 2604 non
1389 2560 1631 2605 assumat
1663 2551 1832 2606 honu-

269 2657 388 2708 rem,
409 2643 556 2700 sicut.
581 2653 635 2698 et
663 2641 911 2698 Christus
939 2657 998 2699 se
1032 2643 1206 2714 ipsum
1233 2658 1340 2698 non
1389 2641 1704 2696 clariﬁcavit
1737 2641 1834 2697 sed

266 2731 426 2788 Pater.

328 2827 406 2882 68.
441 2825 602 2894 Quod
641 2824 804 2880 etiam
837 2821 1110 2880 inferioris
1138 2823 1337 2893 gradus
1357 2821 1678 2877 clericorum
1707 2837 1834 2876 cau-

265 2929 330 2968 sa:
349 2915 478 2984 apud
505 2916 698 2970 sedem
723 2915 1073 2984 apostolicam
1095 2911 1507 2976 suntfmiendzc,
1537 2911 1662 2966 dum
1691 2919 1832 2966 tem-

267 3021 352 3073 pus
376 3017 466 3060 aut
491 3021 586 3061 res
612 3006 874 3077 exegerit.

324 3099 402 3154 69.
427 3099 586 3166 Quod
633 3097 945 3169 apostolicae
968 3097 1112 3153 sedis
1153 3095 1420 3153 sententia
1445 3093 1579 3151 tanti
1620 3093 1832 3152 consilii

263 3191 640 3249 deliberatione
701 3193 862 3247 debet
909 3191 1162 3261 proferri,
1209 3201 1398 3246 utnec
1437 3190 1830 3246 retractatione

265 3299 350 3336 nec
370 3285 743 3340 immutatione
773 3291 950 3355 egeat,
1007 3281 1112 3338 nisi
1155 3281 1231 3339 sic
1269 3281 1479 3350 prolata
1529 3281 1602 3334 sit
1649 3287 1708 3332 ut
1745 3293 1829 3332 re-

265 3377 468 3431 tractari
499 3375 700 3447 possit.

1937 1814 2370 1869 consideratione
2433 1825 2650 1883 oportet
2691 1821 3000 1888 temperari,
3065 1833 3124 1877 ut
3186 1826 3512 1896 evangelicis

1935 1907 2224 1976 przeceptis
2249 1923 2313 1963 ac
2343 1908 2576 1966 decretis
2599 1908 2952 1966 Patrum'non
2984 1915 3052 1968 sit
3083 1919 3437 1973 contrarium.

2005 1997 2093 2051 75.
2124 1996 2276 2066 Quod
2299 1997 2528 2056 Nicmna:
2549 2006 2756 2074 synodo
2793 2004 2996 2060 nullum
3029 2010 3204 2076 potuit
3229 2011 3341 2064 fieri
3369 2027 3510 2080 pr.c-

1928 2085 2194 2154 judicium
2231 2105 2262 2144 a
2299 2091 2641 2148 multitudine
2685 2089 2914 2148 Arimini
2967 2109 3320 2168 congregata.
3384 2103 3510 2170 quia

1935 2176 2174 2231 Romana
2200 2177 2441 2234 Ecclesia
2471 2181 2674 2236 nullum
2694 2183 2742 2236 ei
2774 2183 2920 2238 dedit
2945 2199 3246 2242 assensum.

2003 2267 2091 2320 76.
2120 2269 2270 2334 Quod
2302 2271 2537 2340 episcopi
2562 2272 2762 2326 debent
2791 2269 3078 2332 observare
3248 2295 3278 2334 a
3309 2281 3506 2337 Roma-

1934 2375 2002 2415 na
2031 2359 2270 2414 Ecclesia
2299 2371 2428 2414 sunt
2449 2361 2712 2429 judicata.

2002 2451 2090 2502 77.
2123 2449 2272 2516 Quod
2297 2452 2536 2506 accusati
2558 2453 2792 2522 episcopi
2833 2465 2925 2508 aut
2953 2458 3346 2516 condemnandi
3379 2473 3506 2518 sunt

1933 2541 2226 2612 apostolica
2253 2543 2598 2608 auctoritate,
2627 2552 2718 2598 aut
2739 2545 2857 2616 ejus
2880 2547 3082 2603 auxilio
3109 2548 3386 2607 fulciendi.

2005 2633 2090 2686 73.
2121 2631 2274 2698 Quod
2307 2649 2464 2688 nemo
2515 2645 2714 2704 praeter
2736 2639 3084 2706 apostolicam
3131 2645 3508 2702 auctoritatem

1933 2723 2090 2780 debet
2111 2723 2423 2796 episcopum
2450 2725 2730 2786 damnare.

2004 2817 2092 2872 79.
2121 2816 2192 2872 Ut
2239 2827 2530 2874 accusatus
2577 2819 2660 2875 vel
2681 2819 2954 2889 judicatus
2988 2840 3017 2878 a
3043 2827 3514 2897 comprovinciali-

1932 2910 2032 2964 bus
2060 2907 2328 2979 episcopis
2359 2907 2586 2966 licenter
2611 2927 2804 2982 papam
2835 2915 3084 2986 appellet,
3127 2921 3218 2988 qui
3245 2920 3360 2990 ejus
3380 2937 3509 2974 cau-

1937 3017 2054 3056 sam
2085 3010 2369 3069 retractet,
2395 3011 2448 3058 et
2479 3002 2534 3056 in
2563 3003 2680 3060 loco
2703 3005 2820 3076 ejus
2858 3007 3076 3063 interim
3115 3009 3252 3064 alius
3279 3027 3384 3068 non
3416 3027 3507 3066 or-

1935 3093 2170 3148 dinetur.

2006 3185 2092 3238 80.
2121 3185 2273 3252 Quod
2310 3185 2544 3254 pulsato,
2589 3187 2632 3241 si
2669 3186 2909 3258 judicent
2961 3199 3268 3262 SUSpectum
3309 3192 3514 3250 habue-

1935 3277 2030 3344 rit,
2063 3277 2224 3332 liccat
2250 3277 2540 3346 appellare.

1201 3547 1718 3630 CAPITULA
1776 3545 2056 3624 LIBRI
2135 3540 2535 3630 TERTII,

927 3645 946 3673 ι

326 3873 370 3926 1.
391 3864 882 3939 Quod-homicidze,
910 3860 1160 3925 adulteri,
1194 3869 1248 3916 et
1270 3861 1483 3915 cunctis
1511 3856 1828 3914 criminibus

263 3963 467 4033 alligati,
499 3970 558 4017 et
586 3960 816 4014 infames
843 3995 858 4021 ,
901 3962 1063 4022 atque
1111 3952 1236 4006 laici
1294 3961 1350 4006 et
1391 3951 1701 4020 quicunque
1738 3963 1830 4004 co-

261 4054 475 4122 aequales
502 4066 614 4106 non
643 4057 788 4105 sunt.
815 4046 1094 4116 episcopos
1114 4057 1372 4098 accusare
1397 4053 1451 4097 et
1480 4055 1676 4096 vexare
1719 4055 1826 4095 non

263 4145 459 4200 debent.

317 4235 366 4287 9..
397 4233 552 4301 Quod
597 4231 828 4287 infames
867 4237 992 4283 sunt
1046 4226 1136 4296 qui
1189 4225 1456 4280 adversus
1495 4221 1686 4276 Patres
1731 4235 1827 4276 ar-

1049 3703 1150 3772 Qui
1177 3715 1248 3760 est
1283 3703 1346 3759 de
1374 3704 1556 3758 ordine
1585 3699 1892 3764 accusandi,
1924 3697 2255 3767 testiﬁcandi,
2284 3705 2332 3749 et
2345 3693 2626 3764 jndicandi

2005 3855 2060 3908 8.
2102 3853 2176 3908 De
2225 3853 2310 3908 his
2361 3852 2452 3922 qui
2503 3847 2810 3921 suscipendi
2859 3867 2964 3908 non
2996 3861 3143 3922 sunt,
3180 3863 3236 3912 et
3281 3857 3510 3916 infames

1934 3952 2242 3999 censentur.

1951 4087 1954 4090 .
2003 4031 2055 4086 9.
2093 4029 2162 4086 Ut
2191 4031 2282 4101 qui
2329 4045 2442 4085 sua:
2479 4029 2611 4098 legis
2649 4031 2732 4086 vel
2779 4031 3051 4103 religionis
3087 4051 3330 4092 normam
3379 4041 3507 4095 relic

1930 4123 2131 4192 querit,
2167 4130 2262 4176 aut
2290 4131 2435 4176 recte
2465 4122 2732 4191 prohibita
2759 4123 3074 4194 neglexerit,
3109 4127 3174 4180 ad
3206 4132 3503 4186 accusatio-

1929 4227 2052 4267 nem
2085 4227 2190 4266 nou
2217 4211 2552 4266 admittatur.

263 4299 478 4390 tuantur,
508 4333 570 4379 et
613 4319 928 4376 sacerdotes
961 4317 1044 4372 vel
1090 4315 1348 4372 ecclesias
1382 4313 1716 4369 conculcant.
1759 4310 1826 4366 Hi
1855 4304 1905 4364 Ι)
2001 4299 2086 4354 10-
2136 4301 2290 4368 Ουοά
2350 4299 2645 4354 deteriores
2711 4307 2838 4354 ειωι
2888 4315 3098 4356 morum
3159 4315 3504 4375 COI‘I‘UPIOI'es

263 4416 522 4486 cpisc0pos
559 4425 821 4469 accusare
846 4425 950 4464 non
981 4416 1223 4478 possunt.
1257 4461 1262 4466 ,
1475 4463 1478 4466 .

321 4507 366 4559 3.
399 4507 500 4574 Qui
554 4522 583 4560 a
619 4503 897 4575 proposito
944 4515 1044 4555 suo
1083 4498 1362 4564 ceciderit,
1409 4503 1466 4552 et
1519 4491 1826 4564 apostolicis

261 4597 406 4666 jussis
435 4611 544 4652 non
573 4593 862 4656 obedierit,
896 4589 1114 4644 infamis
1143 4597 1246 4644 est.

321 4689 374 4740 ι.
407 4685 760 4742 Enumeratio
811 4698 1000 4738 earum
1047 4680 1328 4750 culparum
1365 4678 1563 4750 quibus
1596 4673 1825 4730 infames

265 4787 519 4832 notantur.

1929 4405 2090 4462 quam
2122 4406 2302 4447 rerum
2333 4398 2598 4459 raptores.

2001 4487 2089 4539 Η.
2147 4483 2301 4550 Quod
2355 4493 2700 4538 accusatores
2753 4485 3094 4540 sacerdotum
3151 4503 3256 4541 non
3307 4489 3506 4547 debent

1929 4575 2126 4641 audiri,
2181 4573 2284 4630 nisi
2329 4574 2480 4646 prius
2526 4577 2633 4630 vita
2677 4589 2863 4630 eorum
2899 4584 2951 4630 et
2993 4575 3222 4633 intentio
3249 4579 3504 4636 discutia-

1930 4675 2038 4722 tur.
3041 4733 3046 4736 _

1999 4757 2086 4814 12.
2124 4759 2276 4826 Quod
2311 4759 2548 4831 episcOpi
2591 4775 2620 4814 a
2665 4761 2878 4831 populis
2919 4775 3026 4816 non
3067 4773 3192 4819 sunt
3217 4767 3498 4836 arguendi,

329 4867 378 4922 5.
405 4869 534 4924 Item
561 4867 654 4939 qui
685 4865 801 4922 sint
841 4863 1094 4926 infames,
1119 4868 1172 4915 et
1207 4859 1300 4930 qui
1341 4870 1598 4915 accusare
1627 4854 1829 4924 cpisco-
1927 4859 1982 4906 et
2005 4851 2070 4906 de
2093 4850 2286 4920 quibus
2310 4867 2414 4906 non
2443 4851 2554 4906 sint
2579 4850 2741 4906 etiam
2773 4851 3081 4908 accusandi.

265 4973 352 5026 pos
378 4977 480 5014 non
511 4960 746 5030 possint,
785 4964 842 5013 et
881 4955 1025 5026 quod
1064 4961 1264 5008 statuta
1309 4952 1554 5014 Patrum,
1588 4948 1632 5002 si
1665 4947 1822 5002 labe-

263 5045 436 5104 factari
466 5052 748 5122 cozperint,
779 5045 1078 5120 apostolica
1110 5043 1282 5097 denuo
1314 5042 1639 5100 auctoritate
1667 5039 1824 5094 robo-

267 5149 437 5174 νηπίη.-

1939 4991 1942 4996 .
2001 4944 2088 4998 15.
2129 4942 2282 5009 Quod
2324 4943 2380 4998 lii
2419 4942 2511 5012 qui
2545 4941 2706 4996 hodie
2747 4953 2839 4998 aut
2883 4942 3273 5003 nudiustertius
3303 4945 3509 5002 inimici

1917 5035 2164 5108 fuerunt,
2197 5050 2455 5090 accusare
2479 5035 2562 5090 vel
2593 5036 2888 5094 testificare
2915 5051 3019 5091 non
3044 5051 3293 5110 possunt.

1997 5127 2084 5174 ΙΔ-
2116 5127 2246 5174 Item
2278 5127 2346 5174 de
2393 5127 2579 5174 eadem
2622 5141 2702 5174 re-
2739 5132 2880 5174 num]
2928 5128 2982 5174 1ιί
3015 5133 3327 5174 sacer-dum;
3357 5145 3516 5174 nomi-
