  <div class='ocr_page' id='page_1' title='image "/cluster/home/n/w/nwhite01/storage/ocr_20150623/149/hvd.32044015473770/253.png"; bbox 0 0 4018 5330; ppageno 0'>
   <div class='ocr_carea' id='block_1_1' title="bbox 501 253 606 312">
    <p class='ocr_par' dir='ltr' id='par_1_1' title="bbox 501 253 606 312">
     <span class='ocr_line' id='line_1_1' title="bbox 501 253 606 312; baseline -0.01 0"><span class='ocrx_word' id='word_1_1' title='bbox 501 253 606 312; x_wconf 70' lang='grc'><strong>495</strong></span> 
     </span>
    </p>
   </div>
   <div class='ocr_carea' id='block_1_2' title="bbox 1631 253 2724 316">
    <p class='ocr_par' dir='ltr' id='par_1_2' title="bbox 1631 253 2724 316">
     <span class='ocr_line' id='line_1_2' title="bbox 1631 253 2724 316; baseline 0.005 -5"><span class='ocrx_word' id='word_1_2' title='bbox 1631 254 1688 311; x_wconf 88' lang='lat' dir='ltr'><strong>S.</strong></span> <span class='ocrx_word' id='word_1_3' title='bbox 1721 253 2022 312; x_wconf 83' lang='lat' dir='ltr'><strong>ANSELMI</strong></span> <span class='ocrx_word' id='word_1_4' title='bbox 2055 255 2390 314; x_wconf 85' lang='lat' dir='ltr'><strong>LUCENSIS</strong></span> <span class='ocrx_word' id='word_1_5' title='bbox 2421 258 2724 316; x_wconf 80' lang='lat' dir='ltr'><strong>EPISCOPI</strong></span> 
     </span>
    </p>
   </div>
   <div class='ocr_carea' id='block_1_3' title="bbox 3651 264 3760 318">
    <p class='ocr_par' dir='ltr' id='par_1_3' title="bbox 3651 264 3760 318">
     <span class='ocr_line' id='line_1_3' title="bbox 3651 264 3760 318; baseline 0 0"><span class='ocrx_word' id='word_1_6' title='bbox 3651 264 3760 318; x_wconf 64' lang='lat'><strong>496</strong></span> 
     </span>
    </p>
   </div>
   <div class='ocr_carea' id='block_1_4' title="bbox 575 367 3764 450">
    <p class='ocr_par' dir='ltr' id='par_1_4' title="bbox 575 367 3764 450">
     <span class='ocr_line' id='line_1_4' title="bbox 575 367 3764 450; baseline 0.002 -24"><span class='ocrx_word' id='word_1_7' title='bbox 575 372 661 426; x_wconf 84' lang='grc'><strong>17.</strong></span> <span class='ocrx_word' id='word_1_8' title='bbox 701 369 772 427; x_wconf 90' lang='lat' dir='ltr'><strong>Ut</strong></span> <span class='ocrx_word' id='word_1_9' title='bbox 802 368 978 426; x_wconf 90' lang='lat' dir='ltr'><strong>nullus</strong></span> <span class='ocrx_word' id='word_1_10' title='bbox 1010 367 1312 440; x_wconf 79' lang='lat' dir='ltr'><strong>alienigena</strong></span> <span class='ocrx_word' id='word_1_11' title='bbox 1343 377 1624 426; x_wconf 93' lang='lat' dir='ltr'><strong>accusator</strong></span> <span class='ocrx_word' id='word_1_12' title='bbox 1674 369 1744 425; x_wconf 90' lang='lat' dir='ltr'><strong>sit</strong></span> <span class='ocrx_word' id='word_1_13' title='bbox 1772 369 1853 424; x_wconf 85' lang='lat' dir='ltr'><strong>vel</strong></span> <span class='ocrx_word' id='word_1_14' title='bbox 1889 369 2073 439; x_wconf 82' lang='lat' dir='ltr'><strong>judex,</strong></span> <span class='ocrx_word' id='word_1_15' title='bbox 2111 383 2160 441; x_wconf 65' lang='grc' dir='ltr'><strong>Α</strong></span> <span class='ocrx_word' id='word_1_16' title='bbox 2253 371 2342 428; x_wconf 72' lang='grc'><strong>40.</strong></span> <span class='ocrx_word' id='word_1_17' title='bbox 2385 371 2440 428; x_wconf 92' lang='lat' dir='ltr'><strong>Si</strong></span> <span class='ocrx_word' id='word_1_18' title='bbox 2479 375 2601 442; x_wconf 85' lang='lat' dir='ltr'><strong>quis</strong></span> <span class='ocrx_word' id='word_1_19' title='bbox 2648 375 2929 444; x_wconf 87' lang='lat' dir='ltr'><strong>episcopus</strong></span> <span class='ocrx_word' id='word_1_20' title='bbox 2969 375 3172 447; x_wconf 79' lang='lat' dir='ltr'><strong>abSquc</strong></span> <span class='ocrx_word' id='word_1_21' title='bbox 3204 384 3443 447; x_wconf 87' lang='lat' dir='ltr'><strong>tempore</strong></span> <span class='ocrx_word' id='word_1_22' title='bbox 3481 379 3670 450; x_wconf 84' lang='lat' dir='ltr'><strong>synodi</strong></span> <span class='ocrx_word' id='word_1_23' title='bbox 3711 381 3764 434; x_wconf 90' lang='lat' dir='ltr'><strong>iu</strong></span> 
     </span>
    </p>
   </div>
   <div class='ocr_carea' id='block_1_5' title="bbox 504 459 2079 531">
    <p class='ocr_par' dir='ltr' id='par_1_5' title="bbox 504 459 2079 531">
     <span class='ocr_line' id='line_1_5' title="bbox 504 459 2079 531; baseline -0.003 -11"><span class='ocrx_word' id='word_1_24' title='bbox 504 463 598 520; x_wconf 88' lang='lat' dir='ltr'><strong>sed</strong></span> <span class='ocrx_word' id='word_1_25' title='bbox 649 477 749 518; x_wconf 90' lang='lat' dir='ltr'><strong>nec</strong></span> <span class='ocrx_word' id='word_1_26' title='bbox 797 475 987 517; x_wconf 88' lang='lat' dir='ltr'><strong>servus</strong></span> <span class='ocrx_word' id='word_1_27' title='bbox 1035 471 1130 515; x_wconf 89' lang='lat' dir='ltr'><strong>aut</strong></span> <span class='ocrx_word' id='word_1_28' title='bbox 1187 460 1411 515; x_wconf 88' lang='lat' dir='ltr'><strong>libertus</strong></span> <span class='ocrx_word' id='word_1_29' title='bbox 1462 459 1546 514; x_wconf 88' lang='lat' dir='ltr'><strong>vel</strong></span> <span class='ocrx_word' id='word_1_30' title='bbox 1599 471 1884 531; x_wconf 89' lang='lat' dir='ltr'><strong>suspectus</strong></span> <span class='ocrx_word' id='word_1_31' title='bbox 1939 462 2079 517; x_wconf 86' lang='lat' dir='ltr'><strong>infa-</strong></span> 
     </span>
    </p>
   </div>
   <div class='ocr_carea' id='block_1_6' title="bbox 503 557 624 611">
    <p class='ocr_par' dir='ltr' id='par_1_6' title="bbox 503 557 624 611">
     <span class='ocr_line' id='line_1_6' title="bbox 503 557 624 611; baseline 0 -2"><span class='ocrx_word' id='word_1_32' title='bbox 503 557 624 611; x_wconf 86' lang='lat' dir='ltr'><strong>mis.</strong></span> 
     </span>
    </p>
   </div>
   <div class='ocr_carea' id='block_1_7' title="bbox 573 641 2078 712">
    <p class='ocr_par' dir='ltr' id='par_1_7' title="bbox 573 641 2078 712">
     <span class='ocr_line' id='line_1_7' title="bbox 573 641 2078 712; baseline 0.001 -12"><span class='ocrx_word' id='word_1_33' title='bbox 573 645 663 700; x_wconf 76' lang='grc'><strong>18.</strong></span> <span class='ocrx_word' id='word_1_34' title='bbox 699 643 834 700; x_wconf 85' lang='lat' dir='ltr'><strong>item</strong></span> <span class='ocrx_word' id='word_1_35' title='bbox 863 644 929 698; x_wconf 90' lang='lat' dir='ltr'><strong>de</strong></span> <span class='ocrx_word' id='word_1_36' title='bbox 961 643 1043 698; x_wconf 85' lang='lat' dir='ltr'><strong>his</strong></span> <span class='ocrx_word' id='word_1_37' title='bbox 1081 643 1173 712; x_wconf 86' lang='lat' dir='ltr'><strong>qui</strong></span> <span class='ocrx_word' id='word_1_38' title='bbox 1212 641 1278 696; x_wconf 87' lang='lat' dir='ltr'><strong>ad</strong></span> <span class='ocrx_word' id='word_1_39' title='bbox 1317 643 1714 698; x_wconf 76' lang='lat' dir='ltr'><strong>accusationem</strong></span> <span class='ocrx_word' id='word_1_40' title='bbox 1746 653 1801 698; x_wconf 90' lang='lat' dir='ltr'><strong>et</strong></span> <span class='ocrx_word' id='word_1_41' title='bbox 1839 646 2078 702; x_wconf 83' lang='lat' dir='ltr'><strong>testimo-</strong></span> 
     </span>
    </p>
   </div>
   <div class='ocr_carea' id='block_1_8' title="bbox 503 737 1295 793">
    <p class='ocr_par' dir='ltr' id='par_1_8' title="bbox 503 737 1295 793">
     <span class='ocr_line' id='line_1_8' title="bbox 503 737 1295 793; baseline -0.004 0"><span class='ocrx_word' id='word_1_42' title='bbox 503 737 650 793; x_wconf 89' lang='lat' dir='ltr'><strong>nium</strong></span> <span class='ocrx_word' id='word_1_43' title='bbox 675 755 779 792; x_wconf 93' lang='lat' dir='ltr'><strong>non</strong></span> <span class='ocrx_word' id='word_1_44' title='bbox 809 737 1124 792; x_wconf 86' lang='lat' dir='ltr'><strong>admittendi</strong></span> <span class='ocrx_word' id='word_1_45' title='bbox 1149 745 1295 791; x_wconf 88' lang='lat' dir='ltr'><strong>sunt.</strong></span> 
     </span>
    </p>
   </div>
   <div class='ocr_carea' id='block_1_9' title="bbox 574 825 1252 882">
    <p class='ocr_par' dir='ltr' id='par_1_9' title="bbox 574 825 1252 882">
     <span class='ocr_line' id='line_1_9' title="bbox 574 825 1252 882; baseline -0.004 -1"><span class='ocrx_word' id='word_1_46' title='bbox 574 827 662 882; x_wconf 77' lang='lat' dir='ltr'><strong>i9.</strong></span> <span class='ocrx_word' id='word_1_47' title='bbox 703 827 832 880; x_wconf 88' lang='lat' dir='ltr'><strong>ltcm</strong></span> <span class='ocrx_word' id='word_1_48' title='bbox 863 825 928 880; x_wconf 91' lang='lat' dir='ltr'><strong>dc</strong></span> <span class='ocrx_word' id='word_1_49' title='bbox 955 826 1141 879; x_wconf 88' lang='lat' dir='ltr'><strong>eadem</strong></span> <span class='ocrx_word' id='word_1_50' title='bbox 1175 841 1252 880; x_wconf 92' lang='lat' dir='ltr'><strong>re.</strong></span> 
     </span>
    </p>
   </div>
   <div class='ocr_carea' id='block_1_10' title="bbox 572 917 2080 985">
    <p class='ocr_par' dir='ltr' id='par_1_10' title="bbox 572 917 2080 985">
     <span class='ocr_line' id='line_1_10' title="bbox 572 917 2080 985; baseline 0.001 -13"><span class='ocrx_word' id='word_1_51' title='bbox 572 918 662 972; x_wconf 74' lang='lat'><strong>20.</strong></span> <span class='ocrx_word' id='word_1_52' title='bbox 702 917 833 971; x_wconf 86' lang='lat' dir='ltr'><strong>Item</strong></span> <span class='ocrx_word' id='word_1_53' title='bbox 879 917 946 971; x_wconf 90' lang='lat' dir='ltr'><strong>de</strong></span> <span class='ocrx_word' id='word_1_54' title='bbox 985 917 1068 972; x_wconf 88' lang='lat' dir='ltr'><strong>his</strong></span> <span class='ocrx_word' id='word_1_55' title='bbox 1099 918 1294 985; x_wconf 86' lang='lat' dir='ltr'><strong>quibus</strong></span> <span class='ocrx_word' id='word_1_56' title='bbox 1323 933 1579 974; x_wconf 85' lang='lat' dir='ltr'><strong>accusare</strong></span> <span class='ocrx_word' id='word_1_57' title='bbox 1610 936 1714 974; x_wconf 91' lang='lat' dir='ltr'><strong>non</strong></span> <span class='ocrx_word' id='word_1_58' title='bbox 1750 920 1898 984; x_wconf 91' lang='lat' dir='ltr'><strong>licet;</strong></span> <span class='ocrx_word' id='word_1_59' title='bbox 1933 929 1985 974; x_wconf 86' lang='lat' dir='ltr'><strong>et</strong></span> <span class='ocrx_word' id='word_1_60' title='bbox 2017 936 2080 974; x_wconf 84' lang='lat' dir='ltr'><strong>ne</strong></span> 
     </span>
    </p>
   </div>
   <div class='ocr_carea' id='block_1_11' title="bbox 499 1005 2082 1081">
    <p class='ocr_par' dir='ltr' id='par_1_11' title="bbox 499 1005 2082 1081">
     <span class='ocr_line' id='line_1_11' title="bbox 499 1005 2082 1081; baseline 0.002 -21"><span class='ocrx_word' id='word_1_61' title='bbox 499 1016 787 1062; x_wconf 85' lang='lat' dir='ltr'><strong>accusatus</strong></span> <span class='ocrx_word' id='word_1_62' title='bbox 813 1005 947 1060; x_wconf 91' lang='lat' dir='ltr'><strong>alios</strong></span> <span class='ocrx_word' id='word_1_63' title='bbox 975 1006 1171 1060; x_wconf 88' lang='lat' dir='ltr'><strong>habeat</strong></span> <span class='ocrx_word' id='word_1_64' title='bbox 1192 1007 1419 1076; x_wconf 87' lang='lat' dir='ltr'><strong>judices,</strong></span> <span class='ocrx_word' id='word_1_65' title='bbox 1449 1018 1643 1078; x_wconf 66' lang='lat' dir='ltr'><strong>praeter</strong></span> <span class='ocrx_word' id='word_1_66' title='bbox 1672 1027 1806 1079; x_wconf 84' lang='lat' dir='ltr'><strong>quos</strong></span> <span class='ocrx_word' id='word_1_67' title='bbox 1833 1011 1944 1081; x_wconf 85' lang='lat' dir='ltr'><strong>ipse</strong></span> <span class='ocrx_word' id='word_1_68' title='bbox 1976 1010 2082 1063; x_wconf 89' lang='lat' dir='ltr'><strong>elc-</strong></span> 
     </span>
    </p>
   </div>
   <div class='ocr_carea' id='block_1_12' title="bbox 497 1098 1725 1169">
    <p class='ocr_par' dir='ltr' id='par_1_12' title="bbox 497 1098 1725 1169">
     <span class='ocr_line' id='line_1_12' title="bbox 497 1098 1725 1169; baseline 0.002 -17"><span class='ocrx_word' id='word_1_69' title='bbox 497 1098 656 1168; x_wconf 78' lang='lat' dir='ltr'><strong>gerit,</strong></span> <span class='ocrx_word' id='word_1_70' title='bbox 688 1105 782 1150; x_wconf 93' lang='lat' dir='ltr'><strong>aut</strong></span> <span class='ocrx_word' id='word_1_71' title='bbox 808 1112 906 1151; x_wconf 90' lang='lat' dir='ltr'><strong>suo</strong></span> <span class='ocrx_word' id='word_1_72' title='bbox 936 1111 1202 1151; x_wconf 86' lang='lat' dir='ltr'><strong>consensu</strong></span> <span class='ocrx_word' id='word_1_73' title='bbox 1233 1099 1389 1152; x_wconf 84' lang='lat' dir='ltr'><strong>sedes</strong></span> <span class='ocrx_word' id='word_1_74' title='bbox 1413 1100 1725 1169; x_wconf 88' lang='lat' dir='ltr'><strong>apostolica.</strong></span> 
     </span>
    </p>
   </div>
   <div class='ocr_carea' id='block_1_13' title="bbox 568 1186 2082 1263">
    <p class='ocr_par' dir='ltr' id='par_1_13' title="bbox 568 1186 2082 1263">
     <span class='ocr_line' id='line_1_13' title="bbox 568 1186 2082 1263; baseline 0.004 -23"><span class='ocrx_word' id='word_1_75' title='bbox 568 1187 658 1240; x_wconf 76' lang='grc'><strong>21.</strong></span> <span class='ocrx_word' id='word_1_76' title='bbox 708 1186 774 1242; x_wconf 92' lang='lat' dir='ltr'><strong>Ut</strong></span> <span class='ocrx_word' id='word_1_77' title='bbox 812 1187 1100 1242; x_wconf 81' lang='lat' dir='ltr'><strong>accusandi</strong></span> <span class='ocrx_word' id='word_1_78' title='bbox 1140 1187 1222 1243; x_wconf 90' lang='lat' dir='ltr'><strong>vel</strong></span> <span class='ocrx_word' id='word_1_79' title='bbox 1259 1189 1577 1244; x_wconf 84' lang='lat' dir='ltr'><strong>testiﬁcandi</strong></span> <span class='ocrx_word' id='word_1_80' title='bbox 1611 1191 1822 1246; x_wconf 79' lang='lat' dir='ltr'><strong>licentia</strong></span> <span class='ocrx_word' id='word_1_81' title='bbox 1851 1191 2082 1263; x_wconf 78' lang='lat' dir='ltr'><strong>denege—</strong></span> 
     </span>
    </p>
   </div>
   <div class='ocr_carea' id='block_1_14' title="bbox 500 1281 2081 1354">
    <p class='ocr_par' dir='ltr' id='par_1_14' title="bbox 500 1281 2081 1354">
     <span class='ocr_line' id='line_1_14' title="bbox 500 1281 2081 1354; baseline 0.003 -19"><span class='ocrx_word' id='word_1_82' title='bbox 500 1292 586 1335; x_wconf 90' lang='lat' dir='ltr'><strong>tur</strong></span> <span class='ocrx_word' id='word_1_83' title='bbox 611 1283 696 1336; x_wconf 90' lang='lat' dir='ltr'><strong>his</strong></span> <span class='ocrx_word' id='word_1_84' title='bbox 722 1283 811 1352; x_wconf 89' lang='lat' dir='ltr'><strong>qui</strong></span> <span class='ocrx_word' id='word_1_85' title='bbox 858 1281 1181 1338; x_wconf 67' lang='lat' dir='ltr'><strong>Christiana:</strong></span> <span class='ocrx_word' id='word_1_86' title='bbox 1211 1284 1483 1354; x_wconf 80' lang='lat' dir='ltr'><strong>religionis</strong></span> <span class='ocrx_word' id='word_1_87' title='bbox 1507 1295 1561 1339; x_wconf 92' lang='lat' dir='ltr'><strong>et</strong></span> <span class='ocrx_word' id='word_1_88' title='bbox 1591 1287 1824 1342; x_wconf 88' lang='lat' dir='ltr'><strong>nominis</strong></span> <span class='ocrx_word' id='word_1_89' title='bbox 1849 1287 2081 1354; x_wconf 82' lang='lat' dir='ltr'><strong>dignita-</strong></span> 
     </span>
    </p>
   </div>
   <div class='ocr_carea' id='block_1_15' title="bbox 499 1374 2078 1448">
    <p class='ocr_par' dir='ltr' id='par_1_15' title="bbox 499 1374 2078 1448">
     <span class='ocr_line' id='line_1_15' title="bbox 499 1374 2078 1448; baseline 0.003 -21"><span class='ocrx_word' id='word_1_90' title='bbox 499 1385 628 1440; x_wconf 93' lang='lat' dir='ltr'><strong>tem,</strong></span> <span class='ocrx_word' id='word_1_91' title='bbox 661 1383 714 1429; x_wconf 91' lang='lat' dir='ltr'><strong>et</strong></span> <span class='ocrx_word' id='word_1_92' title='bbox 739 1389 850 1429; x_wconf 87' lang='lat' dir='ltr'><strong>suae</strong></span> <span class='ocrx_word' id='word_1_93' title='bbox 876 1374 1009 1445; x_wconf 76' lang='lat' dir='ltr'><strong>legis</strong></span> <span class='ocrx_word' id='word_1_94' title='bbox 1040 1375 1123 1428; x_wconf 89' lang='lat' dir='ltr'><strong>vel</strong></span> <span class='ocrx_word' id='word_1_95' title='bbox 1153 1376 1416 1446; x_wconf 79' lang='lat' dir='ltr'><strong>propositi</strong></span> <span class='ocrx_word' id='word_1_96' title='bbox 1447 1392 1716 1443; x_wconf 84' lang='lat' dir='ltr'><strong>normam,</strong></span> <span class='ocrx_word' id='word_1_97' title='bbox 1745 1389 1837 1432; x_wconf 92' lang='lat' dir='ltr'><strong>aut</strong></span> <span class='ocrx_word' id='word_1_98' title='bbox 1865 1379 2078 1448; x_wconf 84' lang='lat' dir='ltr'><strong>regula-</strong></span> 
     </span>
    </p>
   </div>
   <div class='ocr_carea' id='block_1_16' title="bbox 497 1464 1338 1536">
    <p class='ocr_par' dir='ltr' id='par_1_16' title="bbox 497 1464 1338 1536">
     <span class='ocr_line' id='line_1_16' title="bbox 497 1464 1338 1536; baseline 0 -18"><span class='ocrx_word' id='word_1_99' title='bbox 497 1465 629 1520; x_wconf 84' lang='lat' dir='ltr'><strong>riter</strong></span> <span class='ocrx_word' id='word_1_100' title='bbox 653 1465 944 1534; x_wconf 88' lang='lat' dir='ltr'><strong>prohibita,</strong></span> <span class='ocrx_word' id='word_1_101' title='bbox 977 1464 1338 1536; x_wconf 78' lang='lat' dir='ltr'><strong>neglexerint.</strong></span> 
     </span>
    </p>
   </div>
   <div class='ocr_carea' id='block_1_17' title="bbox 564 1557 2079 1630">
    <p class='ocr_par' dir='ltr' id='par_1_17' title="bbox 564 1557 2079 1630">
     <span class='ocr_line' id='line_1_17' title="bbox 564 1557 2079 1630; baseline 0.003 -20"><span class='ocrx_word' id='word_1_102' title='bbox 564 1558 655 1612; x_wconf 72' lang='grc'><strong>22.</strong></span> <span class='ocrx_word' id='word_1_103' title='bbox 701 1557 768 1612; x_wconf 87' lang='lat' dir='ltr'><strong>Ut</strong></span> <span class='ocrx_word' id='word_1_104' title='bbox 792 1573 950 1612; x_wconf 91' lang='lat' dir='ltr'><strong>nemo</strong></span> <span class='ocrx_word' id='word_1_105' title='bbox 973 1557 1226 1612; x_wconf 89' lang='lat' dir='ltr'><strong>clericum</strong></span> <span class='ocrx_word' id='word_1_106' title='bbox 1251 1557 1431 1612; x_wconf 80' lang='lat' dir='ltr'><strong>trahat</strong></span> <span class='ocrx_word' id='word_1_107' title='bbox 1450 1557 1515 1612; x_wconf 90' lang='lat' dir='ltr'><strong>ad</strong></span> <span class='ocrx_word' id='word_1_108' title='bbox 1541 1558 1798 1614; x_wconf 77' lang='lat' dir='ltr'><strong>Steculare</strong></span> <span class='ocrx_word' id='word_1_109' title='bbox 1817 1559 2079 1630; x_wconf 84' lang='lat' dir='ltr'><strong>judicium</strong></span> 
     </span>
    </p>
   </div>
   <div class='ocr_carea' id='block_1_18' title="bbox 496 1646 1197 1718">
    <p class='ocr_par' dir='ltr' id='par_1_18' title="bbox 496 1646 1197 1718">
     <span class='ocr_line' id='line_1_18' title="bbox 496 1646 1197 1718; baseline -0.004 -16"><span class='ocrx_word' id='word_1_110' title='bbox 496 1647 614 1702; x_wconf 87' lang='lat' dir='ltr'><strong>sine</strong></span> <span class='ocrx_word' id='word_1_111' title='bbox 642 1661 907 1703; x_wconf 87' lang='lat' dir='ltr'><strong>consensu</strong></span> <span class='ocrx_word' id='word_1_112' title='bbox 939 1646 1197 1718; x_wconf 87' lang='lat' dir='ltr'><strong>episc0pi.</strong></span> 
     </span>
    </p>
   </div>
   <div class='ocr_carea' id='block_1_19' title="bbox 565 1739 1104 1795">
    <p class='ocr_par' dir='ltr' id='par_1_19' title="bbox 565 1739 1104 1795">
     <span class='ocr_line' id='line_1_19' title="bbox 565 1739 1104 1795; baseline 0.002 -1"><span class='ocrx_word' id='word_1_113' title='bbox 565 1739 654 1794; x_wconf 69' lang='grc'><strong>25.</strong></span> <span class='ocrx_word' id='word_1_114' title='bbox 703 1739 778 1794; x_wconf 87' lang='lat' dir='ltr'><strong>De</strong></span> <span class='ocrx_word' id='word_1_115' title='bbox 804 1741 990 1795; x_wconf 85' lang='lat' dir='ltr'><strong>eadem</strong></span> <span class='ocrx_word' id='word_1_116' title='bbox 1025 1754 1104 1795; x_wconf 92' lang='lat' dir='ltr'><strong>re.</strong></span> 
     </span>
    </p>
   </div>
   <div class='ocr_carea' id='block_1_20' title="bbox 562 1831 2080 1900">
    <p class='ocr_par' dir='ltr' id='par_1_20' title="bbox 562 1831 2080 1900">
     <span class='ocr_line' id='line_1_20' title="bbox 562 1831 2080 1900; baseline 0.002 -14"><span class='ocrx_word' id='word_1_117' title='bbox 562 1833 652 1886; x_wconf 70' lang='grc'><strong>24.</strong></span> <span class='ocrx_word' id='word_1_118' title='bbox 695 1833 847 1899; x_wconf 85' lang='lat' dir='ltr'><strong>Quod</strong></span> <span class='ocrx_word' id='word_1_119' title='bbox 881 1832 1067 1886; x_wconf 77' lang='lat' dir='ltr'><strong>infami</strong></span> <span class='ocrx_word' id='word_1_120' title='bbox 1101 1839 1156 1886; x_wconf 88' lang='lat' dir='ltr'><strong>et</strong></span> <span class='ocrx_word' id='word_1_121' title='bbox 1201 1846 1466 1900; x_wconf 79' lang='lat' dir='ltr'><strong>sacrnego</strong></span> <span class='ocrx_word' id='word_1_122' title='bbox 1515 1845 1772 1888; x_wconf 80' lang='lat' dir='ltr'><strong>adversus</strong></span> <span class='ocrx_word' id='word_1_123' title='bbox 1814 1831 2080 1888; x_wconf 82' lang='lat' dir='ltr'><strong>Christia-</strong></span> 
     </span>
    </p>
   </div>
   <div class='ocr_carea' id='block_1_21' title="bbox 497 1921 2076 1986">
    <p class='ocr_par' dir='ltr' id='par_1_21' title="bbox 497 1921 2076 1986">
     <span class='ocr_line' id='line_1_21' title="bbox 497 1921 2076 1986; baseline -0.001 -6"><span class='ocrx_word' id='word_1_124' title='bbox 497 1939 624 1980; x_wconf 84' lang='lat' dir='ltr'><strong>num</strong></span> <span class='ocrx_word' id='word_1_125' title='bbox 649 1938 754 1978; x_wconf 90' lang='lat' dir='ltr'><strong>non</strong></span> <span class='ocrx_word' id='word_1_126' title='bbox 783 1922 906 1976; x_wconf 92' lang='lat' dir='ltr'><strong>licet</strong></span> <span class='ocrx_word' id='word_1_127' title='bbox 934 1921 1112 1976; x_wconf 85' lang='lat' dir='ltr'><strong>dicere</strong></span> <span class='ocrx_word' id='word_1_128' title='bbox 1141 1921 1528 1986; x_wconf 87' lang='lat' dir='ltr'><strong>testimonium,</strong></span> <span class='ocrx_word' id='word_1_129' title='bbox 1562 1933 1616 1977; x_wconf 89' lang='lat' dir='ltr'><strong>et</strong></span> <span class='ocrx_word' id='word_1_130' title='bbox 1647 1931 1704 1977; x_wconf 92' lang='lat' dir='ltr'><strong>ut</strong></span> <span class='ocrx_word' id='word_1_131' title='bbox 1729 1923 2076 1978; x_wconf 89' lang='lat' dir='ltr'><strong>ecclesiastici</strong></span> 
     </span>
    </p>
   </div>
   <div class='ocr_carea' id='block_1_22' title="bbox 492 2011 2078 2086">
    <p class='ocr_par' dir='ltr' id='par_1_22' title="bbox 492 2011 2078 2086">
     <span class='ocr_line' id='line_1_22' title="bbox 492 2011 2078 2086; baseline 0 -20"><span class='ocrx_word' id='word_1_132' title='bbox 492 2013 706 2086; x_wconf 75' lang='lat' dir='ltr'><strong>jndiccs</strong></span> <span class='ocrx_word' id='word_1_133' title='bbox 735 2027 956 2068; x_wconf 86' lang='lat' dir='ltr'><strong>causam</strong></span> <span class='ocrx_word' id='word_1_134' title='bbox 986 2027 1091 2066; x_wconf 92' lang='lat' dir='ltr'><strong>non</strong></span> <span class='ocrx_word' id='word_1_135' title='bbox 1120 2011 1344 2068; x_wconf 85' lang='lat' dir='ltr'><strong>audiant</strong></span> <span class='ocrx_word' id='word_1_136' title='bbox 1370 2027 1488 2082; x_wconf 76' lang='lat' dir='ltr'><strong>qua:</strong></span> <span class='ocrx_word' id='word_1_137' title='bbox 1517 2011 1724 2083; x_wconf 75' lang='lat' dir='ltr'><strong>legibus</strong></span> <span class='ocrx_word' id='word_1_138' title='bbox 1760 2029 1866 2068; x_wconf 91' lang='lat' dir='ltr'><strong>non</strong></span> <span class='ocrx_word' id='word_1_139' title='bbox 1907 2013 2078 2068; x_wconf 89' lang='lat' dir='ltr'><strong>conti-</strong></span> 
     </span>
    </p>
   </div>
   <div class='ocr_carea' id='block_1_23' title="bbox 496 2116 676 2163">
    <p class='ocr_par' dir='ltr' id='par_1_23' title="bbox 496 2116 676 2163">
     <span class='ocr_line' id='line_1_23' title="bbox 496 2116 676 2163; baseline -0.011 -2"><span class='ocrx_word' id='word_1_140' title='bbox 496 2116 676 2163; x_wconf 88' lang='lat' dir='ltr'><strong>netur.</strong></span> 
     </span>
    </p>
   </div>
   <div class='ocr_carea' id='block_1_24' title="bbox 563 2195 2077 2274">
    <p class='ocr_par' dir='ltr' id='par_1_24' title="bbox 563 2195 2077 2274">
     <span class='ocr_line' id='line_1_24' title="bbox 563 2195 2077 2274; baseline -0.003 -19"><span class='ocrx_word' id='word_1_141' title='bbox 563 2199 654 2255; x_wconf 72' lang='grc'><strong>25.</strong></span> <span class='ocrx_word' id='word_1_142' title='bbox 697 2197 763 2254; x_wconf 93' lang='lat' dir='ltr'><strong>Ut</strong></span> <span class='ocrx_word' id='word_1_143' title='bbox 811 2213 911 2252; x_wconf 88' lang='lat' dir='ltr'><strong>nec</strong></span> <span class='ocrx_word' id='word_1_144' title='bbox 955 2195 1077 2250; x_wconf 77' lang='lat' dir='ltr'><strong>laici</strong></span> <span class='ocrx_word' id='word_1_145' title='bbox 1110 2211 1222 2274; x_wconf 65' lang='lat' dir='ltr'><strong>pec</strong></span> <span class='ocrx_word' id='word_1_146' title='bbox 1259 2195 1312 2248; x_wconf 88' lang='lat' dir='ltr'><strong>hi</strong></span> <span class='ocrx_word' id='word_1_147' title='bbox 1350 2211 1698 2265; x_wconf 87' lang='lat' dir='ltr'><strong>quoscunque</strong></span> <span class='ocrx_word' id='word_1_148' title='bbox 1727 2195 1904 2252; x_wconf 65' lang='lat' dir='ltr'><strong>smculi</strong></span> <span class='ocrx_word' id='word_1_149' title='bbox 1937 2195 2077 2264; x_wconf 78' lang='lat' dir='ltr'><strong>leges</strong></span> 
     </span>
    </p>
   </div>
   <div class='ocr_carea' id='block_1_25' title="bbox 497 2285 2077 2358">
    <p class='ocr_par' dir='ltr' id='par_1_25' title="bbox 497 2285 2077 2358">
     <span class='ocr_line' id='line_1_25' title="bbox 497 2285 2077 2358; baseline -0.003 -14"><span class='ocrx_word' id='word_1_150' title='bbox 497 2307 603 2346; x_wconf 89' lang='lat' dir='ltr'><strong>non</strong></span> <span class='ocrx_word' id='word_1_151' title='bbox 639 2290 952 2354; x_wconf 88' lang='lat' dir='ltr'><strong>admittunt,</strong></span> <span class='ocrx_word' id='word_1_152' title='bbox 984 2287 1265 2358; x_wconf 83' lang='lat' dir='ltr'><strong>episcopos</strong></span> <span class='ocrx_word' id='word_1_153' title='bbox 1293 2285 1371 2340; x_wconf 89' lang='lat' dir='ltr'><strong>vel</strong></span> <span class='ocrx_word' id='word_1_154' title='bbox 1403 2285 1630 2341; x_wconf 87' lang='lat' dir='ltr'><strong>clericos</strong></span> <span class='ocrx_word' id='word_1_155' title='bbox 1657 2301 1912 2341; x_wconf 87' lang='lat' dir='ltr'><strong>accusare</strong></span> <span class='ocrx_word' id='word_1_156' title='bbox 1943 2301 2077 2356; x_wconf 75' lang='lat' dir='ltr'><strong>pra:-</strong></span> 
     </span>
    </p>
   </div>
   <div class='ocr_carea' id='block_1_26' title="bbox 495 2388 731 2436">
    <p class='ocr_par' dir='ltr' id='par_1_26' title="bbox 495 2388 731 2436">
     <span class='ocr_line' id='line_1_26' title="bbox 495 2388 731 2436; baseline -0.013 0"><span class='ocrx_word' id='word_1_157' title='bbox 495 2388 731 2436; x_wconf 78' lang='lat' dir='ltr'><strong>sumant.</strong></span> 
     </span>
    </p>
   </div>
   <div class='ocr_carea' id='block_1_27' title="bbox 471 2453 2076 2532">
    <p class='ocr_par' dir='ltr' id='par_1_27' title="bbox 471 2453 2076 2532">
     <span class='ocr_line' id='line_1_27' title="bbox 471 2453 2076 2532; baseline -0.002 -9"><span class='ocrx_word' id='word_1_158' title='bbox 471 2453 480 2464; x_wconf 64' lang='grc'><strong>’</strong></span> <span class='ocrx_word' id='word_1_159' title='bbox 561 2469 652 2524; x_wconf 77' lang='lat'><strong>‘26.</strong></span> <span class='ocrx_word' id='word_1_160' title='bbox 687 2469 761 2525; x_wconf 88' lang='lat' dir='ltr'><strong>Ut</strong></span> <span class='ocrx_word' id='word_1_161' title='bbox 799 2469 963 2524; x_wconf 91' lang='lat' dir='ltr'><strong>etiam</strong></span> <span class='ocrx_word' id='word_1_162' title='bbox 1009 2468 1319 2523; x_wconf 86' lang='lat' dir='ltr'><strong>habitantes</strong></span> <span class='ocrx_word' id='word_1_163' title='bbox 1350 2481 1472 2521; x_wconf 90' lang='lat' dir='ltr'><strong>cum</strong></span> <span class='ocrx_word' id='word_1_164' title='bbox 1505 2465 1755 2532; x_wconf 84' lang='lat' dir='ltr'><strong>inimicis,</strong></span> <span class='ocrx_word' id='word_1_165' title='bbox 1802 2475 1854 2521; x_wconf 89' lang='lat' dir='ltr'><strong>et</strong></span> <span class='ocrx_word' id='word_1_166' title='bbox 1887 2480 2076 2520; x_wconf 82' lang='lat' dir='ltr'><strong>utnncs</strong></span> 
     </span>
    </p>
   </div>
   <div class='ocr_carea' id='block_1_28' title="bbox 495 2559 1834 2618">
    <p class='ocr_par' dir='ltr' id='par_1_28' title="bbox 495 2559 1834 2618">
     <span class='ocr_line' id='line_1_28' title="bbox 495 2559 1834 2618; baseline -0.004 -2"><span class='ocrx_word' id='word_1_167' title='bbox 495 2561 620 2617; x_wconf 83' lang='lat' dir='ltr'><strong>laici</strong></span> <span class='ocrx_word' id='word_1_168' title='bbox 651 2563 718 2618; x_wconf 89' lang='lat' dir='ltr'><strong>ab</strong></span> <span class='ocrx_word' id='word_1_169' title='bbox 742 2561 1085 2616; x_wconf 86' lang='lat' dir='ltr'><strong>accusatione</strong></span> <span class='ocrx_word' id='word_1_170' title='bbox 1113 2559 1434 2614; x_wconf 88' lang='lat' dir='ltr'><strong>clericorum</strong></span> <span class='ocrx_word' id='word_1_171' title='bbox 1467 2567 1834 2612; x_wconf 85' lang='lat' dir='ltr'><strong>amoveantur.</strong></span> 
     </span>
    </p>
   </div>
   <div class='ocr_carea' id='block_1_29' title="bbox 562 2647 2076 2718">
    <p class='ocr_par' dir='ltr' id='par_1_29' title="bbox 562 2647 2076 2718">
     <span class='ocr_line' id='line_1_29' title="bbox 562 2647 2076 2718; baseline -0.005 -11"><span class='ocrx_word' id='word_1_172' title='bbox 562 2653 655 2707; x_wconf 76' lang='lat'><strong>&#39;27.</strong></span> <span class='ocrx_word' id='word_1_173' title='bbox 697 2651 766 2708; x_wconf 92' lang='lat' dir='ltr'><strong>Ut</strong></span> <span class='ocrx_word' id='word_1_174' title='bbox 811 2651 1042 2706; x_wconf 86' lang='lat' dir='ltr'><strong>clericus</strong></span> <span class='ocrx_word' id='word_1_175' title='bbox 1083 2649 1399 2704; x_wconf 85' lang='lat' dir='ltr'><strong>criminatus</strong></span> <span class='ocrx_word' id='word_1_176' title='bbox 1446 2664 1541 2704; x_wconf 85' lang='lat' dir='ltr'><strong>sua</strong></span> <span class='ocrx_word' id='word_1_177' title='bbox 1587 2649 1637 2702; x_wconf 93' lang='lat' dir='ltr'><strong>in</strong></span> <span class='ocrx_word' id='word_1_178' title='bbox 1679 2647 1956 2718; x_wconf 86' lang='lat' dir='ltr'><strong>provincia</strong></span> <span class='ocrx_word' id='word_1_179' title='bbox 1987 2664 2076 2701; x_wconf 69' lang='grc' dir='ltr'><strong>ωι-</strong></span> 
     </span>
    </p>
   </div>
   <div class='ocr_carea' id='block_1_30' title="bbox 497 2739 2077 2809">
    <p class='ocr_par' dir='ltr' id='par_1_30' title="bbox 497 2739 2077 2809">
     <span class='ocr_line' id='line_1_30' title="bbox 497 2739 2077 2809; baseline -0.003 -12"><span class='ocrx_word' id='word_1_180' title='bbox 497 2745 676 2799; x_wconf 89' lang='lat' dir='ltr'><strong>diatur</strong></span> <span class='ocrx_word' id='word_1_181' title='bbox 718 2751 774 2799; x_wconf 89' lang='lat' dir='ltr'><strong>et</strong></span> <span class='ocrx_word' id='word_1_182' title='bbox 811 2753 871 2797; x_wconf 90' lang='lat' dir='ltr'><strong>ut</strong></span> <span class='ocrx_word' id='word_1_183' title='bbox 898 2743 1162 2797; x_wconf 86' lang='lat' dir='ltr'><strong>sententia</strong></span> <span class='ocrx_word' id='word_1_184' title='bbox 1187 2739 1389 2809; x_wconf 87' lang='lat' dir='ltr'><strong>judieis</strong></span> <span class='ocrx_word' id='word_1_185' title='bbox 1421 2754 1541 2809; x_wconf 72' lang='lat' dir='ltr'><strong>qua:</strong></span> <span class='ocrx_word' id='word_1_186' title='bbox 1575 2739 1798 2793; x_wconf 88' lang='lat' dir='ltr'><strong>absente</strong></span> <span class='ocrx_word' id='word_1_187' title='bbox 1825 2747 2077 2792; x_wconf 84' lang='lat' dir='ltr'><strong>accusato</strong></span> 
     </span>
    </p>
   </div>
   <div class='ocr_carea' id='block_1_31' title="bbox 499 2827 2078 2900">
    <p class='ocr_par' dir='ltr' id='par_1_31' title="bbox 499 2827 2078 2900">
     <span class='ocr_line' id='line_1_31' title="bbox 499 2827 2078 2900; baseline -0.005 -12"><span class='ocrx_word' id='word_1_188' title='bbox 499 2834 680 2900; x_wconf 87' lang='lat' dir='ltr'><strong>datur,</strong></span> <span class='ocrx_word' id='word_1_189' title='bbox 725 2831 880 2888; x_wconf 88' lang='lat' dir='ltr'><strong>irrita</strong></span> <span class='ocrx_word' id='word_1_190' title='bbox 927 2831 1018 2896; x_wconf 86' lang='lat' dir='ltr'><strong>sit,</strong></span> <span class='ocrx_word' id='word_1_191' title='bbox 1059 2838 1113 2885; x_wconf 87' lang='lat' dir='ltr'><strong>et</strong></span> <span class='ocrx_word' id='word_1_192' title='bbox 1161 2829 1450 2900; x_wconf 83' lang='lat' dir='ltr'><strong>proditoris</strong></span> <span class='ocrx_word' id='word_1_193' title='bbox 1503 2827 1770 2882; x_wconf 87' lang='lat' dir='ltr'><strong>calumnia</strong></span> <span class='ocrx_word' id='word_1_194' title='bbox 1825 2843 1931 2880; x_wconf 91' lang='lat' dir='ltr'><strong>non</strong></span> <span class='ocrx_word' id='word_1_195' title='bbox 1987 2842 2078 2880; x_wconf 86' lang='lat' dir='ltr'><strong>au-</strong></span> 
     </span>
    </p>
   </div>
   <div class='ocr_carea' id='block_1_32' title="bbox 499 2925 695 2981">
    <p class='ocr_par' dir='ltr' id='par_1_32' title="bbox 499 2925 695 2981">
     <span class='ocr_line' id='line_1_32' title="bbox 499 2925 695 2981; baseline -0.015 0"><span class='ocrx_word' id='word_1_196' title='bbox 499 2925 695 2981; x_wconf 82' lang='lat' dir='ltr'><strong>diatur.</strong></span> 
     </span>
    </p>
   </div>
   <div class='ocr_carea' id='block_1_33' title="bbox 567 3009 2075 3084">
    <p class='ocr_par' dir='ltr' id='par_1_33' title="bbox 567 3009 2075 3084">
     <span class='ocr_line' id='line_1_33' title="bbox 567 3009 2075 3084; baseline -0.006 -12"><span class='ocrx_word' id='word_1_197' title='bbox 567 3019 660 3074; x_wconf 70' lang='lat'><strong>28.</strong></span> <span class='ocrx_word' id='word_1_198' title='bbox 704 3015 856 3084; x_wconf 86' lang='lat' dir='ltr'><strong>Quod</strong></span> <span class='ocrx_word' id='word_1_199' title='bbox 883 3030 980 3070; x_wconf 87' lang='lat' dir='ltr'><strong>nec</strong></span> <span class='ocrx_word' id='word_1_200' title='bbox 1007 3012 1189 3070; x_wconf 82' lang='lat' dir='ltr'><strong>clerici</strong></span> <span class='ocrx_word' id='word_1_201' title='bbox 1227 3011 1414 3076; x_wconf 86' lang='lat' dir='ltr'><strong>laicus,</strong></span> <span class='ocrx_word' id='word_1_202' title='bbox 1459 3026 1558 3065; x_wconf 89' lang='lat' dir='ltr'><strong>nec</strong></span> <span class='ocrx_word' id='word_1_203' title='bbox 1588 3009 1708 3064; x_wconf 84' lang='lat' dir='ltr'><strong>laici</strong></span> <span class='ocrx_word' id='word_1_204' title='bbox 1744 3009 1969 3064; x_wconf 86' lang='lat' dir='ltr'><strong>clericos</strong></span> <span class='ocrx_word' id='word_1_205' title='bbox 2025 3010 2075 3063; x_wconf 87' lang='lat' dir='ltr'><strong>in</strong></span> 
     </span>
    </p>
   </div>
   <div class='ocr_carea' id='block_1_34' title="bbox 498 3105 1478 3174">
    <p class='ocr_par' dir='ltr' id='par_1_34' title="bbox 498 3105 1478 3174">
     <span class='ocr_line' id='line_1_34' title="bbox 498 3105 1478 3174; baseline -0.011 -6"><span class='ocrx_word' id='word_1_206' title='bbox 498 3127 596 3167; x_wconf 84' lang='lat' dir='ltr'><strong>sua</strong></span> <span class='ocrx_word' id='word_1_207' title='bbox 627 3110 970 3166; x_wconf 88' lang='lat' dir='ltr'><strong>accusatione</strong></span> <span class='ocrx_word' id='word_1_208' title='bbox 997 3107 1190 3162; x_wconf 88' lang='lat' dir='ltr'><strong>debent</strong></span> <span class='ocrx_word' id='word_1_209' title='bbox 1219 3105 1478 3174; x_wconf 87' lang='lat' dir='ltr'><strong>recipere.</strong></span> 
     </span>
    </p>
   </div>
   <div class='ocr_carea' id='block_1_35' title="bbox 564 3197 2073 3262">
    <p class='ocr_par' dir='ltr' id='par_1_35' title="bbox 564 3197 2073 3262">
     <span class='ocr_line' id='line_1_35' title="bbox 564 3197 2073 3262; baseline -0.007 -3"><span class='ocrx_word' id='word_1_210' title='bbox 564 3204 655 3258; x_wconf 74' lang='lat'><strong>29.</strong></span> <span class='ocrx_word' id='word_1_211' title='bbox 697 3201 768 3259; x_wconf 89' lang='lat' dir='ltr'><strong>Ut</strong></span> <span class='ocrx_word' id='word_1_212' title='bbox 809 3202 855 3258; x_wconf 87' lang='lat' dir='ltr'><strong>si</strong></span> <span class='ocrx_word' id='word_1_213' title='bbox 895 3201 1066 3254; x_wconf 89' lang='lat' dir='ltr'><strong>laicus</strong></span> <span class='ocrx_word' id='word_1_214' title='bbox 1091 3207 1280 3254; x_wconf 86' lang='lat' dir='ltr'><strong>contra</strong></span> <span class='ocrx_word' id='word_1_215' title='bbox 1309 3197 1566 3253; x_wconf 85' lang='lat' dir='ltr'><strong>clericum</strong></span> <span class='ocrx_word' id='word_1_216' title='bbox 1593 3211 1810 3252; x_wconf 80' lang='lat' dir='ltr'><strong>causam</strong></span> <span class='ocrx_word' id='word_1_217' title='bbox 1859 3198 2073 3262; x_wconf 71' lang='lat' dir='ltr'><strong>habeat,</strong></span> 
     </span>
    </p>
   </div>
   <div class='ocr_carea' id='block_1_36' title="bbox 495 3291 1012 3365">
    <p class='ocr_par' dir='ltr' id='par_1_36' title="bbox 495 3291 1012 3365">
     <span class='ocr_line' id='line_1_36' title="bbox 495 3291 1012 3365; baseline -0.008 -17"><span class='ocrx_word' id='word_1_218' title='bbox 495 3295 804 3365; x_wconf 84' lang='lat' dir='ltr'><strong>episcopum</strong></span> <span class='ocrx_word' id='word_1_219' title='bbox 835 3291 1012 3347; x_wconf 89' lang='lat' dir='ltr'><strong>adeat.</strong></span> 
     </span>
    </p>
   </div>
   <div class='ocr_carea' id='block_1_37' title="bbox 566 3382 2078 3452">
    <p class='ocr_par' dir='ltr' id='par_1_37' title="bbox 566 3382 2078 3452">
     <span class='ocr_line' id='line_1_37' title="bbox 566 3382 2078 3452; baseline -0.002 -13"><span class='ocrx_word' id='word_1_220' title='bbox 566 3385 654 3440; x_wconf 89' lang='grc'><strong>50.</strong></span> <span class='ocrx_word' id='word_1_221' title='bbox 697 3383 847 3451; x_wconf 84' lang='lat' dir='ltr'><strong>Quod</strong></span> <span class='ocrx_word' id='word_1_222' title='bbox 873 3384 1155 3452; x_wconf 87' lang='lat' dir='ltr'><strong>episcopus</strong></span> <span class='ocrx_word' id='word_1_223' title='bbox 1191 3383 1233 3436; x_wconf 91' lang='lat' dir='ltr'><strong>si</strong></span> <span class='ocrx_word' id='word_1_224' title='bbox 1261 3383 1314 3436; x_wconf 92' lang='lat' dir='ltr'><strong>in</strong></span> <span class='ocrx_word' id='word_1_225' title='bbox 1345 3382 1449 3438; x_wconf 81' lang='lat' dir='ltr'><strong>fide</strong></span> <span class='ocrx_word' id='word_1_226' title='bbox 1480 3383 1762 3447; x_wconf 91' lang='lat' dir='ltr'><strong>erraverit,</strong></span> <span class='ocrx_word' id='word_1_227' title='bbox 1799 3383 1972 3452; x_wconf 80' lang='lat' dir='ltr'><strong>primo</strong></span> <span class='ocrx_word' id='word_1_228' title='bbox 1996 3390 2078 3436; x_wconf 90' lang='lat' dir='ltr'><strong>est</strong></span> 
     </span>
    </p>
   </div>
   <div class='ocr_carea' id='block_1_38' title="bbox 497 3473 2075 3546">
    <p class='ocr_par' dir='ltr' id='par_1_38' title="bbox 497 3473 2075 3546">
     <span class='ocr_line' id='line_1_38' title="bbox 497 3473 2075 3546; baseline -0.001 -16"><span class='ocrx_word' id='word_1_229' title='bbox 497 3477 877 3546; x_wconf 77' lang='lat' dir='ltr'><strong>corrigendos;</strong></span> <span class='ocrx_word' id='word_1_230' title='bbox 905 3473 950 3528; x_wconf 87' lang='lat' dir='ltr'><strong>si</strong></span> <span class='ocrx_word' id='word_1_231' title='bbox 982 3488 1086 3527; x_wconf 90' lang='lat' dir='ltr'><strong>non</strong></span> <span class='ocrx_word' id='word_1_232' title='bbox 1113 3473 1504 3540; x_wconf 84' lang='lat' dir='ltr'><strong>emendaverit,</strong></span> <span class='ocrx_word' id='word_1_233' title='bbox 1533 3476 1868 3530; x_wconf 83' lang='lat' dir='ltr'><strong>accusandus</strong></span> <span class='ocrx_word' id='word_1_234' title='bbox 1896 3483 1979 3528; x_wconf 84' lang='lat' dir='ltr'><strong>est</strong></span> <span class='ocrx_word' id='word_1_235' title='bbox 2009 3475 2075 3528; x_wconf 84' lang='lat' dir='ltr'><strong>ad</strong></span> 
     </span>
    </p>
   </div>
   <div class='ocr_carea' id='block_1_39' title="bbox 498 3566 1080 3637">
    <p class='ocr_par' dir='ltr' id='par_1_39' title="bbox 498 3566 1080 3637">
     <span class='ocr_line' id='line_1_39' title="bbox 498 3566 1080 3637; baseline -0.003 -17"><span class='ocrx_word' id='word_1_236' title='bbox 498 3567 850 3637; x_wconf 88' lang='lat' dir='ltr'><strong>apostolicam</strong></span> <span class='ocrx_word' id='word_1_237' title='bbox 879 3566 1080 3620; x_wconf 90' lang='lat' dir='ltr'><strong>sedem.</strong></span> 
     </span>
    </p>
   </div>
   <div class='ocr_carea' id='block_1_40' title="bbox 568 3657 2078 3727">
    <p class='ocr_par' dir='ltr' id='par_1_40' title="bbox 568 3657 2078 3727">
     <span class='ocr_line' id='line_1_40' title="bbox 568 3657 2078 3727; baseline -0.001 -13"><span class='ocrx_word' id='word_1_238' title='bbox 568 3659 658 3714; x_wconf 77' lang='lat' dir='ltr'><strong>3i.</strong></span> <span class='ocrx_word' id='word_1_239' title='bbox 699 3657 852 3724; x_wconf 86' lang='lat' dir='ltr'><strong>Quod</strong></span> <span class='ocrx_word' id='word_1_240' title='bbox 879 3659 1152 3712; x_wconf 83' lang='lat' dir='ltr'><strong>accusatio</strong></span> <span class='ocrx_word' id='word_1_241' title='bbox 1178 3658 1554 3727; x_wconf 76' lang='lat' dir='ltr'><strong>episcOporum</strong></span> <span class='ocrx_word' id='word_1_242' title='bbox 1595 3659 1806 3713; x_wconf 86' lang='lat' dir='ltr'><strong>nonnisi</strong></span> <span class='ocrx_word' id='word_1_243' title='bbox 1841 3659 1912 3712; x_wconf 85' lang='lat' dir='ltr'><strong>ab</strong></span> <span class='ocrx_word' id='word_1_244' title='bbox 1958 3659 2078 3712; x_wconf 89' lang='lat' dir='ltr'><strong>ido-</strong></span> 
     </span>
    </p>
   </div>
   <div class='ocr_carea' id='block_1_41' title="bbox 499 3749 1614 3821">
    <p class='ocr_par' dir='ltr' id='par_1_41' title="bbox 499 3749 1614 3821">
     <span class='ocr_line' id='line_1_41' title="bbox 499 3749 1614 3821; baseline -0.004 -17"><span class='ocrx_word' id='word_1_245' title='bbox 499 3750 617 3806; x_wconf 89' lang='lat' dir='ltr'><strong>neis</strong></span> <span class='ocrx_word' id='word_1_246' title='bbox 642 3761 698 3806; x_wconf 87' lang='lat' dir='ltr'><strong>et</strong></span> <span class='ocrx_word' id='word_1_247' title='bbox 719 3749 1112 3821; x_wconf 88' lang='lat' dir='ltr'><strong>probatissimis</strong></span> <span class='ocrx_word' id='word_1_248' title='bbox 1137 3750 1268 3804; x_wconf 91' lang='lat' dir='ltr'><strong>viris</strong></span> <span class='ocrx_word' id='word_1_249' title='bbox 1297 3749 1411 3803; x_wconf 81' lang='lat' dir='ltr'><strong>fieri</strong></span> <span class='ocrx_word' id='word_1_250' title='bbox 1437 3749 1614 3801; x_wconf 88' lang='lat' dir='ltr'><strong>debet.</strong></span> 
     </span>
    </p>
   </div>
   <div class='ocr_carea' id='block_1_42' title="bbox 575 3841 2077 3910">
    <p class='ocr_par' dir='ltr' id='par_1_42' title="bbox 575 3841 2077 3910">
     <span class='ocr_line' id='line_1_42' title="bbox 575 3841 2077 3910; baseline -0.001 -14"><span class='ocrx_word' id='word_1_251' title='bbox 575 3843 667 3897; x_wconf 72' lang='grc'><strong>52.</strong></span> <span class='ocrx_word' id='word_1_252' title='bbox 711 3841 779 3896; x_wconf 90' lang='lat' dir='ltr'><strong>Ut</strong></span> <span class='ocrx_word' id='word_1_253' title='bbox 809 3849 1094 3896; x_wconf 87' lang='lat' dir='ltr'><strong>accusatus</strong></span> <span class='ocrx_word' id='word_1_254' title='bbox 1125 3841 1408 3910; x_wconf 84' lang='lat' dir='ltr'><strong>episcopus</strong></span> <span class='ocrx_word' id='word_1_255' title='bbox 1431 3841 1811 3895; x_wconf 88' lang='lat' dir='ltr'><strong>communione</strong></span> <span class='ocrx_word' id='word_1_256' title='bbox 1837 3855 1942 3895; x_wconf 88' lang='lat' dir='ltr'><strong>non</strong></span> <span class='ocrx_word' id='word_1_257' title='bbox 1967 3843 2077 3910; x_wconf 91' lang='lat' dir='ltr'><strong>pri-</strong></span> 
     </span>
    </p>
   </div>
   <div class='ocr_carea' id='block_1_43' title="bbox 497 3931 1648 3998">
    <p class='ocr_par' dir='ltr' id='par_1_43' title="bbox 497 3931 1648 3998">
     <span class='ocr_line' id='line_1_43' title="bbox 497 3931 1648 3998; baseline -0.003 -8"><span class='ocrx_word' id='word_1_258' title='bbox 497 3945 675 3998; x_wconf 78' lang='lat' dir='ltr'><strong>vetur,</strong></span> <span class='ocrx_word' id='word_1_259' title='bbox 705 3935 808 3988; x_wconf 89' lang='lat' dir='ltr'><strong>nisi</strong></span> <span class='ocrx_word' id='word_1_260' title='bbox 835 3933 920 3988; x_wconf 91' lang='lat' dir='ltr'><strong>die</strong></span> <span class='ocrx_word' id='word_1_261' title='bbox 949 3941 1150 3987; x_wconf 87' lang='lat' dir='ltr'><strong>statuta</strong></span> <span class='ocrx_word' id='word_1_262' title='bbox 1179 3932 1366 3985; x_wconf 90' lang='lat' dir='ltr'><strong>venire</strong></span> <span class='ocrx_word' id='word_1_263' title='bbox 1397 3931 1648 3986; x_wconf 91' lang='lat' dir='ltr'><strong>noluerit.</strong></span> 
     </span>
    </p>
   </div>
   <div class='ocr_carea' id='block_1_44' title="bbox 567 4021 2075 4093">
    <p class='ocr_par' dir='ltr' id='par_1_44' title="bbox 567 4021 2075 4093">
     <span class='ocr_line' id='line_1_44' title="bbox 567 4021 2075 4093; baseline -0.001 -14"><span class='ocrx_word' id='word_1_264' title='bbox 567 4026 656 4081; x_wconf 88' lang='grc'><strong>55.</strong></span> <span class='ocrx_word' id='word_1_265' title='bbox 685 4024 838 4092; x_wconf 91' lang='lat' dir='ltr'><strong>Quod</strong></span> <span class='ocrx_word' id='word_1_266' title='bbox 857 4023 1116 4093; x_wconf 89' lang='lat' dir='ltr'><strong>judicium</strong></span> <span class='ocrx_word' id='word_1_267' title='bbox 1143 4021 1660 4092; x_wconf 81' lang='lat' dir='ltr'><strong>subterfugientibus</strong></span> <span class='ocrx_word' id='word_1_268' title='bbox 1683 4022 1922 4077; x_wconf 88' lang='lat' dir='ltr'><strong>absentia</strong></span> <span class='ocrx_word' id='word_1_269' title='bbox 1947 4038 2075 4093; x_wconf 87' lang='lat' dir='ltr'><strong>pro-</strong></span> 
     </span>
    </p>
   </div>
   <div class='ocr_carea' id='block_1_45' title="bbox 497 4113 1035 4184">
    <p class='ocr_par' dir='ltr' id='par_1_45' title="bbox 497 4113 1035 4184">
     <span class='ocr_line' id='line_1_45' title="bbox 497 4113 1035 4184; baseline -0.013 -10"><span class='ocrx_word' id='word_1_270' title='bbox 497 4127 684 4174; x_wconf 86' lang='lat' dir='ltr'><strong>curata</strong></span> <span class='ocrx_word' id='word_1_271' title='bbox 715 4131 821 4170; x_wconf 90' lang='lat' dir='ltr'><strong>non</strong></span> <span class='ocrx_word' id='word_1_272' title='bbox 845 4113 1035 4184; x_wconf 84' lang='lat' dir='ltr'><strong>prosit.</strong></span> 
     </span>
    </p>
   </div>
   <div class='ocr_carea' id='block_1_46' title="bbox 565 4202 2078 4274">
    <p class='ocr_par' dir='ltr' id='par_1_46' title="bbox 565 4202 2078 4274">
     <span class='ocr_line' id='line_1_46' title="bbox 565 4202 2078 4274; baseline -0.003 -11"><span class='ocrx_word' id='word_1_273' title='bbox 565 4208 654 4263; x_wconf 68' lang='grc'><strong>54.</strong></span> <span class='ocrx_word' id='word_1_274' title='bbox 701 4205 771 4263; x_wconf 87' lang='lat' dir='ltr'><strong>Ut</strong></span> <span class='ocrx_word' id='word_1_275' title='bbox 795 4206 1129 4261; x_wconf 86' lang='lat' dir='ltr'><strong>detractores</strong></span> <span class='ocrx_word' id='word_1_276' title='bbox 1158 4214 1212 4259; x_wconf 91' lang='lat' dir='ltr'><strong>et</strong></span> <span class='ocrx_word' id='word_1_277' title='bbox 1239 4203 1578 4259; x_wconf 89' lang='lat' dir='ltr'><strong>inimicorum</strong></span> <span class='ocrx_word' id='word_1_278' title='bbox 1607 4202 1842 4259; x_wconf 80' lang='lat' dir='ltr'><strong>fautores</strong></span> <span class='ocrx_word' id='word_1_279' title='bbox 1871 4205 1936 4260; x_wconf 88' lang='lat' dir='ltr'><strong>ab</strong></span> <span class='ocrx_word' id='word_1_280' title='bbox 1964 4207 2078 4274; x_wconf 87' lang='lat' dir='ltr'><strong>cpi-</strong></span> 
     </span>
    </p>
   </div>
   <div class='ocr_carea' id='block_1_47' title="bbox 497 4297 2073 4373">
    <p class='ocr_par' dir='ltr' id='par_1_47' title="bbox 497 4297 2073 4373">
     <span class='ocr_line' id='line_1_47' title="bbox 497 4297 2073 4373; baseline -0.004 -14"><span class='ocrx_word' id='word_1_281' title='bbox 497 4301 698 4373; x_wconf 85' lang='lat' dir='ltr'><strong>scopali</strong></span> <span class='ocrx_word' id='word_1_282' title='bbox 725 4306 1079 4354; x_wconf 87' lang='lat' dir='ltr'><strong>amoveantur</strong></span> <span class='ocrx_word' id='word_1_283' title='bbox 1125 4297 1488 4363; x_wconf 86' lang='lat' dir='ltr'><strong>accusatione,</strong></span> <span class='ocrx_word' id='word_1_284' title='bbox 1519 4313 1692 4368; x_wconf 87' lang='lat' dir='ltr'><strong>neque</strong></span> <span class='ocrx_word' id='word_1_285' title='bbox 1735 4299 1788 4352; x_wconf 92' lang='lat' dir='ltr'><strong>in</strong></span> <span class='ocrx_word' id='word_1_286' title='bbox 1830 4313 1888 4352; x_wconf 89' lang='lat' dir='ltr'><strong>re</strong></span> <span class='ocrx_word' id='word_1_287' title='bbox 1915 4299 2073 4352; x_wconf 89' lang='lat' dir='ltr'><strong>dubia</strong></span> 
     </span>
    </p>
   </div>
   <div class='ocr_carea' id='block_1_48' title="bbox 497 4389 1141 4454">
    <p class='ocr_par' dir='ltr' id='par_1_48' title="bbox 497 4389 1141 4454">
     <span class='ocr_line' id='line_1_48' title="bbox 497 4389 1141 4454; baseline -0.014 -4"><span class='ocrx_word' id='word_1_288' title='bbox 497 4403 646 4450; x_wconf 89' lang='lat' dir='ltr'><strong>certa</strong></span> <span class='ocrx_word' id='word_1_289' title='bbox 677 4393 834 4454; x_wconf 85' lang='lat' dir='ltr'><strong>detur</strong></span> <span class='ocrx_word' id='word_1_290' title='bbox 858 4389 1141 4446; x_wconf 88' lang='lat' dir='ltr'><strong>sententia.</strong></span> 
     </span>
    </p>
   </div>
   <div class='ocr_carea' id='block_1_49' title="bbox 568 4477 2078 4551">
    <p class='ocr_par' dir='ltr' id='par_1_49' title="bbox 568 4477 2078 4551">
     <span class='ocr_line' id='line_1_49' title="bbox 568 4477 2078 4551; baseline -0.005 -12"><span class='ocrx_word' id='word_1_291' title='bbox 568 4484 658 4540; x_wconf 88' lang='grc'><strong>55.</strong></span> <span class='ocrx_word' id='word_1_292' title='bbox 695 4482 762 4538; x_wconf 90' lang='lat' dir='ltr'><strong>Ut</strong></span> <span class='ocrx_word' id='word_1_293' title='bbox 791 4482 882 4551; x_wconf 88' lang='lat' dir='ltr'><strong>qui</strong></span> <span class='ocrx_word' id='word_1_294' title='bbox 911 4495 1101 4535; x_wconf 87' lang='lat' dir='ltr'><strong>causas</strong></span> <span class='ocrx_word' id='word_1_295' title='bbox 1131 4477 1294 4532; x_wconf 87' lang='lat' dir='ltr'><strong>habet</strong></span> <span class='ocrx_word' id='word_1_296' title='bbox 1323 4486 1509 4533; x_wconf 86' lang='lat' dir='ltr'><strong>contra</strong></span> <span class='ocrx_word' id='word_1_297' title='bbox 1536 4486 1778 4546; x_wconf 88' lang='lat' dir='ltr'><strong>pastores</strong></span> <span class='ocrx_word' id='word_1_298' title='bbox 1803 4477 1886 4532; x_wconf 90' lang='lat' dir='ltr'><strong>vel</strong></span> <span class='ocrx_word' id='word_1_299' title='bbox 1911 4477 2078 4532; x_wconf 89' lang='lat' dir='ltr'><strong>cccle-</strong></span> 
     </span>
    </p>
   </div>
   <div class='ocr_carea' id='block_1_50' title="bbox 498 4569 2078 4642">
    <p class='ocr_par' dir='ltr' id='par_1_50' title="bbox 498 4569 2078 4642">
     <span class='ocr_line' id='line_1_50' title="bbox 498 4569 2078 4642; baseline -0.005 -11"><span class='ocrx_word' id='word_1_300' title='bbox 498 4576 610 4632; x_wconf 85' lang='lat' dir='ltr'><strong>sias</strong></span> <span class='ocrx_word' id='word_1_301' title='bbox 643 4588 853 4638; x_wconf 87' lang='lat' dir='ltr'><strong>eorum,</strong></span> <span class='ocrx_word' id='word_1_302' title='bbox 882 4572 1057 4642; x_wconf 92' lang='lat' dir='ltr'><strong>primo</strong></span> <span class='ocrx_word' id='word_1_303' title='bbox 1085 4569 1408 4626; x_wconf 89' lang='lat' dir='ltr'><strong>charitative</strong></span> <span class='ocrx_word' id='word_1_304' title='bbox 1437 4577 1710 4638; x_wconf 73' lang='lat' dir='ltr'><strong>exspectet</strong></span> <span class='ocrx_word' id='word_1_305' title='bbox 1747 4571 2078 4624; x_wconf 88' lang='lat' dir='ltr'><strong>emendatio-</strong></span> 
     </span>
    </p>
   </div>
   <div class='ocr_carea' id='block_1_51' title="bbox 501 4660 2078 4735">
    <p class='ocr_par' dir='ltr' id='par_1_51' title="bbox 501 4660 2078 4735">
     <span class='ocr_line' id='line_1_51' title="bbox 501 4660 2078 4735; baseline -0.006 -13"><span class='ocrx_word' id='word_1_306' title='bbox 501 4681 660 4732; x_wconf 81' lang='lat' dir='ltr'><strong>nem;</strong></span> <span class='ocrx_word' id='word_1_307' title='bbox 696 4665 838 4735; x_wconf 84' lang='lat' dir='ltr'><strong>quod</strong></span> <span class='ocrx_word' id='word_1_308' title='bbox 869 4664 913 4719; x_wconf 92' lang='lat' dir='ltr'><strong>si</strong></span> <span class='ocrx_word' id='word_1_309' title='bbox 961 4671 1085 4717; x_wconf 85' lang='lat' dir='ltr'><strong>ante</strong></span> <span class='ocrx_word' id='word_1_310' title='bbox 1129 4661 1384 4716; x_wconf 83' lang='lat' dir='ltr'><strong>infestare</strong></span> <span class='ocrx_word' id='word_1_311' title='bbox 1411 4660 1830 4729; x_wconf 84' lang='lat' dir='ltr'><strong>praesumpserit,</strong></span> <span class='ocrx_word' id='word_1_312' title='bbox 1863 4675 2078 4714; x_wconf 77' lang='lat' dir='ltr'><strong>excom-</strong></span> 
     </span>
    </p>
   </div>
   <div class='ocr_carea' id='block_1_52' title="bbox 499 4758 1734 4814">
    <p class='ocr_par' dir='ltr' id='par_1_52' title="bbox 499 4758 1734 4814">
     <span class='ocr_line' id='line_1_52' title="bbox 499 4758 1734 4814; baseline -0.002 0"><span class='ocrx_word' id='word_1_313' title='bbox 499 4758 828 4814; x_wconf 87' lang='lat' dir='ltr'><strong>municetur.</strong></span> <span class='ocrx_word' id='word_1_314' title='bbox 1729 4759 1734 4764; x_wconf 84' lang='grc'><em>’</em></span> 
     </span>
    </p>
   </div>
   <div class='ocr_carea' id='block_1_53' title="bbox 569 4842 2078 4914">
    <p class='ocr_par' dir='ltr' id='par_1_53' title="bbox 569 4842 2078 4914">
     <span class='ocr_line' id='line_1_53' title="bbox 569 4842 2078 4914; baseline -0.004 -11"><span class='ocrx_word' id='word_1_315' title='bbox 569 4847 660 4903; x_wconf 84' lang='grc'><strong>56.</strong></span> <span class='ocrx_word' id='word_1_316' title='bbox 700 4845 854 4914; x_wconf 87' lang='lat' dir='ltr'><strong>Quod</strong></span> <span class='ocrx_word' id='word_1_317' title='bbox 884 4845 935 4898; x_wconf 91' lang='lat' dir='ltr'><strong>hi</strong></span> <span class='ocrx_word' id='word_1_318' title='bbox 965 4843 1056 4914; x_wconf 89' lang='lat' dir='ltr'><strong>qui</strong></span> <span class='ocrx_word' id='word_1_319' title='bbox 1093 4843 1302 4912; x_wconf 84' lang='lat' dir='ltr'><strong>culpam</strong></span> <span class='ocrx_word' id='word_1_320' title='bbox 1344 4857 1564 4897; x_wconf 88' lang='lat' dir='ltr'><strong>suorum</strong></span> <span class='ocrx_word' id='word_1_321' title='bbox 1599 4842 1831 4911; x_wconf 88' lang='lat' dir='ltr'><strong>produnt</strong></span> <span class='ocrx_word' id='word_1_322' title='bbox 1871 4857 2078 4913; x_wconf 63' lang='lat' dir='ltr'><strong>purpo-</strong></span> 
     </span>
    </p>
   </div>
   <div class='ocr_carea' id='block_1_54' title="bbox 499 4933 2076 5004">
    <p class='ocr_par' dir='ltr' id='par_1_54' title="bbox 499 4933 2076 5004">
     <span class='ocr_line' id='line_1_54' title="bbox 499 4933 2076 5004; baseline -0.005 -8"><span class='ocrx_word' id='word_1_323' title='bbox 499 4941 749 5004; x_wconf 87' lang='lat' dir='ltr'><strong>sitorum,</strong></span> <span class='ocrx_word' id='word_1_324' title='bbox 781 4935 948 4993; x_wconf 87' lang='lat' dir='ltr'><strong>Cham</strong></span> <span class='ocrx_word' id='word_1_325' title='bbox 996 4935 1287 4999; x_wconf 84' lang='lat' dir='ltr'><strong>sententia,</strong></span> <span class='ocrx_word' id='word_1_326' title='bbox 1323 4933 1412 5002; x_wconf 89' lang='lat' dir='ltr'><strong>qui</strong></span> <span class='ocrx_word' id='word_1_327' title='bbox 1465 4933 1636 5003; x_wconf 86' lang='lat' dir='ltr'><strong>patris</strong></span> <span class='ocrx_word' id='word_1_328' title='bbox 1677 4934 1922 5004; x_wconf 88' lang='lat' dir='ltr'><strong>pudenda</strong></span> <span class='ocrx_word' id='word_1_329' title='bbox 1971 4950 2076 4989; x_wconf 92' lang='lat' dir='ltr'><strong>non</strong></span> 
     </span>
    </p>
   </div>
   <div class='ocr_carea' id='block_1_55' title="bbox 498 5028 1105 5102">
    <p class='ocr_par' dir='ltr' id='par_1_55' title="bbox 498 5028 1105 5102">
     <span class='ocr_line' id='line_1_55' title="bbox 498 5028 1105 5102; baseline -0.016 -15"><span class='ocrx_word' id='word_1_330' title='bbox 498 5031 730 5102; x_wconf 84' lang='lat' dir='ltr'><strong>operuit,</strong></span> <span class='ocrx_word' id='word_1_331' title='bbox 763 5028 1105 5083; x_wconf 87' lang='lat' dir='ltr'><strong>damnentur.</strong></span> 
     </span>
    </p>
   </div>
   <div class='ocr_carea' id='block_1_56' title="bbox 568 5115 2077 5188">
    <p class='ocr_par' dir='ltr' id='par_1_56' title="bbox 568 5115 2077 5188">
     <span class='ocr_line' id='line_1_56' title="bbox 568 5115 2077 5188; baseline -0.005 -9"><span class='ocrx_word' id='word_1_332' title='bbox 568 5123 658 5178; x_wconf 93' lang='grc'><strong>57.</strong></span> <span class='ocrx_word' id='word_1_333' title='bbox 699 5119 852 5188; x_wconf 89' lang='lat' dir='ltr'><strong>Quod</strong></span> <span class='ocrx_word' id='word_1_334' title='bbox 883 5133 988 5174; x_wconf 91' lang='lat' dir='ltr'><strong>non</strong></span> <span class='ocrx_word' id='word_1_335' title='bbox 1025 5123 1202 5188; x_wconf 92' lang='lat' dir='ltr'><strong>potest</strong></span> <span class='ocrx_word' id='word_1_336' title='bbox 1225 5115 1462 5171; x_wconf 88' lang='lat' dir='ltr'><strong>humano</strong></span> <span class='ocrx_word' id='word_1_337' title='bbox 1488 5116 1834 5172; x_wconf 87' lang='lat' dir='ltr'><strong>condemnari</strong></span> <span class='ocrx_word' id='word_1_338' title='bbox 1865 5119 2077 5173; x_wconf 80' lang='lat' dir='ltr'><strong>exami-</strong></span> 
     </span>
    </p>
   </div>
   <div class='ocr_carea' id='block_1_57' title="bbox 497 5207 1631 5286">
    <p class='ocr_par' dir='ltr' id='par_1_57' title="bbox 497 5207 1631 5286">
     <span class='ocr_line' id='line_1_57' title="bbox 497 5207 1631 5286; baseline -0.01 -13"><span class='ocrx_word' id='word_1_339' title='bbox 497 5232 586 5282; x_wconf 79' lang='lat' dir='ltr'><strong>ne,</strong></span> <span class='ocrx_word' id='word_1_340' title='bbox 615 5229 776 5286; x_wconf 88' lang='lat' dir='ltr'><strong>quem</strong></span> <span class='ocrx_word' id='word_1_341' title='bbox 801 5211 942 5267; x_wconf 88' lang='lat' dir='ltr'><strong>Deus</strong></span> <span class='ocrx_word' id='word_1_342' title='bbox 970 5225 1069 5266; x_wconf 91' lang='lat' dir='ltr'><strong>suo</strong></span> <span class='ocrx_word' id='word_1_343' title='bbox 1093 5208 1389 5264; x_wconf 86' lang='lat' dir='ltr'><strong>reservavit</strong></span> <span class='ocrx_word' id='word_1_344' title='bbox 1407 5207 1631 5275; x_wconf 89' lang='lat' dir='ltr'><strong>judicio.</strong></span> 
     </span>
    </p>
   </div>
   <div class='ocr_carea' id='block_1_58' title="bbox 567 5298 2078 5330">
    <p class='ocr_par' dir='ltr' id='par_1_58' title="bbox 567 5298 2078 5330">
     <span class='ocr_line' id='line_1_58' title="bbox 567 5298 2078 5330; baseline 0 0"><span class='ocrx_word' id='word_1_345' title='bbox 567 5309 635 5330; x_wconf 62' lang='grc' dir='ltr'><strong>ΩΟ</strong></span> <span class='ocrx_word' id='word_1_346' title='bbox 702 5304 851 5330; x_wconf 75' lang='lat' dir='ltr'><strong>n..-.l</strong></span> <span class='ocrx_word' id='word_1_347' title='bbox 886 5319 990 5330; x_wconf 58' lang='lat' dir='ltr'><strong>nnc.</strong></span> <span class='ocrx_word' id='word_1_348' title='bbox 1027 5300 1223 5330; x_wconf 69' lang='lat' dir='ltr'><strong>n..au:nn</strong></span> <span class='ocrx_word' id='word_1_349' title='bbox 1250 5309 1300 5330; x_wconf 84' lang='lat' dir='ltr'><strong>nl</strong></span> <span class='ocrx_word' id='word_1_350' title='bbox 1331 5298 1486 5330; x_wconf 69' lang='lat' dir='ltr'><strong>rnn:ln</strong></span> <span class='ocrx_word' id='word_1_351' title='bbox 1518 5300 1628 5330; x_wconf 63' lang='lat'><strong>01..-:</strong></span> <span class='ocrx_word' id='word_1_352' title='bbox 1661 5299 1852 5330; x_wconf 61' lang='lat' dir='ltr'><strong>.ln‘mnnl</strong></span> <span class='ocrx_word' id='word_1_353' title='bbox 1899 5315 2078 5330; x_wconf 67' lang='lat' dir='ltr'><strong>onnnn_</strong></span> 
     </span>
    </p>
   </div>
   <div class='ocr_carea' id='block_1_59' title="bbox 2186 465 3762 541">
    <p class='ocr_par' dir='ltr' id='par_1_59' title="bbox 2186 465 3762 541">
     <span class='ocr_line' id='line_1_59' title="bbox 2186 465 3762 541; baseline 0.005 -23"><span class='ocrx_word' id='word_1_354' title='bbox 2186 465 2412 519; x_wconf 90' lang='lat' dir='ltr'><strong>crimine</strong></span> <span class='ocrx_word' id='word_1_355' title='bbox 2442 468 2690 522; x_wconf 87' lang='lat' dir='ltr'><strong>detentus</strong></span> <span class='ocrx_word' id='word_1_356' title='bbox 2733 467 2915 534; x_wconf 87' lang='lat' dir='ltr'><strong>fuerit,</strong></span> <span class='ocrx_word' id='word_1_357' title='bbox 2955 483 2984 522; x_wconf 92' lang='lat' dir='ltr'><strong>a</strong></span> <span class='ocrx_word' id='word_1_358' title='bbox 3026 469 3309 525; x_wconf 81' lang='lat' dir='ltr'><strong>duodecim</strong></span> <span class='ocrx_word' id='word_1_359' title='bbox 3347 471 3618 541; x_wconf 86' lang='lat' dir='ltr'><strong>episcopis</strong></span> <span class='ocrx_word' id='word_1_360' title='bbox 3661 487 3762 526; x_wconf 92' lang='lat' dir='ltr'><strong>au-</strong></span> 
     </span>
    </p>
   </div>
   <div class='ocr_carea' id='block_1_60' title="bbox 2186 557 2385 610">
    <p class='ocr_par' dir='ltr' id='par_1_60' title="bbox 2186 557 2385 610">
     <span class='ocr_line' id='line_1_60' title="bbox 2186 557 2385 610; baseline 0 0"><span class='ocrx_word' id='word_1_361' title='bbox 2186 557 2385 610; x_wconf 89' lang='lat' dir='ltr'><strong>diatur.</strong></span> 
     </span>
    </p>
   </div>
   <div class='ocr_carea' id='block_1_61' title="bbox 2253 645 3766 719">
    <p class='ocr_par' dir='ltr' id='par_1_61' title="bbox 2253 645 3766 719">
     <span class='ocr_line' id='line_1_61' title="bbox 2253 645 3766 719; baseline 0.004 -21"><span class='ocrx_word' id='word_1_362' title='bbox 2253 645 2340 698; x_wconf 60' lang='lat' dir='ltr'><strong>il.</strong></span> <span class='ocrx_word' id='word_1_363' title='bbox 2385 645 2454 700; x_wconf 89' lang='lat' dir='ltr'><strong>Ut</strong></span> <span class='ocrx_word' id='word_1_364' title='bbox 2505 645 2789 701; x_wconf 79' lang='lat' dir='ltr'><strong>inferiores</strong></span> <span class='ocrx_word' id='word_1_365' title='bbox 2831 649 3029 719; x_wconf 78' lang='lat' dir='ltr'><strong>gradus</strong></span> <span class='ocrx_word' id='word_1_366' title='bbox 3088 649 3394 718; x_wconf 84' lang='lat' dir='ltr'><strong>superiores</strong></span> <span class='ocrx_word' id='word_1_367' title='bbox 3455 665 3559 703; x_wconf 89' lang='lat' dir='ltr'><strong>non</strong></span> <span class='ocrx_word' id='word_1_368' title='bbox 3600 664 3766 704; x_wconf 81' lang='lat' dir='ltr'><strong>accu-</strong></span> 
     </span>
    </p>
   </div>
   <div class='ocr_carea' id='block_1_62' title="bbox 2183 737 3767 813">
    <p class='ocr_par' dir='ltr' id='par_1_62' title="bbox 2183 737 3767 813">
     <span class='ocr_line' id='line_1_62' title="bbox 2183 737 3767 813; baseline 0.003 -22"><span class='ocrx_word' id='word_1_369' title='bbox 2183 744 2331 803; x_wconf 88' lang='lat' dir='ltr'><strong>sent;</strong></span> <span class='ocrx_word' id='word_1_370' title='bbox 2360 745 2414 791; x_wconf 92' lang='lat' dir='ltr'><strong>et</strong></span> <span class='ocrx_word' id='word_1_371' title='bbox 2465 737 2518 791; x_wconf 89' lang='lat' dir='ltr'><strong>in</strong></span> <span class='ocrx_word' id='word_1_372' title='bbox 2550 747 2678 808; x_wconf 89' lang='lat' dir='ltr'><strong>quot</strong></span> <span class='ocrx_word' id='word_1_373' title='bbox 2719 741 2941 794; x_wconf 91' lang='lat' dir='ltr'><strong>testibus</strong></span> <span class='ocrx_word' id='word_1_374' title='bbox 2967 740 3267 811; x_wconf 87' lang='lat' dir='ltr'><strong>episcopus,</strong></span> <span class='ocrx_word' id='word_1_375' title='bbox 3309 741 3602 813; x_wconf 76' lang='lat' dir='ltr'><strong>presbyter,</strong></span> <span class='ocrx_word' id='word_1_376' title='bbox 3646 743 3767 796; x_wconf 88' lang='lat' dir='ltr'><strong>dia-</strong></span> 
     </span>
    </p>
   </div>
   <div class='ocr_carea' id='block_1_63' title="bbox 2183 826 3678 896">
    <p class='ocr_par' dir='ltr' id='par_1_63' title="bbox 2183 826 3678 896">
     <span class='ocr_line' id='line_1_63' title="bbox 2183 826 3678 896; baseline 0.005 -18"><span class='ocrx_word' id='word_1_377' title='bbox 2183 839 2372 890; x_wconf 90' lang='lat' dir='ltr'><strong>conus,</strong></span> <span class='ocrx_word' id='word_1_378' title='bbox 2411 826 2790 896; x_wconf 85' lang='lat' dir='ltr'><strong>subdiaconus,</strong></span> <span class='ocrx_word' id='word_1_379' title='bbox 2827 838 2880 884; x_wconf 90' lang='lat' dir='ltr'><strong>et</strong></span> <span class='ocrx_word' id='word_1_380' title='bbox 2911 829 3090 884; x_wconf 63' lang='lat' dir='ltr'><strong>caeteri</strong></span> <span class='ocrx_word' id='word_1_381' title='bbox 3122 831 3516 886; x_wconf 89' lang='lat' dir='ltr'><strong>condemnandi</strong></span> <span class='ocrx_word' id='word_1_382' title='bbox 3548 833 3678 886; x_wconf 91' lang='lat' dir='ltr'><strong>sint.</strong></span> 
     </span>
    </p>
   </div>
   <div class='ocr_carea' id='block_1_64' title="bbox 2249 917 3764 992">
    <p class='ocr_par' dir='ltr' id='par_1_64' title="bbox 2249 917 3764 992">
     <span class='ocr_line' id='line_1_64' title="bbox 2249 917 3764 992; baseline 0.005 -23"><span class='ocrx_word' id='word_1_383' title='bbox 2249 917 2338 970; x_wconf 70' lang='lat'><strong>49..</strong></span> <span class='ocrx_word' id='word_1_384' title='bbox 2380 917 2532 984; x_wconf 88' lang='lat' dir='ltr'><strong>Quod</strong></span> <span class='ocrx_word' id='word_1_385' title='bbox 2573 934 2700 972; x_wconf 87' lang='lat' dir='ltr'><strong>oves</strong></span> <span class='ocrx_word' id='word_1_386' title='bbox 2740 930 2983 990; x_wconf 84' lang='lat' dir='ltr'><strong>pastores</strong></span> <span class='ocrx_word' id='word_1_387' title='bbox 3031 923 3426 990; x_wconf 88' lang='lat' dir='ltr'><strong>reprehendere</strong></span> <span class='ocrx_word' id='word_1_388' title='bbox 3478 937 3582 976; x_wconf 90' lang='lat' dir='ltr'><strong>non</strong></span> <span class='ocrx_word' id='word_1_389' title='bbox 3633 937 3764 992; x_wconf 87' lang='lat' dir='ltr'><strong>pos-</strong></span> 
     </span>
    </p>
   </div>
   <div class='ocr_carea' id='block_1_65' title="bbox 2183 1007 3765 1082">
    <p class='ocr_par' dir='ltr' id='par_1_65' title="bbox 2183 1007 3765 1082">
     <span class='ocr_line' id='line_1_65' title="bbox 2183 1007 3765 1082; baseline 0.004 -21"><span class='ocrx_word' id='word_1_390' title='bbox 2183 1007 2310 1072; x_wconf 89' lang='lat' dir='ltr'><strong>sint,</strong></span> <span class='ocrx_word' id='word_1_391' title='bbox 2345 1008 2446 1063; x_wconf 78' lang='lat' dir='ltr'><strong>nisi</strong></span> <span class='ocrx_word' id='word_1_392' title='bbox 2489 1009 2540 1063; x_wconf 92' lang='lat' dir='ltr'><strong>in</strong></span> <span class='ocrx_word' id='word_1_393' title='bbox 2583 1011 2686 1064; x_wconf 83' lang='lat' dir='ltr'><strong>fide</strong></span> <span class='ocrx_word' id='word_1_394' title='bbox 2727 1013 3043 1075; x_wconf 85' lang='lat' dir='ltr'><strong>erraverint,</strong></span> <span class='ocrx_word' id='word_1_395' title='bbox 3073 1023 3126 1066; x_wconf 86' lang='lat' dir='ltr'><strong>et</strong></span> <span class='ocrx_word' id='word_1_396' title='bbox 3157 1015 3298 1081; x_wconf 90' lang='lat' dir='ltr'><strong>quod</strong></span> <span class='ocrx_word' id='word_1_397' title='bbox 3333 1013 3612 1082; x_wconf 81' lang='lat' dir='ltr'><strong>exspoliati</strong></span> <span class='ocrx_word' id='word_1_398' title='bbox 3655 1029 3765 1068; x_wconf 87' lang='lat' dir='ltr'><strong>non</strong></span> 
     </span>
    </p>
   </div>
   <div class='ocr_carea' id='block_1_66' title="bbox 2181 1097 3765 1174">
    <p class='ocr_par' dir='ltr' id='par_1_66' title="bbox 2181 1097 3765 1174">
     <span class='ocr_line' id='line_1_66' title="bbox 2181 1097 3765 1174; baseline 0.006 -23"><span class='ocrx_word' id='word_1_399' title='bbox 2181 1097 2412 1152; x_wconf 87' lang='lat' dir='ltr'><strong>debeant</strong></span> <span class='ocrx_word' id='word_1_400' title='bbox 2437 1101 2502 1155; x_wconf 90' lang='lat' dir='ltr'><strong>ad</strong></span> <span class='ocrx_word' id='word_1_401' title='bbox 2530 1102 2789 1172; x_wconf 81' lang='lat' dir='ltr'><strong>synodum</strong></span> <span class='ocrx_word' id='word_1_402' title='bbox 2829 1103 3030 1168; x_wconf 89' lang='lat' dir='ltr'><strong>vocari,</strong></span> <span class='ocrx_word' id='word_1_403' title='bbox 3072 1103 3174 1157; x_wconf 90' lang='lat' dir='ltr'><strong>nisi</strong></span> <span class='ocrx_word' id='word_1_404' title='bbox 3207 1105 3354 1174; x_wconf 88' lang='lat' dir='ltr'><strong>prius</strong></span> <span class='ocrx_word' id='word_1_405' title='bbox 3385 1105 3466 1160; x_wconf 89' lang='lat' dir='ltr'><strong>eis</strong></span> <span class='ocrx_word' id='word_1_406' title='bbox 3496 1105 3634 1161; x_wconf 89' lang='lat' dir='ltr'><strong>bona</strong></span> <span class='ocrx_word' id='word_1_407' title='bbox 3665 1121 3765 1160; x_wconf 82' lang='lat' dir='ltr'><strong>sua</strong></span> 
     </span>
    </p>
   </div>
   <div class='ocr_carea' id='block_1_67' title="bbox 2182 1187 2683 1247">
    <p class='ocr_par' dir='ltr' id='par_1_67' title="bbox 2182 1187 2683 1247">
     <span class='ocr_line' id='line_1_67' title="bbox 2182 1187 2683 1247; baseline 0.008 -6"><span class='ocrx_word' id='word_1_408' title='bbox 2182 1187 2378 1244; x_wconf 89' lang='lat' dir='ltr'><strong>fuerint</strong></span> <span class='ocrx_word' id='word_1_409' title='bbox 2415 1192 2683 1247; x_wconf 89' lang='lat' dir='ltr'><strong>restituta.</strong></span> 
     </span>
    </p>
   </div>
   <div class='ocr_carea' id='block_1_68' title="bbox 2251 1278 3766 1358">
    <p class='ocr_par' dir='ltr' id='par_1_68' title="bbox 2251 1278 3766 1358">
     <span class='ocr_line' id='line_1_68' title="bbox 2251 1278 3766 1358; baseline 0.006 -27"><span class='ocrx_word' id='word_1_410' title='bbox 2251 1278 2340 1331; x_wconf 74' lang='grc'><strong>45.</strong></span> <span class='ocrx_word' id='word_1_411' title='bbox 2385 1278 2454 1333; x_wconf 92' lang='lat' dir='ltr'><strong>Ut</strong></span> <span class='ocrx_word' id='word_1_412' title='bbox 2491 1295 2648 1335; x_wconf 84' lang='lat' dir='ltr'><strong>nemo</strong></span> <span class='ocrx_word' id='word_1_413' title='bbox 2685 1282 2994 1352; x_wconf 88' lang='lat' dir='ltr'><strong>episcopum</strong></span> <span class='ocrx_word' id='word_1_414' title='bbox 3036 1283 3120 1339; x_wconf 87' lang='lat' dir='ltr'><strong>vel</strong></span> <span class='ocrx_word' id='word_1_415' title='bbox 3163 1301 3482 1358; x_wconf 80' lang='lat' dir='ltr'><strong>quemquam</strong></span> <span class='ocrx_word' id='word_1_416' title='bbox 3527 1284 3766 1342; x_wconf 75' lang='lat' dir='ltr'><strong>clerico-</strong></span> 
     </span>
    </p>
   </div>
   <div class='ocr_carea' id='block_1_69' title="bbox 2181 1373 3296 1443">
    <p class='ocr_par' dir='ltr' id='par_1_69' title="bbox 2181 1373 3296 1443">
     <span class='ocr_line' id='line_1_69' title="bbox 2181 1373 3296 1443; baseline 0.006 -20"><span class='ocrx_word' id='word_1_417' title='bbox 2181 1385 2300 1424; x_wconf 83' lang='lat' dir='ltr'><strong>rum</strong></span> <span class='ocrx_word' id='word_1_418' title='bbox 2339 1373 2478 1440; x_wconf 91' lang='lat' dir='ltr'><strong>apud</strong></span> <span class='ocrx_word' id='word_1_419' title='bbox 2507 1375 2791 1429; x_wconf 67' lang='lat' dir='ltr'><strong>saeculares</strong></span> <span class='ocrx_word' id='word_1_420' title='bbox 2823 1375 3033 1443; x_wconf 85' lang='lat' dir='ltr'><strong>judices</strong></span> <span class='ocrx_word' id='word_1_421' title='bbox 3058 1387 3296 1432; x_wconf 86' lang='lat' dir='ltr'><strong>accuset.</strong></span> 
     </span>
    </p>
   </div>
   <div class='ocr_carea' id='block_1_70' title="bbox 2253 1457 3765 1540">
    <p class='ocr_par' dir='ltr' id='par_1_70' title="bbox 2253 1457 3765 1540">
     <span class='ocr_line' id='line_1_70' title="bbox 2253 1457 3765 1540; baseline 0.007 -26"><span class='ocrx_word' id='word_1_422' title='bbox 2253 1461 2340 1516; x_wconf 63' lang='grc' dir='ltr'><strong>Ην.</strong></span> <span class='ocrx_word' id='word_1_423' title='bbox 2383 1463 2456 1517; x_wconf 92' lang='lat' dir='ltr'><strong>De</strong></span> <span class='ocrx_word' id='word_1_424' title='bbox 2484 1464 2672 1520; x_wconf 90' lang='lat' dir='ltr'><strong>eadem</strong></span> <span class='ocrx_word' id='word_1_425' title='bbox 2713 1481 2792 1532; x_wconf 89' lang='lat' dir='ltr'><strong>re,</strong></span> <span class='ocrx_word' id='word_1_426' title='bbox 2824 1475 2876 1521; x_wconf 92' lang='lat' dir='ltr'><strong>et</strong></span> <span class='ocrx_word' id='word_1_427' title='bbox 2917 1457 2989 1522; x_wconf 36' lang='lat' dir='ltr'><strong>ut.</strong></span> <span class='ocrx_word' id='word_1_428' title='bbox 3013 1477 3201 1522; x_wconf 88' lang='lat' dir='ltr'><strong>vocato</strong></span> <span class='ocrx_word' id='word_1_429' title='bbox 3230 1469 3295 1523; x_wconf 86' lang='lat' dir='ltr'><strong>ad</strong></span> <span class='ocrx_word' id='word_1_430' title='bbox 3328 1469 3589 1540; x_wconf 81' lang='lat' dir='ltr'><strong>synodum</strong></span> <span class='ocrx_word' id='word_1_431' title='bbox 3631 1487 3765 1526; x_wconf 86' lang='lat' dir='ltr'><strong>con—</strong></span> 
     </span>
    </p>
   </div>
   <div class='ocr_carea' id='block_1_71' title="bbox 2181 1555 3762 1631">
    <p class='ocr_par' dir='ltr' id='par_1_71' title="bbox 2181 1555 3762 1631">
     <span class='ocr_line' id='line_1_71' title="bbox 2181 1555 3762 1631; baseline 0.008 -26"><span class='ocrx_word' id='word_1_432' title='bbox 2181 1569 2372 1624; x_wconf 76' lang='lat' dir='ltr'><strong>gruum</strong></span> <span class='ocrx_word' id='word_1_433' title='bbox 2421 1555 2652 1624; x_wconf 84' lang='lat' dir='ltr'><strong>spatium</strong></span> <span class='ocrx_word' id='word_1_434' title='bbox 2683 1557 2855 1612; x_wconf 92' lang='lat' dir='ltr'><strong>detur.</strong></span> <span class='ocrx_word' id='word_1_435' title='bbox 2895 1557 3066 1614; x_wconf 85' lang='lat' dir='ltr'><strong>Aliter</strong></span> <span class='ocrx_word' id='word_1_436' title='bbox 3113 1575 3216 1614; x_wconf 93' lang='lat' dir='ltr'><strong>non</strong></span> <span class='ocrx_word' id='word_1_437' title='bbox 3270 1563 3612 1631; x_wconf 82' lang='lat' dir='ltr'><strong>respondebit</strong></span> <span class='ocrx_word' id='word_1_438' title='bbox 3657 1565 3762 1617; x_wconf 80' lang='lat' dir='ltr'><strong>nisi</strong></span> 
     </span>
    </p>
   </div>
   <div class='ocr_carea' id='block_1_72' title="bbox 2183 1644 3766 1712">
    <p class='ocr_par' dir='ltr' id='par_1_72' title="bbox 2183 1644 3766 1712">
     <span class='ocr_line' id='line_1_72' title="bbox 2183 1644 3766 1712; baseline 0.004 -14"><span class='ocrx_word' id='word_1_439' title='bbox 2183 1644 2444 1712; x_wconf 79' lang='lat' dir='ltr'><strong>voluerit;</strong></span> <span class='ocrx_word' id='word_1_440' title='bbox 2478 1655 2531 1701; x_wconf 89' lang='lat' dir='ltr'><strong>et</strong></span> <span class='ocrx_word' id='word_1_441' title='bbox 2558 1653 2615 1701; x_wconf 88' lang='lat' dir='ltr'><strong>ut</strong></span> <span class='ocrx_word' id='word_1_442' title='bbox 2641 1659 2984 1703; x_wconf 84' lang='lat' dir='ltr'><strong>accusatores</strong></span> <span class='ocrx_word' id='word_1_443' title='bbox 3011 1657 3064 1704; x_wconf 89' lang='lat' dir='ltr'><strong>et</strong></span> <span class='ocrx_word' id='word_1_444' title='bbox 3090 1651 3325 1705; x_wconf 86' lang='lat' dir='ltr'><strong>accusati</strong></span> <span class='ocrx_word' id='word_1_445' title='bbox 3355 1653 3634 1706; x_wconf 71' lang='lat' dir='ltr'><strong>:cuualitcr</strong></span> <span class='ocrx_word' id='word_1_446' title='bbox 3665 1670 3766 1706; x_wconf 88' lang='lat' dir='ltr'><strong>an-</strong></span> 
     </span>
    </p>
   </div>
   <div class='ocr_carea' id='block_1_73' title="bbox 2110 1735 2418 1801">
    <p class='ocr_par' dir='ltr' id='par_1_73' title="bbox 2110 1735 2418 1801">
     <span class='ocr_line' id='line_1_73' title="bbox 2110 1735 2418 1801; baseline -0.003 -12"><span class='ocrx_word' id='word_1_447' title='bbox 2110 1742 2154 1801; x_wconf 81' lang='grc' dir='ltr'><strong><em>Β</em></strong></span> <span class='ocrx_word' id='word_1_448' title='bbox 2185 1735 2418 1789; x_wconf 87' lang='lat' dir='ltr'><strong>diantur.</strong></span> 
     </span>
    </p>
   </div>
   <div class='ocr_carea' id='block_1_74' title="bbox 2248 1827 3764 1904">
    <p class='ocr_par' dir='ltr' id='par_1_74' title="bbox 2248 1827 3764 1904">
     <span class='ocr_line' id='line_1_74' title="bbox 2248 1827 3764 1904; baseline 0.004 -21"><span class='ocrx_word' id='word_1_449' title='bbox 2248 1829 2339 1883; x_wconf 61' lang='grc'><strong>45.</strong></span> <span class='ocrx_word' id='word_1_450' title='bbox 2383 1827 2452 1884; x_wconf 92' lang='lat' dir='ltr'><strong>Ut</strong></span> <span class='ocrx_word' id='word_1_451' title='bbox 2481 1829 2656 1884; x_wconf 87' lang='lat' dir='ltr'><strong>nullus</strong></span> <span class='ocrx_word' id='word_1_452' title='bbox 2681 1831 2956 1902; x_wconf 71' lang='lat' dir='ltr'><strong>iudicetur</strong></span> <span class='ocrx_word' id='word_1_453' title='bbox 2977 1832 3077 1887; x_wconf 88' lang='lat' dir='ltr'><strong>nisi</strong></span> <span class='ocrx_word' id='word_1_454' title='bbox 3111 1833 3375 1904; x_wconf 73' lang='lat' dir='ltr'><strong>legitimos</strong></span> <span class='ocrx_word' id='word_1_455' title='bbox 3403 1835 3656 1890; x_wconf 88' lang='lat' dir='ltr'><strong>habuerit</strong></span> <span class='ocrx_word' id='word_1_456' title='bbox 3677 1827 3764 1889; x_wconf 57' lang='lat' dir='ltr'><strong>ac:</strong></span> 
     </span>
    </p>
   </div>
   <div class='ocr_carea' id='block_1_75' title="bbox 2180 1927 2799 1989">
    <p class='ocr_par' dir='ltr' id='par_1_75' title="bbox 2180 1927 2799 1989">
     <span class='ocr_line' id='line_1_75' title="bbox 2180 1927 2799 1989; baseline 0.005 -18"><span class='ocrx_word' id='word_1_457' title='bbox 2180 1927 2459 1973; x_wconf 89' lang='lat' dir='ltr'><strong>cusatores</strong></span> <span class='ocrx_word' id='word_1_458' title='bbox 2487 1930 2799 1989; x_wconf 81' lang='lat' dir='ltr'><strong>praesentes.</strong></span> 
     </span>
    </p>
   </div>
   <div class='ocr_carea' id='block_1_76' title="bbox 2245 2005 3759 2082">
    <p class='ocr_par' dir='ltr' id='par_1_76' title="bbox 2245 2005 3759 2082">
     <span class='ocr_line' id='line_1_76' title="bbox 2245 2005 3759 2082; baseline 0.005 -23"><span class='ocrx_word' id='word_1_459' title='bbox 2245 2005 2333 2061; x_wconf 74' lang='grc'><strong>46.</strong></span> <span class='ocrx_word' id='word_1_460' title='bbox 2375 2005 2526 2073; x_wconf 88' lang='lat' dir='ltr'><strong>Quod</strong></span> <span class='ocrx_word' id='word_1_461' title='bbox 2562 2009 2736 2064; x_wconf 90' lang='lat' dir='ltr'><strong>nullus</strong></span> <span class='ocrx_word' id='word_1_462' title='bbox 2780 2010 3222 2079; x_wconf 87' lang='lat' dir='ltr'><strong>metropolitanus</strong></span> <span class='ocrx_word' id='word_1_463' title='bbox 3266 2009 3466 2080; x_wconf 90' lang='lat' dir='ltr'><strong>absque</strong></span> <span class='ocrx_word' id='word_1_464' title='bbox 3507 2026 3759 2082; x_wconf 86' lang='lat' dir='ltr'><strong>compro-</strong></span> 
     </span>
    </p>
   </div>
   <div class='ocr_carea' id='block_1_77' title="bbox 2177 2094 3764 2171">
    <p class='ocr_par' dir='ltr' id='par_1_77' title="bbox 2177 2094 3764 2171">
     <span class='ocr_line' id='line_1_77' title="bbox 2177 2094 3764 2171; baseline 0.007 -25"><span class='ocrx_word' id='word_1_465' title='bbox 2177 2094 2489 2150; x_wconf 72' lang='lat' dir='ltr'><strong>vincialium</strong></span> <span class='ocrx_word' id='word_1_466' title='bbox 2525 2099 2898 2168; x_wconf 88' lang='lat' dir='ltr'><strong>episcoporum</strong></span> <span class='ocrx_word' id='word_1_467' title='bbox 2947 2101 3200 2155; x_wconf 85' lang='lat' dir='ltr'><strong>instantia</strong></span> <span class='ocrx_word' id='word_1_468' title='bbox 3234 2101 3536 2171; x_wconf 88' lang='lat' dir='ltr'><strong>aliquorum</strong></span> <span class='ocrx_word' id='word_1_469' title='bbox 3576 2105 3764 2158; x_wconf 88' lang='lat' dir='ltr'><strong>audiat</strong></span> 
     </span>
    </p>
   </div>
   <div class='ocr_carea' id='block_1_78' title="bbox 2177 2203 2784 2243">
    <p class='ocr_par' dir='ltr' id='par_1_78' title="bbox 2177 2203 2784 2243">
     <span class='ocr_line' id='line_1_78' title="bbox 2177 2203 2784 2243; baseline 0.008 -2"><span class='ocrx_word' id='word_1_470' title='bbox 2177 2203 2388 2243; x_wconf 82' lang='lat' dir='ltr'><strong>causas.</strong></span> <span class='ocrx_word' id='word_1_471' title='bbox 2779 2205 2784 2208; x_wconf 73' lang='grc'><em>’</em></span> 
     </span>
    </p>
   </div>
   <div class='ocr_carea' id='block_1_79' title="bbox 2247 2278 3759 2358">
    <p class='ocr_par' dir='ltr' id='par_1_79' title="bbox 2247 2278 3759 2358">
     <span class='ocr_line' id='line_1_79' title="bbox 2247 2278 3759 2358; baseline 0.005 -26"><span class='ocrx_word' id='word_1_472' title='bbox 2247 2280 2341 2332; x_wconf 76' lang='grc'><strong>47.</strong></span> <span class='ocrx_word' id='word_1_473' title='bbox 2381 2278 2457 2334; x_wconf 89' lang='lat' dir='ltr'><strong>De</strong></span> <span class='ocrx_word' id='word_1_474' title='bbox 2489 2280 2757 2350; x_wconf 88' lang='lat' dir='ltr'><strong>episcopis</strong></span> <span class='ocrx_word' id='word_1_475' title='bbox 2788 2284 2903 2337; x_wconf 90' lang='lat' dir='ltr'><strong>sine</strong></span> <span class='ocrx_word' id='word_1_476' title='bbox 2939 2283 3180 2338; x_wconf 80' lang='lat' dir='ltr'><strong>Romana</strong></span> <span class='ocrx_word' id='word_1_477' title='bbox 3216 2286 3540 2340; x_wconf 86' lang='lat' dir='ltr'><strong>auctoritate</strong></span> <span class='ocrx_word' id='word_1_478' title='bbox 3573 2287 3759 2358; x_wconf 80' lang='lat' dir='ltr'><strong>expul-</strong></span> 
     </span>
    </p>
   </div>
   <div class='ocr_carea' id='block_1_80' title="bbox 2179 2367 3113 2444">
    <p class='ocr_par' dir='ltr' id='par_1_80' title="bbox 2179 2367 3113 2444">
     <span class='ocr_line' id='line_1_80' title="bbox 2179 2367 3113 2444; baseline 0.005 -22"><span class='ocrx_word' id='word_1_479' title='bbox 2179 2367 2272 2432; x_wconf 89' lang='lat' dir='ltr'><strong>sis,</strong></span> <span class='ocrx_word' id='word_1_480' title='bbox 2317 2377 2375 2421; x_wconf 86' lang='lat' dir='ltr'><strong>ut</strong></span> <span class='ocrx_word' id='word_1_481' title='bbox 2412 2385 2507 2423; x_wconf 84' lang='lat' dir='ltr'><strong>sua</strong></span> <span class='ocrx_word' id='word_1_482' title='bbox 2547 2371 2626 2424; x_wconf 90' lang='lat' dir='ltr'><strong>eis</strong></span> <span class='ocrx_word' id='word_1_483' title='bbox 2663 2372 3113 2444; x_wconf 78' lang='lat' dir='ltr'><strong>redintegrentnr.</strong></span> 
     </span>
    </p>
   </div>
   <div class='ocr_carea' id='block_1_81' title="bbox 2246 2465 3762 2543">
    <p class='ocr_par' dir='ltr' id='par_1_81' title="bbox 2246 2465 3762 2543">
     <span class='ocr_line' id='line_1_81' title="bbox 2246 2465 3762 2543; baseline 0.007 -25"><span class='ocrx_word' id='word_1_484' title='bbox 2246 2465 2332 2520; x_wconf 65' lang='grc'><strong>48.</strong></span> <span class='ocrx_word' id='word_1_485' title='bbox 2395 2465 2463 2520; x_wconf 89' lang='lat' dir='ltr'><strong>Ut</strong></span> <span class='ocrx_word' id='word_1_486' title='bbox 2509 2482 2665 2522; x_wconf 88' lang='lat' dir='ltr'><strong>nemo</strong></span> <span class='ocrx_word' id='word_1_487' title='bbox 2715 2469 3068 2539; x_wconf 75' lang='lat' dir='ltr'><strong>cxspoliatnm</strong></span> <span class='ocrx_word' id='word_1_488' title='bbox 3101 2472 3406 2543; x_wconf 75' lang='lat' dir='ltr'><strong>episcopum</strong></span> <span class='ocrx_word' id='word_1_489' title='bbox 3464 2485 3762 2542; x_wconf 65' lang='lat' dir='ltr'><strong>prtcsumat</strong></span> 
     </span>
    </p>
   </div>
   <div class='ocr_carea' id='block_1_82' title="bbox 2177 2571 2665 2614">
    <p class='ocr_par' dir='ltr' id='par_1_82' title="bbox 2177 2571 2665 2614">
     <span class='ocr_line' id='line_1_82' title="bbox 2177 2571 2665 2614; baseline 0.006 -4"><span class='ocrx_word' id='word_1_490' title='bbox 2177 2571 2665 2614; x_wconf 65' lang='lat' dir='ltr'><strong>exrommumcare.</strong></span> 
     </span>
    </p>
   </div>
   <div class='ocr_carea' id='block_1_83' title="bbox 2248 2648 3766 2721">
    <p class='ocr_par' dir='ltr' id='par_1_83' title="bbox 2248 2648 3766 2721">
     <span class='ocr_line' id='line_1_83' title="bbox 2248 2648 3766 2721; baseline 0.007 -20"><span class='ocrx_word' id='word_1_491' title='bbox 2248 2648 2336 2702; x_wconf 67' lang='lat'><strong>49.</strong></span> <span class='ocrx_word' id='word_1_492' title='bbox 2378 2648 2510 2705; x_wconf 89' lang='lat' dir='ltr'><strong>ltem</strong></span> <span class='ocrx_word' id='word_1_493' title='bbox 2556 2661 2615 2705; x_wconf 92' lang='lat' dir='ltr'><strong>ut</strong></span> <span class='ocrx_word' id='word_1_494' title='bbox 2661 2653 2975 2721; x_wconf 80' lang='lat' dir='ltr'><strong>cxspoliatis</strong></span> <span class='ocrx_word' id='word_1_495' title='bbox 3002 2655 3180 2708; x_wconf 85' lang='lat' dir='ltr'><strong>omnia</strong></span> <span class='ocrx_word' id='word_1_496' title='bbox 3215 2655 3526 2720; x_wconf 88' lang='lat' dir='ltr'><strong>reddantur,</strong></span> <span class='ocrx_word' id='word_1_497' title='bbox 3558 2667 3612 2711; x_wconf 87' lang='lat' dir='ltr'><strong>et</strong></span> <span class='ocrx_word' id='word_1_498' title='bbox 3643 2667 3766 2712; x_wconf 85' lang='lat' dir='ltr'><strong>tan-</strong></span> 
     </span>
    </p>
   </div>
   <div class='ocr_carea' id='block_1_84' title="bbox 2182 2743 3762 2820">
    <p class='ocr_par' dir='ltr' id='par_1_84' title="bbox 2182 2743 3762 2820">
     <span class='ocr_line' id='line_1_84' title="bbox 2182 2743 3762 2820; baseline 0.004 -25"><span class='ocrx_word' id='word_1_499' title='bbox 2182 2749 2291 2796; x_wconf 90' lang='lat' dir='ltr'><strong>tum</strong></span> <span class='ocrx_word' id='word_1_500' title='bbox 2332 2743 2490 2814; x_wconf 89' lang='lat' dir='ltr'><strong>spatii</strong></span> <span class='ocrx_word' id='word_1_501' title='bbox 2516 2753 2716 2814; x_wconf 90' lang='lat' dir='ltr'><strong>quanto</strong></span> <span class='ocrx_word' id='word_1_502' title='bbox 2745 2747 3032 2816; x_wconf 75' lang='lat' dir='ltr'><strong>exspoliati</strong></span> <span class='ocrx_word' id='word_1_503' title='bbox 3071 2756 3196 2802; x_wconf 90' lang='lat' dir='ltr'><strong>sunt</strong></span> <span class='ocrx_word' id='word_1_504' title='bbox 3233 2748 3409 2814; x_wconf 89' lang='lat' dir='ltr'><strong>detur,</strong></span> <span class='ocrx_word' id='word_1_505' title='bbox 3467 2757 3762 2820; x_wconf 87' lang='lat' dir='ltr'><strong>antequam</strong></span> 
     </span>
    </p>
   </div>
   <div class='ocr_carea' id='block_1_85' title="bbox 2178 2833 2952 2905">
    <p class='ocr_par' dir='ltr' id='par_1_85' title="bbox 2178 2833 2952 2905">
     <span class='ocr_line' id='line_1_85' title="bbox 2178 2833 2952 2905; baseline 0.006 -19"><span class='ocrx_word' id='word_1_506' title='bbox 2178 2833 2246 2888; x_wconf 89' lang='lat' dir='ltr'><strong>ad</strong></span> <span class='ocrx_word' id='word_1_507' title='bbox 2283 2835 2546 2905; x_wconf 80' lang='lat' dir='ltr'><strong>synodum</strong></span> <span class='ocrx_word' id='word_1_508' title='bbox 2587 2845 2866 2892; x_wconf 88' lang='lat' dir='ltr'><strong>vocentur.</strong></span> <span class='ocrx_word' id='word_1_509' title='bbox 2941 2841 2952 2850; x_wconf 85' lang='lat'><strong><em>‘</em></strong></span> 
     </span>
    </p>
   </div>
   <div class='ocr_carea' id='block_1_86' title="bbox 2251 2926 3762 3002">
    <p class='ocr_par' dir='ltr' id='par_1_86' title="bbox 2251 2926 3762 3002">
     <span class='ocr_line' id='line_1_86' title="bbox 2251 2926 3762 3002; baseline 0.003 -22"><span class='ocrx_word' id='word_1_510' title='bbox 2251 2927 2338 2981; x_wconf 86' lang='grc'><strong>50.</strong></span> <span class='ocrx_word' id='word_1_511' title='bbox 2382 2926 2452 2982; x_wconf 84' lang='lat' dir='ltr'><strong>Ut</strong></span> <span class='ocrx_word' id='word_1_512' title='bbox 2489 2939 2774 2983; x_wconf 87' lang='lat' dir='ltr'><strong>accusatus</strong></span> <span class='ocrx_word' id='word_1_513' title='bbox 2815 2929 3054 3002; x_wconf 77' lang='lat' dir='ltr'><strong>legitime</strong></span> <span class='ocrx_word' id='word_1_514' title='bbox 3100 2929 3384 3002; x_wconf 85' lang='lat' dir='ltr'><strong>cpiscopus</strong></span> <span class='ocrx_word' id='word_1_515' title='bbox 3415 2939 3641 2986; x_wconf 83' lang='lat' dir='ltr'><strong>vocatus</strong></span> <span class='ocrx_word' id='word_1_516' title='bbox 3694 2932 3762 2984; x_wconf 91' lang='lat' dir='ltr'><strong>ad</strong></span> 
     </span>
    </p>
   </div>
   <div class='ocr_carea' id='block_1_87' title="bbox 2181 3020 3762 3092">
    <p class='ocr_par' dir='ltr' id='par_1_87' title="bbox 2181 3020 3762 3092">
     <span class='ocr_line' id='line_1_87' title="bbox 2181 3020 3762 3092; baseline 0.001 -19"><span class='ocrx_word' id='word_1_517' title='bbox 2181 3021 2448 3090; x_wconf 78' lang='lat' dir='ltr'><strong>synodum</strong></span> <span class='ocrx_word' id='word_1_518' title='bbox 2501 3021 2710 3086; x_wconf 88' lang='lat' dir='ltr'><strong>veniat;</strong></span> <span class='ocrx_word' id='word_1_519' title='bbox 2764 3020 2808 3076; x_wconf 91' lang='lat' dir='ltr'><strong>si</strong></span> <span class='ocrx_word' id='word_1_520' title='bbox 2854 3037 2958 3076; x_wconf 90' lang='lat' dir='ltr'><strong>non</strong></span> <span class='ocrx_word' id='word_1_521' title='bbox 3007 3029 3206 3090; x_wconf 67' lang='lat' dir='ltr'><strong>petest,</strong></span> <span class='ocrx_word' id='word_1_522' title='bbox 3261 3021 3490 3092; x_wconf 80' lang='lat' dir='ltr'><strong>legatum</strong></span> <span class='ocrx_word' id='word_1_523' title='bbox 3552 3037 3652 3092; x_wconf 89' lang='lat' dir='ltr'><strong>pro</strong></span> <span class='ocrx_word' id='word_1_524' title='bbox 3703 3037 3762 3075; x_wconf 87' lang='lat' dir='ltr'><strong>se</strong></span> 
     </span>
    </p>
   </div>
   <div class='ocr_carea' id='block_1_88' title="bbox 2105 3084 3758 3180">
    <p class='ocr_par' dir='ltr' id='par_1_88' title="bbox 2105 3084 3758 3180">
     <span class='ocr_line' id='line_1_88' title="bbox 2105 3084 3758 3180; baseline 0.002 -20"><span class='ocrx_word' id='word_1_525' title='bbox 2105 3084 2147 3144; x_wconf 58' lang='grc' dir='ltr'><strong>(ἶ</strong></span> <span class='ocrx_word' id='word_1_526' title='bbox 2183 3109 2402 3174; x_wconf 89' lang='lat' dir='ltr'><strong>mittat;</strong></span> <span class='ocrx_word' id='word_1_527' title='bbox 2449 3109 2562 3180; x_wconf 89' lang='lat' dir='ltr'><strong>ipse</strong></span> <span class='ocrx_word' id='word_1_528' title='bbox 2600 3125 2725 3164; x_wconf 89' lang='lat' dir='ltr'><strong>vero</strong></span> <span class='ocrx_word' id='word_1_529' title='bbox 2764 3126 2794 3164; x_wconf 90' lang='lat' dir='ltr'><strong>a</strong></span> <span class='ocrx_word' id='word_1_530' title='bbox 2832 3111 3212 3166; x_wconf 82' lang='lat' dir='ltr'><strong>communione</strong></span> <span class='ocrx_word' id='word_1_531' title='bbox 3250 3127 3351 3165; x_wconf 89' lang='lat' dir='ltr'><strong>non</strong></span> <span class='ocrx_word' id='word_1_532' title='bbox 3384 3110 3758 3180; x_wconf 81' lang='lat' dir='ltr'><strong>prohibeatur,</strong></span> 
     </span>
    </p>
   </div>
   <div class='ocr_carea' id='block_1_89' title="bbox 2179 3199 3536 3272">
    <p class='ocr_par' dir='ltr' id='par_1_89' title="bbox 2179 3199 3536 3272">
     <span class='ocr_line' id='line_1_89' title="bbox 2179 3199 3536 3272; baseline 0.003 -20"><span class='ocrx_word' id='word_1_533' title='bbox 2179 3199 2281 3255; x_wconf 90' lang='lat' dir='ltr'><strong>nisi</strong></span> <span class='ocrx_word' id='word_1_534' title='bbox 2315 3217 2408 3256; x_wconf 82' lang='lat' dir='ltr'><strong>sex</strong></span> <span class='ocrx_word' id='word_1_535' title='bbox 2448 3202 2530 3256; x_wconf 89' lang='lat' dir='ltr'><strong>vel</strong></span> <span class='ocrx_word' id='word_1_536' title='bbox 2563 3201 2744 3272; x_wconf 89' lang='lat' dir='ltr'><strong>plures</strong></span> <span class='ocrx_word' id='word_1_537' title='bbox 2787 3217 2996 3257; x_wconf 89' lang='lat' dir='ltr'><strong>menses</strong></span> <span class='ocrx_word' id='word_1_538' title='bbox 3029 3203 3218 3257; x_wconf 87' lang='lat' dir='ltr'><strong>venire</strong></span> <span class='ocrx_word' id='word_1_539' title='bbox 3251 3201 3536 3257; x_wconf 85' lang='lat' dir='ltr'><strong>distulerit.</strong></span> 
     </span>
    </p>
   </div>
   <div class='ocr_carea' id='block_1_90' title="bbox 2254 3290 3760 3362">
    <p class='ocr_par' dir='ltr' id='par_1_90' title="bbox 2254 3290 3760 3362">
     <span class='ocr_line' id='line_1_90' title="bbox 2254 3290 3760 3362; baseline 0.002 -17"><span class='ocrx_word' id='word_1_540' title='bbox 2254 3291 2338 3346; x_wconf 83' lang='lat' dir='ltr'><strong>5t.</strong></span> <span class='ocrx_word' id='word_1_541' title='bbox 2379 3290 2631 3358; x_wconf 81' lang='lat' dir='ltr'><strong>Utjudex</strong></span> <span class='ocrx_word' id='word_1_542' title='bbox 2662 3306 2787 3347; x_wconf 86' lang='lat' dir='ltr'><strong>ante</strong></span> <span class='ocrx_word' id='word_1_543' title='bbox 2815 3309 2964 3346; x_wconf 88' lang='lat' dir='ltr'><strong>suam</strong></span> <span class='ocrx_word' id='word_1_544' title='bbox 2997 3309 3102 3346; x_wconf 87' lang='lat' dir='ltr'><strong>non</strong></span> <span class='ocrx_word' id='word_1_545' title='bbox 3161 3293 3398 3362; x_wconf 87' lang='lat' dir='ltr'><strong>proferat</strong></span> <span class='ocrx_word' id='word_1_546' title='bbox 3431 3293 3760 3347; x_wconf 72' lang='lat' dir='ltr'><strong>sententiam</strong></span> 
     </span>
    </p>
   </div>
   <div class='ocr_carea' id='block_1_91' title="bbox 2179 3385 3760 3455">
    <p class='ocr_par' dir='ltr' id='par_1_91' title="bbox 2179 3385 3760 3455">
     <span class='ocr_line' id='line_1_91' title="bbox 2179 3385 3760 3455; baseline 0.005 -21"><span class='ocrx_word' id='word_1_547' title='bbox 2179 3397 2367 3451; x_wconf 89' lang='lat' dir='ltr'><strong>quam,</strong></span> <span class='ocrx_word' id='word_1_548' title='bbox 2406 3385 2640 3453; x_wconf 87' lang='lat' dir='ltr'><strong>peractis</strong></span> <span class='ocrx_word' id='word_1_549' title='bbox 2679 3400 2797 3454; x_wconf 78' lang='lat' dir='ltr'><strong>qua:</strong></span> <span class='ocrx_word' id='word_1_550' title='bbox 2828 3385 2880 3438; x_wconf 93' lang='lat' dir='ltr'><strong>in</strong></span> <span class='ocrx_word' id='word_1_551' title='bbox 2917 3385 3210 3455; x_wconf 72' lang='lat' dir='ltr'><strong>quaestione</strong></span> <span class='ocrx_word' id='word_1_552' title='bbox 3249 3395 3392 3451; x_wconf 90' lang='lat' dir='ltr'><strong>sunt,</strong></span> <span class='ocrx_word' id='word_1_553' title='bbox 3435 3385 3500 3440; x_wconf 86' lang='lat' dir='ltr'><strong>ad</strong></span> <span class='ocrx_word' id='word_1_554' title='bbox 3549 3387 3626 3440; x_wconf 88' lang='lat' dir='ltr'><strong>rei</strong></span> <span class='ocrx_word' id='word_1_555' title='bbox 3671 3403 3760 3442; x_wconf 88' lang='lat' dir='ltr'><strong>ve-</strong></span> 
     </span>
    </p>
   </div>
   <div class='ocr_carea' id='block_1_92' title="bbox 2181 3473 3758 3545">
    <p class='ocr_par' dir='ltr' id='par_1_92' title="bbox 2181 3473 3758 3545">
     <span class='ocr_line' id='line_1_92' title="bbox 2181 3473 3758 3545; baseline 0.001 -20"><span class='ocrx_word' id='word_1_556' title='bbox 2181 3473 2394 3529; x_wconf 89' lang='lat' dir='ltr'><strong>ritatem</strong></span> <span class='ocrx_word' id='word_1_557' title='bbox 2427 3475 2797 3544; x_wconf 79' lang='lat' dir='ltr'><strong>perveniatur,</strong></span> <span class='ocrx_word' id='word_1_558' title='bbox 2823 3484 2878 3530; x_wconf 89' lang='lat' dir='ltr'><strong>et</strong></span> <span class='ocrx_word' id='word_1_559' title='bbox 2915 3475 3142 3544; x_wconf 72' lang='lat' dir='ltr'><strong>inducite</strong></span> <span class='ocrx_word' id='word_1_560' title='bbox 3187 3490 3290 3530; x_wconf 88' lang='lat' dir='ltr'><strong>non</strong></span> <span class='ocrx_word' id='word_1_561' title='bbox 3330 3489 3507 3545; x_wconf 66' lang='lat' dir='ltr'><strong>parvae</strong></span> <span class='ocrx_word' id='word_1_562' title='bbox 3561 3475 3626 3528; x_wconf 91' lang='lat' dir='ltr'><strong>ad</strong></span> <span class='ocrx_word' id='word_1_563' title='bbox 3670 3475 3758 3528; x_wconf 90' lang='lat' dir='ltr'><strong>in-</strong></span> 
     </span>
    </p>
   </div>
   <div class='ocr_carea' id='block_1_93' title="bbox 2179 3564 2754 3631">
    <p class='ocr_par' dir='ltr' id='par_1_93' title="bbox 2179 3564 2754 3631">
     <span class='ocr_line' id='line_1_93' title="bbox 2179 3564 2754 3631; baseline 0.007 -15"><span class='ocrx_word' id='word_1_564' title='bbox 2179 3564 2502 3631; x_wconf 85' lang='lat' dir='ltr'><strong>quirendum</strong></span> <span class='ocrx_word' id='word_1_565' title='bbox 2543 3566 2754 3620; x_wconf 88' lang='lat' dir='ltr'><strong>dentur.</strong></span> 
     </span>
    </p>
   </div>
   <div class='ocr_carea' id='block_1_94' title="bbox 2243 3655 3758 3726">
    <p class='ocr_par' dir='ltr' id='par_1_94' title="bbox 2243 3655 3758 3726">
     <span class='ocr_line' id='line_1_94' title="bbox 2243 3655 3758 3726; baseline 0.002 -16"><span class='ocrx_word' id='word_1_566' title='bbox 2243 3655 2330 3710; x_wconf 58' lang='lat'><strong>5*2.</strong></span> <span class='ocrx_word' id='word_1_567' title='bbox 2373 3656 2442 3711; x_wconf 83' lang='lat' dir='ltr'><strong>Ut</strong></span> <span class='ocrx_word' id='word_1_568' title='bbox 2465 3655 2660 3711; x_wconf 90' lang='lat' dir='ltr'><strong>nullius</strong></span> <span class='ocrx_word' id='word_1_569' title='bbox 2689 3659 2964 3713; x_wconf 81' lang='lat' dir='ltr'><strong>accusatio</strong></span> <span class='ocrx_word' id='word_1_570' title='bbox 2989 3657 3070 3714; x_wconf 91' lang='lat' dir='ltr'><strong>vel</strong></span> <span class='ocrx_word' id='word_1_571' title='bbox 3101 3659 3465 3713; x_wconf 89' lang='lat' dir='ltr'><strong>testimon&#39;um</strong></span> <span class='ocrx_word' id='word_1_572' title='bbox 3498 3673 3592 3726; x_wconf 87' lang='lat' dir='ltr'><strong>per</strong></span> <span class='ocrx_word' id='word_1_573' title='bbox 3621 3662 3758 3714; x_wconf 79' lang='lat' dir='ltr'><strong>scri-</strong></span> 
     </span>
    </p>
   </div>
   <div class='ocr_carea' id='block_1_95' title="bbox 2179 3749 3758 3820">
    <p class='ocr_par' dir='ltr' id='par_1_95' title="bbox 2179 3749 3758 3820">
     <span class='ocr_line' id='line_1_95' title="bbox 2179 3749 3758 3820; baseline 0.003 -21"><span class='ocrx_word' id='word_1_574' title='bbox 2179 3755 2324 3814; x_wconf 87' lang='lat' dir='ltr'><strong>ptmn</strong></span> <span class='ocrx_word' id='word_1_575' title='bbox 2358 3749 2670 3816; x_wconf 83' lang='lat' dir='ltr'><strong>recipiatur,</strong></span> <span class='ocrx_word' id='word_1_576' title='bbox 2709 3751 2801 3804; x_wconf 90' lang='lat' dir='ltr'><strong>sed</strong></span> <span class='ocrx_word' id='word_1_577' title='bbox 2837 3751 3052 3820; x_wconf 88' lang='lat' dir='ltr'><strong>propria</strong></span> <span class='ocrx_word' id='word_1_578' title='bbox 3082 3767 3234 3817; x_wconf 89' lang='lat' dir='ltr'><strong>voce,</strong></span> <span class='ocrx_word' id='word_1_579' title='bbox 3267 3759 3532 3820; x_wconf 72' lang='lat' dir='ltr'><strong>prtesente</strong></span> <span class='ocrx_word' id='word_1_580' title='bbox 3571 3763 3636 3804; x_wconf 87' lang='lat' dir='ltr'><strong>eo</strong></span> <span class='ocrx_word' id='word_1_581' title='bbox 3667 3752 3758 3819; x_wconf 85' lang='lat' dir='ltr'><strong>qui</strong></span> 
     </span>
    </p>
   </div>
   <div class='ocr_carea' id='block_1_96' title="bbox 2177 3839 2438 3906">
    <p class='ocr_par' dir='ltr' id='par_1_96' title="bbox 2177 3839 2438 3906">
     <span class='ocr_line' id='line_1_96' title="bbox 2177 3839 2438 3906; baseline 0.011 -15"><span class='ocrx_word' id='word_1_582' title='bbox 2177 3839 2438 3906; x_wconf 87' lang='lat' dir='ltr'><strong>pulsatur.</strong></span> 
     </span>
    </p>
   </div>
   <div class='ocr_carea' id='block_1_97' title="bbox 2247 3929 3756 4002">
    <p class='ocr_par' dir='ltr' id='par_1_97' title="bbox 2247 3929 3756 4002">
     <span class='ocr_line' id='line_1_97' title="bbox 2247 3929 3756 4002; baseline 0.005 -20"><span class='ocrx_word' id='word_1_583' title='bbox 2247 3929 2335 3983; x_wconf 92' lang='grc'><strong>55.</strong></span> <span class='ocrx_word' id='word_1_584' title='bbox 2384 3932 2449 3986; x_wconf 90' lang='lat' dir='ltr'><strong>Ut</strong></span> <span class='ocrx_word' id='word_1_585' title='bbox 2481 3947 2733 4002; x_wconf 85' lang='lat' dir='ltr'><strong>persona,</strong></span> <span class='ocrx_word' id='word_1_586' title='bbox 2761 3932 2911 3998; x_wconf 84' lang='lat' dir='ltr'><strong>ﬁdes,</strong></span> <span class='ocrx_word' id='word_1_587' title='bbox 2938 3943 2992 3988; x_wconf 89' lang='lat' dir='ltr'><strong>et</strong></span> <span class='ocrx_word' id='word_1_588' title='bbox 3015 3933 3354 3989; x_wconf 84' lang='lat' dir='ltr'><strong>conversatio</strong></span> <span class='ocrx_word' id='word_1_589' title='bbox 3382 3935 3756 3990; x_wconf 84' lang='lat' dir='ltr'><strong>accusantium</strong></span> 
     </span>
    </p>
   </div>
   <div class='ocr_carea' id='block_1_98' title="bbox 2179 4019 3444 4095">
    <p class='ocr_par' dir='ltr' id='par_1_98' title="bbox 2179 4019 3444 4095">
     <span class='ocr_line' id='line_1_98' title="bbox 2179 4019 3444 4095; baseline 0.005 -23"><span class='ocrx_word' id='word_1_590' title='bbox 2179 4019 2386 4075; x_wconf 87' lang='lat' dir='ltr'><strong>Domini</strong></span> <span class='ocrx_word' id='word_1_591' title='bbox 2421 4026 2730 4078; x_wconf 83' lang='lat' dir='ltr'><strong>sacerdotes</strong></span> <span class='ocrx_word' id='word_1_592' title='bbox 2758 4025 3044 4095; x_wconf 79' lang='lat' dir='ltr'><strong>diligenter</strong></span> <span class='ocrx_word' id='word_1_593' title='bbox 3069 4027 3444 4094; x_wconf 73' lang='lat' dir='ltr'><strong>exquiruntur.</strong></span> 
     </span>
    </p>
   </div>
   <div class='ocr_carea' id='block_1_99' title="bbox 2247 4110 3758 4185">
    <p class='ocr_par' dir='ltr' id='par_1_99' title="bbox 2247 4110 3758 4185">
     <span class='ocr_line' id='line_1_99' title="bbox 2247 4110 3758 4185; baseline 0.003 -21"><span class='ocrx_word' id='word_1_594' title='bbox 2247 4110 2334 4164; x_wconf 72' lang='grc'><strong>54.</strong></span> <span class='ocrx_word' id='word_1_595' title='bbox 2373 4112 2524 4179; x_wconf 87' lang='lat' dir='ltr'><strong>Quod</strong></span> <span class='ocrx_word' id='word_1_596' title='bbox 2569 4123 2910 4170; x_wconf 85' lang='lat' dir='ltr'><strong>accusatores</strong></span> <span class='ocrx_word' id='word_1_597' title='bbox 2959 4117 3102 4169; x_wconf 90' lang='lat' dir='ltr'><strong>omni</strong></span> <span class='ocrx_word' id='word_1_598' title='bbox 3153 4115 3456 4185; x_wconf 89' lang='lat' dir='ltr'><strong>suspicione</strong></span> <span class='ocrx_word' id='word_1_599' title='bbox 3507 4122 3564 4169; x_wconf 88' lang='lat' dir='ltr'><strong>et</strong></span> <span class='ocrx_word' id='word_1_600' title='bbox 3617 4115 3758 4169; x_wconf 83' lang='lat' dir='ltr'><strong>infa-</strong></span> 
     </span>
    </p>
   </div>
   <div class='ocr_carea' id='block_1_100' title="bbox 2178 4201 3758 4271">
    <p class='ocr_par' dir='ltr' id='par_1_100' title="bbox 2178 4201 3758 4271">
     <span class='ocr_line' id='line_1_100' title="bbox 2178 4201 3758 4271; baseline 0.002 -15"><span class='ocrx_word' id='word_1_601' title='bbox 2178 4201 2284 4257; x_wconf 87' lang='lat' dir='ltr'><strong>mia</strong></span> <span class='ocrx_word' id='word_1_602' title='bbox 2323 4219 2512 4260; x_wconf 87' lang='lat' dir='ltr'><strong>carere</strong></span> <span class='ocrx_word' id='word_1_603' title='bbox 2537 4245 2552 4271; x_wconf 95' lang='lat'><strong>,</strong></span> <span class='ocrx_word' id='word_1_604' title='bbox 2593 4217 2648 4260; x_wconf 90' lang='lat' dir='ltr'><strong>et</strong></span> <span class='ocrx_word' id='word_1_605' title='bbox 2685 4217 2845 4261; x_wconf 71' lang='lat' dir='ltr'><strong>recta:</strong></span> <span class='ocrx_word' id='word_1_606' title='bbox 2887 4207 3010 4260; x_wconf 88' lang='lat' dir='ltr'><strong>lidci</strong></span> <span class='ocrx_word' id='word_1_607' title='bbox 3063 4213 3118 4260; x_wconf 87' lang='lat' dir='ltr'><strong>et</strong></span> <span class='ocrx_word' id='word_1_608' title='bbox 3164 4207 3316 4261; x_wconf 69' lang='lat' dir='ltr'><strong>bona:</strong></span> <span class='ocrx_word' id='word_1_609' title='bbox 3357 4205 3479 4259; x_wconf 80' lang='lat' dir='ltr'><strong>vit-.e</strong></span> <span class='ocrx_word' id='word_1_610' title='bbox 3517 4221 3638 4260; x_wconf 88' lang='lat' dir='ltr'><strong>esse</strong></span> <span class='ocrx_word' id='word_1_611' title='bbox 3667 4206 3758 4259; x_wconf 84' lang='lat' dir='ltr'><strong>de-</strong></span> 
     </span>
    </p>
   </div>
   <div class='ocr_carea' id='block_1_101' title="bbox 2177 4295 2326 4348">
    <p class='ocr_par' dir='ltr' id='par_1_101' title="bbox 2177 4295 2326 4348">
     <span class='ocr_line' id='line_1_101' title="bbox 2177 4295 2326 4348; baseline 0 0"><span class='ocrx_word' id='word_1_612' title='bbox 2177 4295 2326 4348; x_wconf 89' lang='lat' dir='ltr'><strong>hent.</strong></span> 
     </span>
    </p>
   </div>
   <div class='ocr_carea' id='block_1_102' title="bbox 2250 4386 3756 4459">
    <p class='ocr_par' dir='ltr' id='par_1_102' title="bbox 2250 4386 3756 4459">
     <span class='ocr_line' id='line_1_102' title="bbox 2250 4386 3756 4459; baseline 0.001 -19"><span class='ocrx_word' id='word_1_613' title='bbox 2250 4386 2336 4440; x_wconf 82' lang='grc'><strong>55.</strong></span> <span class='ocrx_word' id='word_1_614' title='bbox 2381 4387 2445 4442; x_wconf 91' lang='lat' dir='ltr'><strong>Ut</strong></span> <span class='ocrx_word' id='word_1_615' title='bbox 2476 4404 2539 4443; x_wconf 90' lang='lat' dir='ltr'><strong>ea</strong></span> <span class='ocrx_word' id='word_1_616' title='bbox 2581 4403 2702 4459; x_wconf 68' lang='lat' dir='ltr'><strong>qua:</strong></span> <span class='ocrx_word' id='word_1_617' title='bbox 2743 4389 3001 4445; x_wconf 83' lang='lat' dir='ltr'><strong>adversus</strong></span> <span class='ocrx_word' id='word_1_618' title='bbox 3046 4391 3296 4444; x_wconf 85' lang='lat' dir='ltr'><strong>absentes</strong></span> <span class='ocrx_word' id='word_1_619' title='bbox 3333 4397 3589 4459; x_wconf 85' lang='lat' dir='ltr'><strong>aguntur,</strong></span> <span class='ocrx_word' id='word_1_620' title='bbox 3633 4402 3756 4442; x_wconf 78' lang='lat' dir='ltr'><strong>eva-</strong></span> 
     </span>
    </p>
   </div>
   <div class='ocr_carea' id='block_1_103' title="bbox 2180 4488 2428 4533">
    <p class='ocr_par' dir='ltr' id='par_1_103' title="bbox 2180 4488 2428 4533">
     <span class='ocr_line' id='line_1_103' title="bbox 2180 4488 2428 4533; baseline 0.004 -1"><span class='ocrx_word' id='word_1_621' title='bbox 2180 4488 2428 4533; x_wconf 82' lang='lat' dir='ltr'><strong>enentur.</strong></span> 
     </span>
    </p>
   </div>
   <div class='ocr_carea' id='block_1_104' title="bbox 2249 4568 3756 4638">
    <p class='ocr_par' dir='ltr' id='par_1_104' title="bbox 2249 4568 3756 4638">
     <span class='ocr_line' id='line_1_104' title="bbox 2249 4568 3756 4638; baseline 0 -16"><span class='ocrx_word' id='word_1_622' title='bbox 2249 4568 2336 4622; x_wconf 85' lang='grc'><strong>56.</strong></span> <span class='ocrx_word' id='word_1_623' title='bbox 2375 4571 2440 4624; x_wconf 92' lang='lat' dir='ltr'><strong>Ut</strong></span> <span class='ocrx_word' id='word_1_624' title='bbox 2471 4569 2754 4626; x_wconf 88' lang='lat' dir='ltr'><strong>inferiores</strong></span> <span class='ocrx_word' id='word_1_625' title='bbox 2775 4571 2962 4626; x_wconf 89' lang='lat' dir='ltr'><strong>ordine</strong></span> <span class='ocrx_word' id='word_1_626' title='bbox 2991 4585 3100 4625; x_wconf 90' lang='lat' dir='ltr'><strong>non</strong></span> <span class='ocrx_word' id='word_1_627' title='bbox 3130 4578 3386 4625; x_wconf 83' lang='lat' dir='ltr'><strong>accusent</strong></span> <span class='ocrx_word' id='word_1_628' title='bbox 3425 4569 3756 4638; x_wconf 84' lang='lat' dir='ltr'><strong>superiores,</strong></span> 
     </span>
    </p>
   </div>
   <div class='ocr_carea' id='block_1_105' title="bbox 2179 4657 3758 4722">
    <p class='ocr_par' dir='ltr' id='par_1_105' title="bbox 2179 4657 3758 4722">
     <span class='ocr_line' id='line_1_105' title="bbox 2179 4657 3758 4722; baseline -0.001 -8"><span class='ocrx_word' id='word_1_629' title='bbox 2179 4669 2233 4714; x_wconf 89' lang='lat' dir='ltr'><strong>et</strong></span> <span class='ocrx_word' id='word_1_630' title='bbox 2279 4659 2330 4713; x_wconf 92' lang='lat' dir='ltr'><strong>in</strong></span> <span class='ocrx_word' id='word_1_631' title='bbox 2365 4675 2423 4714; x_wconf 85' lang='lat' dir='ltr'><strong>re</strong></span> <span class='ocrx_word' id='word_1_632' title='bbox 2461 4659 2622 4714; x_wconf 85' lang='lat' dir='ltr'><strong>dubia</strong></span> <span class='ocrx_word' id='word_1_633' title='bbox 2663 4670 2812 4715; x_wconf 86' lang='lat' dir='ltr'><strong>certa</strong></span> <span class='ocrx_word' id='word_1_634' title='bbox 2839 4675 2943 4714; x_wconf 91' lang='lat' dir='ltr'><strong>non</strong></span> <span class='ocrx_word' id='word_1_635' title='bbox 2969 4661 3127 4715; x_wconf 87' lang='lat' dir='ltr'><strong>detur</strong></span> <span class='ocrx_word' id='word_1_636' title='bbox 3154 4657 3440 4722; x_wconf 86' lang='lat' dir='ltr'><strong>sententia,</strong></span> <span class='ocrx_word' id='word_1_637' title='bbox 3483 4668 3538 4712; x_wconf 86' lang='lat' dir='ltr'><strong>et</strong></span> <span class='ocrx_word' id='word_1_638' title='bbox 3559 4659 3758 4713; x_wconf 88' lang='lat' dir='ltr'><strong>absens</strong></span> 
     </span>
    </p>
   </div>
   <div class='ocr_carea' id='block_1_106' title="bbox 2182 4750 2656 4820">
    <p class='ocr_par' dir='ltr' id='par_1_106' title="bbox 2182 4750 2656 4820">
     <span class='ocr_line' id='line_1_106' title="bbox 2182 4750 2656 4820; baseline 0.004 -19"><span class='ocrx_word' id='word_1_639' title='bbox 2182 4764 2342 4803; x_wconf 85' lang='lat' dir='ltr'><strong>nemo</strong></span> <span class='ocrx_word' id='word_1_640' title='bbox 2363 4750 2656 4820; x_wconf 88' lang='lat' dir='ltr'><strong>judicetur.</strong></span> 
     </span>
    </p>
   </div>
   <div class='ocr_carea' id='block_1_107' title="bbox 2248 4838 3760 4910">
    <p class='ocr_par' dir='ltr' id='par_1_107' title="bbox 2248 4838 3760 4910">
     <span class='ocr_line' id='line_1_107' title="bbox 2248 4838 3760 4910; baseline -0.001 -18"><span class='ocrx_word' id='word_1_641' title='bbox 2248 4839 2336 4893; x_wconf 87' lang='grc'><strong>57.</strong></span> <span class='ocrx_word' id='word_1_642' title='bbox 2365 4840 2439 4895; x_wconf 89' lang='lat' dir='ltr'><strong>De</strong></span> <span class='ocrx_word' id='word_1_643' title='bbox 2475 4841 2558 4895; x_wconf 89' lang='lat' dir='ltr'><strong>his</strong></span> <span class='ocrx_word' id='word_1_644' title='bbox 2585 4841 2676 4910; x_wconf 93' lang='lat' dir='ltr'><strong>qui</strong></span> <span class='ocrx_word' id='word_1_645' title='bbox 2703 4855 2809 4896; x_wconf 66' lang='lat' dir='ltr'><strong>non</strong></span> <span class='ocrx_word' id='word_1_646' title='bbox 2837 4851 3060 4910; x_wconf 82' lang='lat' dir='ltr'><strong>possunt</strong></span> <span class='ocrx_word' id='word_1_647' title='bbox 3084 4853 3344 4896; x_wconf 88' lang='lat' dir='ltr'><strong>accusare</strong></span> <span class='ocrx_word' id='word_1_648' title='bbox 3369 4838 3678 4908; x_wconf 87' lang='lat' dir='ltr'><strong>episcopos,</strong></span> <span class='ocrx_word' id='word_1_649' title='bbox 3707 4847 3760 4893; x_wconf 91' lang='lat' dir='ltr'><strong>et</strong></span> 
     </span>
    </p>
   </div>
   <div class='ocr_carea' id='block_1_108' title="bbox 2179 4929 3758 5000">
    <p class='ocr_par' dir='ltr' id='par_1_108' title="bbox 2179 4929 3758 5000">
     <span class='ocr_line' id='line_1_108' title="bbox 2179 4929 3758 5000; baseline -0.003 -17"><span class='ocrx_word' id='word_1_650' title='bbox 2179 4929 2318 4998; x_wconf 88' lang='lat' dir='ltr'><strong>quod</strong></span> <span class='ocrx_word' id='word_1_651' title='bbox 2359 4945 2466 4984; x_wconf 91' lang='lat' dir='ltr'><strong>non</strong></span> <span class='ocrx_word' id='word_1_652' title='bbox 2517 4930 2748 4985; x_wconf 65' lang='lat' dir='ltr'><strong>debeant</strong></span> <span class='ocrx_word' id='word_1_653' title='bbox 2800 4930 3038 5000; x_wconf 87' lang='lat' dir='ltr'><strong>episcopi</strong></span> <span class='ocrx_word' id='word_1_654' title='bbox 3093 4939 3218 4985; x_wconf 87' lang='lat' dir='ltr'><strong>ante</strong></span> <span class='ocrx_word' id='word_1_655' title='bbox 3275 4929 3758 4998; x_wconf 79' lang='lat' dir='ltr'><strong>reintegrationcm</strong></span> 
     </span>
    </p>
   </div>
   <div class='ocr_carea' id='block_1_109' title="bbox 2177 5019 3576 5091">
    <p class='ocr_par' dir='ltr' id='par_1_109' title="bbox 2177 5019 3576 5091">
     <span class='ocr_line' id='line_1_109' title="bbox 2177 5019 3576 5091; baseline -0.004 -14"><span class='ocrx_word' id='word_1_656' title='bbox 2177 5021 2414 5077; x_wconf 90' lang='lat' dir='ltr'><strong>omnium</strong></span> <span class='ocrx_word' id='word_1_657' title='bbox 2437 5035 2618 5076; x_wconf 90' lang='lat' dir='ltr'><strong>rerum</strong></span> <span class='ocrx_word' id='word_1_658' title='bbox 2643 5037 2860 5076; x_wconf 86' lang='lat' dir='ltr'><strong>suarum</strong></span> <span class='ocrx_word' id='word_1_659' title='bbox 2894 5022 2960 5076; x_wconf 87' lang='lat' dir='ltr'><strong>ad</strong></span> <span class='ocrx_word' id='word_1_660' title='bbox 2980 5021 3193 5091; x_wconf 81' lang='lat' dir='ltr'><strong>oojecta</strong></span> <span class='ocrx_word' id='word_1_661' title='bbox 3231 5019 3576 5088; x_wconf 83' lang='lat' dir='ltr'><strong>respondere.</strong></span> 
     </span>
    </p>
   </div>
   <div class='ocr_carea' id='block_1_110' title="bbox 2245 5111 3752 5180">
    <p class='ocr_par' dir='ltr' id='par_1_110' title="bbox 2245 5111 3752 5180">
     <span class='ocr_line' id='line_1_110' title="bbox 2245 5111 3752 5180; baseline -0.003 -11"><span class='ocrx_word' id='word_1_662' title='bbox 2245 5113 2334 5169; x_wconf 85' lang='grc'><strong>58.</strong></span> <span class='ocrx_word' id='word_1_663' title='bbox 2369 5113 2439 5170; x_wconf 90' lang='lat' dir='ltr'><strong>Ut</strong></span> <span class='ocrx_word' id='word_1_664' title='bbox 2487 5128 2586 5169; x_wconf 83' lang='lat' dir='ltr'><strong>nec</strong></span> <span class='ocrx_word' id='word_1_665' title='bbox 2630 5114 2750 5168; x_wconf 88' lang='lat' dir='ltr'><strong>falsi</strong></span> <span class='ocrx_word' id='word_1_666' title='bbox 2777 5129 2877 5170; x_wconf 90' lang='lat' dir='ltr'><strong>nec</strong></span> <span class='ocrx_word' id='word_1_667' title='bbox 2907 5113 3110 5169; x_wconf 86' lang='lat' dir='ltr'><strong>inimici</strong></span> <span class='ocrx_word' id='word_1_668' title='bbox 3153 5129 3251 5170; x_wconf 90' lang='lat' dir='ltr'><strong>nec</strong></span> <span class='ocrx_word' id='word_1_669' title='bbox 3298 5111 3530 5180; x_wconf 88' lang='lat' dir='ltr'><strong>suspecti</strong></span> <span class='ocrx_word' id='word_1_670' title='bbox 3579 5111 3752 5167; x_wconf 81' lang='lat' dir='ltr'><strong>susci-</strong></span> 
     </span>
    </p>
   </div>
   <div class='ocr_carea' id='block_1_111' title="bbox 2173 5207 2864 5277">
    <p class='ocr_par' dir='ltr' id='par_1_111' title="bbox 2173 5207 2864 5277">
     <span class='ocr_line' id='line_1_111' title="bbox 2173 5207 2864 5277; baseline 0.001 -17"><span class='ocrx_word' id='word_1_671' title='bbox 2173 5207 2392 5277; x_wconf 78' lang='lat' dir='ltr'><strong>piantur</strong></span> <span class='ocrx_word' id='word_1_672' title='bbox 2419 5207 2470 5260; x_wconf 91' lang='lat' dir='ltr'><strong>in</strong></span> <span class='ocrx_word' id='word_1_673' title='bbox 2503 5207 2864 5261; x_wconf 71' lang='lat' dir='ltr'><strong>achsatione.</strong></span> 
     </span>
    </p>
   </div>
   <div class='ocr_carea' id='block_1_112' title="bbox 2252 5296 2629 5330">
    <p class='ocr_par' dir='ltr' id='par_1_112' title="bbox 2252 5296 2629 5330">
     <span class='ocr_line' id='line_1_112' title="bbox 2252 5296 2629 5330; baseline 0.008 -3"><span class='ocrx_word' id='word_1_674' title='bbox 2252 5298 2316 5330; x_wconf 61' lang='grc' dir='ltr'><strong>ΕΟ</strong></span> <span class='ocrx_word' id='word_1_675' title='bbox 2365 5296 2428 5330; x_wconf 71' lang='lat' dir='ltr'><strong>lit</strong></span> <span class='ocrx_word' id='word_1_676' title='bbox 2463 5296 2514 5330; x_wconf 77' lang='grc' dir='ltr'><strong>1ιῖ</strong></span> <span class='ocrx_word' id='word_1_677' title='bbox 2541 5297 2629 5330; x_wconf 72' lang='lat' dir='ltr'><strong>nni</strong></span> 
     </span>
    </p>
   </div>
   <div class='ocr_carea' id='block_1_113' title="bbox 2661 5294 3754 5330">
    <p class='ocr_par' dir='ltr' id='par_1_113' title="bbox 2661 5294 3754 5330">
     <span class='ocr_line' id='line_1_113' title="bbox 2661 5294 3754 5330; baseline 0 0"><span class='ocrx_word' id='word_1_678' title='bbox 2661 5297 2926 5330; x_wconf 53' lang='lat' dir='ltr'><strong>nnicnnnic</strong></span> <span class='ocrx_word' id='word_1_679' title='bbox 2962 5296 3188 5330; x_wconf 51' lang='lat' dir='ltr'><strong>nni-nino</strong></span> <span class='ocrx_word' id='word_1_680' title='bbox 3232 5294 3524 5330; x_wconf 71' lang='lat' dir='ltr'><strong>imninnnnl</strong></span> <span class='ocrx_word' id='word_1_681' title='bbox 3583 5307 3676 5330; x_wconf 63' lang='lat' dir='ltr'><strong>nar</strong></span> <span class='ocrx_word' id='word_1_682' title='bbox 3699 5305 3754 5330; x_wconf 62' lang='grc' dir='ltr'><strong>εει</strong></span> 
     </span>
    </p>
   </div>
  </div>
