4018 5330
271 317 367 374 497

1325 319 1706 376 COLLECTIO
1745 320 2112 378 CONONICA.
2151 349 2221 360 ο·-
2259 320 2388 378 LIB.
2420 321 2504 376 lll.

3427 326 3532 384 £98

272 443 416 497 tiam,
443 444 526 486 vei
555 429 756 502 passim
791 427 950 484 dictis
989 427 1318 484 credendum
1351 431 1430 486 vel
1463 429 1836 500 judicandum,
1873 443 1916 498 Α
2015 434 2104 488 86.
2141 433 2212 488 De
2243 433 2530 488 accusandi
2563 432 2993 504 testificandique
3019 434 3258 499 licentia,
3292 437 3530 506 quando,

269 538 356 576 aut
381 521 740 577 damnandum
783 538 1108 592 quemquam
1153 533 1278 578 ante
1323 539 1504 580 veram
1551 535 1604 580 et
1640 525 1844 596 justam

269 618 652 686 probationem.

332 709 417 763 6’2.
455 707 524 764 Ut
555 707 688 762 nihil
721 717 908 762 contra
957 707 1250 777 quemlibet
1289 719 1598 764 accusatum
1647 711 1848 780 absque

267 799 500 872 legitimo
535 807 856 854 accusatore
887 799 1003 854 fiat.

329 890 414 942 63.
446 889 600 956 Quod
624 903 906 948 accusatus
937 893 1222 962 episcopus
1269 907 1375 946 non
1425 893 1714 946 damnetur
1741 891 1846 946 nisi

265 979 552 1049 apostolica
615 985 936 1039 auctoritate
993 993 1082 1036 aut
1139 981 1418 1038 confersus
1451 991 1542 1036 aut
1589 983 1848 1038 muouice

266 1069 555 1125 convictus.

328 1158 414 1214 61.
451 1159 526 1213 De
553 1162 744 1216 eadem
773 1177 854 1227 re,
877 1171 932 1218 et
965 1161 1032 1218 de
1070 1178 1295 1216 numero
1327 1161 1574 1232 legalium
1603 1164 1842 1217 testium.

325 1247 414 1302 65.
447 1248 600 1316 Quod
633 1251 887 1306 sacerdos
911 1267 1014 1308 non
1041 1251 1200 1306 debet
1244 1251 1490 1320 judicare
1518 1265 1842 1322 quamquam

263 1341 358 1398 nisi
389 1343 702 1400 confessum
731 1355 824 1398 aut
852 1345 1182 1400 convictum.

323 1433 412 1488 66.
469 1434 542 1488 De
588 1435 1074 1492 excominuuicatis
1133 1434 1274 1504 apud
1329 1434 1534 1490 vicinos
1566 1433 1848 1504 episcopos

264 1525 566 1580 audiendis.

329 1615 418 1670 67.
458 1615 610 1682 Quod
661 1617 936 1670 damnatio
965 1615 1048 1670 vel
1094 1615 1364 1670 absolutio
1409 1617 1526 1686 ejus
1557 1617 1708 1670 irrita
1739 1627 1842 1684 est,

261 1709 414 1776 cujus
457 1724 620 1764 causa
659 1725 766 1762 non
815 1719 900 1764 est
933 1709 1202 1764 subtiliter
1231 1709 1564 1774 exaruiuata,
1607 1717 1664 1764 et
1703 1711 1846 1779 quod

1947 535 2002 580 et
2033 525 2144 590 ubi,
2183 535 2236 579 et
2259 525 2544 594 quomodo.

2017 615 2104 669 87.
2133 613 2618 670 Commonitorium
2659 629 2810 686 papa:
2857 617 3099 688 Gregorii
3125 617 3320 673 .loanni
3351 619 3532 676 defen-

1947 707 2080 773 sori,
2109 707 2342 778 qualiter
2368 723 2528 776 agerc
2585 707 2778 762 debeat
2807 708 2872 763 de
2919 709 3238 779 quihusdam
3265 711 3530 783 episcopis

1947 798 2144 868 injuste
2191 798 2478 862 damnatis,
2511 807 2566 854 et
2611 799 2676 854 de
2711 800 3036 872 presbyteris
3086 803 3442 872 quihusdam,
3475 813 3531 860 et

1945 891 2178 945 caeteris.

2018 985 2104 1041 88.
2141 986 2214 1040 De
2251 987 2509 1042 Dioscoro
2544 987 2820 1058 episc0po.

2018 1082 2106 1137 89.
2135 1083 2210 1136 De
2241 1083 2589 1138 damnatione
2617 1082 2859 1138 Dioscori
2889 1082 3147 1153 episc0pi,
3171 1083 3262 1152 qui
3310 1091 3530 1140 vocatus

1947 1176 2012 1230 ad
2037 1174 2304 1246 synodum
2345 1175 2517 1230 noluit
2545 1175 2746 1232 venire.

2018 1269 2108 1324 90.
2132 1267 2282 1336 Quod
2307 1269 2594 1324 Dioscorus
2629 1285 2734 1323 non
2779 1279 2864 1324 est
2893 1269 3176 1323 damnatus
3204 1276 3422 1338 propter
3465 1267 3528 1322 ft-

1947 1360 2092 1422 dem,
2143 1359 2236 1414 sed
2265 1361 2390 1429 quia
2439 1359 2492 1413 in
2546 1358 2822 1414 dominum
2877 1375 3066 1430 papam
3115 1358 3349 1414 Leonem
3402 1357 3532 1414 fecit

1946 1451 2580 1504 excontmunicationem.

2017 1541 2106 1596 9l.
2141 1541 2206 1596 Ut
2233 1543 2492 1598 memoria
2521 1542 2834 1614 Eutychetis
2871 1543 3174 1608 damnetur,
3203 1549 3256 1596 et
3285 1539 3534 1596 Flaviani

1949 1633 2272 1688 venerabilis
2299 1633 2602 1688 recordatio
2639 1632 3034 1704 Iiiagnificetur.

2018 1725 2106 1781 9‘2.
2141 1727 2214 1780 De
2243 1726 2588 1780 damnatione
2625 1726 2867 1792 Macarii,
2890 1725 3304 1795 praesidentibus
3333 1724 3532 1780 Roma-

262 1811 483 1870 proptcr
507 1809 782 1856 extortam
829 1800 1221 1858 confessionem
1254 1800 1496 1855 damnari
1538 1801 1713 1856 nullus
1759 1803 1848 1858 de-

1993 1831 2034 1870 te
2063 1815 2318 1872 Ecclesiae
2365 1817 2754 1888 apocrisiariis.

263 1893 372 1949 bet.

325 1983 416 2038 68.
457 1985 610 2052 Quod
667 1985 718 2038 in
775 1985 1160 2042 ecclesiasticis
1210 1984 1462 2056 negotiis,
1492 1985 1636 2040 dicta
1685 1984 1847 2038 etiam

261 2087 446 2138 causa,
477 2073 732 2129 recedere
756 2074 882 2128 licet
904 2091 968 2130 ac
991 2075 1208 2128 differre
1237 2075 1282 2128 si
1305 2089 1526 2130 necesse
1551 2073 1728 2140 luerit,
1755 2072 1850 2128 sed

262 2165 312 2217 in
343 2164 696 2220 saecularibus
729 2165 978 2224 minime.

325 2255 416 2308 69.
456 2254 608 2321 Quod
659 2255 898 2310 accusati
937 2255 1070 2310 alios
1111 2256 1386 2311 criminari
1445 2271 1550 2312 non
1599 2264 1848 2328 possunt,

261 2343 360 2398 nisi
388 2344 536 2414 prius
565 2346 846 2416 cxpurgati
879 2343 1100 2398 fuerint.

330 2435 419 2489 70.
455 2433 526 2490 Ut
565 2451 726 2491 nemo
757 2436 914 2490 simul
939 2437 1010 2491 sit
1041 2445 1344 2500 accusator,
1383 2434 1572 2505 judex,
1597 2445 1652 2490 et
1677 2437 1852 2502 testis,

261 2527 352 2582 sed
377 2527 570 2596 singuli
603 2529 712 2584 sint
741 2543 834 2598 per
867 2543 925 2582 se
955 2529 1154 2582 idonei.

329 2621 414 2674 71.
455 2619 588 2674 Item
622 2619 688 2674 de
723 2621 806 2676 his
834 2621 926 2690 qui
959 2635 1214 2676 accusare
1241 2621 1550 2676 sacerdotes
1591 2637 1696 2676 non
1729 2637 1852 2690 pos-

263 2721 411 2777 sunt;
442 2723 498 2768 et
523 2723 582 2766 ut
619 2714 850 2784 quisque
893 2712 1176 2784 episcopus
1207 2713 1258 2766 in
1289 2728 1384 2766 sua
1433 2713 1684 2766 audiatur
1731 2727 1854 2780 pro-

263 2805 456 2870 vincia,
491 2815 546 2860 ct
571 2805 635 2860 de
664 2805 914 2860 libertate
937 2805 1332 2875 appellationis.

335 2896 419 2950 72.
449 2895 516 2951 Ut
545 2897 722 2952 omnis
755 2899 1028 2952 accusatio
1056 2898 1194 2950 intra
1225 2895 1558 2966 provinciam
1592 2897 1852 2952 termine-

267 2995 370 3052 tur,
399 2987 500 3039 nisi
527 2989 682 3040 sedes
705 2987 1000 3054 apostolica
1035 2985 1302 3056 appellata
1335 2985 1516 3041 fuerit.

333 3079 422 3132 75.
453 3080 526 3132 De
551 3079 738 3132 eadem
773 3095 850 3132 rc.

333 3173 418 3228 τι.
456 3171 520 3227 Ut
563 3173 866 3243 episcopus,
897 3181 1218 3242 congregata
1257 3171 1494 3242 legitime
1525 3171 1750 3241 synodo,
1781 3170 1848 3224 ab
1879 3165 1920 3226 C

267 3265 508 3320 omnibus
535 3263 1076 3334 conipim'iucialibus
1115 3265 1390 3329 audiatur,
1421 3263 1464 3318 si
1501 3272 1846 3316 accusatores

271 3353 484 3424 legitimi
512 3365 665 3420 sunt;
701 3355 783 3408 sin
813 3363 1012 3418 autem,
1060 3369 1163 3407 non
1194 3353 1444 3424 fatigetur
1468 3363 1780 3410 accusatus.

335 3446 420 3502 75.
457 3445 706 3514 UleIJCX
738 3455 863 3499 ante
901 3461 1054 3498 suam
1083 3461 1186 3500 non
1231 3445 1470 3516 proferat
1499 3447 1848 3510 sententiam,

269 3555 420 3609 quam
451 3551 738 3596 accusatus
770 3541 884 3610 ipse
932 3547 1022 3594 aut
1045 3539 1389 3606 confiteatur,
1436 3548 1528 3594 aut
1551 3539 1696 3608 juste
1723 3553 1850 3594 con-

271 3631 530 3686 vincatur.

253 3793 258 3798 α
342 3721 420 3780 i6.
457 3723 522 3778 Ut
569 3723 624 3776 in
667 3721 918 3778 omnibus
965 3720 1250 3790 diligenter
1299 3720 1605 3791 iuquiratur
1647 3720 1848 3784 causis,

272 3829 382 3882 qurc
410 3815 537 3878 sint,
569 3815 858 3884 quomodo,
895 3813 1084 3884 quales
1113 3814 1242 3868 sint.

337 3905 420 3958 77.
468 3905 545 3960 De
568 3905 809 3960 illatione
844 3905 1111 3970 criminis,
1145 3915 1199 3959 et
1230 3915 1288 3958 ut
1316 3911 1603 3958 accusator
1629 3905 1705 3959 rei
1737 3920 1854 3974 poe-

273 4011 387 4049 nam
413 3995 677 4060 ineurrat,
709 3996 797 4064 qui
831 3996 973 4064 quod
1003 3995 1200 4065 objccit
1235 3995 1464 4064 probare
1513 4011 1617 4049 non
1654 3995 1850 4064 potuit.

338 4087 420 4142 78.
453 4087 522 4141 Ut
549 4087 839 4156 provinciae
869 4102 994 4141 suos
1027 4087 1259 4142 habeant
1302 4085 1533 4153 iudices,
1573 4085 1674 4140 nisi
1713 4101 1850 4156 papa

275 4179 420 4234 aliter
441 4179 693 4235 voluerit.

338 4269 421 4325 79.
457 4271 528 4327 Ut
586 4274 846 4327 adversus
905 4273 1212 4341 episcOpum
1277 4286 1433 4326 nemo
1491 4279 1852 4340 conqueratur

275 4363 414 4432 prius
441 4378 602 4432 quam
643 4378 766 4416 eum
798 4361 1140 4415 familiariter
1168 4361 1476 4416 conveniat;

339 4455 422 4510 80.
457 4453 526 4510 Ut
552 4455 792 4526 epise0pi
818 4454 932 4509 suis
959 4455 1178 4510 sedibus
1203 4455 1324 4510 sine
1348 4454 1643 4524 apostolica
1670 4463 1854 4510 aucto-

279 4546 425 4600 ritate
452 4545 662 4616 expulsi
697 4545 1075 4611 restiluantur,
1117 4555 1168 4600 et
1217 4554 1344 4600 tunc
1382 4545 1606 4613 objectis
1631 4561 1851 4616 respon-

275 4637 449 4693 deant.
473 4637 574 4706 Qui
599 4653 729 4692 vero
759 4638 875 4693 loca
894 4653 1080 4694 eorum
1111 4638 1556 4704 subintraverint,
1588 4638 1654 4691 ab
1682 4641 1854 4696 eccle-

275 4731 343 4783 sia
379 4742 688 4787 arceantur.

338 4824 418 4878 8|.
460 4823 614 4892 Quod
641 4823 856 4893 judices
881 4832 931 4879 et
958 4833 1304 4880 accusatores
1333 4826 1640 4898 suspicione
1661 4827 1855 4883 debent

276 4933 469 4973 carere.

336 5007 416 5061 89..
464 5007 620 5076 Quod
651 5006 725 5060 ita
777 5021 972 5062 nocens
1017 5005 1282 5076 judicium
1329 5005 1674 5074 subterfugit,
1708 5009 1848 5062 sicut

273 5096 520 5154 innocens
553 5094 810 5164 requirit.

333 5193 422 5240 83.
449 5193 606 5240 Sicut
635 5205 797 5240 nemo
825 5189 982 5240 debet
1013 5189 1132 5240 sine
1159 5189 1300 5240 iustn
1345 5191 1545 5240 imlinio
1573 5187 1846 5240 damnari.

2019 1912 2106 1967 95.
2145 1909 2217 1964 De
2243 1913 2509 1982 episcopis
2537 1927 2566 1964 a
2587 1911 2730 1966 .Iulio
2765 1927 2897 1981 papa
2927 1910 3210 1975 restitutis,
3240 1919 3294 1965 et
3319 1908 3534 1965 Liberio

1952 2001 2004 2056 in
2027 2001 2276 2057 exsilium
2305 2002 2563 2072 rclcgato,
2587 2013 2640 2058 et
2669 2003 2848 2057 Felice
2874 2019 2970 2073 pro
2993 2019 3057 2057 eo
3089 2011 3424 2058 consecrato.

2023 2093 2112 2149 94.
2143 2093 2294 2161 Quod
2325 2095 2586 2165 Agapitus
2613 2109 2748 2164 papa
2779 2095 3042 2165 synodum
3070 2103 3255 2148 contra
3286 2091 3536 2162 Theopa-

1951 2187 2154 2240 sehitas
2179 2185 2643 2256 Constantinopoli
2667 2185 2981 2250 celebravit,
3012 2187 3062 2240 iu
3082 2201 3187 2255 quo
3215 2185 3532 2240 Anthimum

1953 2279 2200 2348 deposuit
2229 2289 2282 2333 et
2317 2279 2563 2334 Mcnnam
2595 2280 2952 2334 consecravit.

2023 2371 2109 2426 95.
2157 2371 2310 2438 Quod
2340 2385 2476 2442 papa
2537 2371 2762 2441 Vigilius
2787 2371 2932 2424 venit
2987 2368 3530 2439 Constantinopolim,

1953 2475 2008 2520 ct
2041 2467 2284 2520 .‘ieunam
2314 2465 2821 2520 excommunieavit.

2024 2559 2109 2614 96.
2147 2559 2220 2614 De
2249 2557 2492 2613 conciliis
2521 2571 2583 2612 ex
2620 2557 2915 2626 apostolica
2953 2555 3274 2612 auctoritate
3303 2568 3530 2625 congre-

1955 2654 2094 2724 gatis
2129 2661 2316 2708 contra
2353 2653 2596 2708 diversas
2634 2651 2889 2706 lucreses.

2025 2747 2114 2800 97.
2145 2745 2296 2812 Quod
2327 2759 2460 2815 papa
2501 2743 2873 2797 defensoribus
2900 2741 3146 2809 adjuaxit
3173 2739 3546 2810 regionarium.

1955 2839 2237 2900 honorem,
2266 2847 2320 2890 et
2348 2846 2406 2890 ut
2433 2836 2575 2890 inter
2603 2834 2833 2890 clericos
2863 2835 3134 2887 sederent.

2025 2929 2113 2984 98.
2147 2927 2276 2982 Item
2313 2926 2452 2996 quod
2499 2940 2634 2995 papa
2668 2922 2961 2995 Gregorius
2989 2921 3234 2977 Romano
3265 2919 3548 2976 defensori.

1955 3019 2173 3074 adauxit
2201 3019 2484 3074 honorem.

2025 3109 2113 3166 09.
2141 3108 2292 3176 Quod
2329 3106 2562 3177 episcopi
2595 3107 2684 3176 qui
2727 3107 2949 3162 Romam
2979 3113 3345 3162 convenerant
3373 3106 3440 3160 ob
3471 3119 3554 3164 ea.

1952 3217 2072 3272 qutc
2104 3201 2429 3272 Symmacho
2461 3215 2608 3269 papae
2635 3199 2703 3252 ab
2720 3199 3046 3254 adversariis
3073 3199 3410 3262 dicebantur,
3441 3213 3540 3253 no-

1951 3295 2163 3350 luerunt
2195 3295 2244 3348 in
2277 3293 2423 3347 illum
2451 3291 2770 3347 sententiam
2794 3289 3061 3360 proferre,
3092 3291 3182 3345 sed
3209 3289 3302 3344 Dei
3326 3289 3534 3360 judicio

1951 3387 2484 3444 commcndaverunt.

2023 3477 2145 3532 100.
2189 3477 2262 3532 De
2291 3475 2666 3547 congreganda
2697 3475 2902 3546 synodo
2931 3475 2983 3529 in
3014 3473 3534 3530 Chalcedonensium

1951 3570 2188 3624 civitate.

2025 3664 2144 3718 101.
2163 3661 2314 3728 Quod
2334 3661 2688 3730 imperatores
2707 3659 2771 3713 ad
2795 3657 3231 3713 Chalcedonense
3248 3654 3548 3711 concilium

1953 3763 2326 3809 convenerunt
2353 3767 2458 3806 non
2491 3749 2556 3806 ad
2583 3750 2874 3820 potentiam
2907 3749 3319 3814 Ostendendam,
3351 3743 3442 3802 scd
3469 3747 3538 3801 ob

1955 3847 2113 3902 fiderit
2145 3844 2594 3900 confirmandam.

2024 3935 2148 3990 102.
2189 3935 2254 3990 Ut
2283 3935 2325 3988 si
2357 3935 2478 4004 quis
2509 3932 2656 3987 litem
2685 3929 3170 4000 habensjmlieium
3201 3928 3403 4000 echtit
3431 3927 3552 3997 epi-.

1953 4043 2262 4096 scaporum,
2299 4041 2426 4080 mox
2467 4023 2542 4078 illi
2587 4023 2947 4086 concedatur;
2981 4021 3206 4093 etquod
3249 4021 3320 4074 illi
3352 4020 3538 4074 firma-

1951 4116 2132 4172 verint
2163 4115 2338 4170 nullus
2359 4115 2554 4169 audeat
2574 4112 2738 4182 jndox
2764 4122 3088 4168 retractare.

2025 4211 2146 4268 105.
2177 4208 2250 4264 Ut
2275 4209 2512 4280 episcolii
2539 4215 2595 4262 et
2616 4207 2795 4261 caeteri
2847 4207 3065 4262 ordines
3087 4203 3440 4262 ecclesiastici
3471 4202 3540 4258 ad

1955 4306 2197 4378 publicas
2235 4303 2380 4374 leges
2407 4319 2512 4358 non
2541 4303 2948 4372 pertrahuntur.

2028 4397 2152 4452 104.
2186 4395 2255 4451 Ut
2306 4395 2778 4449 administratores
2835 4393 3174 4451 saecularium
3223 4391 3560 4467 dignitatum.

1887 4525 1934 4582 υ
1959 4492 2086 4545 dum
2114 4489 2180 4544 ab
2212 4487 2480 4557 episcopis
2499 4497 2552 4542 et
2573 4487 2958 4542 ecclesiasticis
2983 4485 3111 4540 viris
3140 4484 3396 4542 conventi
3425 4483 3545 4535 fue-

1963 4581 2094 4642 rint,
2129 4578 2496 4648 querimonias
2547 4593 2734 4634 eorum
2793 4579 3080 4650 diligenter
3123 4581 3442 4636 examinem
3494 4581 3550 4628 et

1961 4673 2258 4742 corrigunt.

2034 4764 2152 4820 105.
2193 4765 2260 4820 Ut
2287 4765 2544 4836 praesides
2579 4765 2787 4819 litteras
2817 4763 3091 4835 accipiant
3121 4764 3563 4827 communicato-

1961 4856 2070 4909 rlas
2104 4869 2224 4908 eum
2265 4854 2498 4924 promoti
2527 4853 2750 4918 fuerint,
2787 4865 2844 4910 et
2871 4857 2980 4911 sint
3019 4853 3118 4908 sub
3155 4871 3298 4918 cura
3327 4845 3568 4926 episcopi

1961 4945 2014 4998 in
2044 4944 2193 5013 cujus
2223 4944 2340 5000 loco
2367 4942 2711 5014 prtcsidatum
2763 4955 2983 5014 gerunt.

2026 5038 2148 5090 106.
2197 5035 2352 5100 Quod
2395 5033 2658 5101 Spiritum
2713 5047 2966 5093 sanetum
3011 5033 3442 5106 blasphemant,
3485 5018 3590 5092 qui.

1955 5135 2142 5183 contra
2171 5139 2357 5182 sacros
2385 5139 2622 5180 canones
2653 5137 2908 5196 proterve
2935 5134 3124 5198 agunt.

2031 5215 2129 5240 nn'i
2183 5215 2256 5240 n-

2297 5233 2346 5240 Α..
2363 5216 2474 5240 ,ΙΑηει
2509 5231 2565 5240 ..Α
