4018 5330
489 415 596 470 498

1603 414 1660 470 S.
1688 415 1988 471 ANSELMI
2025 417 2361 474 LUCENLLIS
2397 415 2708 472 EPISCOI’I

3639 413 3747 469 500

562 531 620 583 11
642 530 686 582 Ι.
718 530 793 584 De
823 528 1028 584 Joanne
1055 525 1388 582 Antiocheno
1419 537 1471 583 et
1499 529 1766 599 episcopis
1794 545 1926 599 quos
1953 533 2064 601 ipse
2091 539 2141 598 Α
2239 533 2361 587 115.
2391 533 2466 586 De
2494 531 2707 586 clericis
2735 545 2764 583 a
2795 528 3144 584 saecularibus
3171 544 3276 584 non
3304 528 3614 600 fatigandis.

492 622 689 692 injuste
718 624 1016 678 damnavit.

562 712 685 792 112.
733 711 937 778 Quibus
985 709 1280 766 canonibus
1335 709 1421 764 vel
1465 711 1663 782 regulis
1715 711 2064 780 judicandum

490 804 582 860 sit.

2245 623 2365 676 111-.
2403 622 2476 676 De
2499 621 2682 675 eadem
2713 633 2792 675 re.

2244 711 2366 766 115.
2395 711 2544 776 Quod
2582 710 3087 767 excommunicatus
3113 711 3180 766 ad
3207 710 3609 766 accusationem
3649 708 3752 764 ad-

2170 802 2308 857 mit-ti
2339 817 2444 856 non
2475 802 2656 858 debet.

1463 981 1974 1072 CAPITULA
2029 981 2310 1060 LIBRI
2369 939 2810 1076 QUARTI.

1581 1115 1686 1183 Qui
1713 1127 1788 1172 est
1816 1119 1879 1172 de
1911 1117 2220 1174 auctoritate
2243 1117 2648 1189 privilegiorum.

557 1247 608 1300 1.
653 1247 722 1303 Ut
774 1247 1050 1318 privilegia
1097 1248 1450 1304 ecclesiarum
1507 1257 1564 1306 et
1609 1251 2064 1305 monasteriorum

485 1336 740 1390 inviolata
773 1347 1144 1407 permaneant.

554 1425 610 1478 2.
635 1417 786 1491 Quod
819 1425 1096 1495 privilegia
1119 1425 1470 1496 ecclesiarum
1500 1436 1556 1484 et
1586 1431 2064 1496 monasteriorum,

485 1515 808 1570 auctoritate
837 1525 1147 1570 sanctorum
1181 1516 1399 1572 Patrum
1427 1519 1693 1584 instituta,
1727 1535 1832 1574 non
1870 1521 2066 1576 debent

485 1603 830 1674 improbitate
860 1605 1083 1660 convelli
1117 1615 1209 1662 aut
1238 1608 1480 1664 novitate
1507 1610 1725 1663 mutari.

557 1694 609 1747 5.
641 1693 792 1760 Quod
834 1695 1173 1765 privilegium
1222 1705 1462 1752 meretur
1511 1697 1761 1752 amittere
1808 1697 1898 1768 qui
1941 1713 2066 1769 per-

487 1783 658 1838 missa
689 1784 790 1838 sibi
822 1783 1059 1838 abutitur
1088 1794 1375 1854 potestate.

557 1873 610 1927 4.
644 1874 795 1940 Quod
822 1885 1007 1928 contra
1055 1876 1392 1931 sacerdotale
1439 1879 1773 1949 propositum
1826 1888 1910 1934 est
1949 1896 2068 1934 mo-

491 1967 716 2024 nasterii
755 1967 1034 2036 privilegia
1069 1965 1420 2033 confundere,
1453 1978 1505 2024 et
1541 1971 1775 2039 quietem
1803 1969 1918 2039 ejus
1949 1987 2071 2042 per-

488 2059 726 2114 turbare.
1383 2125 1386 2128 Q

485 2211 492 2218 _
559 2151 612 2204 5.
666 2149 730 2205 Ut
776 2150 1054 2222 privilegia
1086 2160 1140 2206 et
1169 2151 1536 2207 ordinationes
1583 2170 1701 2223 quae
1748 2171 1884 2224 papa
1928 2171 2068 2226 prae-

487 2253 644 2322 sente
705 2255 834 2298 sunt
897 2243 1213 2314 disposita},
1271 2259 1298 2297 a
1361 2243 1508 2299 nullo
1561 2245 1933 2301 convellantur
1985 2247 2068 2301 vel

483 2343 779 2388 mutentur.

489 2499 498 2506 _
639 2423 792 2490 Quod
835 2437 971 2504 papa
1023 2423 1163 2478 sicut
1211 2439 1332 2502 suae
1369 2423 1610 2480 ecclesia:
1657 2425 1957 2496 privilegia,
1989 2426 2062 2480 ita

484 2513 819 2583 singularum
878 2513 1044 2579 debet
1084 2513 1434 2569 ecclesiarum
1483 2511 1608 2586 jura
1656 2513 1945 2572 defendere
1997 2531 2061 2572 ac

489 2619 545 2682 se
554 2621 640 2658 l'Vﬂ
648 2620 726 2660 re.

559 2697 610 2749 7.
648 2695 718 2751 Ut
745 2711 807 2750 ea
845 2711 964 2766 quae
995 2694 1063 2750 ob
1089 2694 1368 2765 religionis
1393 2693 1628 2762 quietem
1659 2693 1910 2748 ordinata
1944 2703 2070 2749 sunt

489 2801 596 2839 non
624 2785 914 2840 violentur.

495 2867 498 2874 ’
559 2875 612 2929 8.
653 2875 722 2930 Ut
751 2874 1080 2930 monasteria
1109 2875 1286 2929 nullus
1306 2883 1495 2930 contra
1519 2873 1848 2928 voluntatem
1879 2873 2072 2929 funda-

489 2966 624 3020 toris
647 2965 746 3022 sibi
773 2965 1030 3026 vindicet.
1413 2951 1416 2954 λ

563 3055 616 3110 9.
675 3055 745 3111 Ut
799 3055 964 3110 semel
1018 3055 1264 3110 ordinata
1327 3052 1470 3110 nulla
1533 3053 1894 3126 refragatione
1955 3061 2067 3107 tur-

489 3148 656 3202 bentu
666 3163 706 3218 r.

561 3238 648 3292 10.
683 3237 751 3294 Ut
777 3236 1374 3306 Constantinopolitana
1417 3237 1612 3292 civitas
1657 3251 1809 3292 suam
1867 3235 2066 3302 habeat

489 3317 716 3404 gloriam
745 3341 800 3386 et
831 3347 933 3386 non
959 3331 1156 3385 ambiat
1182 3331 1434 3385 alienam.

561 3427 662 3494 11.¹
681 3423 750 3484 Ut
778 3424 1130 3493 imperatores
1153 3421 1405 3478 obediant
1433 3421 1716 3492 episcopis.

564 3517 652 3570 12.
688 3515 759 3586 Ut
785 3517 1138 3585 imperatores
1177 3515 1410 3568 habeant
1432 3512 1714 3583 privilegia
1743 3509 1874 3581 legis
1900 3507 2073 3579 publi-

492 3621 588 3671 crc,
619 3613 671 3660 et
701 3605 1010 3660 sacerdotes
1035 3605 1265 3658 habeant
1289 3587 1671 3674 dispositiones
1695 3603 2070 3657 universarum

491 3696 861 3756 ecclesiarum.

567 3787 654 3838 15.
689 3785 758 3838 Ut
793 3785 974 3839 clerici
998 3785 1109 3838 suis
1139 3785 1301 3839 rebus
1323 3785 1552 3840 licenter
1579 3784 1866 3855 gaudeant.

569 3876 656 3928 14.
691 3875 761 3930 Ut
809 3875 992 3928 fideles
1023 3873 1314 3928 Christiani
1365 3883 1624 3944 perpetua
1669 3874 1958 3930 securitate
1979 3887 2070 3942 po-

494 3968 718 4022 tiantur.
1485 3947 1490 3954 ’

569 4059 658 4118 15.
696 4057 767 4116 Ut
792 4057 1044 4112 custodes
1069 4071 1345 4112 sacrorum
1390 4056 1629 4110 locorum
1661 4053 1858 4109 nullam
1902 4050 2070 4106 mole-

495 4139 654 4209 stiam
693 4152 1012 4206 sustineant.

566 4243 653 4296 16.
687 4243 758 4297 Ut
803 4239 1082 4312 privilegia
1129 4237 1375 4298 ccclesiis
1417 4235 1556 4290 facta
1609 4238 1966 4303 permaneant
1992 4229 2073 4286 iu-

490 4333 712 4389 violata.
827 4319 830 4324 ’
1109 4405 1112 4408 ἢ

566 4428 652 4480 17.
685 4428 760 4482 De
782 4426 969 4484 eadem
1002 4440 1082 4484 re.

567 4517 654 4572 18.
689 4516 758 4571 Ut
787 4515 1066 4586 privilegia
1094 4511 1336 4567 ecclesia:
1365 4509 1456 4581 qui
1475 4507 1762 4562 violaverit
1789 4501 2070 4560 duodecim

497 4607 664 4662 libras
699 4608 814 4659 auri
852 4605 1146 4674 persolvat.

569 4697 655 4752 19.
719 4681 1066 4766 Privilcgium
1142 4693 1488 4766 imperatoris
1545 4691 1612 4744 de
1674 4689 2076 4746 venerabilibus

405 4827 410 4834 -
495 4789 646 4843 locis.

571 4879 826 4936 20.1mm
869 4877 1206 4948 privilegium
1251 4877 1316 4931 de
1363 4875 1612 4938 libertate
1655 4871 1972 4926 clericorum
2015 4885 2074 4924 ac

500 4977 910 5031 monachorum.

571 5067 659 5121 2|.
685 5067 818 5120 ltem
845 5065 910 5119 de
941 5063 1138 5133 quibus
1165 5059 1582 5116 necessitatibus
1625 5055 1870 5112 ecclesiae
1895 5055 2077 5124 singu-

495 5157 669 5210 larum
693 5155 904 5208 urbium
935 5153 1169 5206 habeant
1197 5149 1580 5203 immunitates.

567 5247 661 5301 22.
693 5245 762 5306 Ut
785 5258 943 5299 nemo
968 5242 1164 5295 audeat
1184 5241 1250 5294 ab
1272 5239 1517 5294 ecclesiis
1545 5237 1944 5310 quomodolihct
1975 5221 2076 5290 tolé

2241 1247 2333 1303 24.
2383 1247 2455 1302 Ut
2501 1260 2716 1316 eprscop
2782 1257 2880 1313 per
2919 1241 3176 1298 ecclesias
3222 1240 3452 1296 clericos
3493 1239 3756 1296 ordinent

2171 1345 2434 1407 qumquot
2465 1337 2754 1404 unicuique
2781 1334 3034 1388 videntur
3057 1343 3384 1402 competere.

2240 1429 2331 1482 25.
2362 1427 2432 1482 Ut
2463 1443 2620 1483 nemo
2659 1427 2725 1480 de
2768 1424 2873 1480 ﬁde
2901 1423 3206 1488 Christiana
3255 1423 3608 1493 quaestionem
3651 1435 3754 1475 au-

2171 1522 2297 1577 deat
2323 1523 2554 1592 amplius
2589 1533 2840 1585 movere,
2873 1532 2993 1588 qua!
3032 1517 3483 1573 reverentissimis
3527 1515 3754 1586 synodis

2096 1635 2142 1694 Β
2170 1611 2486 1667 confirmata
2511 1618 2614 1667 est.

2238 1703 2330 1758 26.
2377 1701 2449 1759 Ut
2493 1701 2584 1773 qui
2615 1698 2950 1770 promulgata
2996 1699 3064 1752 ab
3101 1695 3396 1767 apostolico
3423 1709 3524 1764 pro
3562 1693 3760 1748 catho—

2171 1794 2276 1850 lica
2327 1794 2431 1850 ﬁde
2474 1801 2530 1850 et
2575 1791 2948 1848 ecclesiastica
2991 1791 3276 1860 disciplina
3325 1787 3754 1857 contempserit,

2171 1887 2458 1941 anathema
2502 1885 2592 1940 sit.
3169 1897 3178 1902 '

2239 1977 2329 2032 27.
2358 1980 2434 2033 De
2462 1979 2648 2034 eadem
2695 1991 2792 2045 re,
2834 1985 2890 2034 et
2931 1975 3073 2047 quod
3113 1975 3451 2046 privilegium
3484 1983 3754 2029 statutum

2171 2079 2252 2126 est
2279 2071 2506 2126 Christi.

2243 2163 2334 2217 28.
2365 2162 2436 2217 Ut
2467 2177 2572 2217 non
2601 2161 2760 2216 liceat
2786 2160 3084 2232 apostolico
3120 2159 3318 2230 praedia
3350 2158 3594 2214 ecclesia:
3627 2173 3758 2226 per-

2171 2256 2458 2328 petualiter
2486 2256 2720 2310 alienare
2749 2255 2832 2308 vel
2861 2261 3221 2318 commutare,
3253 2252 3356 2306 nisi
3385 2249 3524 2305 forte
3559 2251 3756 2304 domus

2172 2349 2323 2402 urbis
2353 2363 2449 2416 pro
2477 2347 2688 2401 clericis
2714 2355 2764 2401 et
2789 2345 3016 2417 captivis
3039 2353 3092 2399 et
3117 2343 3436 2414 peregrinis.

2244 2439 2332 2494 29.
2363 2439 2432 2493 Ut
2472 2439 2663 2492 eadem
2695 2437 2810 2508 lege
2850 2438 3030 2492 caeteri
3066 2435 3305 2506 episcopi
3351 2443 3404 2489 et
3443 2435 3756 2505 presbyteri

2169 2531 2612 2602 constt-iugantur
2639 2547 2744 2600 qua
2767 2517 3012 2584 Summus
3038 2527 3298 2599 pontifex.

2247 2623 2336 2678 50.
2372 2623 2440 2678 Ut
2471 2623 2750 2692 privilegia
2786 2623 3006 2694 triginta
3053 2635 3222 2676 annos
3265 2633 3514 2690 possessa
3541 2633 3572 2671 a
3605 2617 3754 2671 nullo

2177 2714 2517 2768 smeularium
2552 2713 2936 2768 subtrahantur
2965 2711 3046 2764 vel
3079 2710 3366 2765 violentur.

2245 2807 2333 2860 51.
2364 2805 2437 2860 Ut
2472 2821 2630 2860 nemo
2651 2803 2976 2874 patrimonia
3015 2803 3273 2858 Romanae
3299 2801 3556 2858 Ecclesite
3577 2809 3752 2869 petat,

2173 2909 2223 2954 et
2249 2899 2290 2952 si
2321 2899 2440 2968 quis
2469 2898 2872 2968 quomodolibet
2905 2896 3256 2963 subtraxerit,
3286 2893 3573 2950 anathema
3601 2893 3690 2947 sit.

2097 2987 2141 3046 C
2242 2988 2330 3042 52.
2369 2988 2500 3041 item
2525 2988 2590 3042 de
2616 2990 2802 3042 eadem
2827 3001 2904 3040 re.

2241 3079 2329 3134 55.
2361 3079 2518 3146 Quod
2543 3079 2930 3134 Constantinus
2975 3077 3272 3147 imperator
3299 3088 3454 3145 papa:
3482 3069 3756 3126 concessit

2172 3186 2424 3226 coronam
2456 3179 2511 3224 et
2537 3185 2750 3224 omnem
2783 3169 2996 3237 regiam
3019 3167 3333 3237 dignitatem
3381 3165 3433 3218 in
3475 3163 3606 3218 urbe
3639 3161 3752 3216 [lo-

2170 3276 2330 3314 mana
2358 3269 2412 3315 et
2443 3261 2494 3313 iu
2525 3259 2676 3313 Italia
2707 3267 2762 3313 et
2790 3259 2840 3312 in
2877 3257 3122 3328 partibus
3143 3253 3594 3310 occidentalibus.

2241 3372 2331 3427 5i.
2366 3373 2443 3426 De
2469 3371 2764 3441 provinciis
2797 3379 2851 3424 et
2881 3369 3190 3424 civitatibus
3217 3382 3352 3436 quas
3395 3365 3754 3436 imperatores

2171 3463 2429 3516 Romanae
2469 3461 2721 3528 Ecclesiae
2749 3467 3135 3516 concesserunt
3170 3467 3223 3511 et
3247 3465 3518 3528 praecepto
3543 3453 3754 3516 contir-

2171 3561 2454 3606 mavcrunt
2493 3549 2592 3618 (4).
3265 3533 3270 3540 ’

2239 3641 2326 3694 55.
2355 3642 2427 3696 De
2463 3640 2648 3695 eadem
2675 3655 2733 3694 re
2761 3637 2862 3708 (5).

2242 3729 2330 3783 56.
2359 3730 2488 3784 Item
2516 3729 2582 3784 de
2609 3729 2796 3783 eadem
2828 3742 2904 3782 re.

2244 3819 2330 3873 57.
2359 3819 2426 3874 Ut
2465 3835 2623 3874 nemo
2654 3819 2796 3873 beati
2838 3815 2982 3870 Petri
3007 3814 3390 3886 proprietatem
3413 3821 3640 3882 usurpet
3661 3811 3750 3866 vel

2173 3909 2349 3964 sciens
2375 3909 2630 3974 occultet,
2659 3908 2746 3962 vel
2773 3906 3010 3962 debitum
3036 3922 3138 3960 non
3167 3903 3356 3958 reddat
3381 3903 3688 3958 servitium.

2241 4007 2330 4063 58.
2359 4007 2436 4063 De
2482 4007 2807 4063 discretione
2833 4007 2974 4061 inter
2997 4003 3236 4060 divinum
3262 4001 3352 4073 jus
3377 4011 3433 4058 et
3471 4001 3748 4084 publicum

2173 4115 2236 4156 ac
2263 4100 2472 4171 privata
2503 4099 2808 4154 commoda.

2189 4203 2192 4205 λ
2245 4212 2334 4269 59.
2363 4213 2516 4282 Quod
2553 4212 2726 4282 prima
2751 4211 2910 4267 sedes
2931 4225 2960 4263 a
2989 4208 3136 4264 nullo
3157 4217 3240 4264 est
3262 4206 3574 4279 iudicanda.

2099 4331 2151 4390 υ
2244 4305 2336 4359 40.
2387 4305 2457 4360 Ut
2505 4303 2685 4358 nullus
2717 4317 2900 4373 regum
2933 4313 3216 4356 censuram
3247 4311 3512 4353 canonum
3559 4293 3752 4350 violari

2174 4397 2470 4465 permittat.
2557 4429 2566 4435 -
3363 4453 3366 4456 .

2244 4494 2330 4552 ﬂ.
2367 4495 2434 4550 Ut
2462 4509 2526 4548 ex
2559 4494 2778 4566 propria
2821 4491 3043 4550 dioecesi
3084 4506 3114 4544 a
3155 4489 3302 4545 clero
3329 4497 3383 4543 et
3407 4487 3603 4559 populo
3629 4487 3750 4557 epi-

2175 4585 2320 4653 scopi
2354 4585 2638 4653 eligantur.

2243 4677 2330 4730 42.
2369 4676 2434 4730 Ut
2469 4691 2556 4731 res
2579 4675 2828 4731 ecclesiis
2868 4686 3138 4728 concessae
3185 4669 3384 4726 nullam
3433 4667 3752 4724 divisionem

2176 4767 2259 4822 vel
2286 4765 2554 4834 jacturam
2583 4766 2878 4835 patiantur.
3339 4769 3344 4776 '

2247 4857 2338 4909 45.
2379 4855 2531 4922 Quod
2559 4870 2696 4924 papa
2727 4853 2862 4923 petit
2908 4851 3010 4905 sibi
3057 4849 3123 4904 ab
3165 4850 3492 4916 imperatore
3535 4843 3750 4899 restitui

2173 4948 2298 5018 jura
2327 4957 2381 5000 et
2411 4947 2778 5015 possessiones
2804 4943 3060 4997 Romana:
3087 4939 3360 4994 Ecclesiae.

2245 5037 2335 5091 44.
2365 5037 2434 5092 Ut
2464 5037 2755 5103 unicuique
2781 5033 3024 5090 ecclesia:
3059 5045 3186 5086 suus
3215 5031 3386 5096 honor
3413 5034 3679 5080 servetur.

2243 5127 2332 5181 45.
2365 5125 2518 5192 Quod
2557 5125 2874 5178 Pannonica
2919 5122 3168 5177 dimcesis
3217 5119 3470 5186 deputata
3520 5126 3604 5170 est
3643 5115 3752 5186 pri-

2178 5220 2388 5290 vilegiis
2420 5216 2724 5288 apostolicze
2751 5217 2914 5274 sedis.

2195 5305 2202 5312 ‘
2260 5313 2317 5330 In
2395 5309 2456 5330 It.
2509 5310 2730 5330 _____.!.-_

3195 5304 3332 5330 ..Λιιῖη
3363 5311 3409 5330 ΑΙ
3441 5307 3752 5330 nnnAInI-Il-II
