4018 5330
203 355 298 414 501

1304 348 1688 408 COLLECTIO
1719 347 2082 406 CANONICA.
2123 379 2193 388 —
2234 347 2362 402 LIB.
2417 349 2478 402 ν.

3377 349 3486 408 502

273 469 362 524 49.
399 477 464 523 υι
489 466 780 536 unicuique
810 464 1158 520 sacerdotum
1181 463 1262 518 sui
1285 465 1428 535 juris
1453 465 1652 520 limites
1683 465 1788 520 suf—
1819 471 1870 530 Α
1968 465 2054 518 52.
2091 463 2162 520 Ut
2183 464 2470 536 privilegia
2497 463 2796 521 Catholicis
2837 465 2976 520 facta
3013 481 3118 522 non
3145 469 3485 536 prosiuthac-

205 559 410 614 licianl.
1091 611 1098 614 _

271 651 362 706 50.
395 650 550 716 Quod
574 649 832 718 quidquid
866 647 1030 704 semel
1065 657 1258 706 contra
1281 647 1514 718 aliquam
1545 648 1794 704 haeresim

203 744 482 796 decretum
541 739 738 804 fuerit,
777 741 1160 800 inconcussum
1217 753 1538 808 permanere
1585 753 1798 809 semper

203 833 379 887 debet.

269 923 362 978 51.
398 921 756 978 Confirmatio
807 923 1218 995 privilegiorum
1265 937 1384 992 qua:
1433 921 1798 980 sacrosanctis

205 1016 448 1072 ccclesiis
481 1017 624 1072 facta
655 1017 890 1071 fuerunt.

1903 557 2108 610 reticis.

1971 647 2060 700 5⁸5.
2099 647 2229 702 Item
2267 647 2609 703 confirmatio
2651 649 3056 720 privilegierum
3089 665 3208 720 quae
3233 650 3366 706 locis
3405 665 3492 706 γοα

1901 739 2234 796 nerabilihus
2269 737 2410 793 facta
2441 747 2586 794 sunt.

1977 830 2065 884 54.
2095 829 2170 884 De
2195 827 2405 898 peculio
2432 829 2758 882 clericorum
2788 827 2940 898 quasi
2977 827 3264 884 castrensi.

1963 926 2052 981 55.
2088 925 2240 993 Quod
2267 941 2374 981 non
2405 925 2577 981 solum
2606 923 2895 995 episcopis,
2926 923 3018 978 sed
3049 923 3212 978 etiam
3239 921 3493 978 sacerdo—

1903 1014 2071 1084 tibus,
2101 1016 2267 1072 liceat
2295 1017 2520 1072 verbum
2547 1015 2956 1086 praedicationis
2979 1012 3244 1085 proferre.

1237 1181 1758 1264 CAPITULA
1796 1187 2076 1266 LIBRI
2119 1187 2536 1280 QUINTI,

1087 1319 1190 1386 Qui
1217 1331 1289 1375 est
1311 1321 1376 1375 de
1387 1321 1511 1390 jure
1537 1331 1582 1376 et
1609 1321 1942 1378 ordinatione
1965 1339 2025 1376 ac
2055 1333 2194 1377 statu
2225 1321 2608 1376 Ecclesiarum.

277 1461 330 1514 1.
360 1459 514 1528 Quod
541 1455 784 1514 Ecclesia
835 1471 938 1512 una
982 1465 1086 1520 est,
1133 1454 1262 1510 licet
1309 1454 1508 1508 habeat
1551 1454 1800 1511 membra

207 1547 416 1608 diversa
429 1590 441 1603 .

278 1643 334 1696 2.
363 1641 520 1708 Quod
551 1641 816 1710 profanus
835 1649 922 1698 est
951 1639 1042 1710 qui
1071 1640 1332 1694 unitatem
1359 1655 1466 1694 non
1499 1647 1678 1694 servat
1699 1640 1803 1696 Ec-

209 1731 408 1786 clesiaa.

277 1824 332 1876 5.
368 1821 522 1889 Quod
557 1821 800 1876 Ecclesia
832 1821 1024 1876 domus
1053 1821 1170 1886 Dei,
1204 1821 1450 1876 columba
1475 1821 1800 1892 appellatur,

213 1923 262 1968 et
289 1929 511 1984 spensa,
540 1923 596 1968 et
625 1913 768 1982 quod
797 1921 1122 1982 potestatem
1155 1913 1365 1982 accepit
1391 1913 1585 1984 ligandi
1617 1924 1670 1968 et
1697 1913 1804 1968 sol-

209 2003 390 2058 vendi.

278 2095 334 2147 4.
373 2093 448 2148 L't
475 2109 626 2148 novze
649 2094 888 2149 basilicre
929 2109 1032 2148 non
1062 2105 1452 2150 consecrentur
1483 2095 1686 2164 absque
1710 2109 1806 2150 au-

215 2187 466 2242 ctoritate
497 2187 643 2242 sedis
666 2187 994 2256 apostolicae.

283 2282 336 2338 5.
369 2281 500 2335 ltem
531 2280 600 2336 de
623 2281 808 2336 eadem
838 2296 916 2334 re.

289 2373 342 2428 6.
373 2373 446 2430 Ut
471 2373 684 2442 publica
718 2375 880 2428 missa
917 2387 1022 2428 non
1065 2373 1160 2428 ﬁat
1190 2373 1242 2427 in
1272 2373 1502 2430 ecclesia
1540 2390 1660 2444 qua:
1691 2375 1808 2430 siue

218 2481 484 2522 consensu
515 2481 668 2538 papa:
709 2465 808 2519 fuit
833 2465 1102 2520 dedicata.

289 2559 345 2610 7.
373 2559 448 2612 De
481 2559 852 2612 consecranda
883 2557 1112 2612 ecclesia
1137 2573 1266 2616 cum
1296 2559 1524 2612 solemni
1566 2559 1709 2621 dole,
1755 2559 1806 2612 iu

219 2663 324 2722 qua
351 2649 606 2703 fundator
631 2649 764 2704 nihil
798 2649 1000 2718 proprii
1027 2648 1168 2716 juris
1197 2647 1452 2702 retineat.

295 2744 348 2798 8.
383 2741 540 2808 Quod
569 2756 673 2796 non
703 2741 862 2796 liceat
891 2741 1030 2795 laico
1057 2749 1252 2810 printer
1277 2755 1469 2810 papam
1501 2740 1554 2794 in
1581 2739 1810 2795 ecclesia

219 2845 478 2900 statuere,
515 2834 568 2888 id
597 2841 678 2888 est
707 2835 960 2888 ordinare
983 2833 1296 2902 quidquam.

294 2928 346 2980 9.
379 2925 449 2980 Ut
471 2923 672 2979 nullam
705 2932 1024 2994 potestatem
1075 2923 1344 2978 statuendi
1376 2924 1428 2977 iu
1469 2923 1696 2978 ecclesia
1724 2931 1818 2978 aut

227 3017 538 3088 disponendi
567 3018 633 3072 de
665 3015 1014 3074 facultatibus
1044 3015 1161 3085 ejus
1185 3016 1386 3070 habeat
1409 3016 1602 3072 laicus.

299 3111 382 3164 10.
415 3110 482 3163 de
509 3108 700 3164 eadem
733 3123 812 3162 re.

297 3203 390 3266 ll.
419 3201 572 3275 Quod
619 3216 756 3272 papa
808 3200 1085 3256 licentiam
1117 3199 1208 3254 dat
1237 3199 1594 3256 consecrandi
1644 3199 1818 3254 eccle-

232 3293 384 3348 siam.

299 3387 386 3440 l2.
426 3385 582 3452 Quod
625 3401 804 3456 papa,
859 3384 944 3440 cui
999 3399 1128 3439 cura
1183 3383 1343 3439 debet
1401 3397 1520 3436 esse
1575 3381 1818 3436 omnium

135 3535 144 3540 ,
232 3479 602 3542 ecclesiarum,
637 3477 961 3532 visitationis
988 3477 1162 3530 vicem
1194 3474 1248 3528 in
1275 3473 1531 3544 Capuana
1579 3472 1820 3528 Ecclesia

234 3571 382 3628 alteri
411 3571 630 3624 cuidam
657 3570 912 3640 episcopo
934 3569 1246 3624 committit.

302 3665 387 3720 15.
433 3665 508 3718 De
553 3662 966 3718 consecratione
1026 3659 1272 3716 ecclesia:
1349 3659 1394 3714 si
1469 3658 1638 3714 altare
1713 3671 1822 3712 mo-

235 3765 408 3810 vetur.

303 3849 391 3902 M.
430 3847 502 3904 Ut
542 3847 732 3902 altaria
785 3847 840 3901 in
883 3847 1078 3916 quibus
1129 3859 1236 3900 non
1297 3843 1499 3899 fuerint
1559 3843 1822 3914 reliquiae,

239 3939 606 3996 destruantur.
1245 3943 1248 3948 '

305 4033 394 4088 15.
438 4031 506 4088 Ut
559 4041 734 4088 status
791 4031 1172 4102 parochiarum
1237 4027 1376 4083 nulla
1443 4029 1652 4084 ratione
1707 4043 1826 4082 mu-

241 4131 346 4178 tetu
354 4139 398 4178 I'.

307 4215 394 4268 16.
435 4213 666 4285 Propter
693 4223 804 4270 tres
845 4227 1036 4269 causas
1066 4213 1182 4269 loca
1210 4221 1548 4272 sanctorum
1589 4225 1832 4268 commu-

240 4307 338 4360 tari
369 4315 616 4376 possunt.
1263 4321 1270 4328 ·

312 4395 398 4448 17.
441 4394 592 4462 Quod
623 4396 768 4466 ligna
819 4395 1062 4452 ecclesia:
1106 4394 1171 4450 ad
1225 4395 1484 4448 laicorum
1535 4407 1670 4464 opus
1719 4409 1826 4450 non

241 4494 364 4558 sunt
393 4485 743 4540 admittenda.

309 4577 394 4630 18.
437 4575 512 4629 De
534 4575 858 4646 paenitentia
885 4575 1001 4644 ejus
1027 4575 1116 4644 qui
1143 4575 1428 4630 ecclesiam
1459 4574 1749 4628 comburit.

311 4665 398 4720 19.
441 4664 509 4719 Ut
537 4665 822 4720 facultates
852 4665 1203 4719 ecclesiarum
1237 4665 1456 4735 triginta
1487 4679 1658 4719 annos
1712 4679 1830 4734 pos-

245 4771 425 4822 sessas,
455 4757 675 4812 stabiles
705 4756 902 4810 exinde
933 4766 1308 4822 permaneant.

307 4849 398 4905 ΞΟ.
438 4849 588 4914 Quod
614 4849 845 4904 ecclesia
894 4863 1016 4918 qua:
1075 4849 1384 4918 apostolicae
1436 4848 1836 4918 praedicationis

245 4941 586 4998 fundamenta
617 4959 722 4997 non
753 4941 1016 5011 possidet,
1049 4941 1342 4996 deserenda
1373 4949 1475 4995 est.

255 5075 258 5078 η
311 5036 404 5092 21.
443 5035 786 5092 Utecclesim
813 5033 1140 5088 Arianorum
1182 5034 1464 5094 catholica:
1505 5051 1836 5092 consecren-

250 5135 350 5180 tur.

312 5219 405 5272 22.
440 5218 513 5274 Ut
567 5217 941 5274 dedicationes
988 5215 1338 5276 ecclesiarum
1385 5227 1442 5273 et
1493 5225 1837 5280 sacerdotum

1975 1458 2066 1512 26.
2109 1458 2260 1525 Quod
2300 1456 2650 1513 ecclesiarum
2700 1468 2973 1526 parocmae
3017 1453 3100 1507 vel
3131 1451 3496 1524 possessiones

1907 1565 2012 1622 per.
2029 1551 2356 1606 tricennium
2385 1549 2568 1621 quiete
2595 1561 2879 1619 possessae,
2915 1546 3236 1601 inconcusse
3288 1559 3500 1614 perma-

1906 1652 2094 1698 neunt.

1837 1746 1880 1806 Β
1978 1735 2069 1789 27.
2107 1741 2259 1802 Quoo
2299 1733 2616 1790 tricennalis
2647 1731 2916 1804 possessio
2965 1730 3224 1786 territorii
3265 1741 3500 1784 convert--

1909 1836 2026 1882 tum
2051 1843 2154 1882 non
2180 1827 2396 1882 adimit.

1979 1920 2069 1976 28.
2112 1919 2188 1976 De
2214 1918 2498 1974 tricennali
2529 1916 2870 1990 possessione
2911 1923 3050 1970 .ntra
3097 1927 3258 1968 unam
3284 1910 3505 1984 provin-

1909 2014 2072 2070 ciam.

1979 2105 2070 2159 29.
2115 2103 2184 2160 Ut
2211 2105 2510 2158 oratorium
2558 2115 2666 2158 non
2705 2107 3056 2156 consecretur
3081 2097 3286 2166 absque
3315 2101 3503 2152 auctov-

1911 2197 2070 2250 ritate
2101 2196 2248 2250 sedis
2287 2194 2616 2266 apostolicm.

1979 2287 2072 2342 50.
2114 2285 2266 2352 Quod
2293 2284 2590 2355 sacrilegus
2620 2281 2816 2352 estqui
2849 2279 3168 2338 sacerdotes
3213 2276 3307 2334 Dei
3361 2276 3508 2332 inse-

1912 2379 2116 2450 quitur,
2146 2387 2200 2432 et
2224 2377 2313 2446 qui
2342 2376 2600 2430 ecclesias
2624 2375 2981 2444 depraedatur.

1983 2469 2074 2524 31.
2113 2469 2266 2536 Quod
2315 2466 2644 2522 monasteria
2699 2465 2784 2519 vel
2859 2460 3219 2526 xenodochia,
3272 2472 3392 2528 quae
3439 2471 3507 2510 ex

1913 2562 2140 2633 pecunia
2187 2573 2282 2631 pro
2337 2559 2508 2614 sacris
2559 2555 2842 2611 ordinibus
2890 2555 3015 2608 data
3081 2555 3499 2612 construuntur,

1915 2650 2148 2706 mercedi
2184 2665 2287 2704 non
2311 2648 2602 2719 proficiunt
2636 2647 2730 2702 sed
2753 2651 2970 2700 nocent.

1985 2744 2072 2798 52.
2115 2743 2358 2810 Qualiter
2384 2741 2627 2797 ecclesia:
2647 2739 2876 2810 pecunia
2908 2737 2981 2794 sit
3009 2735 3294 2792 servanda.

1987 2838 2077 2891 ⁸55.
2119 2837 2272 2904 Quod
2331 2833 2720 2905 providendum
2792 2839 2877 2886 est
2947 2827 3237 2900 religiosis,
3279 2834 3341 2882 ut
3390 2824 3512 2886 loca

1918 2927 2200 2988 commoda
2256 2926 2514 2990 habeant,
2567 2938 2636 2978 ne
2687 2921 2961 2992 patientes
3005 2918 3385 2976 necessitatem
3415 2917 3514 2973 de-

1919 3021 2065 3075 sides
2093 3019 2246 3074 ﬁant.

1843 3093 1888 3153 C
1989 3113 2080 3168 5-1.
2120 3111 2272 3179 Quod
2303 3111 2526 3166 decima:
2557 3111 2754 3166 tributa
2811 3118 2936 3165 sunt
2988 3106 3260 3178 egentium
3311 3105 3517 3160 anima-

1919 3221 2064 3260 rum.

1992 3295 2079 3350 55.
2121 3293 2276 3360 Quod
2314 3293 2538 3348 decimae
2565 3300 2772 3348 tantum
2803 3290 2918 3346 dari
2955 3289 3201 3361 plebibus
3221 3288 3442 3344 debent.

1992 3386 2080 3442 56.
2125 3387 2198 3455 Ut
2241 3385 2540 3456 sacrilegus
2597 3384 2866 3438 habeatur
2924 3382 3017 3452 qui
3063 3379 3268 3450 prmdia
3320 3375 3520 3434 divinis

1922 3477 2112 3532 usibus
2149 3477 2343 3532 tradita
2367 3475 2662 3531 subtrahit.

1998 3569 2087 3622 57.
2133 3567 2206 3622 De
2233 3566 2421 3622 eadem
2450 3581 2529 3620 re.
2565 3566 2630 3620 Et
2661 3566 2804 3637 quod
2845 3581 2932 3620 res
2961 3561 3204 3620 ecclesiae
3250 3576 3356 3616 non
3391 3573 3518 3630 pro.-

1927 3661 2060 3734 price
2087 3660 2184 3716 sed
2214 3675 2536 3716 communes
2565 3675 2686 3717 esse
2717 3659 2938 3716 debent.

2000 3753 2090 3808 58.
2129 3750 2200 3806 Ut
2247 3751 2482 3822 propriis
2521 3751 2711 3806 usibus
2753 3767 2860 3806 non
2907 3749 3204 3822 applicetur
3242 3747 3383 3818 quod
3423 3760 3526 3817 pro

1931 3843 2204 3899 communi
2233 3842 2652 3902 utilitate-datur

2001 3935 2091 3991 59.
2131 3934 2286 4003 Quod
2317 3935 2661 4004 sacrilegium
2693 3944 2774 3989 est
2805 3949 2866 3990 ea
2898 3937 3137 3996 retinere
3174 3947 3294 4004 quae
3321 3930 3524 3987 sanctis

1929 4027 2062 4082 locis
2090 4027 2490 4097 relinquuntur.

2001 4120 2092 4174 40.
2135 4119 2209 4174 De
2235 4119 2320 4174 his
2350 4119 2440 4188 qui
2483 4119 2600 4174 loca
2637 4127 2823 4174 sancta
2879 4117 3208 4189 infringunt,
3237 4123 3294 4172 et
3321 4111 3524 4183 aliquid

1933 4209 2060 4268 inde
2087 4210 2430 4266 abstrahunt.

2003 4303 2093 4360 41.
2135 4305 2210 4359 De
2237 4304 2321 4358 his
2351 4303 2442 4374 qui
2477 4317 2564 4357 res
2589 4302 2794 4356 alienas
2825 4299 2906 4356 vel
2941 4299 3241 4354 oblationes
3265 4293 3525 4351 ecclesia-

1935 4395 2103 4452 sticas
2131 4397 2370 4465 rapiunt.

2003 4483 2096 4536 ω.
2137 4483 2292 4550 Quod
2343 4483 2469 4537 licet
2533 4481 2923 4537 ecclesiasticis
2975 4479 3108 4534 viris
3164 4477 3402 4532 alienata
3458 4474 3530 4535 ab

1934 4575 2178 4632 ecclesiis
2199 4589 2322 4628 cum
2357 4573 2623 4630 fructibus
2651 4577 2763 4630 suis
2793 4585 3094 4643 reposcere.

2005 4671 2096 4724 45.
2135 4669 2286 4736 Quod
2313 4665 2688 4738 baptismus'in
2713 4666 3044 4724 monasterio
3065 4680 3170 4721 non
3204 4665 3322 4720 fiat.

2009 4764 2096 4818 44.
2145 4762 2214 4818 Ut
2245 4779 2332 4818 res
2360 4763 2607 4816 ecclesia:
2639 4775 2800 4816 nemo
2833 4760 2962 4814 dare
2991 4757 3075 4812 vel
3121 4759 3370 4828 accipere
3395 4767 3534 4824 pra:-

1938 4863 2116 4911 sumat
2141 4863 2338 4923 prazter
2357 4851 2670 4921 episcOpum
2695 4849 2779 4906 vel
2798 4863 2920 4903 eum
2937 4847 3021 4902 cui
3053 4847 3156 4901 hoc
3178 4843 3534 4901 commissum

1938 4955 2040 5003 est.

2010 5037 2100 5093 4-5.
2141 5037 2294 5106 Quod
2338 5035 2396 5091 si'
2429 5035 2592 5090 nimia
2647 5033 2947 5094 necessitas
2991 5029 3148 5085 alicui
3177 5024 3542 5100 episcopoin-

1943 5131 2168 5195 Cumbil.
2216 5145 2322 5184 non
2371 5136 2550 5182 tamen
2603 5127 2773 5186 debet
2813 5123 3056 5183 ecclesiae
3077 5122 3324 5178 redditus
3360 5114 3565 5202 distri:

1941 5225 2130 5287 liuere,
2157 5221 2258 5275 nisi
2287 5219 2519 5291 primum
2565 5217 2934 5279 insinuaverit
2961 5214 3178 5286 primati
3229 5203 3546 5291 provincia}.

2027 5311 2082 5330 ιη
2145 5311 2210 5330 ιτ.
2320 5313 2332 5324 ο
2383 5311 2580 5330 ι.-----..-
2633 5313 2675 5330 n
2723 5312 2733 5324 ι
2825 5307 3068 5330 ο-1--.,...ῑι
3123 5314 3168 5330 ..ι
3199 5302 3324 5330 εηιΙη
3350 5290 3550 5330 αιῖνηιιῖιί
