4018 5330
500 153 605 213 505

1564 154 1622 210 S.
1668 155 1968 213 ANSELMI
2008 155 2345 217 LUCENSIS
2377 155 2680 213 EPISCOPI

3674 153 3779 208 501

570 270 657 325 48.
704 269 848 338 λαοί]
914 268 1214 326 ministeria
1296 268 1538 327 ecclesiae
1595 287 1693 342 pro
1744 282 2080 343 captivorum
2112 280 2158 338 Α
2190 289 2294 328 una
2344 268 2621 343 episcopo,
2674 272 2840 327 altera
2906 270 3165 335 clericis,
3216 268 3372 324 tertia
3423 269 3757 339 pauperibus

501 361 868 430 redemptione
890 361 1170 417 vendenda
1200 370 1347 416 sunt.

569 452 657 508 49.
704 451 770 508 Ut
793 452 1018 508 decima:
1040 469 1070 508 a
1094 453 1247 511 laicis
1268 470 1373 509 non
1392 454 1793 524 possideantur.

568 542 657 598 50.
700 543 852 611 Quod
906 559 995 600 res
1020 559 1194 600 sacra:
1241 546 1440 602 nullius
1494 556 1659 614 sunt,
1708 563 1808 604 nec
1854 548 2080 605 alienari

401 673 406 681 .
501 633 697 688 debent
723 633 824 693 nisi
852 649 952 705 pro
977 635 1225 706 captivis.

568 726 661 781 5t.
701 725 773 782 Ut
811 727 903 796 qui
951 728 1197 783 converti
1243 729 1495 797 voluerit,
1525 730 1868 787 medietatem
1900 746 2080 788 rerum

503 832 721 873 suarum
761 819 1004 877 ecclesiae
1040 820 1126 876 cui
1169 820 1450 891 subjectus
1497 831 1599 891 est,
1633 823 1889 890 dimittat,
1920 832 1975 880 et
2003 824 2082 880 sic

499 914 566 969 ad
604 913 992 969 monasterium
1020 914 1200 969 vadat.

569 1001 657 1058 52.
698 1003 769 1059 Ut
793 1003 970 1060 nullus
994 1005 1162 1061 abbas
1204 1006 1443 1065 decimas
1477 1008 1561 1063 vel
1587 1008 1855 1078 primitias
1901 1016 2085 1064 teneat

497 1095 617 1151 sine
643 1097 967 1152 auctoritate
994 1097 1287 1167 apostolica
1309 1098 1392 1154 vel
1417 1102 1655 1171 episcopi
1677 1101 1902 1172 proprii.

568 1185 659 1242 55.
697 1186 773 1242 De
819 1187 1056 1258 quodam
1107 1188 1301 1246 abbate
1356 1193 1652 1247 constituto
1702 1207 1731 1245 a
1776 1206 1912 1263 papa
1947 1191 2083 1248 Gre-

496 1292 670 1349 goria.

565 1368 652 1423 54.
698 1369 771 1426 Ut
814 1371 1017 1426 nullum
1070 1372 1431 1429 constituatur
1502 1375 1889 1430 monasterium
1962 1376 2082 1430 sine

495 1462 822 1518 conscientia
898 1464 1135 1534 episcopi
1214 1466 1343 1533 sui,
1382 1475 1438 1522 et
1504 1474 1563 1521 ut
1589 1481 1778 1527 omnes
1829 1467 2078 1531 monachi

492 1553 746 1624 episc0po
770 1552 1005 1622 subjecti
1024 1555 1154 1610 sint.

562 1644 652 1701 55.
695 1645 846 1712 Quod
868 1662 975 1703 non
1014 1648 1170 1705 liccat
1193 1651 1521 1707 monasteria
1544 1666 1663 1722 qua:
1687 1664 1899 1709 sacrata
1931 1662 2074 1719 sunt,
2107 1677 2154 1736 Β

492 1735 790 1791 diversoria
815 1736 1094 1793 smcularia
1128 1739 1269 1795 ﬁeri.

559 1825 648 1882 56.
693 1826 760 1884 Ut
807 1828 1017 1883 irritum
1072 1830 1336 1886 habeatur
1384 1831 1429 1889 si
1468 1834 1588 1904 quis
1622 1849 1708 1889 res
1755 1834 1996 1892 ecclesia:
2046 1851 2078 1891 a

489 1917 709 1988 regibus
728 1920 953 1988 expetit,
976 1928 1029 1974 et
1062 1920 1174 1990 ipse
1197 1923 1580 1979 communione
1602 1925 1864 1994 privetur.

561 2012 648 2065 57.
691 2011 746 2066 Si
780 2012 901 2080 quis
920 2013 1272 2069 ecclesiarum
1303 2015 1385 2069 vel
1417 2017 1877 2072 xenodocltiornm
1908 2015 2079 2071 facul-

491 2110 630 2158 tates
663 2101 970 2169 abstulerit,
1021 2113 1076 2157 ut
1122 2114 1346 2160 necator
1376 2100 1671 2177 pauperum
1704 2106 2076 2163 excommuni-

488 2205 671 2255 retur.

557 2285 648 2343 58.
689 2285 1033 2344 Deiibertate
1058 2289 1449 2345 monachorum
1498 2299 1552 2345 ct
1594 2288 2072 2344 monasteriorum.

558 2377 647 2436 59.
693 2378 761 2436 L't
788 2383 1112 2437 monasteria
1141 2382 1445 2438 releventur
1467 2398 1495 2436 a
1519 2381 1832 2454 gravamine
1851 2382 2077 2437 clerico-

487 2486 629 2531 ῐυΙΙι.

560 2563 648 2620 60.
688 2563 841 2632 Quod
903 2565 1087 2622 clerici
1137 2580 1240 2622 non
1302 2567 1501 2623 debent
1543 2565 1888 2623 monasteriis
1940 2580 2076 2636 pra:-

486 2656 635 2725 poni.

563 2746 653 2801 Cl.
695 2744 758 2805 Ut
786 2750 1174 2813 monasterium
1214 2751 1414 2807 nullam
1465 2752 1699 2823 patiatur
1748 2752 2074 2808 calunmiam

487 2840 543 2896 in
569 2840 654 2898 bis
678 2843 837 2898 rebus
864 2858 1001 2912 quas
1028 2845 1385 2916 quadraginta
1415 2861 1587 2901 annos
1616 2846 1874 2915 possedit.

560 2931 651 2987 6:2.
696 2933 763 2989 L't
804 2934 1040 3004 episcopi
1086 2936 1167 2991 vel
1200 2937 1467 2991 wconomi
1517 2936 1597 2991 vel
1645 2936 2073 3008 orphanotrophi

2184 376 2377 437 quarta
2404 365 2753 421 restituendis
2777 363 3043 421 ecclesiis.

2254 457 2343 512 65.
2387 456 2463 512 De
2489 457 2677 512 eadem
2701 471 2780 511 re.

2254 549 2341 605 66.
2382 547 2515 604 item
2544 548 2610 604 de
2633 548 2823 604 eadem
2862 562 2943 604 re.

2254 640 2343 696 67.
2385 640 2455 696 Ut
2515 640 2755 711 episcopi
2823 638 3100 707 subjectos
3155 653 3260 693 non
3309 636 3667 708 opprimant,
3722 643 3782 690 er

2182 730 2432 787 ecclesiae
2482 731 2727 786 redditus
2772 729 3067 786 secundum
3113 717 3358 784 laborum
3394 726 3590 782 merita
3640 723 3781 779 divi-

2181 822 2402 878 dantur.

2252 914 2339 969 68.
2385 915 2460 968 De
2487 914 2686 969 eadem
2729 927 2807 967 re.

2252 1002 2342 1058 69.
2385 1001 2566 1058 Utres
2594 1002 2841 1057 ecclesiae
2896 1016 3005 1056 non
3057 1000 3346 1062 donentur,
3376 1014 3481 1053 non
3523 1011 3782 1053 commu.

2184 1103 2402 1159 tentur,
2458 1109 2568 1150 non
2619 1094 2965 1160 vendantur,
3019 1092 3128 1149 nisi
3205 1089 3601 1147 meliorationis
3651 1105 3779 1161 pro-

2181 1195 2394 1257 spectu.

2251 1275 2341 1331 70.
2381 1272 2453 1331 Ut
2497 1274 2889 1331 monasterium
2940 1290 3042 1331 nec
3094 1272 3416 1329 commutari
3447 1270 3623 1342 poSsit
3649 1283 3782 1326 cum

2183 1365 2287 1425 alio
2310 1366 2664 1422 monasterio.

2251 1459 2337 1513 71.
2383 1458 2523 1527 Quid
2547 1459 2798 1529 episcopo
2816 1456 3084 1528 agendum
3107 1456 3198 1523 sit,
3232 1455 3275 1512 si
3305 1454 3487 1527 plures
3524 1452 3778 1510 lneredes

2181 1554 2510 1608 contendant
2538 1552 2605 1607 de
2635 1566 2740 1606 una
2778 1550 3030 1607 ecclesia.

2253 1642 2340 1696 72.
2383 1643 2457 1697 De
2483 1641 2671 1695 eadem
2705 1655 2786 1695 re.

2252 1733 2337 1787 75.
2381 1733 2535 1800 Quod
2560 1731 2951 1787 monasterium
2977 1731 3447 1786 constructoribus
3467 1729 3638 1784 invite
3668 1742 3781 1783 non

2181 1831 2481 1885 auferatur.

2248 1922 2337 1976 74.
2379 1921 2530 1990 Quod
2560 1918 2797 1975 liceatin
2841 1917 3176 1974 monasterio
3212 1916 3433 1977 missam
3464 1912 3676 1970 cantari
3722 1921 3785 1967 et

2178 2022 2422 2068 mortuos
2446 2011 2686 2083 sepeliri.
3006 2010 3009 2013 ’

2250 2104 2336 2159 75.
2380 2103 2448 2160 Ut
2470 2103 2703 2159 ecclesia
2742 2118 2847 2158 non
2874 2109 3246 2167 consecretur,
3298 2092 3340 2154 si
3372 2111 3572 2168 corpus
3602 2096 3657 2151 in
3706 2109 3779 2152 ea

2177 2197 2456 2251 humatum
2487 2209 2607 2249 esse
2632 2195 2961 2249 constiterit.

2248 2288 2334 2343 76.
2379 2289 2452 2342 De
2476 2287 2559 2342 his
2588 2287 2679 2356 qui
2702 2286 3025 2341 documenta
3049 2282 3403 2340 ecclesiarum
3431 2276 3785 2351 supprimunt

2176 2390 2269 2437 aut
2296 2388 2513 2437 necant.

2251 2398 2269 2435 ι
2296 2398 2513 2451 negant.

2247 2472 2338 2539 7,7.
2375 2471 2451 2526 De
2505 2469 2888 2537 traditionibus
2966 2463 3350 2523 ecclesiasticis
3415 2457 3785 2531 observandis

2175 2580 2295 2637 quae
2325 2564 2445 2621 ﬁdei
2478 2580 2583 2619 non
2606 2562 2869 2619 olliciunt.

2246 2657 2335 2725 7.8.
2378 2655 2449 2712 Ut
2471 2655 2536 2710 de
2561 2655 2863 2710 redditibus
2895 2652 3140 2709 ecclesia:
3190 2658 3244 2706 ct
3269 2645 3511 2719 antiquis
3536 2653 3593 2702 et
3620 2643 3781 2700 novi-

2177 2757 2259 2804 ter
2285 2747 2568 2818 acquisitis
2594 2755 2801 2817 quartae
2828 2747 3044 2803 dentur.

2246 2840 2333 2896 79.
2376 2839 2451 2895 De
2481 2841 2587 2895 dici
2620 2839 2882 2895 Dominici
2907 2836 3307 2894 observatione.

2246 2932 2332 2988 80.
2373 2930 2447 2986 De
2477 2932 2664 2987 eadem
2691 2948 2769 2986 re.

490 3037 574 3078 te:
623 3026 921 3081 xcnodochi
974 3026 1109 3089 nihil
1155 3026 1500 3082 hmreditarie
1556 3027 1870 3097 possideant
1900 3067 1917 3093 ,
1968 3028 2071 3087 nisi
2100 3029 2145 3092 ο
2247 3022 2335 3077 8t.
2378 3021 2453 3074 De
2484 3022 2711 3090 panibus
2733 3030 2787 3077 et
2810 3019 2929 3075 aliis
2957 3020 3119 3075 rebus
3149 3031 3270 3088 qua:
3298 3015 3472 3071 sacris
3498 3014 3785 3077 altaribus.

491 3116 633 3184 quod
658 3126 784 3175 ante
803 3117 1160 3174 ordinationis
1191 3119 1377 3173 horam
1411 3117 1787 3188 possederunt.

563 3208 652 3263 65.
692 3210 792 3278 Qui
842 3223 1027 3267 contra
1075 3226 1261 3282 pacem
1306 3213 1552 3268 ecclesiae
1581 3222 1727 3278 sunt,
1773 3222 1866 3269 aut
1918 3215 2077 3269 rebus

492 3298 604 3354 suis
633 3299 1135 3371 exspolicntur,aut
1160 3303 1474 3359 verberibus
1503 3303 1626 3359 (τωεί
1669 3304 1865 3360 exsilio
1908 3304 2075 3375 depu—

490 3398 689 3444 lL‘llllll'.

561 3482 648 3537 (ιι.
697 3483 760 3539 Ut
783 3483 849 3551 de
872 3497 1035 3541 rebus
1055 3485 1310 3543 Ecclesite
1338 3496 1573 3555 quatuor
1611 3486 1890 3556 portiones
1917 3486 2081 3555 ﬁant,

2181 3112 2500 3168 olfernntur.

2252 3206 2341 3261 89..
2386 3205 2458 3260 De
2488 3206 2675 3260 eadem
2702 3221 2783 3261 rc.

2253 3300 2343 3355 85.
2384 3299 2460 3352 De
2488 3299 2797 3355 constitutis
2817 3297 3202 3354 ecclesiasticis
3223 3294 3480 3366 temporis
3507 3293 3792 3367 qualitate,

2179 3389 2543 3446 moderandis.

1511 3658 2024 3739 CAPITULA
2084 3664 2365 3742 LIBRI
2439 3664 2716 3743 SIX'I‘I
2743 3732 2765 3767 ,

947 3812 1052 3878 Qui
1082 3822 1155 3868 est
1186 3814 1250 3866 de
1284 3811 1534 3868 electione
1556 3826 1602 3869 et
1630 3816 1964 3873 ordinatione
1998 3829 2047 3873 et
2083 3819 2148 3877 de
2171 3822 2314 3876 omni
2348 3832 2599 3893 potestate
2626 3823 2734 3877 sive
2758 3832 2897 3877 statu
2919 3824 3307 3894 episcoporum.

595 4001 611 4018 .
642 3964 713 4020 Ut
743 3978 875 4036 papa
924 3964 1178 4021 incolumi
1229 3964 1407 4020 nullus
1453 3966 1657 4022 ambiat
1691 3978 1987 4049 papatum;
2021 3980 2077 4037 et

487 4056 553 4110 de
580 4055 845 4119 electione
871 4054 1184 4127 alterius,si
1215 4056 1329 4142 ipse
1360 4057 1536 4113 adhuc
1567 4058 1752 4115 vivens
1781 4060 1919 4116 nihil
1944 4061 2070 4119 inde

487 4146 845 4220 disposuerit.

554 4265 608 4318 2.
650 4265 716 4321 Ut
743 4273 991 4320 sanctum
1026 4277 1150 4318 esse
1186 4276 1346 4318 nemo
1376 4264 1587 4322 dubitet
1625 4281 1799 4343 quem.
1825 4267 2077 4339 apostoli-

484 4371 561 4410 cae
584 4354 864 4425 dignitatis
890 4371 1027 4425 apex
1051 4354 1198 4424 iuste
1223 4356 1440 4412 attollit.

555 4446 609 4499 5.
640 4445 772 4500 ltcm
802 4448 866 4502 de
893 4446 1151 4518 eligendis
1188 4448 1480 4519 episcopis,
1524 4460 1581 4504 ut
1607 4449 1757 4519 puris
1800 4449 2073 4506 mentibus
2106 4427 2152 4486 D

483 4541 600 4608 ﬁat,
627 4549 683 4596 et
714 4539 917 4595 nullum
945 4541 1178 4611 pretium
1210 4542 1554 4609 interveniat,

553 4633 606 4689 4.
642 4634 715 4691 Ut
741 4635 793 4690 in
825 4634 1088 4691 electione
1128 4635 1357 4691 Romani
1389 4636 1663 4707 pontiﬁcis
1688 4635 1867 4703 nullus
1898 4636 2071 4711 impe-

480 4726 780 4782 dimentum
811 4726 1030 4797 aliquod
1058 4726 1245 4783 faciat.

552 4820 605 4875 5.
640 4819 710 4876 Ut
741 4821 896 4876 irrita
923 4823 993 4876 sit
1023 4823 1201 4879 omnis
1233 4822 1429 4879 electio
1454 4822 1695 4894 episcopi
1732 4823 1818 4879 vel
1840 4824 2068 4895 presby-

482 4915 582 4972 teri
614 4916 696 4973 vel
723 4916 935 4972 diaconi
966 4932 1086 4988 qua:
1113 4933 1144 4972 a
1173 4919 1512 4999 principibus
1540 4919 1621 4973 fit.

550 5010 602 5065 6.
633 5009 708 5064 De
737 5010 822 5065 his
856 5011 950 5081 qui
982 5026 1041 5067 se
1068 5026 1099 5065 a
1137 5013 1333 5087 populo
1355 5012 1562 5070 electos
1587 5023 1922 5069 asseverant.

553 5100 606 5155 7.
638 5100 706 5156 Ut
733 5103 978 5158 extranei
1007 5118 1112 5158 non
1141 5113 1526 5173 pracponantur
1566 5105 1650 5160 his
1676 5107 1766 5175 qui
1798 5105 1936 5162 bene
1957 5120 2071 5160 scr-

481 5193 698 5248 vicrunt
726 5194 779 5249 in
806 5194 1059 5249 ecclesiis
1081 5195 1213 5250 suis.

553 5286 603 5330 Ω.
644 5286 797 5330 Οηηιὶ
829 5302 934 5330 nnn
967 5286 1085 5330 lion!
1132 5287 1328 5330 nnnnln
1375 5287 1696 5330 plpnlinnpm
1745 5290 1924 5330 ranam
1953 5292 2067 5330 nni-

2256 3977 2343 4032 10.
2381 3977 2454 4031 De
2483 3978 2715 4046 quodam
2747 3979 2919 4035 electo
2949 3980 3004 4034 in
3036 3981 3350 4051 episcopum
3382 3996 3542 4051 quem
3583 3982 3787 4040 beatus

2179 4082 2316 4139 papa
2345 4069 2639 4140 Gregorius
2665 4070 2996 4139 reprobavit,
3026 4081 3082 4126 et
3106 4073 3270 4127 alium
3295 4073 3425 4127 fecit
3446 4073 3574 4145 eligi
3606 4084 3787 4145 atque-

2179 4164 2540 4226 consecravit.
3157 4209 3177 4217 ..

2252 4257 2336 4310 11.
2369 4256 2523 4323 Quod
2551 4257 2764 4313 vivente
2796 4256 3042 4314 Romano
3061 4258 3145 4313 vel
3168 4258 3558 4328 aliopontitice
3586 4260 3783 4323 nullus~

2182 4346 2504 4402 electionem
2536 4357 2829 4418 praesumat
2858 4348 3061 4403 facere.

2252 4438 2340 4493 12.
2378 4440 2453 4494 De
2479 4440 2742 4495 electione
2770 4441 3060 4519 pontiﬁcis.

2251 4532 2337 4587 15.
2369 4531 2520 4598 Quod
2546 4533 2851 4588 invasorem
2879 4533 3192 4602 apostolica:
3212 4534 3357 4590 sedis
3389 4534 3553 4591 liceat
3588 4535 3772 4591 nardi»

2179 4622 2391 4687 nal‘ibus
2421 4624 2897 4679 excommunicare
2926 4633 2981 4678 et
3013 4624 3303 4694 expellere.

2252 4714 2338 4769 M.
2406 4714 2478 4770 Ut
2525 4716 2594 4771 ab
2655 4714 2955 4771 ambitione
3006 4731 3199 4772 omnes
3250 4727 3509 4783 cessent,
3563 4726 3620 4774 et
3682 4716 3777 4775 ille

2178 4823 2317 4878 papa
2348 4814 2670 4877 permaneat
2699 4822 2858 4877 quem
2887 4800 3068 4864 clerus
3104 4824 3228 4864 eum
3274 4825 3547 4865 consensu
3587 4810 3769 4883 populi

2179 4899 2427 4973 elegerit.

2248 4990 2337 5044 15.
2385 4988 2489 5056 Qui
2513 4987 2792 5058 eligendus
2819 4997 2906 5045 est
2934 4988 3246 5060 episcopus,
3298 5004 3405 5044 non
3452 4990 3527 5045 sit
3572 4989 3763 5054 laicus,

2178 5095 2285 5135 non
2333 5079 2659 5151 neophytus,
2707 5096 2815 5135 non
2865 5083 3119 5151 secunda:
3154 5080 3399 5152 conjugis
3437 5091 3534 5136 aut
3592 5082 3763 5136 vidue

2179 5170 2428 5225 maritus.
2560 5214 2561 5217 η
3760 5189 3767 5194 '

2250 5287 2336 5330 Ηῖ-
2374 5284 2441 5330 Iit
2477 5288 2543 5330 ml
2574 5285 2890 5330 electionem
2929 5287 3328 5330 mnlrnnnlimni
3375 5287 3615 5330 nniennni
3647 5302 3765 5330 mn-
