4018 5330
225 197 324 252 505

1288 201 1668 261 COLLECTIO
1705 205 2065 264 CANONICA.
2107 243 2172 250 —
2197 213 2324 267 LlB.
2359 216 2438 270 Vl.

3397 221 3498 276 506

291 311 380 366 l7.
411 310 564 378 Quod
601 311 935 382 principatus
967 327 1125 384 quem
1171 314 1366 370 seditio
1409 320 1660 384 extorsit,
1709 329 1802 374 aut
1833 327 1880 384 Α
1978 311 2074 378 44.
2095 325 2246 392 Quod
2272 329 2338 382 ah
2369 329 2515 382 omni
2545 329 2691 386 clero
2720 341 2770 386 et
2797 331 3046 386 universa
3086 331 3240 386 tutba
3281 332 3496 404 dignum

223 404 458 460 ambitus
477 407 780 475 occupavit,
803 408 904 462 etsi
935 421 1038 462 non
1067 407 1327 475 litoribus,
1355 417 1532 464 tamen
1556 413 1804 482 exemplo

221 495 358 550 initii
391 503 477 550 est
507 497 863 566 perniciosus.

287 589 375 643 18.
425 588 582 656 Quod
611 605 776 661 grave
803 591 906 646 sibi
943 601 1098 664 parat
1133 592 1384 648 damnum
1413 595 1500 664 qui
1550 596 1806 650 sublimat

219 680 498 749 indignum
526 682 864 750 episcopum.

285 771 373 826 l9.
411 771 483 826 Ut
519 773 674 844 longa
709 773 1028 844 probatione
1073 776 1216 830 viam
1248 776 1443 832 bonam
1479 787 1800 844 monstrent,

216 861 412 932 quibus
442 863 804 931 gubernacula
831 863 1084 919 Ecclesia:
1113 873 1240 920 sunt
1285 867 1692 922 committenda.

278 953 370 1006 ΞΟ.
407 953 484 1006 Ne
509 955 630 1022 quis
663 953 920 1010 laicorum
943 955 1248 1026 principum
1285 958 1365 1011 vel
1415 967 1694 1028 potentum
1745 974 1802 1013 se

215 1044 504 1097 interserat
533 1043 782 1100 electioui
815 1046 896 1099 vel
935 1047 1260 1114 promotioni
1292 1049 1693 1119 episc0p0rum.

279 1134 369 1187 21.
405 1134 474 1190 Ut
502 1135 568 1190 de
595 1135 770 1190 aliena
801 1136 1042 1192 Ecclesia
1072 1139 1360 1208 episc0pus
1395 1153 1502 1194 non
1549 1141 1800 1212 eligatur,

211 1226 312 1280 nisi
339 1227 536 1297 dignus
563 1228 616 1282 in
647 1229 864 1298 propria
893 1245 1000 1284 non
1041 1231 1366 1284 inveniatur.

275 1319 366 1374 22.
395 1320 550 1386 Quod
571 1322 636 1376 de
657 1321 826 1376 altera
851 1322 1089 1378 Ecclesia
1113 1337 1218 1377 non
1242 1323 1474 1394 eligatur
1493 1325 1800 1396 episcopus,

209 1411 252 1464 si
287 1411 338 1464 in
361 1425 428 1465 ea
456 1411 654 1480 dignus
681 1411 974 1466 invenitur.

273 1499 362 1554 '25.
414 1499 568 1566 Quod
611 1501 1031 1557 Mediolanensis
1078 1503 1365 1573 cpiscopus
1402 1503 1628 1573 jubentc
1658 1521 1798 1577 papa

209 1591 488 1645 ordinatus
506 1601 608 1646 est.

275 1679 362 1732 24.
399 1680 554 1748 Quod
581 1683 832 1738 monachi
863 1683 944 1740 vel
975 1684 1096 1739 laici
1131 1685 1234 1740 nisi
1265 1701 1364 1756 per
1386 1688 1586 1756 gradus
1614 1690 1793 1743 eccle-

209 1777 300 1832 sia:
341 1795 450 1832 non
489 1777 722 1834 debeant
768 1781 834 1834 ad
870 1797 1141 1836 sumntum
1191 1783 1554 1842 sacerdotium
1601 1798 1794 1853 perve-

208 1869 342 1922 nire.

277 1961 366 2013 ‘25.
400 1960 554 2028 Quod
594 1963 774 2017 nullus
804 1961 1080 2018 Romanus
1123 1963 1354 2033 eligatur
1398 1965 1646 2034 pontifex
1691 1965 1796 2020 nisi

209 2069 342 2108 unus
371 2070 436 2109 ex
463 2056 851 2111 cardiualibus.

273 2145 361 2198 2‘3.
395 2145 496 2212 Qui
525 2147 598 2200 sit
626 2148 973 2218 neopbytus;
1011 2157 1068 2205 et
1095 2159 1152 2204 ut
1181 2150 1296 2222 ipse
1339 2149 1404 2204 ad
1437 2165 1793 2212 summosor-

209 2237 356 2292 dines
385 2253 492 2292 non
523 2241 792 2309 prosiliat.

271 2327 360 2381 ‘27.
397 2329 472 2384 De
501 2330 654 2385 laicis
685 2333 776 2402 qui
810 2333 1119 2390 ambitionis
1149 2349 1310 2390 causa
1340 2341 1716 2400 tonsurantur,
1739 2345 1794 2390 et

211 2419 336 2474 ﬁunt
363 2421 542 2476 subito
567 2426 898 2480 sacerdotes.

273 2511 358 2566 :28.
411 2513 564 2578 Quod
615 2517 912 2570 secundum
961 2520 1350 2588 proprietatem
1399 2521 1632 2576 nominis
1678 2522 1790 2592 epi-

211 2619 394 2674 scapus
441 2619 548 2662 non
600 2617 705 2675 est,
739 2609 830 2678 qui
871 2607 1122 2664 dilexerit
1159 2627 1392 2680 praesse
1423 2621 1476 2668 et
1525 2629 1628 2667 non
1659 2629 1788 2682 pro-

212 2699 376 2755 desse.

273 2793 360 2849 29.
395 2794 550 2862 Quod
589 2797 848 2853 miserum
875 2809 959 2856 est
995 2815 1114 2856 eunt
1163 2801 1280 2858 ﬁeri
1329 2813 1649 2876 magistrum
1693 2819 1785 2874 qut

211 2899 476 2956 antiquam
501 2888 602 2942 fuit
627 2889 944 2959 discipulus.

274 2975 357 3029 50.
383 2975 536 3043 Quod
560 2977 649 3047 jus
669 2981 1026 3038 ordinationis
1050 2982 1210 3038 debet
1236 2985 1506 3051 amittere,
1539 2985 1629 3055 qui
1656 3000 1788 3041 nco-

213 3065 424 3136 pltytum
450 3073 787 3126 consecravit
819 3073 1138 3142 improvide.

288 3157 374 3213 δι.
395 3159 732 3230 Przeceptum
755 3162 820 3216 de
849 3163 1110 3219 electione
1137 3164 1416 3221 lmolcnsis
1443 3167 1701 3238 episcopi,
1728 3177 1782 3222 et

215 3250 270 3305 de
300 3255 708 3314 consecratione
729 3255 1038 3312 Cumensis.

265 3342 348 3397 52.
385 3343 456 3400 Ut
505 3346 558 3400 in
587 3346 856 3404 electione
897 3349 1124 3403 Romani
1174 3351 1446 3419 pontiﬁcis
1503 3352 1678 3407 nullus
1723 3368 1782 3408 se

213 3434 392 3490 audeat
427 3437 795 3508 interponere,
847 3449 1046 3510 praeter
1075 3457 1169 3496 cos
1214 3459 1350 3513 quos
1399 3445 1618 3513 antiqua
1653 3460 1778 3500 con-

213 3529 423 3582 suetudo
447 3529 710 3585 admittit.

271 3617 354 3672 55.
389 3618 464 3672 De
495 3621 840 3678 ordinatione
866 3625 1124 3695 episcopi.

272 3708 354 3762 Si.
389 3709 460 3764 Ut
486 3727 674 3767 omnes
707 3713 1032 3786 suffragauei
1064 3717 1352 3788 cujuslibet
1381 3721 1777 3793 archiepiscopi

213 3800 369 3868 ipSnm
397 3804 599 3873 eligant
627 3815 681 3860 et
713 3809 988 3863 ordinent.
1773 3825 1782 3830 '

269 3892 352 3948 53.
388 3895 540 3961 Quod
575 3912 680 3951 non
719 3909 934 3969 oportet
981 3901 1352 3956 ordinationes
1398 3902 1776 3974 episcoporum

210 3983 286 4038 diu
325 3985 550 4042 diﬁ‘erri.

267 4077 353 4132 56.
383 4079 538 4146 Quod
569 4083 1018 4154 metropolitanus
1067 4101 1194 4141 suos
1221 4085 1518 4157 subiectos,
1567 4097 1622 4144 et
1673 4089 1776 4158 ipsi

209 4167 387 4224 debent
409 4171 556 4226 illum
576 4174 850 4229 ordinare.

266 4261 348 4316 57.
377 4263 530 4331 Quod
559 4267 872 4336 episcopum
899 4281 1018 4322 esse
1051 4283 1159 4322 non
1194 4277 1430 4338 oportet,
1460 4269 1549 4340 qui
1577 4277 1774 4338 praeter

206 4355 576 4420 conscientiam
608 4359 1010 4428 metropolitani
1039 4359 1216 4414 laetus
1242 4369 1348 4416 est.

1908 429 1988 471 cst
2037 417 2160 488 eligi
2193 419 2502 490 episciiputn
2535 439 2656 476 cum
2693 439 2916 478 assensu
2949 423 3323 492 episcoporum
3371 441 3496 494 pro-

1907 509 2243 566 vincialiunt.

1975 603 2064 657 45.
2097 604 2172 660 De
2207 607 2398 662 ordine
2438 609 2862 664 consecrationis
2901 609 3098 662 summi
3129 609 3422 680 pontilicis.

1975 697 2063 752 46.
2101 699 2176 754 De
2199 701 2391 756 ordine
2423 703 2849 758 consecrationis
2879 703 3276 772 episcoporum.

1969 795 2056 850 47.
2103 797 2236 852 Item
2285 799 2350 854 de
2397 799 2738 854 ordinatione
2785 801 3186 870 cpiscomrum,
3240 798 3494 868 qualiter,

1903 901 2008 958 qua
2039 887 2148 954 die,
2187 905 2292 958 qua
2327 889 2484 956 hora,
2517 889 2632 945 ﬁeri
2666 891 2886 946 debeat.

1972 979 2063 1035 48.
2095 979 2248 1048 Quod
2291 997 2398 1036 non
2449 991 2660 1052 oportet
2699 984 3010 1054 episcopum
3064 1001 3094 1040 a
3141 984 3490 1056 paucioribus

1901 1087 2064 1141 quam
2095 1087 2124 1126 a
2159 1072 2328 1128 tribus
2359 1075 2628 1144 episcopis
2657 1077 2922 1132 ordinari.

1972 1164 2060 1220 49.
2091 1165 2332 1234 Qualiter
2357 1178 2744 1224 consecrentur
2774 1169 3037 1239 episroiii.

1960 1255 2047 1310 5'0.
2083 1257 2154 1312 Ut
2195 1267 2392 1330 praeter
2438 1259 2826 1314 conscientiam
2877 1259 3278 1330 metropolitani
3313 1260 3490 1316 nullus

1899 1347 2108 1402 ordinet
2137 1350 2468 1420 episcopum,
2495 1351 2588 1406 sed
2621 1366 2720 1406 nec
2751 1367 2889 1406 unus
2913 1351 3078 1406 solus.

1971 1439 2058 1493 5|.
2091 1441 2316 1507 Quoties
2363 1443 2686 1498 ordinantur
2715 1443 2985 1498 antistites
3017 1445 3067 1498 in
3101 1443 3491 1513 principalibus

1899 1537 2132 1598 quatuor
2162 1531 2404 1596 sedibus,
2431 1533 2626 1586 debent
2671 1533 2903 1588 vicissim
2935 1532 3222 1602 synodicas
3251 1535 3490 1596 mittere,

1899 1619 2094 1688 quibus
2133 1620 2490 1690 proﬁteantur
2529 1623 2810 1694 generales
2845 1624 3080 1696 synodos
3123 1624 3416 1678 custodire.

1829 1699 1872 1754 Β
1968 1707 2055 1762 59..
2085 1709 2159 1764 De
2190 1712 2512 1766 auctoritate
2557 1723 2792 1782 quatuor
2837 1713 3190 1770 conciliorum
3235 1713 3491 1782 synodica

1901 1801 2072 1856 sancti
2104 1817 2254 1872 papae
2293 1801 2334 1856 ϐ
2348 1803 2564 1870 regor-ii.

1970 1892 2060 1947 55.
2109 1892 2185 1946 De
2234 1891 2572 1948 ordinatione
2627 1893 2680 1948 in
2730 1895 2968 1950 Sabbato
3013 1903 3204 1950 sancto
3244 1901 3368 1963 post
3397 1893 3490 1948 ba-

1898 1984 2118 2055 ptisma.

1967 2075 2055 2128 54.
2091 2075 2167 2131 De
2205 2075 2546 2130 ordinatione
2587 2075 2638 2130 in
2666 2073 2904 2131 Sabbato
2937 2084 3120 2132 sancto
3151 2074 3372 2154 Pascha;
3401 2089 3490 2128 ce-

1896 2163 2172 2219 lcbranda.

1964 2260 2052 2316 55.
2089 2260 2157 2316 Ut
2186 2261 2389 2317 electus
2417 2262 2723 2332 episc0pus,
2753 2263 2798 2318 si
2843 2279 2948 2332 qua
2992 2262 3354 2318 contradictio
3403 2261 3486 2316 in—

1895 2353 2216 2418 surrexerit,
2257 2353 2494 2422 quinque
2518 2353 2783 2424 episcopis
2813 2365 3160 2423 cxpurgetur.

1965 2445 2052 2500 56.
2083 2445 2236 2512 Quod
2263 2447 2545 2516 cpiscopus
2573 2448 2810 2503 moriens
2853 2465 2958 2502 non
2990 2448 3148 2502 debet
3196 2447 3360 2502 alium
3387 2461 3485 2516 pro

1893 2553 1952 2592 se
1979 2547 2232 2608 tanquam
2268 2539 2536 2594 haeredem
2571 2540 2883 2611 episcopum
2915 2541 3266 2596 constituere.

1963 2629 2051 2684 57.
2081 2630 2155 2684 De
2185 2630 2374 2684 eadem
2411 2647 2488 2686 re.

1960 2720 2050 2774 58.
2105 2721 2256 2788 Quod
2294 2722 2545 2776 ordinato
2575 2739 2712 2792 papa
2761 2738 2826 2778 ex
2871 2724 3143 2779 communi
3191 2737 3486 2786 consensu,

1889 2812 2198 2882 quicunque
2221 2811 2309 2867 illo
2332 2815 2624 2883 superstite
2645 2814 3052 2879 subintraverit,
3077 2815 3334 2886 profanus
3353 2815 3479 2868 erit.

1956 2901 2044 2957 59.
2084 2901 2184 2969 Qui
2229 2903 2298 2956 ab
2348 2904 2554 2957 unitate
2596 2904 2855 2960 Ecclesiie
2907 2905 3212 2968 recesserit,
3248 2919 3350 2960 nec
3375 2905 3486 2973 cpi-

1887 2993 2036 3062 scopi
2074 3003 2398 3062 potestatem
2430 2995 2628 3049 habere
2653 3005 2828 3066 potest
2855 3013 2952 3052 nec
2985 2998 3267 3052 honorem.

1811 3059 1856 3120 C
2167 3091 2506 3162 privilegium
2555 3059 2790 3158 amittat,
2819 3093 2906 3162 qui
2937 3093 3202 3162 permissa
3233 3091 3478 3148 abutitur

1885 3191 2172 3252 potestate.

1955 3276 2042 3330 6t.
2075 3275 2153 3332 Ne
2187 3275 2308 3346 quis
2340 3276 2538 3330 invitus
2568 3275 2868 3330 ordinetur.

1955 3370 2042 3424 62.
2075 3369 2140 3424 Ut
2169 3370 2358 3440 perdat
2393 3370 2502 3423 vim
2530 3369 2816 3424 ordinandi
2849 3368 2941 3438 qui
2991 3367 3206 3422 illicitas
3250 3367 3490 3424 ordina-.

1885 3466 2058 3520 tiones
2085 3465 2292 3519 fecerit.

1953 3554 2039 3609 63.
2073 3553 2143 3609 Ut
2168 3556 2234 3610 ab
2265 3555 2466 3610 illicitis
2505 3556 2938 3612 ordinationibus
2967 3557 3322 3612 abstineatur.

1951 3651 2038 3704 6i.
2074 3649 2142 3704 Ut
2171 3651 2312 3704 inter
2334 3652 2615 3721 episcopos
2653 3651 2736 3705 vel
2767 3651 2990 3706 abbatcs
3023 3667 3128 3706 non
3173 3651 3476 3706 habeantur

1881 3759 1982 3798 nec
2011 3743 2322 3806 audiantur,
2357 3744 2448 3813 qui
2478 3745 2542 3798 de
2569 3743 2720 3798 laicis
2747 3744 2886 3797 hanc
2917 3743 3255 3811 susceperint
3287 3741 3464 3810 digni-

1883 3843 2073 3900 tatem,
2101 3843 2154 3888 et
2181 3836 2319 3890 idem
2349 3837 2416 3889 de
2443 3835 2790 3890 inferioribus
2821 3815 3095 3904 gradibus.

1953 3928 2042 3981 65.
2073 3925 2141 3980 lit
2171 3927 2322 3981 laica:
2363 3935 2656 3997 potestates
2689 3943 2794 3982 non
2844 3934 3172 3996 prtesumant
3215 3925 3348 3980 dare
3383 3939 3472 3979 ec—

1881 4017 2215 4074 clesiasticas
2243 4019 2558 4088 dignitates.
3335 4079 3338 4084 ,

1949 4110 2035 4164 66.
2071 4112 2146 4165 De
2189 4109 2474 4166 sacriﬁciis
2509 4112 2885 4183 episcoporum
2915 4151 2929 4177 ,
2989 4113 3080 4181 qui
3127 4119 3316 4164 contra
3371 4108 3469 4162 Dei

1878 4201 2211 4258 voluntatem
2242 4202 2396 4257 ﬁunt.

1949 4294 2034 4348 67.
2051 4293 2202 4360 Quod
2235 4295 2384 4363 plebs
2399 4310 2428 4348 a
2455 4295 2594 4350 malo
2619 4295 2906 4366 praeposito
2929 4308 3183 4364 separare
3205 4308 3264 4346 se
3286 4291 3466 4354 debet,

1877 4393 1930 4438 et
1958 4384 2122 4437 alium
2151 4384 2350 4454 eligere
2379 4385 2622 4454 dignum.

264 4446 346 4502 58.
377 4447 528 4514 Quod
559 4465 664 4503 non
691 4449 822 4505 licet
849 4449 1016 4505 turbzc
1037 4451 1353 4506 electionem
1385 4451 1565 4506 facere
1590 4465 1771 4506 sacer-
1799 4441 1851 4500 D
1949 4473 2036 4530 68_
2073 4474 2143 4529 Ul
2171 4441 2313 4530 inter
2341 4441 2622 4545 θρίξυυροε
2671 4491 2778 4530 non
2830 4475 3134 4530 habeantur
3161 4472 3254 4542 qui
3294 4486 3390 4526 ηερ
3434 4485 3468 4524 3

261 4631 341 4686 ’53.
376 4633 558 4700 Qualis
603 4649 726 4690 esse
757 4633 948 4690 debeat
994 4635 1086 4704 qui
1119 4635 1170 4689 in
1207 4635 1520 4705 episcopum
1566 4635 1771 4704 el'gcn-

207 4721 288 4778 dus
316 4735 410 4780 est.

261 4813 340 4870 46.
369 4815 434 4873 Ut
459 4816 742 4889 eligendus
772 4815 1058 4888 episcopus
1079 4817 1212 4871 nihil
1246 4819 1332 4873 det
1364 4827 1458 4874 aut
1483 4818 1768 4888 promittat

200 4915 448 4974 cuiquam.

258 4995 338 5050 il.
367 4999 440 5053 De
465 4999 758 5073 episccopo
783 5000 1064 5066 ordinato,
1106 5008 1160 5054 et
1209 5000 1262 5055 in
1310 5002 1626 5074 parochiam
1661 5021 1766 5060 non

205 5097 418 5156 recepta.

263 5179 341 5234 42.
369 5183 512 5252 Quod
547 5187 802 5242 dominus
827 5202 964 5258 papa
995 5184 1274 5253 cujusdam
1309 5187 1546 5260 episcopi
1582 5206 1768 5246 conse-

209 5273 465 5330 crationem
501 5279 623 5330 ideo
653 5279 880 5330 distulit.
919 5278 1049 5330 uuia
1089 5293 1309 5330 uxorem
1345 5285 1520 5330 adhuc
1547 5291 1602 5330 et
1628 5285 1764 5330 ﬁlim

1878 4568 2092 4623 clericis
2119 4567 2227 4622 sint
2245 4568 2425 4632 electi,
2443 4583 2542 4623 nec
2569 4585 2594 4624 a
2629 4568 2784 4638 plebe
2805 4568 3052 4637 expetiti,
3085 4581 3182 4620 nec
3205 4563 3470 4620 canonice

1877 4667 2200 4714 consecrati.

1948 4753 2036 4808 69.
2081 4751 2151 4807 Ut
2189 4751 2370 4807 nullus
2411 4767 2510 4822 per
2552 4753 2818 4809 ambitum
2869 4753 3092 4808 accedat
3143 4753 3211 4808 ad
3253 4751 3466 4820 episco-

1875 4852 2058 4914 patum
2071 4883 2083 4896 .

1949 4935 2036 4988 70.
2069 4933 2137 4988 Ut
2159 4949 2227 4988 ex
2254 4933 2406 4988 laicis
2429 4948 2534 4987 non
2565 4933 2697 4992 ﬁant
2725 4937 2906 4994 subito
2939 4934 3474 5002 sacerdotes,neque

1875 5040 1972 5094 per
1996 5023 2360 5078 Simoniaeam
2401 5021 2676 5080 ltwl‘CSillt-

1945 5121 2033 5173 7|.
2069 5119 2144 5172 De
2180 5119 2367 5172 eadem
2401 5133 2478 5172 re.

1944 5209 2034 5262 72.
2077 5207 2154 5261 De
2185 5207 2374 5262 eadem
2421 5223 2500 5262 re.

1945 5297 2012 5330 ’72
2087 5295 2238 5330 ίὶηηιΙ
2291 5297 2526 5330 ηνιΙίιισιΙῖ
2593 5301 2660 5330 ιιι.
2716 5303 2980 5330 1..-...ηαιιτέμ
