4030 5354
566 339 668 394 511

568 555 829 614 agantur;
861 548 904 602 si
937 565 1062 606 vero
1093 554 1387 608 secundum
1419 555 1606 622 Deum,
1634 559 1768 614 nihil
1799 561 2066 617 dimcilius
2091 579 2154 618 ac

565 638 794 692 beatius.

643 725 764 781 186.
797 727 950 794 Quod
991 733 1118 786 boni
1149 735 1417 806 principes
1459 739 1720 796 ecclesias
1757 741 1952 797 debent
1989 745 2154 800 aedili-

565 827 712 878 care,
745 823 799 868 et
827 821 1138 876 sacerdotes
1171 825 1307 878 tueri
1340 837 1394 880 et
1429 829 1718 886 honorare.

636 904 758 958 187.
793 906 870 961 De
905 909 1090 964 eadem
1125 928 1201 967 re.

633 995 755 1052 188.
787 997 938 1066 Quod
967 1004 1202 1076 episcopi
1247 1008 1313 1062 ad
1347 1008 1557 1078 judices
1589 1015 1875 1072 szcculares
1911 1033 2018 1072 non
2059 1019 2146 1074 des

563 1087 690 1141 bent
723 1091 1037 1163 confugere.

633 1180 755 1236 l89.
791 1183 860 1238 Ut
907 1185 1076 1244 laicus
1101 1191 1412 1262 episcopum
1461 1197 1562 1252 sub
1601 1199 1758 1270 digna
1791 1203 2034 1260 custodia
2065 1207 2145 1261 di-

559 1270 700 1341 rigat
730 1273 830 1344 (6).

631 1363 753 1421 190.
785 1365 854 1422 Ut
887 1370 1218 1429 schismatiei
1249 1391 1346 1447 per
1371 1379 1618 1448 publicas
1643 1393 1941 1454 potestates
1971 1391 2148 1462 repri—

559 1465 801 1512 tuantur.

626 1546 748 1601 191.
781 1547 858 1606 De
887 1550 1038 1609 falsis
1069 1566 1124 1610 et
1146 1561 1467 1632 apocrypbis
1491 1561 1642 1622 libris
1668 1575 1726 1623 ut
1749 1569 1800 1623 in
1833 1587 1930 1625 usu
1959 1571 2148 1628 lectio-

557 1635 642 1690 nis
671 1654 776 1694 non
808 1641 1132 1702 habeantur.

627 1729 746 1782 192.
779 1731 880 1799 Qtti
911 1733 1033 1790 libri
1065 1739 1172 1794 sint
1201 1741 1431 1812 legendi.

553 1825 750 1968 “195.
783 1827 935 1894 Quod
965 1833 1086 1889 ideo
1115 1851 1218 1891 non
1251 1840 1543 1912 recipiendi
1583 1845 1810 1914 quilibet
1850 1849 2140 1920 apocrypbi

577 1931 700 1968 Hl'l.
1872 1957 1883 1964 -

577 1931 700 1972 ιυῐί.
1872 1957 1883 1964 ·

624 2008 745 2063 191.
787 2011 859 2066 De
893 2014 1043 2071 brevi
1093 2034 1306 2075 annexu
1355 2022 1614 2079 librorum
1673 2027 1728 2082 in
1771 2043 1977 2086 canone
2009 2046 2142 2085 san-

551 2107 760 2156 ctarum
789 2103 1193 2176 Scripturarum
1219 2123 1582 2185 recepturum.

1625 352 1682 406 S.
1723 351 2022 410 ANSELMI
2053 356 2388 414 LUCENSIS
2421 358 2718 422 EPISCOII

568 453 770 521 bil’ius,
811 471 971 525 quam
1014 461 1154 515 sacri
1194 463 1444 528 ordines,
1485 465 1529 520 si
1573 468 1866 522 secundum
1909 471 2155 525 homines
2183 454 2234 512 Α

3741 369 3848 426 512

2332 475 2453 529 lilii.
2488 474 2555 529 Ut
2592 476 2642 528 in
2675 475 2910 532 Ecclesia
2959 486 3152 548 praeter
3192 482 3480 538 canonicas
3526 483 3850 554 Scripturas

2259 565 2389 617 nihil
2423 565 2650 635 legatur.

2329 659 2448 712 196.
2486 659 2560 714 De
2597 660 2842 730 plebibus
2872 663 2962 734 qui
3003 681 3276 742 nunquam
3315 669 3597 738 episcopos
3637 671 3846 727 habue-

2256 749 2384 803 rint.

2325 840 2447 894 197.
2489 840 2565 896 De
2607 843 2690 896 bis
2725 845 2814 914 qui
2858 845 2910 922 in
2949 845 3130 919 aliena
3159 847 3398 902 Ecclesia
3437 848 3520 904 vel
3559 850 3842 920 provincia

2253 931 2450 986 audent
2478 933 2694 989 ordines
2729 934 2960 992 allicere.

2323 1021 2443 1076 l98.
2484 1023 2636 1090 Quod
2671 1025 2755 1079 bis
2787 1027 2840 1079 in
2871 1041 3012 1082 anno
3041 1029 3276 1099 episcopi
3313 1031 3364 1084 in
3395 1033 3673 1100 provincia
3703 1048 3842 1089 con-

2251 1121 2542 1182 gregemur
2570 1130 2676 1183 quo
2709 1117 3152 1186 metropolitanus
3183 1119 3436 1176 voluerit.

2322 1201 2442 1256 199.
2469 1203 2542 1256 De
2568 1205 2818 1275 episcopo
2846 1207 2910 1261 ad
2941 1207 3230 1264 Ecclesiam
3257 1211 3358 1266 sibi
3382 1213 3730 1270 commissam
3760 1215 3844 1270 ire

2251 1295 2488 1351 nolente.
3509 1363 3512 1366 ,

2319 1389 2442 1444 200.
2484 1390 2538 1445 Si
2575 1393 2860 1464 episc0pus
2901 1394 3146 1450 inﬁrmus
3189 1395 3390 1466 fuerit,
3433 1398 3671 1472 qualiter
3701 1400 3842 1456 alius

2249 1476 2296 1532 ei
2329 1481 2618 1535 succedere
2647 1483 2837 1551 possit.

2316 1571 2450 1624 20!.
2483 1569 2552 1626 Ut
2579 1572 2813 1644 episcopi
2859 1574 3072 1644 quoties
3109 1575 3176 1630 ad
3221 1577 3622 1644 consignandos
3663 1577 3840 1632 infan-

2249 1670 2328 1716 tes
2354 1665 2727 1732 egrediuntur,
2761 1666 3017 1735 subjeCtis
3045 1669 3159 1722 suis
3186 1685 3377 1740 graves
3409 1686 3514 1724 non
3547 1671 3810 1726 existant.

2319 1759 2443 1813 202.
2486 1759 2722 1830 Epistula
2769 1761 2969 1816 Urbani
3017 1779 3164 1834 papa:
3211 1764 3432 1818 secundi
3475 1765 3841 1834 comprobans

2247 1851 2596 1908 ecclesiarum
2624 1862 2895 1923 emptores
2917 1863 2969 1909 et
2993 1855 3303 1910 venditores
3327 1870 3446 1910 esse
3473 1854 3840 1921 Simoniacos,

2249 1954 2304 2001 et
2351 1946 2492 2014 quod
2541 1945 2719 2002 missm
2767 1945 3150 2004 sceleratorum
3197 1947 3539 2002 sacerdotum
3585 1945 3702 2006 sint
3749 1961 3837 2002 re-

2247 2037 2524 2107 spuendtc.

1601 2316 2120 2396 CAPITULA
2177 2319 2458 2397 LIBRI
2523 2316 2988 2410 SEPTIMI,

1061 2459 1165 2526 Qui
1184 2472 1258 2516 est
1284 2462 1348 2518 de
1385 2465 1715 2521 ordinatione
1748 2469 2193 2540 presbyterorum,
2231 2471 2597 2539 diaconorum,
2627 2483 2674 2527 et
2709 2472 3026 2542 reliquorum
3060 2473 3326 2527 ordinum.

614 2611 673 2668 έ..
709 2613 864 2680 Quod
893 2617 1252 2670 communiter
1283 2621 1536 2674 omnibus
1569 2622 1856 2676 vivendum
1888 2635 1991 2689 est,
2023 2641 2138 2679 ma-

547 2705 692 2758 xime
739 2705 824 2760 his
866 2706 958 2774 qui
1003 2707 1114 2762 Deo
1163 2709 1719 2779 irreprebensibiliter
1769 2715 2002 2772 militare
2043 2733 2138 2772 cu-

545 2797 720 2864 piunt.

612 2886 668 2938 2.
707 2885 784 2940 De
825 2888 1270 2957 interpretatione
1301 2896 1540 2948 vocabuli
1577 2900 1720 2968 quod
1759 2911 1842 2954 est
1881 2903 2133 2972 clericus,

547 2982 600 3027 et
638 2975 778 3043 quod
813 2976 1074 3035 Dominus
1107 2997 1234 3049 pars
1261 2983 1582 3042 clericorum
1617 3001 1726 3056 est,
1767 3003 1822 3048 et
1856 2997 1996 3063 quod
2030 2998 2130 3068 ipsi

543 3067 608 3120 de
639 3077 787 3123 sorte
815 3081 944 3124 sunt
973 3073 1204 3128 Domini.

611 3161 664 3214 5.
709 3160 784 3214 De
811 3165 1086 3218 communi
1117 3167 1226 3222 vita
1259 3168 1610 3240 clericorum,
1643 3184 1696 3228 et
1727 3191 1913 3232 eormn
1949 3180 2038 3250 qui
2072 3195 2130 3236 se

539 3251 822 3306 continere
851 3269 958 3308 non
990 3266 1238 3324 possunt.

605 3342 660 3396 4.
701 3343 834 3400 ltem
863 3346 930 3400 de
955 3351 1228 3404 communi
1261 3353 1368 3407 vita
1403 3355 1756 3424 clericorum,
1787 3373 1840 3415 et
1869 3363 2012 3431 quod
2045 3379 2130 3419 res

2315 2627 2402 2681 17.
2443 2627 2518 2682 De
2551 2627 2634 2682 bis
2667 2627 2758 2698 qui
2787 2628 2854 2682 ad
2885 2642 3072 2682 sacros
3097 2628 3318 2683 ordines
3345 2641 3450 2684 non
3475 2626 3678 2683 debent
3709 2644 3840 2698 pro-

2243 2719 2470 2774 tnovcrL

2317 2811 2404 2865 18.
2443 2810 2596 2878 Quod
2625 2811 2978 2881 poenitentes,
3007 2812 3256 2881 quamvis
3279 2819 3501 2880 peccato
3529 2811 3644 2866 sint
3671 2827 3834 2866 mun-

2242 2901 2383 2966 dati,
2429 2901 2718 2956 clericatus
2759 2909 2936 2954 tamen
2976 2901 3236 2956 honorem
3275 2900 3500 2969 adipisci
3543 2917 3652 2954 non
3697 2911 3832 2970 pos-

2240 2991 2369 3046 sint.

2310 3085 2400 3139 19.
2441 3084 2592 3151 Quod
2642 3084 2795 3140 venia
2837 3084 3228 3152 paenitentibus
3265 3083 3496 3152 bigamis
3535 3091 3594 3138 et
3635 3083 3834 3136 vidua-

2240 3193 2355 3232 rum
2387 3177 2595 3231 maritis
2623 3177 2695 3229 ita
2724 3177 2852 3230 olim
2885 3184 2968 3230 est
2992 3191 3274 3242 concessa,
3301 3185 3360 3229 ut
3385 3175 3517 3230 tales
3541 3175 3685 3230 ultra
3715 3190 3834 3230 non

2235 3283 2268 3337 ρ
2277 3281 2488 3322 l‘OlilOVC
2497 3275 2700 3322 rentur.

2309 3360 2398 3413 20.
2443 3359 2512 3415 Ut
2548 3361 2636 3428 qui
2683 3360 2882 3414 invitus
2929 3361 2994 3414 ad
3037 3361 3298 3432 agendam
3347 3359 3720 3429 paenitentiam
3769 3359 3826 3414 in

536 3432 776 3489 ecclesia:
808 3437 860 3490 in
905 3439 1041 3494 alios
1078 3451 1208 3496 usus
1239 3459 1401 3509 quam
1442 3449 1843 3507 ecclesiasticos
1886 3456 2126 3509 converti
2159 3457 2203 3516 C
2237 3452 2622 3506 monasterium
2682 3451 2949 3516 mittitur,
3003 3453 3072 3506 ad
3123 3451 3486 3506 sacerdOIium
3537 3434 3828 3521 pervenire

535 3537 642 3576 non
672 3524 892 3580 debent.

605 3612 655 3666 5.
699 3612 773 3668 De
801 3616 1053 3674 claustris
1082 3629 1136 3674 et
1163 3621 1388 3680 oﬂiirinis
1419 3627 1766 3686 clericorum.

608 3703 664 3757 6.
705 3705 856 3772 Quod
887 3709 1100 3766 clericis
1127 3719 1489 3773 communiter
1517 3722 1824 3778 viventibus
1848 3727 2124 3796 proprium

535 3793 742 3849 habere
769 3811 874 3850 non
905 3798 1052 3856 licet.

610 3883 661 3938 7.
701 3885 776 3942 De
805 3889 1049 3947 diaconis
1078 3903 1130 3948 et
1161 3898 1428 3967 religiosis
1461 3905 1738 3971 personis,
1774 3915 1832 3961 ut
1868 3913 2127 3967 canonice

535 3987 741 4030 γινίιηῑ.
1281 4031 1292 4038 .

605 4069 658 4124 8.
701 4069 856 4136 Quod
887 4075 1260 4134 adolescentes
1285 4082 1338 4134 in
1370 4082 1519 4138 clero
1551 4087 1710 4154 positi
1741 4094 2124 4157 pronattssimo

533 4161 734 4216 seniori
763 4165 1107 4236 deputentur.

589 4255 656 4311 .9.
697 4254 774 4310 De
805 4259 1000 4326 quibus
1032 4261 1184 4318 laicis
1212 4263 1330 4334 quis
1359 4281 1467 4321 non
1507 4272 1678 4338 pOSsit
1706 4271 1772 4326 ad
1802 4273 2120 4332 clericatum

529 4363 834 4417 pervenire.

605 4439 690 4493 l0.
735 4439 804 4495 Ut
829 4441 918 4511 qui
944 4443 1160 4498 viduam
1189 4447 1404 4503 duxerit
1429 4465 1654 4507 uxorem
1678 4467 1770 4508 seu
1797 4463 1923 4510 ante
1947 4458 2122 4528 bapti-

525 4549 704 4589 smum
736 4549 830 4589 seu
861 4547 982 4605 post
1011 4539 1370 4608 baptismum,
1401 4545 1631 4602 clericus
1659 4565 1763 4604 non
1793 4551 1904 4607 tiat.

639 4627 690 4678 1.
734 4625 804 4679 Ut
830 4627 1076 4698 bigamus
1104 4631 1334 4688 clericus
1365 4651 1468 4689 non
1503 4638 1615 4692 fiat.

605 4716 689 4772 12.
733 4715 800 4770 Ut
831 4719 1101 4786 pmnitens
1133 4723 1366 4779 clericus
1395 4743 1499 4780 non
1532 4729 1643 4784 fiat.

2234 3559 2338 3597 non
2377 3543 2738 3611 permittatur.

2303 3633 2392 3686 21.
2443 3633 2506 3686 [τι
2537 3634 2962 3688 transmarinum
2993 3635 3265 3690 hominem
3299 3649 3460 3688 nemo
3493 3635 3562 3689 ad
3594 3633 3822 3689 clerica-

2237 3735 2343 3778 lttlll
2378 3724 2678 3792 suscipiat,
2709 3726 2811 3780 nisi
2843 3727 2944 3780 sub
2977 3728 3214 3796 quinque
3248 3727 3628 3796 (episcoporum
3671 3729 3820 3782 testi-

2235 3816 2452 3868 moniis.

2299 3906 2390 3962 22.
2435 3906 2504 3962 Ut
2536 3907 2714 3962 nullus
2743 3924 2809 3962 ex
2845 3908 3234 3977 pmnitentibus
3259 3908 3492 3963 clericus
3514 3908 3816 3963 ordinetur.

2297 3998 2388 4052 23.
2430 3998 2580 4064 Quod
2609 3998 2864 4068 incogniti
2893 4008 2948 4054 et
2979 4000 3250 4069 peregrini
3285 3999 3352 4052 ad
3385 4013 3571 4054 sacros
3595 3999 3820 4054 ordines

2228 4106 2334 4144 non
2363 4090 2747 4162 suscipiantur.

2299 4183 2390 4235 24.
2431 4183 2506 4237 De
2543 4183 2628 4238 his
2669 4183 2758 4252 qui
2793 4183 2858 4236 ad
2902 4197 3087 4237 sacros
3117 4198 3337 4239 orotnes
3378 4185 3668 4253 pervenire
3711 4199 3818 4240 non

2227 4263 2470 4341 possunt.

2296 4366 2386 4420 25.
2433 4365 2502 4420 Ut
2531 4365 2704 4420 nullus
2738 4366 3022 4436 episcopus
3051 4368 3277 4421 alterius
3316 4381 3568 4432 servum,
3597 4367 3818 4426 nolente

2225 4456 2444 4510 domino
2472 4469 2597 4520 suo,
2629 4466 2963 4523 promoveat.

2294 4549 2385 4604 26.
2429 4549 2506 4603 De
2535 4550 2820 4618 mancipiis
2848 4563 2953 4602 non
2989 4549 3334 4616 ordinandis;
3363 4557 3454 4603 aut
3483 4549 3526 4604 si
3559 4547 3814 4604 ordinen-

2227 4649 2331 4704 tur,
2363 4641 2476 4695 suis
2503 4640 2740 4696 dominis
2767 4639 3146 4694 restituantur.

2293 4731 2383 4784 27.
2427 4731 2499 4784 De
2529 4731 2717 4792 eadem
2751 4745 2827 4785 re.

605 4809 690 4862 l3.
733 4808 802 4863 Ut
851 4811 1079 4867 clericus
1125 4830 1224 4868 nec
1269 4817 1483 4872 viduam
1534 4835 1632 4876 nec
1677 4821 1902 4892 ejectam
1951 4828 2128 4883 ducat.

2295 4821 2384 4875 28.
2425 4819 2524 4886 Qui
2565 4822 2672 4874 sint
2700 4819 3058 4888 pamitente‘s,
3089 4829 3144 4875 et
3173 4820 3240 4875 ad
3276 4835 3412 4890 quos
3436 4820 3662 4876 ordines
3685 4835 3809 4892 per-

525 4913 751 4955 ιιιοιόιιι
760 4939 771 4952 .

597 4997 684 5052 11.
728 4998 798 5053 Ut
826 5015 915 5068 qui
943 5017 1166 5057 uxorem
1201 5006 1465 5076 virginem
1505 5024 1608 5063 non
1639 5009 1883 5075 duxerit,
1922 5014 1987 5066 ad
2025 5029 2110 5067 sa-

521 5104 648 5144 cros
675 5090 894 5145 ordines
935 5109 1039 5148 non
1072 5095 1289 5163 aspiret.

595 5183 664 5224 ΑΙιεῖ
729 5184 792 5224 ΠΙ
823 5185 904 5224 inc

911 5185 976 5224 τιἶῖ
1009 5187 1310 5224 Ιῖηηιοεὶνιιηι
1337 5190 1418 5224 "Al
1452 5192 1704 5224 n1nln‘lv-z:
1735 5195 1969 5224 lnnnnnl:
1998 5195 2062 5224 οῗ-

2219 4914 2404 4967 venire
2445 4913 2668 4981 possint.

2291 5005 2380 5060 29.
2425 5003 2493 5059 Ut
2523 5005 2702 5061 nullus
2734 5005 2903 5060 laicus
2939 5005 3038 5060 nisi
3071 5021 3170 5077 per
3196 5005 3480 5061 distinctos
3513 5007 3715 5075 gradus
3743 5006 3808 5060 ad

2220 5096 2650 5166 presbyteratum
2687 5097 2968 5152 ascendat.

2291 5184 2360 5224 Ξῖῦ
2424 5184 2488 5224 ΠΙ
2533 5185 2708 5224 nttiluc
2743 5186 2908 5224 l-tinnc
2939 5187 3002 5224 ml
3039 5201 3254 5224 cant-nm
3285 5185 3530 5224 nrdinnrn
3567 5199 3806 5224 sacculus].
