4030 5354
195 340 288 394 515
1237 337 1616 398 COLLECTIO
1641 333 2006 394 CANONICA.
2035 365 2102 374 —
2131 333 2256 388 LIB.
2305 333 2407 388 VII.

194 453 498 509 clericatum
527 455 733 510 admitti
769 471 872 510 non
904 455 1088 520 debet;
1118 455 1160 512 si
1195 471 1323 512 casn
1351 453 1588 510 evenerit
1608 495 1620 518 ,
1653 465 1756 504 non
1791 455 1832 512 Λ

193 541 526 612 prohibetur.

255 631 344 686 55.
389 633 464 688 De
495 635 757 688 eunuchis
783 641 837 688 et
864 651 954 704 qui
983 650 1040 688 se
1067 637 1212 704 ipsos
1243 634 1608 688 absciderunt.

253 720 340 774 54.
383 721 536 788 Quod
569 721 866 792 presbyteri
891 731 1008 791 post
1033 733 1336 791 susceptum
1362 721 1603 774 ordinem
1633 733 1758 772 casu

189 825 412 879 corpore
423 811 718 876 debilitate,
735 813 976 866 ordinem
991 828 1143 866 suum
1167 811 1412 864 amittere
1425 825 1528 864 non
1544 807 1758 864 debent.

3333 335 3435 388 5H

1935 447 2021 502 68.
2057 447 2209 514 Quod
2239 447 2347 501 Deo
2379 463 2484 502 non
2517 461 2647 500 voce
2681 455 2884 502 tantum
2911 447 3004 502 sed
3036 447 3196 502 corde
3217 459 3436 504 cantan-

1863 539 1986 591 dum
2011 549 2090 592 est
2117 539 2167 591 in
2197 537 2446 592 ecclesia.

1931 627 2018 680 69.
2051 627 2125 680 De
2155 627 2456 681 ministerio
2486 627 2860 692 diaconorum,
2889 627 3008 681 sine
3041 629 3234 696 quibus
3257 646 3434 686 sacer-

1863 723 2014 776 dotes
2048 737 2242 774 nomen
2271 721 2492 786 habent,
2527 720 2756 776 oﬂicium
2795 737 2900 774 non
2929 721 3148 774 habent.

1933 810 2020 862 70.
2053 809 2204 876 Quod
2276 810 2491 879 quidam
2561 811 2886 865 necessitate
2934 811 3192 866 diaconus
3258 813 3434 868 factus

251 901 340 954 55.
385 901 456 957 Ut
481 902 568 970 qui
602 912 796 970 praeter
823 900 1026 957 formas
1055 917 1320 956 canonum
1345 899 1554 954 venerit
1583 899 1647 952 ad
1676 913 1764 952 sa-
1861 907 1966 962 est,
1998 899 2088 968 qui
2139 907 2260 969 post
2311 907 2574 954 mortuam
2611 915 2832 980 uxprem
2887 901 3023 956 ﬁlios
3077 901 3336 958 habuerat
3365 904 3434 957 de

189 989 512 1056 cerdotium,
551 993 664 1060 ipse
691 1001 742 1045 et
775 993 1054 1047 ordinator
1081 993 1196 1061 ejus
1227 993 1428 1046 honore
1462 991 1719 1058 privetur.

252 1080 337 1134 56.
379 1081 536 1149 Quod
575 1097 681 1137 non
715 1083 837 1138 licet
867 1084 1192 1154 neophytum
1228 1083 1311 1138 rel
1349 1083 1540 1136 inicum
1573 1083 1760 1136 incon-

187 1173 414 1228 siderate
441 1176 820 1245 presbyterum
853 1175 935 1228 vel
963 1177 1248 1230 diaconum
1275 1174 1540 1228 ordinari.

171 1295 178 1302 -
252 1266 340 1319 57.
385 1266 458 1320 Ut
487 1282 592 1321 non
623 1267 753 1321 liant
777 1267 1140 1322 ordinationes
1167 1268 1380 1324 illicitm.

247 1353 334 1408 58.
380 1356 450 1411 Ut
470 1357 740 1410 ordinatio
763 1357 1196 1427 presbyterorum
1221 1365 1302 1412 vet
1331 1357 1612 1411 levitarum
1637 1372 1758 1412 con-

183 1458 308 1510 gruo
339 1453 584 1514 tempore
613 1445 926 1500 solemniter
955 1447 1068 1500 ﬁat.

246 1537 334 1591 59.
379 1535 449 1591 Ut
491 1537 544 1591 in
585 1538 851 1608 principio
893 1539 1184 1594 Dominiczc
1229 1542 1400 1595 noctis
1444 1541 1574 1595 fiant
1617 1543 1756 1596 sacri

183 1630 422 1692 ordines,
460 1629 572 1684 sive
611 1645 800 1695 mane,
840 1633 1027 1688 eodem
1068 1633 1154 1686 die
1191 1633 1500 1686 continuato
1527 1631 1752 1704 jejunio.

243 1725 330 1778 40.
377 1727 452 1780 De
479 1725 916 1796 presbyterorum
943 1737 997 1780 et
1025 1725 1374 1780 diaconorum
1401 1727 1752 1782 ordinationi-

183 1814 274 1869 bus
303 1817 471 1870 certis
510 1815 844 1870 celebrandis
875 1815 1224 1885 temporibus.

242 1905 330 1957 41.
375 1904 528 1972 Quod
565 1905 716 1973 pueri
749 1905 814 1958 ad
853 1919 1038 1958 sacros
1073 1919 1177 1958 non
1210 1905 1568 1959 admittantur
1604 1903 1751 1960 ordi-

184 2008 296 2054 nes,
327 2001 384 2047 et
410 1992 554 2046 nulla
585 1993 657 2047 sit
685 1993 738 2048 in
765 1993 1108 2048 ordinatione
1138 1995 1418 2048 venalitas.

245 2083 331 2137 l2.
375 2084 530 2152 Quod
571 2099 668 2156 per
705 2087 904 2155 gradus
939 2085 1179 2156 singulos
1219 2087 1414 2141 debent
1454 2101 1482 2140 a
1533 2086 1754 2141 minimo

182 2177 468 2232 ascendere
496 2179 586 2245 qui
619 2178 804 2231 volunt
831 2178 882 2232 in
911 2177 1148 2232 Ecclesia
1183 2179 1430 2232 militare.

242 2267 332 2324 45.
377 2269 476 2324 Per
514 2283 632 2336 qum
675 2277 912 2338 tempora
949 2278 1003 2324 et
1039 2285 1134 2338 per
1160 2285 1293 2338 quos
1327 2256 1523 2340 gradus
1569 2285 1754 2324 ascen-

183 2359 404 2414 dendqu
435 2359 506 2416 sit
535 2361 604 2415 ab
631 2357 860 2415 infantia
897 2375 1070 2430 usque
1104 2360 1170 2414 ad
1205 2375 1472 2414 summum
1501 2361 1750 2415 sacerdo-

183 2455 328 2510 tium.

243 2546 336 2600 44.
377 2545 454 2600 De
483 2546 670 2601 eadem
703 2562 779 2602 re.

243 2639 332 2696 45.
375 2639 452 2697 De
473 2640 669 2697 ordine
689 2637 1123 2696 consecrationis
1151 2637 1636 2694 ecclesiasticarum
1665 2654 1752 2692 or-

186 2731 379 2786 diuum.

245 2823 333 2876 ιδ.
373 2821 450 2876 De
477 2823 692 2877 eodem.

243 2911 330 2965 47.
373 2911 524 2979 Quod
565 2911 849 2983 presbyter
887 2920 939 2967 et
981 2913 1238 2968 diaconus
1284 2911 1350 2966 ab
1394 2928 1500 2966 uno
1547 2922 1751 2967 tantum

189 3004 432 3075 episcopo
456 3005 802 3058 ordinantur.

251 3097 336 3152 48.
373 3095 616 3164 Qualiter
651 3096 960 3166 psalmista,
1001 3095 1054 3151 id
1089 3105 1166 3150 est
1204 3105 1411 3160 cantor,
1451 3095 1746 3148 ordinetur.

249 3189 332 3245 49.
373 3189 449 3244 De
477 3189 820 3243 ordinatione
849 3187 1079 3242 ostiarii.

251 3277 334 3333 50.
377 3278 452 3334 De
477 3278 816 3333 ordinatione
851 3277 1088 3333 lectoris.

253 3370 335 3425 51.
379 3370 454 3425 De
478 3370 818 3426 ordinatione
845 3372 1148 3426 exorcistm.

253 3459 340 3514 52.
379 3460 456 3514 De
483 3459 826 3516 ordinatione
853 3461 1106 3533 acolytbi.

253 3551 334 3605 53.
375 3551 451 3606 De
481 3551 825 3606 ordinatione
850 3551 1184 3606 subdiacoui.

251 3643 336 3696 54.
375 3643 450 3698 De
477 3644 818 3698 ordinatione
847 3643 1079 3698 diaconi.

251 3733 333 3788 55.
377 3735 450 3789 De
475 3735 816 3789 ordinatione
845 3733 1167 3804 presbyteri.

253 3825 336 3879 56.
379 3824 448 3879 Ut
477 3825 686 3879 diaconi
718 3839 873 3878 suum
905 3832 1120 3878 servent
1161 3823 1406 3880 ordinem
1429 3865 1442 3891 ,
1476 3831 1530 3879 et
1565 3822 1756 3880 ciliciis

194 3917 609 3988 presbyterorum
631 3931 696 3974 se
721 3929 826 3971 non
855 3913 1148 3984 implicent.

287 4009 337 4063 Ἰ.
379 4010 456 4065 De
479 4009 668 4064 ordine
703 4017 758 4062 et
794 4007 972 4063 ofﬁcio
1001 4009 1368 4062 diaconorum.

254 4099 337 4155 58.
372 4099 522 4166 Quod
551 4099 880 4170 presbyteris
905 4099 1148 4162 diaconi,
1175 4109 1230 4153 et
1255 4098 1497 4154 diaconis
1522 4112 1753 4168 sequen-

197 4199 268 4244 tes
294 4190 470 4245 cleriei
501 4191 762 4245 honorem
790 4189 986 4244 debent
1015 4189 1295 4245 exhibere.

255 4279 340 4334 59.
381 4281 453 4333 De
488 4280 792 4334 obedientia
829 4279 1180 4334 diaconos-um
1216 4295 1344 4350 erga
1383 4279 1751 4349 presbyteros.

255 4371 336 4424 6).
379 4371 446 4426 Ut
482 4371 742 4426 diaconus
779 4373 1164 4426 eucharistiam
1193 4371 1524 4442 presbyteris
1553 4373 1758 4427 subrui-

199 4463 391 4519 nistret.

259 4554 340 4609 6i.
381 4553 450 4610 Ut
481 4554 743 4610 diaconus
763 4552 982 4621 iubente
1011 4555 1324 4624 presbytero
1351 4555 1555 4609 sedeat.

257 4643 339 4699 62.
379 4645 450 4702 Ut
477 4646 736 4701 diaconus
761 4659 943 4699 coram
975 4644 1288 4715 presbytero
1316 4644 1522 4698 sedeat.

260 4734 340 4789 63.
383 4733 452 4790 Ut
487 4735 750 4792 diaconus
787 4745 1028 4805 tempore
1059 4743 1268 4788 tantum
1317 4731 1476 4789 oiIicii
1519 4731 1636 4786 alba
1674 4731 1756 4786 in-

203 4823 396 4881 duatur.

261 4920 342 4975 64.
379 4921 446 4978 Ut
471 4923 712 4977 minores
747 4919 965 4976 ordines
996 4917 1292 4988 majoribus
1325 4917 1432 4971 sint
1465 4914 1708 4982 subjecti.

263 5012 342 5068 65.
379 5013 528 5081 Quod
566 5013 782 5068 diaconi
822 5011 974 5081 quasi
1013 5009 1152 5064 oculi
1189 5017 1316 5063 sunt
1353 5009 1619 5078 episcopi,
1663 5009 1752 5076 qui

211 5105 620 5164 circnmlostrare
659 5105 861 5164 debent
889 5102 1208 5165 ecclesiam,
1248 5113 1302 5156 et
1331 5103 1527 5156 docere
1563 5099 1753 5156 laicus.

263 5197 340 5253 66.
365 5200 512 5266 Quod
557 5201 609 5253 in
637 5212 962 5267 unaquaque
991 5193 1210 5248 civitate
1255 5194 1451 5248 debent
1493 5205 1611 5246 esse
1644 5209 1754 5248 se—.

205 5299 324 5322 nlnnn
359 5294 564 5322 ᾹῖκΑΛ-ιῖ
593 5293 681 5322 an:
711 5291 1018 5322 AIIO'I\I':ﬂn"
1049 5285 1360 5322 aniennnnvn

1861 987 2075 1041 ancilla.

1931 1080 2018 1134 7|.
2061 1079 2132 1134 Ut
2164 1080 2374 1134 diaconi
2406 1080 2616 1134 calciati
2645 1081 2918 1150 compagis
2967 1097 3070 1136 non
3115 1085 3428 1152 procedant.

1929 1170 2016 1224 72.
2047 1171 2122 1225 De
2147 1171 2528 1225 archidiacono
2555 1187 2716 1240 quem
2761 1187 2890 1226 suus
2936 1173 3220 1243 episcopus
3265 1175 3430 1229 voluit

1859 1262 2048 1318 callide
2077 1264 2444 1332 promerendo
2469 1265 2758 1331 deponere.

1929 1355 2020 1410 73.
2052 1355 2204 1419 Quod
2228 1355 2594 1410 archidiaconi
2626 1371 2712 1409 res
2739 1354 2980 1410 ecclesia:
3005 1356 3196 1410 debent
3229 1357 3430 1412 arctius

1857 1448 2150 1502 custodire.

1929 1541 2016 1594 74.
2051 1539 2203 1608 Quod
2241 1539 2578 1596 vicedomino
2609 1539 2942 1610 episcopium
2969 1547 3050 1594 est
3085 1540 3428 1594 cmmuittcn-

1855 1632 2002 1687 dum.

1933 1724 2020 1778 75.
2051 1722 2202 1790 Quod
2247 1724 2300 1778 in
2329 1723 2572 1778 Romana
2603 1720 2844 1777 Ecclesia
2875 1722 3170 1787 ordinatus,
3199 1723 3322 1776 inde
3353 1721 3428 1776 ul-

1783 1795 1828 1856 Β
1861 1813 2028 1866 terius
2051 1811 2236 1882 egredi
2267 1827 2373 1866 non
2405 1813 2588 1867 debet.

1925 1901 2011 1955 76.
2043 1902 2119 1956 De
2174 1903 2406 1971 quodam
2461 1917 2622 1970 quem
2672 1900 2798 1956 fecit
2863 1911 3083 1956 sanctus
3135 1902 3428 1972 Gregorius

1853 1991 2159 2062 acolythum
2187 2033 2201 2056 ,
2248 1999 2303 2046 et
2339 1992 2547 2046 remisit
2579 2005 2700 2046 eum
2757 1992 2822 2045 ad
2873 1991 3276 2062 obsequendum
3309 1991 3425 2061 epi-

1854 2097 2018 2151 scopo
2041 2098 2158 2136 suo.

1924 2173 2012 2225 77.
2043 2171 2194 2238 Quod
2238 2187 2372 2242 papa
2428 2173 2596 2242 possit
2646 2175 2942 2228 concedere
2994 2174 3220 2229 clericos
3265 2175 3426 2230 unius

1855 2259 2106 2315 Ecclesiae
2141 2262 2193 2314 in
2224 2261 2324 2314 alia
2357 2263 2596 2316 ordinari

1925 2351 2012 2406 78.
2039 2351 2178 2418 Quid
2215 2354 2282 2407 ab
2319 2354 2610 2422 episcopo,
2647 2354 2774 2423 quid
2806 2369 2834 2406 a
2872 2353 3206 2423 presbytero,
3239 2357 3366 2424 quid
3395 2373 3422 2409 a

1859 2441 2089 2496 diacono
2119 2443 2320 2512 suscipi
2346 2444 2556 2498 debeat.

1926 2532 2010 2586 79.
2041 2533 2190 2598 Quod
2221 2543 2426 2603 septem
2453 2533 2699 2615 diaconi‘,
2749 2544 2804 2586 et
2853 2534 3074 2588 totidem
3109 2533 3424 2590 subdiaconi

1856 2637 1952 2692 per
1973 2623 2248 2680 civitatem
2273 2624 2578 2680 Romanam
2612 2625 2848 2680 ordinati
2880 2635 3025 2680 sunt.

1925 2715 2016 2770 80.
2047 2715 2124 2769 De
2167 2724 2372 2786 septem
2423 2716 2774 2772 subdiaconis
2811 2716 2900 2785 qui
2945 2724 3149 2785 septem
3197 2715 3426 2770 notariis

1857 2805 2228 2860 imminerent.

1925 2899 2012 2952 8|.
2037 2899 2192 2967 Quod
2219 2899 2488 2970 regiones,
2517 2899 2658 2954 sicut
2703 2899 2756 2952 in
2799 2899 2932 2953 urbe
2957 2897 3124 2954 lioma
3146 2937 3159 2962 ,
3191 2912 3288 2967 per
3317 2897 3426 2950 siu-

1857 2993 2011 3062 gulas
2039 2995 2199 3048 urbes
2231 2993 2475 3048 diaconis
2498 2994 2826 3048 dividantur.

1927 3089 2019 3144 8'2.
2047 3089 2202 3155 Quod
2229 3089 2493 3143 diaconus
2525 3088 2576 3141 in
2607 3087 2830 3142 sinistro
2857 3085 3082 3140 humero
3119 3086 3308 3140 stolam
3337 3100 3432 3156 ge-

1781 3167 1824 3228 C
1857 3191 2004 3238 stare
2027 3183 2206 3236 debet.

1925 3271 2012 3324 83.
2043 3271 2194 3337 Quod
2222 3286 2328 3326 non
2360 3271 2524 3326 debet
2569 3270 2830 3324 diaconus
2871 3269 2924 3322 in
2971 3267 3308 3338 presbyterio
3339 3283 3428 3322 se-

1855 3363 1984 3417 dere
2024 3375 2144 3414 cum
2173 3361 2354 3414 divina
2398 3359 2762 3422 celebrantur,
2794 3372 2970 3428 neque
2991 3372 3188 3428 corpus
3219 3355 3426 3411 Domini

1855 3466 2162 3524 prterogare
2195 3450 2512 3520 presbytero
2537 3459 2848 3518 pra:sentc.-

1931 3541 2020 3595 84.
2054 3540 2208 3606 Quod
2233 3539 2600 3593 subdiaconus
2623 3537 2806 3592 orario
2833 3552 2940 3592 non
2967 3545 3169 3600 utatur,
3199 3551 3298 3590 nec
3327 3535 3428 3590 bo-

1857 3639 2018 3694 stiam
2047 3635 2406 3705 derelinquat.

1925 3729 2016 3784 85.
2041 3727 2194 3794 Quod
2219 3727 2448 3782 lectores
2471 3735 2528 3780 et
2545 3735 2798 3782 cantores
2819 3727 3014 3781 orariis
3039 3743 3146 3782 non
3179 3735 3422 3782 utantur.

1928 3819 2016 3874 86.
2052 3817 2208 3885 Quod
2260 3817 2566 3888 presbyteri
2618 3816 2850 3884 majores
2898 3826 3021 3870 sunt
3065 3817 3338 3882 diaconis,
3375 3825 3432 3870 et

1859 3911 2004 3984 quod
2029 3910 2243 3966 olim-id
2267 3909 2550 3980 presbyter
2575 3910 2720 3979 quod
2745 3909 3026 3979 episcOpus
3059 3909 3156 3979 (7).

1925 4005 2015 4060 87.
2059 4002 2212 4071 Quod
2275 4001 2566 4057 secundum
2630 3999 2889 4054 canonica
2953 4000 3200 4053 instituta
3247 3998 3426 4068 inqui-

1858 4096 2026 4150 renda
2079 4101 2164 4148 est
2206 4093 2316 4146 vita
2366 4090 2648 4146 ordinandi
2699 4090 3026 4161 presbyteri;
3101 4091 3335 4158 etquod
3377 4092 3429 4144 in

1857 4185 2006 4240 omni
2071 4183 2300 4240 ecclesia
2359 4181 2698 4237 necessarius
2757 4189 2840 4234 est
2892 4181 3174 4250 presbyter
3221 4190 3274 4234 et
3333 4181 3432 4234 mi-

1859 4277 2048 4330 nister.

1925 4368 2016 4423 88.
2053 4365 2121 4422 Ut
2149 4380 2396 4435 persona:
2423 4362 2802 4434 promovenda:
2827 4361 3112 4432 diligenter
3144 4361 3426 4430 inquiran-

1861 4469 1968 4523 tur,
2015 4467 2069 4511 et
2098 4457 2406 4528 presbyteri
2465 4469 2680 4524 semper
2711 4453 2940 4508 recitent
2970 4455 3186 4506 noruina
3216 4461 3430 4522 aposto-

1784 4523 1834 4583 Ῐ)
1860 4547 1948 4602 liei
1976 4557 2030 4602 et
2063 4545 2390 4601 ordinatoris
2413 4544 2516 4598 sui.

1929 4603 2020 4695 59.
2056 4637 2176 4705 Quo
2219 4637 2396 4690 aetatis
2442 4644 2686 4704 tempore
2728 4631 3102 4702 presbyterum
3145 4633 3432 4687 conveniat

1859 4719 2122 4787 ordinari.

1932 4821 2024 4876 90.
2055 4822 2130 4875 De
2155 4833 2340 4874 eorum
2364 4816 2724 4889 promissione
2743 4815 2834 4885 qui
2861 4815 2928 4870 ad
2957 4817 3157 4886 gradus
3177 4816 3434 4872 ecclesia-

1861 4915 2035 4970 sticos
2063 4918 2474 4983 promoventur.

1928 5003 2022 5060 9i.
2057 5001 2207 5068 Quod
2235 4999 2544 5055 sacerdotes
2573 5011 2678 5050 non
2707 5007 2928 5068 propter
2948 5007 3166 5054 (etatem
3195 4996 3288 5053 sed
3310 5009 3434 5064 pre»

1858 5101 1984 5166 pter
2015 5091 2332 5160 sapientiam
2367 5087 2670 5158 presbyteri
2695 5089 2971 5144 dicuntur.

1935 5177 2034 5238 9‘2.
2067 5181 2217 5248 Quod
2241 5181 2284 5233 si
2313 5177 2524 5233 diaconi
2549 5175 2740 5232 nolunt
2771 5180 2822 5234 in
2857 5178 3179 5249 presbyterii
3209 5173 3440 5248 gradum

1859 5273 2196 5322 nromoveri.
2230 5271 2294 5322 de
2317 5269 2583 5322 acolvthis
2603 5277 2656 5322 ct
2677 5273 3026 5322 subdiaconis
3055 5272 3146 5322 oui
3175 5279 3303 5322 sunt
3327 5266 3446 5318 ido-
