4030 5354
225 161 330 221 517

194 376 205 383 ’
224 387 312 447 pta
322 391 377 431 re
398 376 578 430 debet.

296 465 418 518 155.
466 464 618 532 Quod
654 464 836 520 clerici
870 480 974 520 non
1008 465 1116 521 sint
1149 466 1507 522 conductores
1532 466 1616 523 vel
1650 482 1814 538 nego-

227 553 473 608 tiatores.

296 643 418 699 151.
463 642 535 700 Ut
560 644 742 700 clerici
769 661 988 700 usuram
1017 662 1122 701 non
1146 645 1438 716 accipiant.

292 735 421 790 155.
463 735 620 804 Quod
648 737 830 792 clerici
857 738 1059 793 debent
1081 754 1234 809 papae
1270 738 1545 803 intimare.
1579 739 1624 793 si
1669 738 1813 794 vide-

211 825 329 898 trint
350 828 662 898 episcopum
684 844 838 884 suum
862 837 1054 884 contra
1078 830 1246 899 ipsius
1268 840 1596 900 praeceptum
1622 845 1812 899 agerc,

222 929 315 973 aut
342 919 638 989 dampnum
671 921 723 974 in
752 920 1000 977 ecclesia.

293 1007 422 1064 156.
469 1008 539 1065 Ut
569 1010 754 1066 clerici
788 1012 833 1066 si
861 1012 1095 1068 viderint
1118 1013 1431 1087 epismpum
1471 1012 1555 1067 vel
1587 1013 1811 1086 presby-

224 1113 400 1158 terum
427 1117 525 1158 seu
553 1103 841 1160 diaconum
867 1106 1129 1161 excedere
1152 1116 1356 1163 statuta
1383 1106 1612 1162 Romani
1636 1108 1815 1176 ponti-

224 1189 364 1255 ﬁcis,
395 1191 500 1262 ipsi
544 1193 777 1247 debeant
811 1194 1070 1249 indicare.

290 1281 419 1336 157.
462 1282 616 1349 Quod
652 1294 867 1354 oportet
900 1288 1246 1359 presbyteros
1274 1296 1330 1344 et
1371 1287 1629 1344 diaconos
1670 1288 1813 1345 scire

220 1370 404 1426 omnia
432 1386 554 1443 qum
576 1384 701 1429 sunt
724 1375 999 1431 Ecclesiae.

288 1460 413 1516 158.
455 1462 609 1529 Quod
633 1466 943 1521 sacerdotes
965 1468 1257 1539 caeteriqne
1276 1467 1461 1525 fideles
1498 1469 1550 1525 in
1578 1470 1815 1526 ecclesia

221 1566 326 1605 non
358 1553 587 1609 sedeant
621 1557 838 1624 quando
867 1559 1146 1629 evangelia
1184 1559 1455 1632 leguntur.

1225 162 1607 220 COLLECTiO
1644 164 2009 221 CANONICA.
2051 190 2118 210 ά*
2150 164 2274 220 LIB.
2322 165 2424 220 VII.

297 281 420 338 152.
463 281 616 348 Quod
667 279 901 336 clericus
943 295 1043 336 nec
1084 296 1180 352 per
1209 282 1374 336 alium
1419 282 1574 336 {eruis
1613 290 1808 335 attem-
1840 290 1887 343 Α

3404 170 3513 226 518

1989 281 2111 337 180.
2158 281 2225 336 Ut
2254 283 2577 351 contentiosi
2611 284 2860 341 monachi
2908 285 3071 341 etiam
3116 299 3145 339 a
3186 285 3336 340 laicis
3370 302 3512 340 con-

1914 374 2266 445 stringantur.

1988 466 2109 520 181.
2156 468 2229 521 De
2270 466 2482 523 clericis
2528 468 2917 523 monachorum
2958 468 3333 538 appetentibus
3372 485 3505 539 pro-

1913 554 2169 624 positum.
2400 592 2405 599 ς
2668 578 2671 581 ·
2801 563 2809 571 ’

1988 646 2109 700 182.
2151 645 2221 702 Ut
2257 646 2485 701 serviles
2515 662 2760 717 persona:
2790 647 2844 701 in
2887 647 3233 701 monasteriis
3276 660 3380 701 non
3427 653 3498 701 te-

1915 747 2146 793 neantur
2172 748 2326 791 extra
2364 738 2695 791 voluntatem
2732 738 3073 793 dominorum
3112 754 3355 791 suorum.

1987 831 2109 886 183.
2154 831 2307 897 Quod
2334 831 2582 886 conversi
2613 831 2665 885 in
2698 830 3041 885 monasteriis
3071 840 3195 885 ante
3221 830 3495 885 biennium

1915 934 2021 975 non
2066 930 2220 976 lOllSll
2229 935 2320 975 ren
2329 929 2381 974 111
2390 936 2436 975 1⁸-

1990 1010 2109 1067 181.
2151 1008 2303 1077 Quod
2328 1025 2448 1065 cum
2486 1009 2682 1080 aliquis
2716 1008 2777 1066 lit
2818 1012 3135 1075 monachus,
3186 1027 3377 1067 omnes
3413 1027 3501 1067 res

1908 1101 2048 1173 juris
2079 1102 2391 1157 monasterii
2422 1101 2576 1158 ﬁunt.

1988 1193 2111 1249 185.
2156 1193 2224 1249 Ut
2254 1193 2506 1249 monachi
2534 1201 2858 1248 commatres
2881 1195 2979 1249 sibi
3014 1211 3117 1248 non
3147 1195 3368 1249 faciant.

1987 1284 2112 1340 186.
2155 1281 2229 1338 Ut
2269 1283 2599 1339 monasteria
2638 1299 2798 1338 nemo
2838 1288 3149 1353 perturbet,
3211 1285 3307 1339 sed
3357 1300 3503 1354 epis-

1915 1387 2053 1442 copo
2079 1371 2183 1427 loci
2212 1372 2357 1427 illius
2387 1388 2533 1428 cura:
2562 1373 2632 1429 sit
2672 1388 2863 1429 causas
2906 1374 3274 1444 utilitatcsqne
3309 1389 3497 1429 eorum

1911 1464 2221 1534 disponere.
3192 1510 3202 1527 .-

1990 1557 2112 1610 187.
2154 1555 2224 1611 Ut
2252 1555 2433 1611 clerici
2469 1556 2701 1627 negotiis
2747 1556 3100 1612 saecularibus
3139 1574 3245 1612 non
3290 1557 3500 1628 illigen~

298 1643 423 1699 159.
463 1646 540 1702 De
566 1646 783 1703 clericis
810 1651 1247 1720 superbientibus
1279 1664 1467 1709 contra
1498 1657 1809 1727 episcOpum
1840 1650 1885 1709 Β
1914 1655 2021 1713 tur,
2055 1663 2229 1717 neque
2257 1646 2325 1701 ad
2365 1646 2583 1702 tutelam
2620 1646 2699 1701 vel
2740 1663 2924 1701 curam
2970 1648 3077 1703 ullo
3124 1648 3283 1702 modo
3328 1648 3500 1719 nomi-
3537 1668 3547 1673 ·

222 1754 400 1802 suum,
434 1750 490 1795 et
522 1750 580 1795 ut
623 1745 1010 1801 monasterium
1041 1748 1380 1804 conditiones
1407 1751 1661 1821 episcopo
1692 1753 1815 1808 red-

223 1832 317 1887 dat
346 1848 483 1902 quas
513 1833 765 1893 fundator
801 1846 1044 1907 tempore
1072 1842 1498 1897 consecrationis
1524 1844 1806 1913 disposuit.

296 1921 420 1976 160.
466 1920 535 1977 Ut
563 1938 723 1979 nemo
748 1939 818 1980 ex
845 1927 1037 1983 ordine
1063 1928 1387 1985 clericorum
1423 1931 1590 1987 intret
1620 1933 1673 1988 in
1716 1949 1806 1989 cu«

226 2029 384 2071 riam.

296 2104 416 2159 161.
460 2105 785 2165 Utclericus
806 2109 887 2165 sui
914 2110 1151 2183 episcopi
1178 2112 1465 2169 insidiator
1496 2115 1661 2171 curiae
1701 2125 1810 2172 tra-

225 2198 396 2251 datur.

291 2289 414 2343 162.
457 2290 528 2346 Ut
572 2292 787 2361 clerici,
834 2304 1030 2365 prreter
1072 2298 1366 2368 Romanos,
1401 2301 1670 2374 mappulis
1703 2320 1808 2359 non

226 2385 460 2435 utantur.

294 2474 415 2528 105.
457 2473 538 2529 Ne
566 2476 688 2546 quis
713 2477 969 2535 clericum
992 2481 1221 2553 alicujus
1244 2486 1481 2557 episcopi
1521 2486 1609 2542 illo
1641 2488 1810 2543 invito

227 2566 499 2636 suscipiat.
1639 2624 1645 2631 .

301 2658 416 2712 161.
466 2659 620 2726 Quod
666 2677 773 2717 non
813 2674 1025 2734 oportet
1068 2667 1370 2742 perigrinos
1420 2670 1649 2728 clericos
1694 2672 1811 2728 sine

228 2749 682 2806 commendatitiis
718 2752 1050 2812 ministrare.

295 2841 417 2896 165.
460 2841 533 2898 Ut
561 2844 748 2900 clerici
775 2848 1036 2904 scurriles
1071 2834 1417 2921 abjiciantur.

294 2936 415 2992 166.
457 2937 516 2993 Si
539 2939 663 3009 quis
684 2951 963 3010 potentum
996 2945 1291 3014 quemlibet
1315 2944 1727 3017 exspoliaverit,
1755 2955 1810 3003 et

232 3024 544 3084 admonente
555 3030 808 3101 episc0po
825 3047 928 3086 non
947 3034 1261 3100 reddiderit,
1281 3037 1806 3091 excommunicetnr.
1836 3017 1883 3081 (ἶ

298 3115 419 3171 167.
461 3118 539 3173 De
579 3119 790 3190 jejunio
836 3121 1158 3179 clericorum
1210 3135 1337 3181 ante
1382 3125 1621 3191 Pascha,
1657 3136 1712 3180 et
1744 3128 1809 3181 de

231 3207 386 3264 missa
422 3209 475 3263 in
509 3219 668 3265 nocte
691 3209 1014 3268 Nativitavis
1052 3213 1284 3268 Domini.

293 3298 410 3354 168.
457 3300 531 3355 De
558 3309 802 3371 tempore
827 3301 1283 3374 Quadragesimze.

294 3389 413 3444 169.
456 3389 663 3459 Quibus
713 3395 1046 3463 temporibus
1108 3396 1235 3450 anni
1282 3396 1598 3466 temporalia
1667 3394 1807 3451 cele-

232 3478 462 3535 brentur.
480 3515 493 3525 ι

252 3560 257 3563 ’
296 3570 414 3625 170.
457 3571 608 3640 Quod
632 3574 863 3645 quisque
886 3593 983 3647 pro
1004 3578 1117 3633 suis
1139 3578 1369 3633 mortuis
1391 3594 1520 3634 vere
1544 3577 1809 3633 Christia-

231 3661 307 3717 nis
349 3662 542 3719 oilerat
579 3665 902 3736 oblationes,
955 3684 1252 3742 eorumque
1305 3672 1589 3742 presbyter
1645 3673 1811 3727 faciat

232 3766 556 3809 memoriam.

296 3844 419 3899 171.
456 3845 635 3914 Quare
666 3848 782 3905 dies
808 3866 890 3917 Ill,
922 3867 1020 3920 vu,
1064 3868 1192 3920 xxx,
1245 3869 1344 3925 pro
1392 3855 1623 3911 mortuis
1667 3854 1809 3911 cele-

232 3942 410 3990 brentu
420 3953 465 3992 Γ.

294 4029 414 4085 172.
454 4030 661 4098 Quibus
710 4033 979 4091 defunctis
1033 4037 1303 4093 sacritieia
1361 4037 1446 4092 vel
1507 4037 1810 4097 oblationes

234 4122 432 4188 prosint
464 4123 788 4183 viventium.

296 4210 416 4265 175.
458 4211 611 4279 Quod
641 4228 748 4268 non
775 4215 845 4270 sit
864 4216 1089 4272 nimium
1113 4217 1178 4272 de
1200 4219 1390 4274 amicis
1412 4219 1639 4274 mortuis
1680 4234 1809 4274 con—

234 4299 566 4359 tristandum.

293 4389 411 4448 174.
454 4392 523 4448 Ut
578 4394 855 4466 episcopia
910 4397 994 4453 vel
1037 4401 1370 4456 monasteria
1423 4418 1581 4458 nemo
1640 4402 1805 4459 faciat

229 4485 522 4540 communia
548 4486 871 4543 diversoria.

291 4572 414 4628 175.
449 4573 602 4641 Quod
631 4575 938 4646 presbyteri
980 4587 1036 4633 et
1079 4578 1291 4636 diaconi
1322 4596 1430 4636 non
1459 4564 1657 4637 debent
1693 4598 1807 4638 mo-

229 4665 471 4720 nasteriis
500 4681 754 4736 praeesse
791 4669 895 4725 nisi
938 4671 1101 4725 vitam
1137 4675 1488 4729 mutaverint.

292 4754 414 4809 176.
456 4755 528 4812 Ut
562 4759 615 4813 in
657 4746 988 4815 m'ouasterio
1028 4762 1195 4818 abbas
1231 4782 1337 4820 non
1379 4766 1518 4822 alius
1546 4765 1807 4836 eligatur.

226 4846 321 4901 nisi
352 4848 441 4918 qui
469 4850 665 4921 dignus
700 4853 772 4907 sit
801 4854 1017 4909 actibus
1044 4862 1098 4908 et
1130 4858 1389 4915 moribus.
1786 4906 1789 4911 ,

289 4938 405 4997 177.
448 4939 518 4995 Ut
544 4941 588 4996 si
629 4944 748 5014 quis
777 4944 830 4999 in
875 4946 1207 5001 monasterio
1255 4948 1504 5005 converti
1548 4950 1796 5018 voluerit,

227 5029 366 5096 prius
386 5026 673 5104 diligenter
693 5036 977 5106 probetur.
1370 5068 1377 5091 ;
1776 5083 1781 5093 ,

324 5123 409 5180 78.
449 5125 603 5194 Quod
634 5143 729 5197 pro
758 5145 856 5185 suo
895 5128 1130 5183 arbitrio
1165 5146 1272 5187 non
1312 5132 1511 5192 debent
1549 5138 1801 5193 monachi

229 5215 481 5284 expellere
507 5230 601 5272 aut
628 5221 878 5289 ordinare
911 5219 1019 5275 sibi
1055 5219 1303 5277 abbates.

292 5306 406 5354 179-
447 5308 599 5354 θητιιί
628 5320 848 5354 ηειίριιηει
884 5310 1106 5354 ιιρνηιίη
1140 5311 1223 5354 vel
1277 5317 1491 5354 nrnnriq
1530 5317 1800 5354 ρηιιῇιαεῖη

1838 4365 1885 4424 D

1914 1749 2112 1795 ncntnr
2136 1762 2141 1767 '

1986 1834 2105 1888 188.
2148 1832 2302 1901 Quod
2338 1834 2551 1889 diaconi
2604 1841 2660 1889 et
2709 1833 3008 1906 presbyteri
3064 1832 3276 1888 nonnisi
3323 1841 3496 1901 certo,

1912 1932 2094 1987 caueri
2128 1948 2255 1987 vero
2281 1932 2463 1987 clerici
2488 1932 2637 1987 omni
2673 1941 2915 2003 tempore
2939 1932 3279 1985 ordinantur.

1912 2070 1913 2073 η
1984 2021 2107 2076 189.
2150 2021 2225 2075 De
2249 2022 2463 2077 clericis
2498 2036 2649 2076 arma
2679 2022 3043 2077 sumentibus.

1984 2111 2105 2167 190.
2147 2112 2300 2180 Quod
2326 2112 2581 2182 episcopo
2618 2121 2885 2181 praesente
2921 2112 3002 2165 vel
3040 2110 3373 2182 presbyteris
3407 2126 3504 2164 ιη’-α
3550 2140 3556 2145 -

1910 2202 2014 2268 bis,
2061 2202 2113 2256 in
2154 2201 2383 2258 ecclesia
2443 2201 2684 2257 civitatis
2727 2202 3059 2273 presbyteris
3115 2200 3258 2256 ruris
3301 2199 3498 2256 oti‘erre

1911 2308 2021 2349 non
2045 2294 2189 2349 licet.

1984 2386 2106 2441 191.
2149 2385 2218 2441 Ut
2264 2384 2492 2442 ecclesia
2536 2402 2637 2457 per
2675 2385 2990 2442 saecularem
3033 2385 3348 2458 dignitatem
3387 2399 3497 2442 non

1910 2478 2237 2534 obtineatur.
3308 2532 3313 2535 _

1984 2573 2106 2629 192.
2150 2575 2223 2630 De
2256 2588 2437 2630 rerum
2469 2574 2796 2641 venditione,
2829 2590 2948 2644 qua:
2974 2589 3039 2630 ex
3078 2573 3495 2631 consecratione

1912 2664 2260 2736 proveniunt.

1987 2754 2109 2809 195.
2146 2752 2301 2821 Quod
2329 2752 2493 2807 missa
2525 2769 2554 2807 a
2579 2753 2777 2808 talibus
2808 2762 3078 2824 nequeant
3103 2752 3387 2809 celebrari.

1986 2845 2108 2900 19.1.
2146 2846 2220 2899 De
2249 2844 2401 2917 (non)
2424 2847 2675 2900 ordinato
2695 2846 2740 2899 si
2768 2845 2988 2899 oroines
3013 2844 3112 2898 sibi
3131 2842 3494 2912 usurpavr’t.

1985 2938 2104 2992 195.
2148 2938 2222 2993 De
2247 2938 2462 2993 clericis
2482 2939 2572 3008 qui
2591 2938 2656 2991 ad
2672 2936 2946 2992 saecularia
2963 2937 3163 3006 judicia
3187 2943 3493 2989 transeunt.

1985 3026 2108 3081 196.
2152 3025 2221 3081 Ut
2248 3027 2431 3081 clerici
2471 3026 2708 3097 prtcfecti
2743 3026 2825 3080 vel
2855 3024 3084 3080 ordinati
3113 3026 3164 3077 in
3200 3022 3493 3093 pat‘ocl.i"s,

1910 3119 2288 3185 monasteriis,
2344 3127 2508 3187 atquc
2553 3117 2857 3187 martyriis,
2888 3118 2939 3170 in
2997 3116 3205 3186 proprii
3247 3114 3492 3185 episcopi

1908 3221 2165 3267 maneant
2192 3220 2477 3282 potestate.

1982 3302 2104 3357 197.
2147 3304 2224 3357 De
2266 3284 2473 3369 bisqui
2512 3301 2579 3354 de
2615 3314 2831 3370 propria
2876 3297 3129 3368 palOCltlJ
3182 3297 3248 3350 ad
3292 3310 3489 3361 auam,

1908 3394 2103 3449 deinde
2130 3393 2350 3449 omnino
2382 3393 2703 3461 demigrant.
3358 3440 3363 3445 _

1980 3484 2104 3539 193.
2147 3484 2222 3538 De
2253 3484 2336 3537 his
2361 3482 2452 3551 qui
2487 3481 2821 3550 propositum
2851 3477 3100 3532 monaihi
3130 3476 3488 3546 reliquerunt.

1982 3572 2103 3628 199.
2148 3573 2219 3627 Ut
2252 3588 2357 3627 non
2382 3572 2543 3626 liceat
2568 3587 2849 3641 personam
2872 3570 3292 3625 ecclesiasticam
3318 3564 3384 3625 ad
3412 3580 3492 3625 tc-

1909 3666 2224 3722 stirnoniutn
2252 3663 2539 3719 dicendum
2569 3663 2796 3731 pulsari.
3484 3700 3493 3725 ε

1981 3756 2104 3811 200.
2145 3753 2220 3809 De
2248 3754 2330 3810 bis
2360 3754 2455 3824 qui
2492 3752 2707 3807 viduam
2749 3761 2843 3807 aut
2880 3753 3162 3809 dimissam
3208 3749 3486 3819 duxerint,

1909 3849 1992 3904 vel
2026 3847 2315 3903 homicidio
2353 3845 2749 3901 consenserint.

1978 3940 2108 3995 201.
2151 3940 2227 3994 De
2254 3937 2551 4007 virginibus
2588 3936 2993 3992 consecrandis.

1980 4032 2105 4087 202.
2150 4032 2225 4086 De
2247 4031 2422 4085 viduis
2451 4031 2520 4085 ab
2542 4030 2813 4099 episcopis
2844 4045 2949 4083 non
2978 4029 3238 4089 vclandis.

1980 4124 2110 4179 205.
2149 4122 2226 4178 De
2258 4122 2396 4178 votis
2442 4119 2831 4176 monachorum
2860 4135 2925 4174 ac
2968 4120 3235 4190 virginum
3285 4133 3491 4187 prteva-

1910 4215 2116 4270 ricatis.
2929 4264 2933 4272 .

1980 4307 2107 4362 204.
2153 4305 2224 4361 De
2250 4305 2463 4363 clericis
2484 4303 2569 4360 vel
2602 4302 2883 4359 monachis
2924 4316 3028 4356 non
3054 4298 3402 4355 manentibus
3433 4299 3487 4354 in

1909 4413 2007 4453 suo
2036 4398 2328 4467 proposito.
2482 4454 2487 4461 ,

1975 4485 2099 4540 205.
2159 4486 2313 4551 Qqu
2359 4484 2661 4555 juvenculre
2712 4483 2998 4538 abbatissa:
3049 4497 3154 4537 non
3205 4481 3377 4549 ﬁant,
3429 4491 3485 4536 et

1905 4577 2060 4646 virgo
2090 4575 2303 4631 nonnisi
2336 4576 2689 4645 sexagenarii:
2722 4576 2947 4630 veletur.

1980 4668 2103 4722 206.
2165 4667 2320 4733 Quod
2368 4678 2598 4721 sacrata:
2650 4666 2761 4721 Deo
2812 4666 3025 4721 femina:
3072 4666 3153 4720 vel
3207 4667 3489 4721 monachae

1912 4777 2071 4816 sacra
2120 4776 2247 4815 vasa
2287 4761 2370 4816 vel
2409 4770 2651 4815 sacratas
2689 4760 2864 4828 pallas
2899 4762 3209 4830 contingere
3248 4776 3356 4814 non
3393 4762 3488 4815 de-
3550 4782 3555 4785 Α

1907 4857 2069 4921 bent,
2101 4871 2203 4910 nec
2235 4854 2755 4929 ἱειεειιδυιιιρὶτευιιι
2785 4855 2956 4909 altare
2983 4853 3213 4909 deferre.
3305 4898 3315 4909 ,.

1976 4950 2105 5004 207.
2135 4947 2209 5003 Ut
2231 4948 2434 5003 oblatio
2460 4950 2527 5003 ab
2554 4948 2811 5005 omnibus
2837 4949 2930 5004 ﬁat
2956 4947 3248 5003 Dominicis
3271 4945 3488 5003 diebus.

1974 5040 2102 5096 208.
2138 5038 2214 5093 De
2246 5039 2522 5094 oblatione
2552 5048 2609 5094 et
2639 5054 2795 5108 pace.

1975 5135 2103 5190 209.
2136 5134 2213 5189 De
2242 5134 2476 5202 panibus
2507 5135 2918 5195 benedicendis.

1976 5223 2248 5293 Incipiunt
2290 5226 2525 5295 capitula
2574 5225 2910 5285 Placentina:
2950 5226 3141 5297 synodi
3184 5241 3304 5297 Quae
3349 5224 3494 5279 cele-

3354 5314 3486 5354 Hm-

1905 5316 2057 5354 Ilrnla
2109 5323 2189 5354 pel
2237 5330 2264 5354 ει
2318 5317 2539 5354 Alnminn
2608 5334 2750 5354 non"
2803 5321 3023 5354 ΙῚι-Ιιιιιιη
3072 5317 3307 5354 κοοιιηιίη
