4030 5354
513 247 619 304 519

1584 241 1643 296 S.
1678 237 1977 295 ANSELMI
2011 237 2350 320 LUCENSIS
2380 233 2686 294 EPlSCOPl
3694 241 3799 296 526

1453 371 1967 448 CAPITULA
2029 364 2307 446 LIBRI
2369 365 2781 450 OCTAVI.

1858 505 1964 572 Qui
1989 514 2065 560 est
2100 505 2163 559 de
2189 503 2369 574 lapsis.

588 665 638 720 1.
683 665 752 721 Ut
780 665 868 736 qui
899 679 962 720 cx
991 665 1137 719 clero
1165 663 1298 733 lapsi
1330 661 1567 727 fuerint,
1597 647 1959 732 pauperrimis
1986 677 2100 716 mo-
2129 651 2177 703 Α
2272 658 2363 712 20.
2408 657 2478 712 Ut
2531 671 2599 711 ex
2647 655 2822 711 sacris
2874 654 3161 710 ordinibus
3221 652 3391 725 lapsi,
3445 655 3514 709 ad
3575 669 3793 710 sacrum

517 753 772 810 nasteriis
815 756 905 810 ubi
950 755 1256 825 pcenileant
1298 753 1584 807 tradantur
1622 753 1723 822 ipsi
1752 761 1806 808 et
1836 767 1924 807 res
1955 752 2097 822 ipso-

516 861 676 911 rum;
721 855 815 899 aut
854 846 898 899 si
939 855 1195 914 parentes
1232 844 1497 908 habeant,
1529 843 1630 913 ipsi
1658 857 1745 898 res
1777 843 2094 914 accipiant,

518 951 583 990 ac
611 934 990 990 sufﬁcientiam
1021 935 1102 988 eis
1134 935 1471 1003 provideant.

585 1027 638 1081 2.
669 1028 710 1081 Α
737 1028 934 1096 quibus
961 1025 1152 1080 olliciis
1183 1040 1240 1080 se
1271 1025 1505 1079 ministri
1535 1024 1726 1079 altaris
1755 1024 2096 1087 contineant,

516 1121 564 1176 si
603 1129 725 1191 post
754 1121 998 1176 ordinem
1029 1135 1152 1175 cum
1187 1118 1301 1173 suis
1329 1117 1592 1172 uxoribus
1623 1116 1942 1182 miscentur,
1975 1116 2098 1186 qui-

518 1218 686 1270 busve
718 1224 962 1268 utantur.

587 1306 642 1360 5.
695 1306 847 1372 Quod
902 1320 1062 1360 nemo
1111 1313 1236 1374 post
1282 1304 1658 1374 pmnitcnliam
1714 1303 1784 1359 sit
1834 1303 2097 1367 clericus,

518 1399 700 1467 rigore
728 1397 1028 1468 disciplina:
1056 1413 1164 1452 non
1204 1395 1548 1466 indulgentia:
1583 1396 1964 1464 desperatione
1992 1405 2102 1449 sta-

525 1499 698 1543 tutum
727 1498 832 1543 CSl.

585 1578 639 1631 4.
683 1577 755 1632 Ut
801 1578 1089 1631 viduarum
1149 1576 1329 1630 mariti
1385 1587 1441 1631 et
1492 1592 1780 1630 numerosa
1835 1576 2101 1631 habentes

516 1667 767 1736 coniugia
792 1668 859 1722 ab
883 1667 1136 1722 omnibus
1160 1667 1548 1722 ecclesiasticis
1573 1667 1762 1723 olIiciis
1788 1677 2093 1723 arceantur.

589 1758 644 1811 5.
688 1757 764 1812 De
791 1758 978 1812 eadem
1010 1772 1088 1812 re.

585 1849 638 1902 6.
677 1848 830 1915 Quod
863 1864 997 1918 papa
1033 1847 1262 1902 Siricius
1290 1849 1681 1918 pmnitcntibus
1707 1889 1722 1914 ,
1759 1848 2017 1920 bigamis,
2046 1857 2103 1903 et

517 1940 803 1994 viduarum
847 1940 1059 1995 maritis
1100 1940 1300 2008 gradus
1340 1955 1478 2009 quos
1510 1950 1639 1994 tunc
1670 1941 1942 1995 habebant
1970 1955 2098 1995 con-
2187 1995 2190 1998 .

2135 2024 2177 2082 Β
2208 2031 2477 2102 episcopis
2505 2047 2690 2086 coram
2721 2031 2878 2084 altari
2913 2031 3145 2085 debeant
3173 2030 3489 2086 restaurari.

519 2031 719 2096 cessit,
747 2031 1074 2100 prmcipiens
1103 2044 1170 2083 ne
1199 2029 1335 2083 ultra
1366 2030 1500 2085 tales
1529 2041 2004 2100 promoverentur.

591 2122 645 2176 7.
689 2119 844 2187 Quod
872 2121 1111 2189 episcopi
1142 2121 1225 2174 vel
1251 2130 1543 2190 sequentes
1569 2122 1770 2192 gradus
1799 2138 1954 2177 saera
1986 2139 2104 2193 my-

519 2217 685 2274 steria
727 2225 1134 2272 contrectantes
1157 2257 1170 2280 ,
1217 2216 1260 2269 si
1305 2231 1363 2268 se
1407 2217 1475 2270 ab
1503 2215 1762 2270 uxoribus
1789 2230 1892 2270 non
1921 2215 2103 2269 conti-

515 2314 678 2370 nent,
707 2306 774 2360 ab
801 2304 1176 2360 ecclesiastico
1203 2303 1381 2359 ollicio
1411 2312 1818 2358 removeantur.

585 2398 638 2452 8.
682 2395 836 2463 Quod
881 2397 1194 2451 sacerdotes
1241 2403 1296 2449 et
1341 2395 1516 2464 levita:
1560 2395 1674 2450 suis
1703 2410 1968 2449 uxortous
1997 2409 2104 2448 non

516 2487 873 2550 misceantur,
911 2487 1037 2555 quia
1069 2485 1386 2554 quotidiano
1409 2485 1714 2539 ministerio
1742 2494 2090 2553 occupantur.

587 2577 642 2631 9.
690 2575 758 2631 Ut
785 2575 970 2631 clerici
1026 2577 1566 2630 excommunicentur
1595 2575 1687 2645 qui
1731 2590 1789 2628 se
1829 2585 1948 2644 post
1992 2584 2105 2628 ter—

520 2669 654 2723 tiam
685 2667 1116 2723 admonitionem
1143 2683 1250 2723 non
1280 2669 1584 2724 continent.

587 2762 677 2816 10.
719 2762 793 2817 De
825 2762 1175 2818 damnatione
1205 2762 1592 2816 incontinentis
1624 2763 1956 2834 presbyteri.

590 2852 677 2906 11.
716 2853 791 2906 De
823 2853 910 2907 his
940 2854 1033 2923 qui
1065 2854 1133 2908 ad
1165 2854 1564 2924 presbyterium
1598 2864 2011 2922 promoventur,
2047 2865 2104 2909 ct

518 2948 646 2997 ante
676 2943 1078 2998 ordinationem
1113 2955 1459 3012 peccatorum
1490 2943 1594 2997 sibi
1622 2952 1749 2997 sunt
1779 2945 2003 2998 conscii.

593 3034 681 3088 12.
724 3034 877 3100 Quod
909 3034 1148 3104 episcopi
1182 3031 1519 3087 foruicantes
1545 3034 1848 3101 deponendi
1875 3043 2023 3087 sunt.

592 3123 680 3178 15.
722 3124 800 3178 De
843 3124 927 3179 his
958 3125 1048 3193 qui
1079 3125 1145 3179 ad
1176 3125 1438 3180 honorem
1470 3125 1794 3195 presbyterii
1827 3126 1944 3181 sine
1975 3141 2089 3181 exa-

516 3215 819 3270 minatione
863 3215 1107 3284 provecti
1138 3223 1286 3270 sunt.

595 3306 682 3360 M.
719 3305 874 3372 Quod
904 3305 1342 3376 liceatepiscopo
1382 3305 1468 3361 vel
1507 3307 1832 3378 presbytero
1873 3322 1968 3362 seu
2010 3308 2102 3378 qui
2139 3377 2178 3396 η

2163 3416 2179 3437 ι
2214 3401 2598 3472 suscipiantur.

517 3400 570 3454 in
600 3400 751 3455 clero
783 3408 902 3464 est,
933 3413 1240 3470 expurgare
1267 3413 1360 3464 se,
1393 3399 1435 3454 si
1467 3408 1633 3455 testes
1660 3400 1955 3454 defuerint.

588 3492 675 3546 15.
719 3492 790 3547 Ut
832 3491 1137 3562 presbyteri
1171 3491 1260 3563 qui
1308 3506 1368 3546 se
1415 3506 1718 3562 expurgare
1761 3491 1828 3546 de
1869 3492 2101 3546 fornica-

514 3585 664 3640 tione
691 3599 798 3637 non
834 3592 1091 3653 possunt,
1120 3599 1150 3637 a
1183 3584 1484 3638 ministerio
1511 3593 1850 3638 moveantur.

591 3675 679 3728 16.
733 3675 804 3730 Ut
861 3676 1266 3745 conspiratorcs
1318 3675 1577 3730 adversus
1631 3676 1915 3745 episcopos
1979 3691 2104 3730 suos

519 3766 590 3820 ab
621 3767 766 3819 omni
796 3767 965 3835 gradu
994 3775 1396 3820 removeantur.

593 3855 682 3907 17.
721 3853 792 3907 Ut
826 3855 919 3923 qni
964 3854 1291 3908 calumniam
1339 3853 1424 3908 vel
1473 3853 1696 3908 insidias
1735 3854 1819 3910 vel
1858 3855 2102 3909 convicia

521 3959 621 4000 suo
648 3945 903 4015 episcopo
934 3946 1200 4010 intulerit,
1246 3945 1522 4016 depositus
1545 3947 1713 4000 curia:
1742 3948 2007 4000 tradatur.

594 4037 682 4092 18.
721 4035 874 4103 Quod
925 4037 1156 4092 clericus
1203 4037 1287 4092 vel
1329 4038 1628 4092 monachus
1666 4037 1711 4092 si
1758 4039 2109 4108 conspirave-

522 4130 632 4193 rit,
661 4129 745 4183 vel
774 4129 1101 4185 calumniam
1130 4131 1432 4201 episcopis,
1462 4129 1544 4184 vcl
1571 4129 1786 4185 clericis
1823 4131 2107 4185 machina-

489 4228 612 4276 -tus
642 4219 805 4276 fuerit
827 4261 840 4286 ,
871 4221 1092 4290 proprio
1120 4221 1280 4275 cadat
1313 4221 1505 4291 gradu.

593 4314 680 4368 la
717 4315 791 4369 De
820 4314 1032 4370 clericis
1075 4314 1127 4367 in
1161 4315 1410 4368 haeresim
1450 4313 1618 4383 lapsis
1658 4323 1714 4368 et
1753 4324 1939 4384 postea
1970 4329 2105 4369 con-

521 4419 717 4461 VCI'SIS.

2208 747 2572 802 ministerium
2602 762 2702 802 nec
2729 756 2850 816 post
2879 745 3257 816 pmnitentiam
3293 755 3647 801 revocentur.

2267 837 2370 891 21.
2411 837 2482 891 Ut
2531 837 2814 906 presbyter
2875 838 2990 906 qui,
3038 845 3328 906 postquam
3376 837 3656 906 depositus
3690 846 3795 896 est,

2206 933 2430 986 missam
2457 930 2851 996 celebraverit,
2889 934 3280 988 communione
3307 935 3554 1002 corporis
3579 941 3636 988 et
3665 948 3797 988 san-

2207 1025 2390 1095 guinis
2420 1025 2635 1078 Domini
2666 1040 2838 1104 usque
2865 1025 2932 1080 ad
2958 1026 3142 1081 obitus
3169 1027 3251 1081 sui
3281 1027 3421 1081 diem
3449 1028 3667 1097 privetn

2278 1117 2368 1171 22.
2410 1117 2484 1172 De
2511 1118 2740 1172 diacono
2763 1129 2817 1173 et
2844 1119 3165 1190 presbytero
3191 1119 3387 1190 lapsis,
3416 1129 3476 1173 ut
3504 1121 3570 1174 ad
3607 1135 3801 1174 sacros

2210 1207 2427 1261 ordines
2459 1206 2693 1276 amplius
2734 1222 2841 1261 non
2889 1209 3148 1272 redeant,
3197 1218 3254 1264 et
3297 1208 3616 1265 subdiaconi
3653 1209 3796 1278 lapsi

2209 1295 2350 1350 inter
2379 1295 2548 1350 laicos
2579 1297 3022 1352 communionem
3050 1297 3310 1352 habeant.

2276 1387 2365 1441 25.
2406 1387 2482 1441 De
2511 1387 2893 1456 episc0porum
2921 1388 3104 1443 carnis
3131 1387 3423 1442 munditia.

2276 1477 2370 1532 21.
2414 1479 2489 1532 De
2538 1478 2624 1532 bis
2661 1480 2753 1534 oui
2803 1479 2870 1534 ab
2919 1478 3116 1532 hazresi
3153 1478 3220 1532 ad
3263 1478 3565 1533 Ecclesiam
3608 1492 3801 1533 rever-

2208 1580 2415 1626 linitur.

2277 1663 2368 1717 25.
2413 1663 2484 1718 Ut
2523 1663 2578 1718 in
2614 1663 2733 1718 loco
2762 1664 2900 1733 lapsi
2928 1663 3166 1734 episcopi
3194 1663 3333 1718 alius
3361 1664 3687 1718 restituatur

2280 1755 2368 1810 26.
2409 1755 2561 1824 Quod
2593 1758 2878 1828 presbyter
2915 1766 3036 1827 post
3076 1757 3287 1827 lapsum
3329 1757 3383 1812 in
3422 1771 3582 1812 sacro
3607 1757 3806 1812 ordine

2209 1859 2311 1899 nec
2339 1860 2661 1913 permanere
2689 1861 2787 1900 nec
2820 1846 3063 1899 revocari
3092 1853 3293 1914 potest.

2283 1935 2370 1989 27.
2410 1935 2692 2002 Quomodo
2743 1935 2796 1990 hi
2846 1936 2940 2005 qui
2995 1935 3193 2003 injuste
3243 1935 3474 2006 depositi
3515 1943 3683 2003 sunt,
3736 1935 3808 1990 ab

2275 2126 2366 2180 28.
2409 2125 2478 2181 Ut
2512 2135 2715 2180 temere
2743 2127 2867 2193 quis
2897 2140 3001 2178 non
3031 2121 3398 2178 communicet
3425 2123 3614 2192 lapsis.

2279 2218 2367 2272 29.
2409 2219 2485 2272 De
2537 2217 2746 2287 lapsis,
2797 2217 2996 2286 quibus
3042 2226 3266 2286 prepter
3316 2214 3697 2284 pmnitentiam
3751 2225 3810 2268 ct

2214 2323 2409 2362 manus
2469 2307 2920 2376 impositionem,
2985 2306 3300 2361 communio
3362 2303 3809 2375 periclitantibus

2208 2397 2630 2453 concedebatur.

2277 2488 2365 2542 50.
2409 2488 2562 2555 Quod
2609 2489 2764 2559 vigor
2835 2487 3176 2558 antiquitatis
3229 2495 3478 2543 servetur
3531 2486 3586 2540 in
3635 2486 3808 2556 lapsis

2215 2595 2387 2646 usque
2416 2579 2482 2631 ad
2512 2579 2897 2634 auctoritatem
2925 2587 2980 2635 et
3007 2578 3290 2634 consilium
3321 2592 3493 2647 papa).

2283 2667 2375 2722 51.
2421 2668 2496 2722 De
2525 2668 2609 2723 his
2637 2668 2732 2738 qui
2765 2684 2831 2723 ex
2862 2669 2986 2737 fuga
3014 2668 3395 2738 comprehensi
3427 2675 3588 2736 sunt,
3619 2677 3677 2722 et
3704 2684 3810 2739 per

2213 2760 2324 2815 vim
2359 2759 2554 2830 pagani
2585 2760 2722 2815 ritus
2748 2759 2950 2829 aliquid
2979 2761 3354 2831 protulerunt,
3387 2768 3445 2813 ut
3485 2773 3514 2813 a
3555 2774 3808 2813 contmn-

2212 2851 2375 2906 nione
2414 2865 2520 2905 non
2563 2862 2900 2906 moveantur.

2281 2943 2368 2995 52.
2433 2941 2536 3008 Qui
2588 2956 2618 2994 a
2664 2941 2978 2996 melioribus
3030 2955 3150 3010 qua:
3209 2940 3513 2995 deliberant
3551 2955 3807 2995 succum-

2210 3036 2370 3096 bunt,
2407 3050 2591 3090 coram
2623 3036 2798 3090 oculis
2830 3035 2925 3090 Dei
2955 3037 3291 3090 ceciderunt.

2283 3125 2372 3180 55.
2415 3127 2568 3194 Quod
2615 3126 2908 3198 plurimum
2958 3137 3187 3198 possunt
3237 3142 3338 3196 pro
3386 3127 3556 3197 lapsis
3603 3127 3808 3182 merita

2212 3227 2554 3284 sanctorum,
2586 3220 2888 3288 praesertim
2917 3235 3039 3274 cum
3073 3220 3190 3274 dies
3217 3218 3403 3287 iudicii
3434 3220 3668 3275 venerit.

2286 3310 2372 3363 51.
2415 3308 2487 3364 Ut
2536 3311 2724 3365 clerici
2775 3311 3182 3365 Donatistarum
3235 3311 3289 3363 in
3342 3309 3457 3364 suis
3500 3311 3806 3366 honoribus

2286 3494 2376 3547 55.
2420 3493 2492 3548 Ut
2523 3494 2657 3564 lapsi
2686 3495 2751 3548 ad
2779 3510 2934 3548 smmi
2962 3495 3211 3550 ordinem
3241 3509 3347 3548 non
3377 3501 3726 3549 revocentur.

2286 3584 2374 3639 56.
2417 3583 2488 3638 Ut
2537 3585 2589 3639 hi
2637 3585 2728 3655 qui
2763 3601 2859 3654 pro
2889 3587 3192 3641 deserenda
3229 3586 3583 3640 accusatione
3615 3599 3806 3639 sacros

2219 3685 2548 3746 acceperunt
2577 3677 2804 3731 ordines
2826 3718 2840 3742 ,
2873 3677 3077 3732 eisdem
3108 3678 3394 3747 priventur
3421 3675 3728 3730 ordinibus.

2287 3767 2376 3820 57.
2418 3765 2520 3833 Qui
2581 3768 2829 3837 reparari
2881 3767 3088 3838 possint
3135 3775 3257 3838 post
3311 3766 3551 3837 lapsum,
3607 3774 3663 3822 et
3713 3765 3807 3834 qui

2217 3858 2460 3912 minimc.

2287 3949 2379 4003 58.
2424 3948 2498 4003 De
2555 3949 2769 4006 clericis
2824 3950 2914 4020 qui
2969 3951 3085 4005 sine
3131 3951 3378 4006 consultu
3428 3950 3670 4020 episcopi
3723 3951 3806 4006 sui

2220 4053 2420 4093 uxores
2459 4039 2749 4094 duxerunt.

2279 4131 2373 4193 .59.
2426 4131 2706 4198 Quomodo
2765 4133 2932 4202 recipi
3003 4133 3239 4188 debeant
3302 4134 3392 4204 qui
3461 4133 3806 4204 prazvaricati

2216 4235 2376 4292 sunt,
2407 4243 2529 4280 cum
2559 4227 2624 4281 ad
2659 4229 2962 4283 Ecclesiam
2992 4230 3239 4284 redeunt.

1519 4465 2040 4592 CAPITU-LA
2126 4514 2407 4592 LlBRI
2501 4516 2792 4602 NON].

1804 4649 1908 4716 Qui
1941 4660 2014 4704 cst
2047 4650 2112 4704 de
2147 4651 2516 4704 sacramentis.

597 4762 648 4816 1.
693 4760 765 4817 Ut
804 4759 857 4815 in
899 4771 1362 4816 sacramentorum
1397 4761 1766 4816 oblationibus
1804 4763 1940 4816 nihil
1981 4763 2109 4817 olTe-
2151 4753 2194 4806 Ῑ)

527 4862 682 4908 ratur
709 4851 812 4906 nisi
837 4853 997 4923 panis
1022 4862 1077 4906 et
1108 4854 1292 4907 vinum
1321 4869 1460 4923 aqua
1489 4854 1741 4907 mixtum.

596 4947 652 5000 2.
696 4944 767 5000 Ut
793 4946 1123 5002 sacritieium
1157 4946 1346 5001 altaris
1382 4948 1436 5001 in
1475 4962 1610 5016 puro
1651 4947 1792 5004 lineo
1832 4963 2009 5018 panno
2047 4950 2114 5005 ab

525 5037 782 5108 episcopo
808 5047 1023 5093 sacrato
1052 5037 1374 5092 celebretur.

597 5129 654 5183 5.
697 5129 768 5190 Ut
795 5145 823 5182 a
847 5127 1050 5200 jejunis
1073 5129 1400 5184 sacriﬁcium
1431 5129 1544 5187 Deo
1570 5131 1895 5187 celebretur.

597 5220 653 5274 4.
695 5219 849 5285 Quod
897 5237 996 5274 nec
1045 5222 1228 5276 vinum
1276 5221 1450 5277 solum
1497 5238 1597 5277 nec
1635 5240 1771 5292 aqua
1805 5223 1914 5276 sola
1944 5223 1995 5276 in
2023 5238 2111 5276 ca-

528 5311 629 5354 lic-9.
657 5309 837 5354 nmxrri
868 5311 1046 5354 debet.

2294 4764 2345 4817 7.
2386 4762 2540 4829 Quod
2584 4765 2650 4820 ad
2702 4763 2803 4820 hoc
2833 4765 3106 4820 caelestem
3156 4768 3336 4855 cibum
3381 4784 3600 4826 sumere
3640 4775 3805 4829 debe-

2219 4871 2374 4921 mus,
2419 4865 2478 4908 ut
2520 4858 2572 4910 in
2613 4873 2833 4912 carnem
2879 4859 3076 4928 ipsius,
3106 4859 3197 4928 qui
3244 4875 3372 4915 caro
3410 4871 3596 4919 nostra
3629 4864 3805 4921 factus

2217 4958 2299 5002 εει
2317 4989 2329 5009 ,
2363 4960 2718 5004 transeamus.
2908 4961 2916 4968 ’

2289 5039 2344 5094 8.
2385 5039 2540 5106 Quod
2573 5055 2702 5096 caro
2739 5042 2952 5097 Domini
2993 5061 3120 5102 vere
3154 5055 3236 5103 est
3272 5049 3459 5114 cibus,
3499 5057 3554 5103 et
3587 5049 3804 5119 sanguis

2218 5146 2346 5186 vere
2375 5141 2458 5186 est
2484 5142 2664 5202 potus.

2294 5223 2348 5278 9.
2391 5223 2544 5290 Quod
2597 5225 2798 5280 Christi
2857 5241 3056 5298 corpus
3117 5231 3238 5286 ideo
3287 5231 3524 5294 edimus,
3577 5241 3636 5286 ut
3682 5232 3802 5286 vita:

2216 5322 2432 5354 mlprnm
2471 5314 2765 5354 narlininnc
2803 5332 2923 5354 nccn
2954 5334 3224 5354 nneclmnc
