4030 5354
188 263 279 322 εει
1224 261 1602 320 COLLECTIO
1639 262 2004 321 CANO'NICA.
2043 296 2112 308 —
2134 267 2263 324 LIB.
2291 269 2384 328 IX.

3333 283 3442 341 5‘2!

250 376 332 430 12.
372 375 524 442 Quod
561 378 684 430 dum
723 375 1064 430 Dominicum
1118 387 1519 432 sacramentum
1569 376 1744 433 malus
1773 382 1824 441 Α
1915 379 2004 434 59.
2025 380 2180 447 Quod
2203 383 2441 440 haeretici
2471 399 2810 444 sacramenta
2831 400 2884 446 et
2909 390 3218 463 Scriptum
3240 395 3443 454 habent

186 469 478 537 acceperit,
512 477 687 522 tamen
723 468 852 522 illud
887 468 1088 521 malum
1122 484 1229 522 non
1255 467 1436 523 eﬁicit.

245 559 326 614 13.
370 559 437 616 Ut
478 561 741 629 baptisma
785 577 891 616 non
939 563 1033 614 ﬁat
1061 571 1257 630 pragtcr
1281 561 1488 617 Pascha
1517 572 1571 617 et
1603 560 1743 617 Pen-

180 660 408 706 tecosten
429 691 444 713 ,
477 651 579 705 nisi
610 661 840 721 cogente
871 652 1215 707 necessitate.
1383 648 1388 656 ’

243 742 328 796 14.
369 741 525 808 Quod
558 742 794 814 legitima
831 751 1071 808 tempora
1110 742 1423 812 baptizandi
1453 752 1579 798 sunt
1611 759 1749 814 pra.L

173 835 301 899 lixa,
340 834 389 886 id
419 841 508 888 est
535 831 738 888 Pascha
770 843 824 886 et
848 832 1191 889 Pentecoste.

101 919 104 922 ’
240 927 325 980 15.
367 926 527 992 Quod
561 927 714 996 juxta
753 926 1110 996 apostolicam
1142 926 1325 982 sedem
1356 927 1409 982 in
1444 926 1747 998 Epiphania

173 1017 554 1087 lnptizandum
581 1032 688 1073 non
717 1026 824 1073 est.

239 1117 321 1170 16.
368 1115 446 1170 De
476 1115 784 1171 redditione
811 1115 1286 1185 haptizandorum.

233 1207 315 1260 17.
351 1206 510 1272 Quod
533 1207 658 1261 dum
691 1206 850 1260 tertio
880 1206 1184 1275 baptizatus
1216 1206 1508 1277 mergitur,
1537 1205 1747 1259 tridua-

171 1311 246 1351 nte
265 1295 561 1364 sepultura:
592 1304 989 1350 sacramentum
1010 1295 1273 1364 signatur.

232 1386 316 1441 18.
359 1385 432 1440 Ut
475 1385 544 1438 ad
593 1385 992 1454 suscipiendum
1045 1385 1111 1438 de
1168 1382 1438 1453 baptismo
1492 1383 1750 1440 infantem

169 1492 298 1532 unus
327 1487 543 1531 tantum
575 1477 821 1531 accedat.

229 1571 312 1624 19.
352 1569 512 1637 Quod
563 1570 954 1625 catechumeno
1024 1577 1080 1624 et
1143 1567 1198 1624 in
1269 1568 1538 1638 baptismo
1578 1577 1634 1624 et
1699 1568 1753 1623 in

169 1660 576 1716 conﬁrmatione
602 1675 739 1713 unus
764 1667 916 1728 pater
944 1669 1121 1728 potest
1145 1674 1286 1714 esse.

1849 472 1918 526 ad
1950 475 2184 542 speciem
2214 493 2318 530 non
2348 477 2415 532 ad
2446 479 2696 535 salutem.

1919 563 2008 619 40.
2045 564 2197 632 Quod
2231 570 2276 623 si
2306 584 2402 640 per
2437 572 2541 625 vim
2577 576 2906 630 sacramenti
2947 578 3197 633 remissio
3225 580 3280 634 ﬁt
3309 596 3436 652 pec-

1851 667 2122 724 catorum,
2155 662 2293 716 sicut
2321 679 2518 721 avarus
2566 667 2639 722 ita
2691 677 2743 724 et
2776 669 3093 744 hereticus;
3118 676 3162 730 si
3189 691 3288 746 per
3317 693 3433 734 tne-

1851 749 2038 812 ritum,
2070 767 2169 807 nec
2192 769 2407 816 avarus.
2442 774 2542 813 nec
2572 759 2879 818 haereticus.

1919 840 2006 894 41.
2047 842 2198 908 Quod
2220 846 2344 901 mali
2373 860 2772 907 sacramentum
2799 854 2996 912 Christi
3027 859 3301 917 maculare
3327 879 3434 919 non

1851 944 2094 1000 possunt.

1922 1022 2013 1077 42.
2053 1022 2205 1092 Quod
2232 1041 2571 1086 sacramenta
2601 1034 2696 1089 Dei
2726 1035 2924 1106 ubique
2952 1049 3094 1096 recta
3125 1055 3270 1098 sunt.

1921 1113 2014 1166 4"».
2051 1114 2204 1182 Quod
2237 1133 2636 1178 sacramentum
2669 1128 2806 1196 apud
2844 1131 3126 1188 haereticos
3160 1134 3348 1192 haberi
3384 1149 3441 1194 et

1853 1205 1970 1260 dari
2001 1217 2194 1278 potest,
2224 1211 2448 1268 ell‘ectns
2471 1229 2600 1271 vero
2629 1224 2957 1278 sacramenti
2980 1227 3224 1284 minime.

1923 1298 2012 1353 41.
2057 1301 2129 1356 De
2154 1305 2344 1358 eadem
2377 1322 2454 1361 re.

1926 1389 2018 1444 45.
2059 1392 2210 1458 Quod
2238 1396 2656 1464 parricidalibus
2688 1405 2936 1462 manibus
2969 1423 3028 1464 se
3056 1425 3212 1468 sacra
3241 1423 3443 1488 myste-

1854 1481 1932 1536 ria
1965 1485 2304 1541 subtrahunt.

1924 1575 2015 1631 46.
2039 1577 2208 1672 Quod
2240 1595 2344 1637 non
2375 1583 2446 1638 ita
2480 1597 2644 1644 nocet
2689 1591 2910 1658 perﬁdia
2953 1594 3216 1666 parvulis,
3251 1616 3442 1672 quem-

1856 1666 2143 1724 admodum
2176 1672 2308 1728 ﬁdes
2338 1677 2535 1745 profuit
2561 1696 2682 1736 cum
2708 1684 3127 1754 baptizarentur.
3173 1687 3190 1702 ’

227 1750 312 1804 20.
354 1750 515 1818 Quod
541 1750 606 1805 ‘si
645 1751 768 1819 quis
809 1765 873 1805 ex
913 1749 1368 1852 conjugiodilittm
1411 1750 1746 1855 alterius-ad
1779 1735 1824 1794 Β
1924 1757 2010 1812 47.
2057 1759 2208 1825 Quod
2236 1735 2546 1834 perceptam
2564 1770 2616 1824 in
2642 1735 3188 1842 baptisin—at‘evivlli-ri'sti
3211 1787 3440 1855 gratiam

169 1841 368 1910 aliquod
395 1849 804 1896 sacramentum
837 1841 1087 1906 tenuerit,
1118 1840 1302 1912 utique
1327 1853 1632 1912 compatres
1650 1844 1751 1898 ha-

169 1932 369 1986 bentur.

231 2024 317 2078 21.
360 2023 418 2079 Si
471 2024 600 2094 quis
643 2023 696 2078 in
737 2023 962 2094 perﬁdia
1014 2039 1240 2080 manens
1283 2025 1610 2094 bapizatur,
1655 2036 1748 2080 aut

170 2113 356 2167 nullam
399 2113 618 2185 accepit
657 2114 1029 2169 remissionem
1075 2124 1168 2168 aut
1209 2116 1275 2170 ad
1315 2117 1573 2184 temporis
1619 2131 1750 2186 pnn-

172 2211 324 2255 clum.

228 2291 313 2346 22.
354 2291 471 2348 Nisi
498 2304 849 2364 regeneratus
869 2293 1220 2349 confirmetur
1240 2293 1307 2349 ab
1330 2295 1607 2368 episcopo,
1630 2312 1750 2367 per-

172 2381 331 2437 fectus
361 2384 714 2438 Christianus
744 2400 862 2439 esse
893 2400 996 2438 non
1023 2396 1220 2455 potest.

231 2475 316 2532 25.
359 2475 431 2532 Ut
458 2493 652 2532 omnes
691 2477 874 2534 ﬁdeles
909 2488 1030 2548 post
1058 2477 1382 2548 baptismum
1425 2496 1521 2549 per
1560 2497 1750 2538 manus

175 2565 566 2636 impositionein
605 2569 978 2640 episcopatum
1015 2570 1282 2641 accipimt
1324 2571 1582 2641 Spiritum
1619 2589 1746 2629 san-

176 2668 328 2710 ctum.

233 2749 317 2804 24.
359 2749 516 2818 Quod
547 2767 672 2805 mox
696 2755 985 2810 morituros
1015 2754 1281 2825 baptisma
1307 2757 1501 2823 salvat,
1525 2762 1750 2817 vncturis

176 2846 336 2892 autem
365 2841 677 2895 necessaria
710 2853 793 2896 est
817 2844 1128 2899 chrismatis
1158 2847 1516 2903 conﬁrmatio.

233 2930 317 2984 25.
359 2931 517 3000 Quod
547 2933 679 2988 solis
708 2934 934 2990 debetur
954 2934 1222 3006 episcopis
1243 2938 1582 2996 conﬁrmazio
1609 2943 1750 2998 chri-

175 3034 370 3078 81113118.

235 3113 318 3168 26.
360 3113 518 3182 Quod
568 3115 738 3186 magis
792 3119 1093 3172 veneranda
1137 3130 1222 3174 est
1258 3135 1448 3177 manus
1480 3123 1749 3194 impositio

176 3203 540 3275 episcoporum
572 3221 734 3276 quam
764 3207 1081 3274 baptismus.

234 3295 317 3350 27.
360 3297 516 3364 Quod
556 3297 674 3352 sine
715 3298 980 3366 baptismo
1027 3314 1186 3354 nemo
1229 3309 1407 3370 potest
1442 3302 1661 3367 salvari,
1701 3313 1757 3359 et

175 3385 278 3442 sine
303 3390 419 3458 ipso
450 3390 576 3459 quis
608 3405 713 3444 non
742 3390 900 3445 debet
932 3392 1258 3462 participare
1281 3409 1505 3466 corpore
1538 3407 1592 3451 ct
1623 3413 1750 3452 San-

175 3480 321 3550 guine
353 3481 592 3537 Domini.

234 3572 319 3626 28.
357 3573 516 3637 Quod
563 3590 792 3645 corpore
841 3584 896 3629 et
940 3575 1202 3645 sanguine
1247 3577 1454 3630 Domini
1497 3579 1754 3647 parvulus

177 3665 472 3737 participat,
516 3681 640 3721 ctnn
677 3667 975 3722 membrum
1015 3665 1218 3721 Christi
1247 3666 1299 3720 in
1333 3668 1600 3736 baptismo
1643 3668 1756 3722 clli-

176 3757 315 3813 citur.

235 3850 318 3906 29.
361 3851 519 3921 Quod
552 3869 742 3908 manus
773 3851 1045 3922 impositio
1074 3854 1242 3922 repeti
1277 3853 1516 3926 pntcsl(l
1538 3855 1608 3924 l).

235 3943 318 3998 50.
361 3944 436 4000 De
467 3945 778 4000 renovando
807 3945 1103 4000 chrismate
1131 3947 1354 4024 singulis
1384 3948 1560 4002 annis.

236 4037 320 4093 51.
361 4037 434 4094 Ut
464 4041 726 4108 baptizati
759 4040 826 4095 ab
859 4040 1127 4097 hmreticis
1152 4041 1266 4095 sola
1309 4059 1499 4098 manus
1535 4044 1756 4115 imposi-

178 4126 310 4184 tione
335 4131 750 4187 conﬁrmentur.

237 4219 321 4274 52.
364 4221 440 4278 De
467 4223 660 4277 eadem
693 4237 772 4276 re.

237 4310 322 4366 55.
363 4313 520 4380 Quod
542 4315 742 4368 donum
776 4313 890 4379 Dei,
919 4313 1060 4384 quod
1083 4325 1164 4369 est
1186 4315 1452 4381 Charitas,
1478 4327 1629 4372 extra
1656 4319 1757 4374 Ec-

180 4400 383 4456 clesium
417 4419 522 4459 nec
548 4404 738 4458 haberi
768 4413 945 4475 potest
978 4421 1078 4460 nec
1099 4405 1235 4460 dari.

237 4493 320 4548 5i.
361 4494 516 4562 Quod
566 4496 808 4552 haeretici
847 4505 900 4550 et
943 4497 1319 4564 schisxnatiei,
1354 4500 1614 4571 quidquid
1658 4503 1753 4556 ha-

183 4584 345 4653 beant,
377 4589 697 4646 charitatem
728 4606 836 4644 non
863 4591 1085 4645 habent.

243 4680 327 4734 55.
371 4683 522 4750 Quod
552 4695 659 4738 tam
701 4699 817 4755 per‘
840 4684 1012 4739 malos
1041 4701 1201 4755 quam
1240 4699 1336 4755 per
1369 4685 1540 4742 bonos
1575 4702 1756 4742 sacra-

186 4783 350 4829 menta
375 4777 842 4832 administrentur.

246 4863 329 4918 56.
369 4867 519 4933 Quod
551 4878 950 4924 sacramentum
989 4868 1253 4939 baptisma
1287 4871 1426 4940 apud
1467 4871 1752 4929 haereticos

189 4967 236 5007 et
260 4956 439 5014 haberi
467 4971 519 5016 et
548 4962 664 5016 dari
695 4975 889 5032 potest.

250 5046 332 5102 57.
370 5050 517 5116 Quod
550 5054 734 5122 eadem
767 5065 1112 5112 sacramenta
1142 5059 1342 5129 ubique
1368 5069 1493 5114 sunt
1523 5059 1751 5133 integra.

249 5143 330 5198 58.
366 5146 512 5212 Quod
543 5149 784 5205 remissio
821 5167 918 5223 per
954 5148 1216 5207 columine
1254 5155 1512 5223 gemitum
1561 5155 1748 5224 datur,

197 5233 504 5300 quicumque
529 5240 763 5308 haptizet

1852 1849 2056 1918 parvuli
2081 1866 2186 1906 non
2212 1854 2464 1911 amittunt
2489 1859 2590 1914 nisi
2620 1864 2835 1932 propria
2862 1866 3160 1938 impietate.

1922 1938 2010 1994 48.
2053 1942 2203 2007 Quod
2243 1945 2313 2000 ita
2353 1949 2560 2016 parvuli
2599 1967 2700 2022 per
2736 1955 2870 2013 alios
2905 1961 3156 2027 credunt.
3199 1966 3340 2022 sicut
3373 1970 3443 2025 ab

1851 2027 1973 2084 aliis
2012 2042 2408 2105 peccata,qnae
2447 2039 2500 2094 in
2539 2040 2809 2113 baptismo
2849 2047 3226 2122 dimittuntur,
3262 2065 3444 2115 traxe—

1855 2129 1999 2174 runt.

1923 2214 2014 2270 49.
2052 2215 2204 2284 Quod
2231 2229 2407 2276 mater
2431 2222 2667 2282 Ecclesia
2698 2229 2860 2285 etiam
2886 2231 3083 2291 invitos
3105 2246 3283 2293 sanat.

1924 2307 2012 2361 50.
2049 2308 2202 2375 Quod
2226 2311 2462 2369 hmretici
2488 2331 2731 2374 errorem
2757 2335 3037 2392 acceptum
3060 2327 3258 2383 debent
3283 2331 3442 2388 amit-

1856 2406 1992 2463 tere,
2025 2415 2129 2455 non
2165 2413 2562 2462 sacramentum
2581 2447 2595 2474 ,
2625 2412 2767 2480 quod
2797 2412 3045 2471 similiter
3068 2425 3128 2474 nt
3161 2434 3260 2476 nos
3287 2436 3443 2479 acce-

1855 2500 2067 2560 perunt.

1925 2581 2014 2637 51.
2057 2585 2131 2639 De
2155 2587 2341 2642 eadem
2373 2605 2450 2645 re.

1925 2674 2014 2729 5:3.
2057 2677 2208 2744 Quod
2236 2694 2336 2735 nec
2357 2690 2485 2736 ante
2511 2680 2835 2753 baptismum
2863 2685 3132 2760 bigamus,
3154 2692 3440 2752 ordinetur

1855 2766 2160 2838 epi:.c0pus.
3271 2822 3274 2826 .

1927 2857 2016 2913 55.
2061 2860 2212 2928 Quod
2240 2861 2381 2920 Deus
2404 2864 2782 2924 haereticorum
2817 2873 3087 2930 sacriﬁcia
3117 2874 3439 2936 detestatur.

1927 2948 2017 3004 54.
2061 2949 2135 3005 De.
2163 2966 2229 3007 eo
2253 2955 2344 3023 qui
2373 2957 2694 3014 necessitate
2715 2967 2958 3016 extrema
2986 2978 3018 3017 a
3040 2978 3145 3019 non
3168 2967 3442 3026 catholico

1853 3047 2287 3102 communionem
2319 3052 2638 3121 susceperit.

1927 3135 2014 3190 55.
2053 3137 2208 3204 Quod
2241 3136 2476 3208 Spiritus
2500 3151 2721 3200 sanctus
2748 3147 2994 3215 procedit
3021 3164 3054 3204 a
3082 3150 3236 3208 Filio.

1929 3225 2016 3280 56.
2058 3227 2212 3295 Quod
2243 3230 2416 3285 virtus
2450 3235 2772 3287 sacramenti
2805 3251 2910 3290 non
2939 3238 3097 3293 estin
3133 3255 3447 3301 sacramen-

1861 3318 1928 3372 tis
1959 3333 2078 3386 qua:
2103 3319 2171 3374 ab
2204 3320 2444 3376 Ecclesia
2473 3325 2737 3395 segregati
2769 3325 3062 3384 celebrant.

1929 3406 2015 3461 57.
2058 3407 2133 3463 De
2163 3409 2385 3465 intincta
2417 3413 2767 3468 eucharistia.

1929 3498 2016 3555 58.
2061 3498 2116 3554 Si
2148 3500 2432 3572 presbyter
2455 3501 2724 3558 inﬁrmant
2750 3505 3026 3577 baptizare
3053 3510 3368 3584 neglexerit.

1929 3589 2020 3644 59.
2063 3589 2139 3645 De
2177 3590 2262 3646 his
2302 3591 2370 3648 de
2412 3593 2611 3664 quibus
2643 3595 2923 3654 dubitatur
2957 3611 3140 3658 utrum
3183 3605 3444 3678 baptizati

1857 3680 1986 3734 sint.

1929 3776 2018 3832 60.
2058 3777 2134 3832 De
2159 3777 2348 3833 eadem
2377 3793 2456 3835 re.

1929 3868 2019 3926 6|.
2061 3868 2194 3925 Item
2223 3871 2289 3926 de
2316 3872 2504 3928 eadem
2537 3887 2618 3929 re.

1928 3959 2018 4016 62.
2058 3961 2210 4029 Quod
2233 3963 2411 4019 solum
2441 3965 2713 4035 baptisma
2739 3969 2818 4026 eis
2846 3971 2937 4041 qui
2963 3973 3031 4028 ab
3055 3974 3323 4033 haareticis
3351 3978 3444 4034 ba-

1857 4055 2131 4124 ptizantnr
2160 4071 2279 4110 esse
2309 4058 2661 4126 permittitur,
2688 4071 2742 4115 et
2771 4077 2876 4116 non
2903 4073 3098 4120 caztera
3127 4071 3405 4140 mysteria.

1930 4146 2020 4201 65.
2051 4147 2124 4201 De
2145 4148 2397 4218 gentibus
2427 4149 2494 4204 ad
2527 4150 2689 4205 ﬁdem
2718 4153 3080 4222 venientibus,
3110 4161 3256 4213 omni
3294 4171 3433 4216 tem-

1858 4252 2010 4308 pore,
2038 4238 2080 4292 si
2112 4253 2335 4294 necesse
2358 4239 2543 4306 fuerit,
2568 4241 2923 4311 baptizandis.

1931 4331 2020 4384 64.
2063 4330 2137 4383 De
2162 4331 2301 4386 trina
2335 4341 2389 4386 et
2415 4348 2521 4387 una
2557 4333 2907 4390 immersione
2939 4337 3298 4407 baptismatis.

1783 4418 1832 4478 Ι)
1930 4421 2018 4476 65.
2062 4421 2212 4488 Quod
2241 4437 2334 4478 eos
2369 4438 2507 4494 quos
2547 4437 2669 4496 post
2698 4427 3102 4485 damnationem
3147 4432 3444 4502 baptizavit

1860 4516 1943 4572 vel
1968 4517 2240 4571 ordinavit
2267 4518 2520 4583 Aeacius,
2555 4519 2699 4575 nulla
2727 4521 2904 4608 portio
2927 4521 3161 4580 lmsionis
3189 4526 3438 4596 attingat.

1931 4609 2020 4664 66.
2059 4608 2213 4676 Quod
2248 4610 2459 4682 prazcisi
2491 4612 2562 4667 ab
2602 4613 2836 4672 ecclesia
2885 4613 3150 4686 Spiritum
3194 4630 3444 4676 sanetum

1862 4715 1969 4756 non
1995 4701 2216 4755 habent.

1932 4792 2020 4847 67.
2063 4792 2307 4859 Qualiter
2336 4793 2643 4866 baptizandi
2687 4807 2812 4857 ante
2843 4799 3175 4870 baptismum
3203 4801 3445 4860 catechi-

1863 4894 2076 4939 zcntur.

1935 4977 2024 5033 68.
2067 4976 2142 5032 De
2169 4977 2460 5047 baptismo.

1935 5067 2024 5123 69.
2062 5067 2141 5121 De
2170 5067 2610 5129 conﬁrmatione.

1936 5159 2022 5214 70.
2061 5159 2136 5214 De
2166 5168 2515 5218 sacramento
2535 5163 2749 5230 altaris.
