4030 5354
545 167 654 225 525

1589 175 1648 230 S.
1686 171 1983 231 ANSEMII
2025 169 2362 229 LUCENSIS
2403 171 2710 229 EPISCOH

1465 301 1834 379 CAPlTU
1856 301 1979 377 LA
2057 298 2336 376 LIBRI
2413 299 2642 378 DECI
2662 298 2778 376 Ml
2811 355 2835 389 ,

1892 431 1996 500 Qui
2017 440 2093 486 eu
2121 430 2185 484 de
2203 431 2484 500 coniugiis.

617 593 641 647 l
656 634 669 647 .
708 591 859 660 Quod
883 589 1060 661 pactio
1084 588 1383 660 coniugalis
1408 585 1718 660 coniugium
1749 585 1902 641 facil.

2160 566 2204 624 Α
2307 583 2400 639 30.
2443 585 2516 641 De
2566 585 2817 656 coniugio
2863 590 3077 655 quarue
3127 582 3492 653 generationis
3540 584 3820 654 quondam

615 683 670 737 2.
711 681 864 749 Quod
894 679 1195 750 legitimum
1227 676 1537 750 coniugium
1569 687 1650 731 est
1687 674 1776 730 ubi
1820 689 1957 729 uxor
1987 671 2128 744 peti-
2232 673 2421 744 Anglis
2447 677 2760 744 permisso.“

547 784 658 841 tur,
688 783 742 829 et
781 787 811 828 a
842 771 1160 844 parentibus
1191 771 1454 842 proximis
1486 768 1730 841 legaliter
1762 767 1921 823 datur
1948 776 2000 823 et
2031 767 2128 820 de-

544 875 854 939 sponsatur,
886 877 942 921 et
971 881 1000 920 a
1024 865 1308 921 sacerdote
1334 862 1693 919 benedicitur.

615 960 669 1014 5.
705 957 836 1025 Qua:
866 957 932 1012 sit
981 957 1222 1028 legitima
1253 971 1410 1021 uxor,
1435 965 1490 1010 et
1513 955 1679 1023 quod,
1710 952 1927 1008 vivente
1959 965 2130 1007 uxore

535 1051 786 1108 adultera
807 1093 822 1118 ,
850 1051 969 1106 viro
995 1065 1102 1105 non
1126 1049 1254 1104 licet
1280 1049 1478 1103 ducere
1510 1047 1691 1101 aliam.

608 1142 664 1198 4.
704 1141 858 1210 Quod
890 1141 1048 1196 tertia
1074 1154 1214 1194 uxor
1244 1136 1516 1209 superﬂua
1539 1144 1645 1192 est.

609 1233 665 1288 5.
710 1235 784 1288 De
803 1248 1029 1288 numero
1073 1231 1418 1286 maritorum.

607 1328 660 1382 6.
697 1325 853 1394 Quod
902 1325 1230 1394 desponsata
1288 1320 1682 1377 monasterium
1733 1317 2124 1375 monacharum

537 1427 717 1490 potest
747 1414 972 1484 eligere.

605 1506 659 1558 7.
700 1503 854 1600 Quod
907 1501 1290 1574 desponsatam
1333 1499 1491 1555 alteri
1527 1499 1665 1554 alter
1693 1512 1799 1554 non
1825 1504 2002 1569 potest
2029 1510 2122 1552 ac-

541 1597 746 1666 cipere.

605 1688 662 1744 8.
703 1688 780 1742 De
808 1685 998 1741 eadem
1030 1699 1108 1739 re.

613 1783 668 1838 9.
708 1780 784 1835 De
814 1787 970 1849 raptu
998 1777 1210 1848 puellae.

589 1873 696 1928 ~l0.
737 1871 890 1940 Quod
915 1868 1067 1942 pejor
1088 1878 1172 1925 est
1195 1867 1287 1940 qui
1311 1879 1411 1922 nec
1437 1864 1580 1921 malo
1602 1863 1762 1920 ﬁdem
1789 1870 1968 1919 servat
1985 1861 2118 1932 (12).

588 1972 695 2025 "11.
735 1967 890 2037 Quod
931 1965 1094 2023 etiam
1134 1979 1199 2020 ex
1236 1963 1376 2019 male
1418 1959 1724 2033 conjunctis
1755 1956 1966 2032 possint
2003 1956 2123 2012 ﬁeri

510 2079 513 2096 τ
538 2062 761 2134 nuptiae.

611 2154 700 2210 12.
729 2151 894 2220 Quod
925 2149 1233 2221 coniugium
1277 2153 1522 2202 remanet
1551 2143 1916 2215 inseparatum
1937 2181 1952 2207 ,
1979 2139 2122 2196 sicut

523 2246 810 2304 ordinatio
830 2244 889 2299 in
915 2243 1206 2299 damnatis.

590 2336 693 2392 15.
734 2334 888 2404 Quod
929 2332 1141 2405 pejores
1167 2331 1278 2387 sint
1304 2328 1566 2384 adulteris
1589 2369 1603 2393 ,
1633 2327 1726 2398 qui
1758 2341 1787 2380 a
1838 2324 2120 2398 proposito

533 2427 808 2484 castitatis
834 2432 1083 2480 ruerunt.

608 2517 696 2571 ll.
735 2514 910 2584 Quod,
940 2513 1154 2572 vivente
1181 2524 1352 2566 uxore
1373 2506 1644 2573 adultera,
1667 2520 1773 2560 non
1802 2503 1931 2560 licet
1959 2501 2118 2557 aliam

529 2612 756 2665 ducere.

609 2700 697 2753 15.
740 2697 812 2752 Ut
848 2695 1103 2752 dimissus
1125 2693 1210 2748 vel
1239 2693 1462 2749 dimissa
1495 2690 1575 2746 sic
1600 2695 1878 2753 maneant,
1904 2682 1990 2740 vel
2013 2684 2116 2738 sibi

520 2790 979 2847 reconcilientur.

608 2883 699 2938 16.
739 2879 798 2937 Si
835 2880 1090 2935 dimissus
1121 2875 1206 2932 vel
1235 2875 1457 2931 dimissa
1489 2871 1646 2928 alteri
1685 2868 2032 2927 matrimonio
2061 2883 2120 2922 se

531 2975 944 3046 copulaverint,
976 2969 1208 3026 adulteri
1231 2975 1376 3023 sunt.

603 3070 691 3124 17.
719 3067 873 3136 Quod
895 3071 1143 3136 separata
1166 3076 1197 3117 a
1213 3060 1330 3117 viro
1361 3056 1606 3115 adultero
1628 3071 1734 3113 non
1760 3053 1930 3127 possit
1955 3051 2118 3107 alium

533 3165 755 3220 ducere.

2303 766 2393 822 5t.
2435 767 2586 836 Quod
2617 769 2805 840 Anglis
2833 767 2886 824 in
2914 767 3020 823 ﬁde
3051 765 3294 822 solidatis
3329 766 3822 838 consanguinitatis

2231 856 2540 929 coniugium
2570 859 2786 929 penitus
2810 867 3040 914 vetetur.

2300 948 2391 1003 52.
2435 950 2505 1006 Ut
2530 966 2702 1021 usque
2725 951 2792 1013 ad
2825 951 3110 1020 septimam
3139 949 3625 1020 consanguinitatis
3649 964 3823 1022 gene-

2232 1042 2493 1098 rationem
2525 1059 2683 1098 nemo
2711 1043 3110 1098 matrimonium
3140 1043 3321 1095 ducat.

2301 1133 2390 1188 55.
2432 1134 2678 1206 Capitula
2728 1134 3090 1189 anatlieuiatis
3145 1131 3203 1186 S.
3255 1133 3503 1204 Gregorii
3552 1147 3708 1206 papa:
3754 1135 3823 1191 de

2229 1226 2434 1282 illicitis
2473 1227 2738 1298 coniugiis
2766 1236 2820 1282 et
2842 1225 3162 1297 quibusdam
3194 1223 3334 1279 aliis.

2298 1318 2389 1373 54.
2432 1318 2508 1373 De
2534 1319 2874 1391 presbytera.

2297 1409 2387 1466 55.
2427 1411 2504 1466 De
2533 1411 2818 1466 monacha.

2298 1505 2388 1562 56.
2427 1505 2504 1562 De
2531 1517 2854 1564 commatre.

2297 1597 2406 1669 57..
2431 1597 2508 1654 De
2537 1613 2747 1655 sorore.

2295 1690 2386 1746 58.
2427 1691 2503 1747 De
2531 1701 2711 1761 nepte.

2297 1781 2387 1838 59.
2431 1781 2506 1838 De
2533 1799 2766 1839 noverca
2797 1785 2882 1840 vel
2910 1776 3071 1841 nuru.

2297 1873 2388 1927 40.
2432 1874 2508 1928 De
2536 1884 2786 1944 cognata,
2822 1877 2900 1931 vel
2929 1893 3090 1946 quam
3127 1888 3387 1951 cognatus
3411 1875 3622 1937 habuit.

2291 1963 2389 2108 tu.
2426 1963 2503 2020 De
2553 1966 2761 2040 virgine
2812 1983 2918 2025 non
2982 1971 3303 2042 desponsata
3359 1981 3514 2044 rapta
3570 1973 3656 2030 vel
3725 1973 3819 2028 fu-

2313 2069 2366 2108 a.

2223 2069 2366 2110 rata.

2295 2145 2390 2201 42.
2431 2145 2506 2202 De
2543 2146 2788 2205 hariolis.

2294 2236 2386 2292 45.
2428 2237 2502 2292 De
2534 2237 2617 2292 liis
2648 2239 2739 2308 qui
2771 2255 2856 2294 res
2881 2240 3128 2296 ecclesiae
3154 2240 3487 2298 invaserunt.

2291 2329 2383 2385 44.
2425 2331 2502 2384 De
2531 2329 2743 2387 clericis
2771 2331 2862 2402 qui
2898 2348 3109 2388 comam
3138 2334 3542 2391 relaxarerunt.

2291 2419 2383 2476 45.
2426 2421 2500 2476 De
2532 2419 2778 2478 amnibus
2806 2423 2859 2478 in
2891 2423 3139 2494 coniugio
3171 2441 3275 2481 non
3303 2426 3642 2496 copulandis.

2290 2513 2382 2568 46.
2425 2513 2498 2569 De
2561 2515 2795 2586 quodam
2854 2524 2913 2570 ut
2963 2516 3127 2572 ducat
3178 2531 3403 2574 uxorem
3460 2535 3624 2588 quam
3678 2534 3817 2575 cor-

2220 2605 2386 2675 rupit.

2285 2697 2379 2752 Δτ.
2422 2697 2500 2752 De
2533 2697 2621 2754 liis
2667 2697 2757 2768 qui
2807 2697 3027 2770 rapiunt
3061 2700 3271 2771 puellas
3311 2698 3410 2756 sub
3448 2700 3608 2755 simul
3644 2699 3812 2754 babi-

2221 2789 2366 2842 landi
2397 2789 2635 2843 nomine.
3177 2845 3181 2848 ,

2285 2876 2375 2931 48.
2417 2875 2494 2931 De
2526 2892 2588 2935 eo
2615 2877 2706 2946 qui
2737 2877 3008 2948 pr0priam
3035 2893 3256 2933 uxorem
3282 2877 3580 2934 interfecit.

2289 2969 2381 3023 £9.
2425 2967 2577 3034 Quod
2638 2970 2812 3040 magis
2864 2971 3212 3025 custodienda
3266 2983 3346 3026 est
3403 2971 3626 3026 castitas
3678 2970 3816 3028 ﬁdei

2221 3074 2382 3130 quam
2418 3064 2686 3133 corporis,
2715 3071 2770 3117 et
2804 3065 2948 3133 quod
2978 3063 3233 3120 violentia
3269 3079 3374 3118 non
3423 3063 3655 3118 violatur
3703 3079 3815 3134 pu-

2221 3154 2432 3209 dicitia.

603 3255 690 3312 1-8.
731 3252 886 3322 Quod
923 3249 1200 3322 religionis
1217 3230 1386 3304 causa
1415 3260 1522 3300 non
1563 3244 1674 3298 sint
1701 3239 1952 3297 solvenda
1987 3255 2110 3294 con-
2144 3276 2188 3334 Ο
2292 3243 2379 3298 50.
2422 3245 2625 3300 lterum
2651 3244 2794 3317 quod
2822 3245 3079 3302 violentia
3116 3261 3222 3302 non
3259 3247 3556 3317 corrumpit
3586 3246 3810 3318 pudici-

553 3366 696 3405 Ulla.

553 3367 582 3405 u
627 3366 696 3404 ia.

527 3365 546 3423 ³
588 3365 694 3498 8l9.
735 3439 886 3506 Quod
931 3435 1088 3493 uxori
1137 3432 1442 3490 reddendus
1475 3438 1558 3486 est
1609 3427 1856 3493 maritus,
1899 3422 2115 3480 etiamsi

531 3542 845 3591 tonsuratus
873 3529 944 3585 sit
973 3527 1269 3583 monachus
1307 3524 1395 3578 illa
1426 3521 1662 3576 nolente.

599 3626 691 3680 2ο.
734 3623 888 3690 Quod
936 3618 1254 3689 coniugatus
1301 3630 1407 3671 non
1457 3612 1615 3667 debet
1657 3609 1772 3664 lieri
1817 3605 2114 3663 monachus

531 3717 637 3772 nisi
666 3714 893 3784 coniuge
918 3713 1066 3783 prius
1091 3706 1465 3766 castimoniam
1494 3703 1798 3776 profitente.

601 3809 692 3863 21.
736 3807 811 3859 De
837 3805 1025 3876 eadem
1064 3817 1146 3856 re.

587 3899 694 3952 ‘22.
734 3897 809 3951 De
837 3892 1102 3962 coniugiis
1127 3889 1306 3963 aliqua
1345 3886 1674 3943 necessitate
1704 3883 1892 3941 divisis
1913 3924 1928 3949 ,
1960 3891 2019 3938 ut
2045 3882 2114 3937 ad

531 3988 759 4059 pristina
788 3990 1153 4039 revertantur.

597 4075 691 4130 25.
732 4075 806 4130 De
854 4071 1194 4143 separatione
1227 4081 1414 4123 eorum
1443 4065 1533 4135 qui
1559 4063 1630 4120 ob
1656 4078 1875 4120 causam
1907 4060 2114 4133 frigidae

513 4177 737 4224 «natura:
766 4165 912 4220 coire
935 4178 1040 4218 non
1068 4166 1312 4230 possunt.

601 4257 693 4312 24.
734 4255 807 4310 Ut
840 4254 892 4309 lii
921 4252 1012 4324 qui
1040 4250 1191 4307 coire
1225 4263 1330 4304 non
1361 4253 1607 4318 possunt,
1649 4244 1693 4300 si
1719 4242 1953 4315 probare
1983 4259 2110 4314 pos-

515 4349 659 4412 sint,
689 4353 1026 4416 separentur.

599 4440 693 4493 25.
727 4436 888 4504 Quod
927 4444 1151 4507 propter
1187 4430 1484 4487 amentiam
1525 4443 1632 4484 non
1681 4437 1808 4484 sunt
1854 4426 2109 4485 solvenda

521 4529 797 4599 mnjugia.

2219 3334 2374 3389 tiam.

2287 3425 2377 3480 5t.
2419 3425 2571 3493 Quod
2594 3428 2767 3498 possit
2793 3443 2930 3484 uxor
2954 3438 3076 3500 post
3102 3430 3429 3486 adulterium
3459 3429 3811 3487 reconciliari

2216 3531 2334 3571 vrro
2362 3533 2480 3572 suo.
2629 3585 2632 3587 Α

2284 3608 2375 3662 52.
2411 3608 2566 3676 Quod
2618 3621 2724 3664 non
2773 3609 2902 3666 licet
2953 3611 3233 3668 mulierem
3294 3612 3598 3669 adulteram
3659 3615 3814 3670 occi-

2215 3701 2364 3756 dere.

2279 3793 2368 3848 55.
2412 3793 2481 3849 Ut
2516 3805 2638 3867 post
2684 3795 3006 3852 adulterium
3037 3806 3131 3852 aut
3174 3812 3312 3854 uxor
3353 3798 3673 3870 recipiatur,
3711 3809 3810 3856 aut

2217 3885 2550 3940 continentia
2577 3896 2848 3941 servetur.
3207 3878 3210 3882 ’

2287 3977 2376 4032 54.
2418 3977 2569 4045 Quod
2598 3978 2749 4050 virgo
2779 3995 2883 4034 non
2913 3980 2983 4036 sit
3012 3981 3285 4048 adultera,
3319 3981 3363 4037 si
3408 3983 3658 4038 nesciens
3688 3982 3806 4037 viro

2215 4073 2463 4141 nupserit
2498 4071 2698 4128 alieno.

2283 4164 2374 4219 55.
2417 4165 2496 4220 De
2533 4164 2845 4236 raptoribus
2875 4165 3164 4222 mulierum
3193 4166 3237 4223 si
3262 4166 3328 4224 ad
3351 4166 3640 4223 ecclesiam
3669 4183 3798 4223 con-

2213 4252 2468 4324 fugerint.

2283 4346 2373 4400 56.
2412 4346 2488 4400 De
2519 4345 2830 4419 raptoribus
2860 4348 3142 4403 viduarum
3170 4348 3255 4404 vel
3292 4349 3581 4420 virginum.

2283 4437 2371 4491 57.
2413 4436 2566 4504 Quod
2613 4438 2772 4492 vidua
2805 4439 3044 4508 episcopi
3076 4439 3157 4494 vel
3185 4439 3490 4511 presbyteri
3537 4447 3636 4494 aut
3687 4439 3804 4492 dia-

2211 4525 2354 4588 coni.
2388 4526 2432 4580 si
2464 4525 2720 4580 maritum
2753 4529 3039 4597 acceperit,
3073 4529 3126 4582 in
3160 4529 3269 4585 line
3308 4539 3518 4583 tantum
3545 4541 3798 4583 commu-

602 4623 694 4677 26.
739 4620 808 4677 Ut
830 4620 1008 4676 omnis
1035 4618 1198 4674 homo
1228 4615 1500 4671 abstineat
1537 4627 1597 4668 se
1640 4628 1669 4665 a
1699 4609 1965 4681 spirituali
1999 4609 2104 4663 tilia
2133 4624 2186 4686 ι)
2213 4617 2374 4672 niuei,

526 4717 698 4787 patris
727 4713 834 4769 sui.
1543 4771 1548 4774 _

598 4807 688 4861 27.
731 4803 884 4873 Quod
931 4800 1108 4856 nullus
1158 4797 1378 4855 ﬁliolam
1427 4794 1597 4865 patris
1643 4791 1726 4848 sui
1762 4793 1926 4846 ducat
1973 4806 2108 4844 uxo-

525 4915 689 5046 “32's.
731 4990 808 5045 De
856 4983 1201 5057 separatione
1257 4979 1668 5051 οοιιὶιιεειοτυιη
1711 4975 1805 5047 qui
1851 4975 1992 5030 “nos
2040 4973 2108 5031 de

525 5081 676 5137 fonte
702 5085 1081 5144 susceperunt.

596 5172 689 5228 29.
732 5169 805 5226 Ut
847 5167 1118 5238 coniugati
1144 5183 1250 5222 non
1295 5174 1638 5236 separentur,
1689 5161 1733 5218 si
1780 5157 2107 5216 necessitate

525 5265 718 5321 mortis
749 5261 918 5318 lilium
945 5275 1101 5318 suum
1125 5258 1560 5331 baptizaverunt.

2281 4711 2370 4816 58.
2413 4712 2456 4766 Α
2503 4713 2700 4784 quibus
2735 4713 2876 4770 inter
2902 4714 3217 4787 conjugatos
3244 4719 3686 4788 consanguinitas
3717 4735 3802 4776 re-

2255 4816 2482 4859 iuratur.

2216 4821 2482 4874 quiratur.

2286 4897 2375 4952 59.
2419 4897 2492 4951 De
2523 4897 2726 4953 relictis
2755 4900 3296 4968 consanguineorum.

2282 4988 2351 5042 60
2422 4988 2497 5044 De
2550 4989 2775 5046 muliere
2815 5006 2934 5062 qua:
2981 4992 3049 5047 ad
3116 4993 3378 5049 secundas
3427 4993 3624 5048 transit
3693 5011 3795 5048 nu-

2252 5082 2372 5136 tias.

2252 5097 2372 5136 uas.

2213 5097 2248 5152 Ρ
2283 5171 2374 5226 61.
2410 5170 2564 5239 Quod
2615 5174 2915 5246 presbyteri
2963 5176 3162 5247 nuptiis
3205 5175 3403 5248 bigami
3453 5191 3562 5233 non
3624 5175 3799 5232 inter-

2213 5269 2360 5318 sunt.
