4030 5354
184 165 280 221 525

1215 165 1591 221 COLI.ECTIO
1617 162 1976 220 (ῘΑΝΟΝΙΟᾹ.
2000 193 2069 205 -
2090 165 2216 221 LIB.
2250 165 2337 220 XI.

3296 170 3402 225 536

241 276 324 330 62.
368 275 436 331 Ut
458 276 534 330 vir
578 290 746 329 uxore
777 274 1013 339 vivente,
1063 284 1155 329 aut
1184 290 1318 329 uxor
1358 275 1566 330 vivente
1590 275 1728 339 viro,
1758 286 1805 340 Α
1902 274 1993 331 66.
2032 275 2184 343 Quod
2217 293 2325 331 uno
2365 274 2523 330 modo
2547 274 2821 345 pareutcla
2851 275 2951 331 viri
2980 285 3035 331 ct
3077 278 3317 336 mulieris
3348 283 3403 337 iu

179 364 469 420 nullatenus
492 366 646 420 alteri
680 366 980 433 copuletur.

237 457 321 509 65.
362 457 436 510 De
462 458 880 528 propinquorum
912 458 1249 527 copulatione
1273 458 1527 513 cavenda.

1831 368 2211 437 conjunctione
2238 368 2628 421 consideranda
2662 377 2805 420 sunt.

1902 456 1992 508 67.
2034 456 2442 510 Sat-ramentum
2491 458 2557 510 de
2597 455 2873 525 parentola
2915 459 3184 525 quomodo
3228 460 3404 530 inqui-

231 548 315 601 64.
356 549 506 615 Quod
544 549 773 604 infames
801 564 1066 606 vocentur
1098 551 1188 621 qui
1219 565 1283 604 ex
1314 549 1732 620 consanguineis
1832 547 1995 600 renda
2026 548 2112 600 sit.

175 650 475 693 nascuntur.

231 728 316 782 65.
358 728 431 784 Ut
460 730 541 784 vir
570 746 676 785 non
699 730 1055 802 coniungatur
1082 732 1498 803 consanguineis
1525 734 1729 799 uxoris,

170 820 298 874 sicut
330 836 428 875 nec
458 821 595 876 suis.

1901 637 1989 691 68.
2029 636 2401 693 Juramentum
2436 638 2675 692 testium.

1906 726 1992 781 ϐυ.
2037 727 2447 782 Sacramentum
2472 728 2537 781 de
2558 728 2874 796 separandis
2901 728 3238 784 incesluosis.

1070 968 1577 1049 CAPITULA
1666 974 1943 1053 LIBRI
2012 973 2147 1049 UN
2169 974 2557 1067 DECIMI,

1470 1102 1574 1169 Qui
1604 1115 1676 1158 es!
1706 1106 1770 1158 de
1806 1106 2122 1175 paenitentia.

230 1251 274 1305 l.
312 1249 387 1303 De
418 1249 738 1319 pmnitentia
768 1266 885 1320 quae
912 1252 1091 1320 agitur
1119 1263 1245 1308 ante
1271 1256 1616 1325 baptismum.

1902 1256 1989 1310 29.
2032 1256 2181 1322 Quod
2228 1259 2510 1329 t‘pise%pi?s
2557 1268 2665 1314 am.
2691 1258 2973 1333 presbyter
3015 1262 3401 1321 vel-diaconus

225 1343 275 1394 2.
314 1342 388 1394 De
419 1343 766 1410 paenitentia,
796 1358 914 1412 qua:
939 1345 1117 1412 agitur
1142 1356 1261 1411 post
1292 1345 1635 1415 baptismum,
1663 1348 1729 1402 de
1825 1344 1926 1417 [in]
1952 1347 2309 1405 fornicatione
2334 1361 2425 1403 aut
2454 1351 2693 1421 perjurio
2722 1365 2815 1409 aut
2845 1355 2988 1408 furto
3017 1366 3208 1425 captus
3235 1357 3398 1425 depo-

169 1433 511 1501 gravioribus.

222 1523 269 1575 5.
312 1523 386 1577 De
411 1524 736 1592 pmnitentia
767 1541 885 1593 quae
908 1525 973 1579 de
1001 1528 1330 1596 quotidiauis
1356 1530 1591 1598 peccatis
1618 1531 1729 1601 agi-

170 1622 258 1666 tur.

221 1702 267 1755 Δ.
307 1701 593 1769 Quomodo
625 1705 697 1759 sit
730 1707 932 1773 agenda
967 1707 1301 1775 ptenitentia.

223 1795 270 1848 5.
306 1796 461 1861 Quod
496 1796 660 1851 aliter
688 1799 953 1866 pcenitere
977 1799 1171 1853 debent
1199 1801 1289 1869 qui
1320 1800 1515 1867 minus,
1543 1811 1595 1856 et
1630 1801 1727 1855 ali-

169 1892 238 1937 ter
258 1887 343 1955 qui
376 1888 553 1954 magis
582 1898 828 1957 peccant.

224 1975 272 2028 6.
308 1976 458 2042 Quod
492 1986 617 2045 post
643 1978 1053 2033 conversionem
1089 1979 1394 2035 necessaria
1436 1991 1515 2036 est
1549 1982 1723 2051 poeni-

172 2066 335 2119 lt-nlia.

224 2156 270 2209 7.
309 2158 459 2223 Quod
497 2158 601 2213 nisi
632 2160 1029 2231 corrigentibus
1054 2176 1113 2216 se
1144 2162 1298 2218 venia
1338 2179 1442 2218 non
1469 2162 1721 2218 concedi-

172 2255 257 2299 1111³.

226 2336 271 2387 8.
310 2335 459 2403 Quod
516 2356 619 2393 non
672 2341 891 2409 prodest
926 2343 1122 2395 bonum
1169 2344 1310 2414 quod
1355 2346 1584 2415 agimus,
1620 2343 1720 2398 nisi

172 2425 341 2479 malum
375 2428 767 2498 relinquamus.

224 2514 270 2567 9.
308 2517 457 2581 Quod
493 2522 808 2575 sacerdotes
837 2521 1033 2577 debent
1078 2533 1295 2593 peccata
1334 2524 1611 2578 hominum
1641 2524 1721 2578 di-

173 2600 371 2671 Iigeuler
398 2608 698 2677 inquirere.

228 2696 302 2750 10.
345 2698 501 2765 Quod
536 2704 833 2774 presbyteri
878 2721 983 2758 non
1027 2706 1223 2760 debent
1260 2708 1583 2776 pmuitcntes
1632 2724 1719 2763 re-

173 2789 436 2847 conciliare
471 2793 581 2846 nisi
614 2810 681 2849 ex
706 2794 951 2862 iussione
975 2797 1231 2867 episcopi.

230 2879 304 2931 11.
345 2879 419 2935 De
443 2883 642 2937 eadem
675 2899 754 2938 re.

228 2967 304 3021 12.
344 2969 418 3024 De
444 2971 640 3025 cadent
673 2988 751 3027 re.

232 3060 304 3113 15.
346 3062 418 3117 De
454 3074 730 3132 potestate
774 3065 1114 3120 sacerdotum
1145 3068 1378 3121 donandi
1425 3068 1719 3124 remedium

174 3153 496 3218 pmtiitentize.

231 3247 305 3300 14.
342 3248 501 3315 Quod
550 3266 654 3303 non
701 3250 957 3305 debemus
1005 3251 1233 3307 mortuis
1279 3253 1720 3319 communicare,

176 3336 338 3403 quibus
366 3341 468 3394 vivi
514 3356 620 3394 non
649 3342 1185 3396 communicavimus.

237 3428 311 3481 l5.
350 3429 414 3485 Ut
437 3431 603 3501 plena
641 3432 949 3487 communio
982 3433 1142 3487 detur
1168 3432 1247 3487 eis
1272 3433 1363 3501 qui
1408 3433 1601 3502 lingua:
1640 3432 1722 3487 of-

179 3513 325 3573 ﬁcium
374 3522 736 3591 perdiderint,
772 3532 827 3576 et
877 3523 1087 3578 habent.
1120 3523 1316 3578 bonum
1355 3523 1719 3578 testimonium

177 3609 289 3673 quol
313 3613 687 3679 preuitctttiatn
716 3621 841 3666 ante
869 3613 1168 3681 petiissent.

230 3701 305 3754 16.
345 3704 416 3756 De
444 3704 719 3772 ungendis
752 3703 1001 3757 infirmis.

228 3790 301 3845 17.
338 3792 411 3848 De
444 3794 752 3863 pwnitente
780 3792 1014 3860 inﬁrmo,
1046 3793 1090 3848 si
1117 3792 1471 3849 convaluerit.

232 3882 307 3937 18.
350 3885 421 3939 De
446 3886 540 3941 his
570 3884 660 3956 qui
696 3885 1067 3954 paenitentiam
1102 3894 1311 3956 petunt,
1337 3897 1391 3939 et
1414 3883 1586 3941 ofﬁcio
1613 3885 1721 3941 litt-

182 3982 273 4035 gua
294 3974 593 4040 privantur.

237 4062 311 4116 19.
342 4065 414 4119 De
440 4068 525 4123 his
552 4065 645 4136 qui
676 4065 791 4121 sine
821 4064 1199 4121 communione
1225 4064 1545 4120 moriuntur.

236 4152 313 4207 20.
349 4157 419 4211 De
444 4159 634 4212 eadem
666 4172 744 4212 re.

238 4244 315 4300 2|.
354 4248 422 4304 Ut
465 4252 756 4322 episcopus
795 4250 1050 4307 decernat
1112 4257 1352 4320 tempora
1415 4249 1722 4321 ptenitcnti-
1751 4273 1799 4336 υ

186 4332 279 4389 bus.

240 4430 318 4486 2‘2.
354 4431 423 4489 Ut
449 4433 736 4490 manifesta
769 4442 986 4505 peccata
1020 4432 1303 4488 manifeste
1334 4442 1649 4504 purgentur.

237 4521 315 4576 25.
354 4524 418 4580 Ut
446 4528 592 4581 omni
629 4526 773 4580 fideli
815 4521 869 4579 in
906 4526 1052 4579 exitu
1093 4525 1287 4594 posito,
1326 4523 1722 4580 conuuunionis

188 4614 325 4677 gratia
350 4620 518 4671 detur.

243 4703 321 4757 2t.
355 4708 500 4775 Quod
553 4706 827 4767 confessio
868 4706 1184 4779 paenitentis
1232 4707 1566 4763 manifestari
1615 4724 1719 4764 non

192 4788 335 4848 debet.

245 4882 323 4937 25.
362 4887 424 4942 Ut
455 4891 727 4954 sacerdos,
759 4891 801 4945 si
833 4888 1228 4946 confessionem
1261 4888 1576 4959 paenitentis
1603 4904 1719 4942 ma-

197 4971 501 5043 nifestaverit,
531 4984 849 5052 deponatur.

250 5064 325 5119 26.
364 5068 427 5124 Ut
468 5084 677 5129 secreto
716 5074 1096 5145 corripiantur,
1141 5086 1260 5139 qua:
1313 5080 1536 5139 secreto
1577 5085 1725 5128 com-

200 5152 460 5214 mittuntur.

248 5245 323 5300 27.
357 5249 495 5317 Quod
538 5256 793 5311 omnibus
846 5254 1269 5327 paenitentibus,
1329 5260 1522 5329 quinta
1588 5247 1723 5312 reria

1825 1447 2005 1491 natur.

1895 1528 1982 1581 30.
2026 1531 2099 1583 De
2131 1530 2487 1589 fornicatione
2514 1535 2855 1591 clericorum.

1759 1606 1802 1664 Β
1899 1617 1986 1670 51.
2019 1618 2091 1673 De
2120 1633 2181 1673 ea
2204 1621 2305 1674 lem
2332 1638 2410 1676 re.

1893 1708 1981 1761 32.
2007 1708 2157 1775 Quod
2189 1727 2287 1781 pro
2314 1714 2685 1772 criminalihus
2722 1720 2958 1789 peccatis
2988 1720 3041 1774 in
3074 1721 3263 1778 melius
3292 1722 3400 1777 vita

1828 1801 2078 1853 mutanda
2107 1810 2209 1855 est.

1893 1888 1981 1943 ‘53.
2011 1889 2160 1955 Quod
2190 1892 2560 1950 criininalibus
2597 1899 2832 1966 peccatis
2876 1900 3067 1955 irretiti
3112 1902 3178 1957 ad
3224 1904 3398 1972 paeni-

1826 1980 2050 2034 tentiam
2090 1998 2119 2035 a
2152 1986 2522 2042 sacerdotibus
2550 1999 2673 2042 sunt
2702 1992 3075 2061 compellendi.

1824 2129 2021 2203 Incipit
2055 2133 2118 2188 de
2144 2135 2285 2188 οηιηὶ
2304 2152 2487 2206 genere
2513 2140 2907 2196 liomicidiorum
2938 2154 2985 2198 et
3015 2146 3079 2197 de
3100 2146 3401 2214 paenitentia

2511 2225 2712 2264 eorum.

1891 2337 1981 2390 51.
2009 2339 2084 2392 De
2106 2339 2370 2411 episcOpis
2397 2353 2449 2398 et
2494 2346 2821 2416 presbyteris
2860 2357 2913 2402 et
2956 2348 3202 2404 diaconis
3227 2350 3272 2404 si
3296 2350 3397 2405 ho-

1823 2428 2101 2481 micidium
2133 2430 2379 2485 fecerint.

1892 2515 1981 2569 55.
2014 2517 2087 2570 De
2120 2518 2201 2573 his
2230 2520 2321 2587 qui
2349 2521 2414 2575 ad
2445 2522 2788 2578 homicidium
2824 2526 3184 2581 consentiunt.

1891 2606 1980 2661 56.
2024 2608 2100 2663 De
2123 2611 2442 2675 pomitentia
2493 2613 2705 2669 femina:
2745 2632 2861 2684 qua:
2910 2618 3046 2671 irata
3079 2618 3277 2673 occidit
3305 2633 3400 2674 an-

1822 2697 1998 2751 cillam
2026 2714 2201 2753 suam.

1892 2787 1981 2840 57.
2016 2789 2090 2843 De
2128 2791 2213 2845 his
2242 2791 2333 2861 qui
2374 2792 2448 2847 ita
2492 2794 2795 2863 percutiunt
2837 2798 3227 2868 utsanguiucm
3276 2800 3400 2855 fun-

1822 2876 1971 2931 dant.

1894 2970 1982 3024 58.
2019 2974 2091 3027 De
2124 2976 2206 3031 his
2251 2976 2341 3044 qui
2386 2976 2616 3031 infantes
2646 2979 2974 3049 opprimunt,
3000 2981 3083 3037 vel
3114 2991 3403 3053 conceptus

1824 3060 2123 3133 decipiunt,
2150 3068 2229 3123 \‘el
2263 3069 2506 3123 abortum
2538 3070 2763 3126 faciunt.

1895 3154 1982 3207 59.
2008 3155 2160 3222 Quod
2208 3160 2489 3229 presbyter
2528 3163 2849 3229 deponatur,
2880 3163 3033 3233 cujus
3077 3165 3399 3235 negligentia

1824 3246 2053 3299 moritur
2092 3247 2267 3303 infans
2295 3249 2497 3317 absque
2524 3250 2811 3318 baptismo.

1892 3334 1985 3389 40.
2020 3336 2093 3390 De
2122 3338 2436 3396 mulieribus
2469 3339 2771 3415 fornicariis
2796 3343 2875 3397 vel
2916 3344 3163 3399 abortum
3188 3345 3395 3401 facien-

1827 3423 1989 3478 tibus.

1894 3515 1983 3569 41.
2009 3516 2084 3571 De
2107 3517 2293 3571 eadem
2323 3532 2399 3573 re.

1891 3605 1981 3659 42.
2014 3606 2087 3660 De
2120 3608 2292 3661 tribus
2323 3610 2610 3678 generibus
2641 3611 3074 3667 bomicidiorum.

1890 3701 1982 3755 45.
2011 3702 2162 3767 Quod
2189 3702 2458 3758 detractio
2482 3718 2649 3773 genus
2672 3718 2758 3760 est
2794 3706 3093 3763 homicidii.

1891 3791 1981 3845 44.
2042 3792 2194 3859 Quod
2243 3808 2348 3847 non
2404 3796 2576 3850 solum
2626 3798 2895 3865 manibus,
2935 3800 3030 3855 sed
3069 3808 3125 3855 et
3161 3800 3403 3857 consiliis

1821 3883 2110 3939 homicidia
2148 3895 2547 3955 perpetrantur.

1890 3973 1980 4028 45.
2018 3974 2090 4029 De
2120 3975 2410 4030 homicidio
2449 3986 2641 4047 sponte
2667 3980 2975 4042 commisso,

1891 4064 1982 4119 46.
2016 4064 2410 4122 De'homicidio
2431 4084 2535 4121 non
2564 4079 2753 4139 sponte
2784 4073 3092 4124 commisso.

1891 4154 1980 4208 47.
2030 4156 2105 4211 De
2140 4156 2367 4211 diversis
2410 4156 2716 4213 homicidiis
2760 4160 2874 4214 sive
2927 4159 3244 4223 voluntarie,
3287 4160 3402 4214 sive

1827 4245 1906 4319 [η]
1946 4246 2176 4303 uolente.

1894 4338 1984 4392 48.
2020 4338 2091 4393 De
2118 4337 2406 4395 homicidio
2434 4340 2577 4412 quod
2608 4339 2667 4395 fit
2694 4341 2746 4394 in
2776 4350 3191 4412 congregatione
3216 4355 3404 4395 mona-

1824 4428 2076 4483 chorum.

1891 4519 1983 4574 49.
2014 4518 2086 4574 De
2106 4534 2171 4574 eo
2198 4521 2287 4590 qui
2320 4536 2444 4576 casu
2474 4522 2659 4577 nolens
2690 4521 3036 4577 homicidium
3067 4521 3274 4577 fecerit.

1896 4609 1985 4663 δυ.
2020 4610 2093 4664 De
2113 4624 2179 4663 eo
2198 4612 2288 4681 qui
2320 4611 2530 4682 publice
2554 4613 2905 4678 poenitentem
2938 4611 3216 4667 occiderit.

1892 4698 1982 4751 5|.
2008 4700 2082 4753 De
2104 4702 2421 4769 prenitcntia
2450 4701 2728 4769 cujusdam
2756 4701 3071 4757 ﬂlﬂll‘iCidilE.

1894 4791 1987 4845 52.
2020 4792 2092 4846 De
2138 4792 2223 4846 his
2250 4794 2340 4863 qui
2387 4803 2593 4861 patrem
2626 4791 2709 4845 vel
2753 4805 3004 4857 matrem,
3051 4792 3135 4847 vel
3182 4792 3407 4848 fratrem

1824 4892 1917 4938 aut
1946 4897 2183 4937 sororem
2212 4884 2601 4939 interfecerint.

1838 5004 1841 5007 ‹
1898 4972 1990 5025 5'5.
2023 4971 2175 5037 Quod
2205 4973 2399 5028 divina:
2422 4973 2639 5027 ultionis
2667 4977 2918 5035 minister
2957 4984 3058 5039 est,
3087 4976 3177 5045 qui
3211 4990 3313 5031 non
3347 4988 3411 5025 cx

1824 5062 2135 5136 positione,
2184 5064 2279 5117 sed
2320 5072 2515 5134 praeter
2556 5062 2890 5126 voluntatem
2937 5066 3288 5122 homicidium
3342 5065 3415 5117 fe-

1824 5152 1978 5209 cerit.

1894 5240 1981 5295 54.
2011 5239 2086 5295 De
2110 5254 2175 5298 eo
2202 5243 2292 5311 qui
2334 5257 2433 5315 pro
2474 5241 2716 5301 vindicta
2764 5249 2949 5305 fratris
2998 5244 3190 5300 fecerit
3239 5238 3417 5299 homi-
