4030 5354
599 331 716 396 937

1626 337 1684 397 S.
1717 338 2012 396 ANSEIAII
2047 337 2382 397 LUCENSIS
2428 341 2733 400 EPISCOPI

3779 343 3880 400 528

671 461 758 517 56.
791 457 866 516 De
887 471 950 514 eo
976 459 1066 527 qui
1099 456 1374 527 proprium
1395 467 1611 509 servum
1634 453 1752 510 sine
1769 451 2190 524 judiciojudicis
2215 462 2266 520 Α
2363 454 2456 512 90.
2487 455 2561 511 De
2589 456 2778 512 eadem
2803 469 2881 509 re.

599 549 887 606 occiderit.

670 639 759 694 57.
789 637 863 692 De
909 637 993 692 his
1035 633 1126 708 qui
1169 634 1224 690 in
1266 642 1421 690 utero
1447 632 1638 688 matris
1657 633 1741 688 vel
1767 631 1880 703 jam
1901 633 2078 688 editos
2113 632 2190 688 in-

599 729 778 785 fantes
807 737 1025 785 necant.

667 819 758 876 58.
785 819 862 874 De
891 819 976 872 his
999 816 1088 888 qui
1121 815 1338 872 sibimet
1358 816 1636 887 proprium
1667 815 1970 869 membrum
1999 821 2192 882 sponte

601 911 954 970 absciderinl.

667 1003 756 1060 59.
781 1000 932 1069 Quod
966 997 1276 1056 sacerdotes
1302 1013 1411 1053 non
1434 997 1626 1054 debent
1649 997 2016 1054 membrorum
2047 1008 2192 1054 trun-

597 1097 837 1152 cationes
867 1096 1068 1160 facere,
1114 1109 1214 1150 nec
1253 1093 1454 1164 aliquid
1479 1101 1652 1148 morte
1677 1091 2016 1164 plectendum
2043 1091 2186 1154 iudi-

597 1203 746 1244 care.

670 1280 758 1334 60.
793 1279 864 1334 De
896 1276 1086 1333 eadem
1125 1292 1204 1332 re.

667 1372 758 1426 6|.
786 1371 860 1424 De
889 1368 1076 1423 eadem
1108 1383 1184 1422 re.

609 1473 612 1476 ‘
665 1459 756 1514 62.
788 1459 861 1514 De
899 1474 964 1514 eo
990 1459 1079 1528 qtti
1110 1462 1420 1527 compulsus
1467 1473 1498 1510 a
1539 1455 1758 1511 domino
1799 1455 1976 1512 sciens
2007 1454 2188 1528 periu-

591 1550 735 1606 rium
764 1545 974 1605 fecerit.

661 1643 753 1698 65.
781 1642 856 1697 De
884 1642 967 1696 his
995 1641 1086 1710 qui
1129 1637 1482 1710 perjurantin
1514 1653 1675 1694 manu
1724 1638 1961 1710 episcopi
1997 1637 2080 1693 vel
2131 1637 2184 1693 in

591 1748 774 1790 eruce.

661 1824 752 1879 61.
782 1823 856 1878 De
883 1822 968 1877 his
993 1821 1083 1894 qui
1114 1822 1284 1877 coacti
1309 1821 1609 1892 perjurant.

661 1913 751 1969 63.
787 1914 862 1968 De
889 1913 973 1969 his
998 1913 1087 1984 qui
1131 1927 1190 1970 sc
1217 1911 1521 1984 periuravit,
1545 1921 1598 1969 et
1624 1911 1758 1969 alios
1799 1911 1852 1968 in
1885 1909 2179 1984 periurium

590 2004 813 2059 ducunt.

661 2093 750 2149 66.
779 2094 852 2149 De
883 2108 949 2149 eo
975 2093 1068 2163 qui
1097 2108 1156 2149 se
1192 2092 1400 2149 sciente
1426 2093 1684 2164 per-iurat.

651 2184 747 2240 67.
778 2185 854 2239 De
889 2183 1079 2239 eadem
1111 2197 1190 2238 re.

659 2274 748 2332 68.
782 2275 933 2342 Quod
954 2273 1123 2344 jejuni
1161 2275 1358 2331 debent
1383 2275 1632 2330 homines
1647 2274 1856 2345 jurare.

609 2355 612 2358 ’
657 2367 750 2423 69.
775 2367 926 2434 Quod
945 2365 1241 2438 perjurinm
1265 2367 1671 2426 emendandum
1715 2375 1798 2421 est
1835 2365 1974 2421 sicut
2009 2363 2182 2421 homi-

585 2457 786 2514 cidium
817 2467 1010 2529 sponte
1042 2459 1414 2514 commissum.

661 2551 749 2606 70.
781 2551 858 2608 De
883 2551 969 2609 his
1002 2551 1094 2622 qui
1135 2567 1232 2624 per
1267 2550 1522 2622 capillum
1564 2549 1647 2605 vel
1689 2549 1832 2604 aliud
1879 2551 2180 2606 membrum

571 2641 687 2698 ‘Dei
713 2641 920 2710 jurant.

656 2735 746 2792 7|.
768 2735 920 2802 Quod
950 2751 1057 2791 non
1085 2743 1170 2790 est
1192 2735 1592 2791 observandum
1621 2733 1748 2789 illud
1777 2743 2180 2790 sacramentum

587 2825 732 2894 quod
773 2825 935 2880 vertit
965 2825 1018 2878 in
1051 2824 1227 2894 pejus.

660 2915 749 2970 72.
802 2914 878 2970 De
920 2925 1262 2970 sacramento
1304 2916 1448 2986 quod
1503 2914 1720 2988 regibus
1767 2914 1846 2980 fit,
1892 2915 1937 2971 si
1991 2925 2183 2986 Sponte

577 3005 848 3061 ‘t'iolatur.

658 3097 747 3153 75.
788 3097 976 3153 Utrum
1001 3097 1398 3152 observandum
1429 3097 1528 3166 sit,
1558 3097 1604 3154 si
1632 3098 1755 3170 quis
1785 3113 1881 3169 per
1917 3097 2181 3152 daemonia

569 3181 758 3264 jurat.

662 3283 750 3336 74.
780 3282 932 3352 Quod
965 3285 1106 3339 Deus
1135 3294 1533 3340 sacramentum
1576 3283 1656 3340 sic
1695 3283 1892 3354 aCCipil
1919 3281 2062 3338 sicut
2097 3281 2185 3338 ille

571 3373 677 3428 cui
701 3373 917 3442 juratur
943 3375 1212 3448 intelligit.
1909 3359 1912 3362 ἑ

665 3465 752 3520 75.
781 3465 933 3534 Quod
967 3477 1366 3524 sacramentum
1389 3484 1419 3523 a
1451 3467 1593 3524 malo
1637 3477 1720 3524 est
1748 3483 1935 3524 eorum
1987 3467 2184 3542 quibus

590 3551 824 3624 iuratur.

667 3647 757 3703 76.
797 3649 872 3704 De
899 3648 984 3705 bis
1011 3649 1104 3720 qui
1141 3666 1240 3721 per
1273 3652 1620 3723 cupiditatem
1650 3668 1710 3708 se
1739 3651 2040 3724 perjuraut.

658 3736 747 3792 77.
779 3739 932 3806 Quod
977 3742 1084 3796 duo
1127 3750 1254 3798 sunt
1299 3752 1505 3798 tantum
1541 3758 1738 3816 genera
1777 3745 2180 3802 mendaciorum

587 3825 644 3880 in
674 3826 870 3898 quibus
895 3845 1002 3884 non
1034 3847 1228 3903 magna
1256 3833 1412 3904 culpa
1438 3842 1542 3890 est.

816 3917 1085 3991 Incipiunt
1117 3923 1348 3993 capitula
1369 3923 1433 3978 de
1459 3923 1616 3994 falsis
1637 3925 1962 3980 testimoniis.

655 4009 743 4064 78.
779 4012 855 4066 De
884 4029 949 4068 eo
979 4015 1070 4084 qui
1099 4017 1371 4071 consentit
1399 4017 1464 4070 ad
1487 4015 1684 4072 falsum
1713 4018 2100 4076 testimonium.

654 4099 743 4157 79.
781 4101 860 4158 De
888 4104 971 4160 his
995 4105 1086 4176 qui
1119 4105 1255 4168 falso
1281 4105 1478 4162 fratres
1507 4118 1784 4164 accusant.

657 4190 748 4246 80.
782 4194 858 4250 De
896 4195 980 4250 his
1017 4195 1108 4266 qui
1152 4197 1356 4252 crimen
1405 4195 1670 4266 objiciunt
1710 4206 1765 4254 et
1801 4198 2034 4269 probare
2073 4216 2180 4257 non

585 4293 839 4352 possunt.

623 4413 632 4420 .
659 4375 748 4428 81.
776 4373 930 4441 Quod
956 4373 1150 4431 falsum
1179 4378 1548 4434 testimonium
1576 4378 1807 4449 capitale
1836 4379 2040 4436 crimen
2072 4389 2178 4436 est.

654 4463 743 4517 82.
777 4465 930 4532 Quod
953 4465 1074 4522 falsi
1129 4477 1296 4523 testes
1330 4484 1362 4524 a
1411 4473 1792 4528 communione
1823 4470 2178 4526 submovendi

586 4566 734 4612 Slllll.

657 4649 746 4704 85.
781 4649 856 4706 De
876 4650 1016 4708 falso
1046 4652 1355 4709 testimonio
1383 4661 1438 4708 et
1459 4654 1759 4711 mendacio.

585 4761 853 4829 Incipiunt
877 4765 1210 4838 capitulafde
1239 4766 1512 4838 adulteriis
1546 4778 1596 4822 et
1633 4767 1698 4838 de
1727 4764 1934 4824 incestis
1957 4768 2178 4838 conjun-

949 4837 1206 4890 ctionibus
1243 4847 1291 4891 ct
1335 4839 1400 4892 de
1443 4837 1810 4906 fornicatione.

657 4924 748 4980 84.
778 4924 846 4981 Ut
873 4926 940 4980 de
971 4927 1236 4982 adulterio
1259 4928 1474 4998 publica
1496 4935 1687 4999 agatur
1715 4929 2053 5000 ptnnitentia.

657 5017 746 5073 85.
785 5017 860 5073 De
881 5020 1070 5074 eadem
1097 5037 1176 5075 re.

657 5109 748 5166 86.
783 5111 856 5164 De
890 5111 1207 5180 paenitentia
1231 5113 1484 5168 adulteri.

657 5199 748 5254 87.
781 5201 855 5255 De
883 5200 1107 5256 incestis
1130 5201 1622 5270 conjunctionibus.

2367 546 2453 602 91.
2485 546 2564 601 De
2593 547 2779 600 eadem
2811 561 2888 602 re.

2364 637 2451 694 92.
2481 637 2553 692 De
2579 635 2896 709 pmttitentia
2935 635 3214 707 cujusdam
3254 636 3346 707 qui
3397 651 3624 694 uxorem
3665 637 3883 694 t'tolat'it

2293 729 2532 786 alterius.

2362 822 2452 878 95.
2485 823 2562 877 De
2591 821 2676 878 his
2711 822 2801 892 qui
2842 823 3162 879 violaverim
3197 822 3403 893 puellas
3435 822 3546 879 Deo
3575 831 3848 878 sacratas.

2361 912 2451 968 94.
2495 911 2570 967 De
2593 913 2782 968 eadem
2809 927 2892 968 re.

2365 1003 2454 1059 95.
2485 1003 2560 1058 Dc
2589 1004 2780 1058 eadem
2808 1019 2892 1059 re.

2361 1093 2448 1148 96.
2475 1091 2552 1148 De
2577 1092 2774 1149 femina
2800 1109 2918 1164 qua:
2951 1093 3254 1150 adulterum
3295 1095 3548 1150 maritum
3571 1093 3882 1166 dereliquit,

2291 1195 2344 1241 et
2373 1185 2604 1240 alterum
2641 1185 2812 1239 ducit.

2361 1279 2452 1334 97.
2483 1278 2555 1332 De
2581 1291 2646 1333 eo
2675 1277 2764 1347 qui
2793 1291 3046 1348 Sponsam
3071 1277 3292 1332 alterius
3321 1285 3578 1348 rapuerit.

2361 1367 2449 1424 98.
2465 1368 2540 1422 De
2561 1365 2775 1422 feminis
2795 1383 2914 1436 qua:
2934 1368 3176 1424 habitum
3201 1367 3502 1444 religiosum
3527 1349 3880 1436 acceperunt.

2359 1463 2450 1520 99.
2485 1463 2558 1518 De
2579 1461 2767 1517 eadem
2799 1475 2880 1516 re.

2359 1553 2484 1608 100.
2521 1555 2592 1608 lle
2615 1568 2678 1608 ca
2701 1567 2823 1623 qua:
2846 1551 3054 1608 duobus
3081 1551 3342 1608 fratribus
3371 1551 3636 1622 nupserit.

2361 1643 2481 1698 101.
2514 1644 2590 1699 De
2615 1643 2701 1698 his
2721 1643 2811 1714 qui
2841 1657 2962 1700 cum
2992 1645 3278 1716 pecoribus
3299 1653 3352 1700 ct
3378 1643 3634 1700 masculis
3655 1657 3718 1700 se
3738 1642 3884 1699 coin-

2288 1735 2670 1807 quinaverunt.

2207 1851 2256 1910 Β
2354 1825 2478 1884 102.
2507 1826 2580 1880 De
2607 1825 2690 1882 bis
2714 1824 2806 1897 qui
2835 1825 3084 1882 fornicati
3107 1835 3232 1881 sunt
3260 1835 3318 1882 ut
3347 1826 3662 1882 Sodomitas.

2357 1917 2477 1971 105.
2507 1917 2580 1972 De
2613 1917 2929 1988 pamitentia
2959 1914 3075 1985 ejus
3105 1921 3194 1986 qui
3227 1915 3484 1987 virginem
3517 1915 3788 1985 rapuerit.

2355 2007 2476 2064 101.
2499 2009 2571 2064 De
2593 2009 2677 2064 his
2695 2007 2784 2078 qui
2819 2009 3040 2064 incestis
3065 2009 3267 2079 nuptiis
3289 2009 3880 2078 secoinquinaverunt.

2355 2101 2475 2156 105.
2511 2101 2663 2168 Quod
2710 2101 3146 2158 adolescentibus
3189 2101 3494 2172 conjugium
3559 2099 3885 2157 conceditur

2283 2205 2405 2266 post
2429 2193 2798 2266 imuitentiam
2821 2202 3044 2266 propter
3065 2195 3240 2251 aetatis
3262 2193 3708 2250 incontinentiam

2282 2329 2550 2400 Incipiunt
2581 2325 2812 2400 capitula
2843 2327 2907 2381 de
2935 2327 3112 2400 furtis.
3154 2337 3200 2381 et
3229 2327 3296 2400 de
3336 2325 3704 2400 fornicatione,
3731 2333 3784 2379 et
3813 2323 3886 2378 de

2711 2399 2832 2452 aliis
2858 2397 3172 2468 quibusdam
3207 2397 3445 2450 diversis.

2357 2511 2476 2567 106.
2510 2510 2661 2580 Quod
2690 2511 2947 2568 Israelita:
2989 2509 3191 2566 furtum
3237 2526 3342 2566 non
3367 2509 3634 2576 fecerunt,
3658 2509 3752 2580 qui
3789 2507 3886 2578 ju-

2284 2603 2432 2657 benli
2465 2602 2692 2658 Domino
2716 2602 3058 2658 obedierunt.
3587 2591 3594 2598 ’

2357 2699 2478 2754 107.
2527 2699 2678 2766 Quod
2721 2699 2776 2754 in
2821 2696 2966 2754 furto
3002 2713 3110 2754 non
3156 2707 3263 2752 tam
3307 2695 3448 2768 quod
3483 2695 3725 2751 ablatum
3769 2702 3886 2760 est,

2285 2809 2445 2864 quam
2475 2808 2628 2848 mens
2655 2790 2887 2847 furantis
2913 2792 3235 2848 attendenda
3263 2800 3368 2846 cst.

2355 2885 2478 2940 108.
2503 2883 2750 2952 Qualiter
2771 2883 3216 2940 satisfaciendum
3241 2884 3310 2940 sit
3341 2883 3406 2939 de
3431 2881 3613 2938 furtis.

2356 2978 2476 3034 H19.
2509 2977 2646 3045 Quid
2681 2979 2822 3060 inter
2843 2977 3042 3032 furtum
3071 2977 3144 3032 sit
3166 2987 3221 3032 et
3251 2976 3518 3046 rapinam.

2355 3074 2478 3130 110.
2509 3073 2663 3142 Quod
2688 3073 2780 3143 qui
2811 3073 2985 3128 aliena
3016 3073 3256 3142 rapiunt,
3304 3067 3686 3142 paenitentiam
3715 3079 3888 3138 agere

2291 3187 2394 3226 non
2423 3179 2650 3240 possunt
2673 3168 2776 3224 nisi
2820 3167 3050 3224 redditis
3083 3167 3174 3222 his
3212 3181 3332 3237 qua:
3353 3170 3674 3235 rapuerunt,
3705 3161 3888 3232 siquo

2288 3263 2448 3318 modo
2471 3267 2745 3331 poterunt.

2362 3355 2479 3410 111.
2513 3354 2664 3422 Quod
2689 3353 2951 3410 tolerandi
2991 3359 3118 3409 sunt
3144 3351 3292 3420 mali,
3323 3352 3464 3406 sicut
3499 3349 3766 3405 Dominus
3785 3345 3884 3403 Ju-

2287 3448 2409 3503 dam
2439 3446 2706 3504 toleravit.

2357 3539 2478 3594 “2.
2518 3537 2593 3593 De
2621 3537 2705 3594 his
2732 3537 2824 3608 qui
2861 3536 3127 3593 ecclesias
3155 3536 3556 3608 deprmdantur.

2357 3629 2480 3686 115.
2515 3629 2590 3686 De
2615 3627 2762 3685 furto
2788 3629 2929 3700 quod
2959 3629 3019 3683 lit
3043 3627 3302 3683 ecclesiae.

2359 3721 2482 3778 lu.
2515 3721 2593 3777 De
2619 3721 2936 3793 paenitentia
2965 3735 3151 3775 eorum
3177 3720 3268 3790 qui
3299 3732 3491 3774 usuras
3515 3715 3768 3788 exigunt.

2356 3813 2480 3868 115.
2513 3814 2588 3869 Dc
2616 3813 2831 3868 clericis
2857 3811 3061 3866 furtum
3095 3811 3437 3866 facientibus.

2356 3903 2478 3958 116.
2511 3903 2586 3958 De
2609 3902 2957 3958 violatoribus
2983 3901 3372 3972 sepulcrorum.

2354 3997 2478 4052 117.
2559 3995 2713 4063 Quod
2771 3993 2933 4050 stulta
2998 4001 3121 4049 vota
3185 3989 3511 4062 virginitatis
3573 3987 3876 4060 frangenda

2283 4097 2411 4144 sunt
2455 4087 2589 4159 (15).

2353 4179 2476 4234 118.
2499 4179 2651 4247 Quod
2679 4178 3008 4250 judicandus
3027 4186 3191 4233 estut
3213 4177 3510 4248 sacrilegus
3532 4173 3624 4246 qui
3659 4183 3878 4246 patrem

2281 4271 2366 4328 vel
2403 4280 2629 4327 matrem
2658 4271 2944 4341 expulerit.

2355 4366 2476 4420 119.
2511 4364 2586 4420 De
2617 4365 2700 4419 his
2730 4366 2820 4434 qui
2850 4365 3099 4418 ducatum
3130 4363 3370 4434 prtebent
3396 4360 3671 4416 barbaris.

2352 4457 2473 4513 120.
2499 4457 2579 4513 De
2611 4473 2674 4512 eo
2703 4457 2794 4527 qui
2825 4457 3030 4511 habens
3058 4471 3280 4511 uxorem
3313 4455 3495 4524 lapsus
3520 4453 3710 4508 fuerit.

2207 4557 2256 4618 I)
2351 4548 2472 4602 12L
2499 4549 2577 4604 De
2603 4549 2688 4604 his
2714 4549 2806 4618 qui
2837 4563 2958 4603 cum
2996 4547 3304 4618 semetipsis
3334 4545 3697 4601 fornicantur.

2357 4639 2480 4694 122.
2539 4641 2615 4696 De
2667 4639 2750 4695 bis
2786 4640 2878 4710 qui
2931 4653 3056 4695 cum
3105 4649 3280 4696 matre
3328 4637 3411 4695 vel
3456 4651 3647 4694 sorore
3693 4635 3874 4692 forni—

2283 4743 2500 4790 cantur.

2359 4827 2482 4882 1‘25.
2517 4824 2766 4893 Quandiu
2806 4825 3002 4881 mulier
3031 4839 3090 4880 se
3117 4825 3313 4882 debeat
3349 4823 3626 4881 abstinere
3667 4837 3698 4876 a
3752 4821 3876 4876 viro

2285 4932 2408 4973 cum
2430 4917 2690 4988 concipit.

2355 5008 2477 5062 124.
2508 5009 2580 5064 De
2611 5007 2839 5062 diversis
2875 5005 3338 5062 fornicationibus.

2355 5099 2479 5155 125.
2504 5099 2580 5153 De
2603 5113 2668 5154 eo
2691 5099 2783 5167 qui
2805 5096 3061 5152 fornicari
3087 5097 3200 5151 \‘ult
3223 5105 3400 5151 etnon
3427 5104 3626 5165 potest.

2353 5192 2478 5247 126.
2525 5191 2602 5248 De
2637 5191 2726 5246 his
2769 5191 2859 5260 qui
2912 5189 3176 5243 maleficio
3229 5203 3328 5244 suo
3376 5185 3584 5257 aliquos
3613 5181 3882 5256 perdide-
