4030 5354
576 213 676 270 53l-

649 309 735 366 12.
771 309 846 368 De
869 311 1060 368 eadem
1089 328 1168 370 re.

651 403 740 458 15.
773 403 928 472 Quod
978 391 1157 460 nullus
1197 404 1481 476 religiosus
1527 405 2165 475 excommunicatisjun-

577 507 755 568 gatur.

652 585 740 645 14.
781 591 1278 648 Excommunicatis
1311 607 1469 648 nemo
1498 603 1864 649 communicet
1887 593 1944 648 in
1963 592 2168 648 oratio-

580 695 670 744 ne,
694 679 838 744 cibo,
867 691 1016 754 potu,
1051 685 1258 749 osculo,
1284 699 1384 739 nec
1411 700 1510 740 ave
1538 687 1617 746 eis
1645 686 1810 741 dicat.

647 773 734 828 15.
775 773 931 841 Quod
971 774 1024 828 hi
1079 777 1312 845 separati
1355 794 1385 831 a
1429 777 1586 832 nobis
1615 778 1810 834 debent
1852 793 1994 846 esse,
2039 793 2163 834 cum

575 862 772 932 quibus
808 878 909 919 nec
937 864 1115 920 cibum
1149 880 1364 922 sumere
1399 865 1544 922 licet.

647 954 733 1008 16.
775 955 928 1023 Quod
976 973 1097 1012 cum
1151 961 1620 1015 excommunicato
1666 976 1826 1016 orare
1856 977 1961 1017 non
2016 961 2166 1028 licet,

575 1057 676 1096 nec
698 1045 866 1108 vesci,
895 1059 994 1102 nec
1017 1046 1162 1116 loqui
1193 1049 1296 1104 nisi
1335 1050 1401 1103 de
1419 1047 1535 1116 ejus
1561 1051 1936 1107 conversione.

649 1137 733 1191 l7.
762 1138 913 1206 Quod
937 1139 981 1195 is
1001 1140 1231 1209 quicum
1255 1145 1723 1200 excommunicato
1739 1147 1998 1214 oraverit,
2021 1163 2168 1203 com-

575 1231 830 1286 munione
856 1233 1120 1302 privetur.
1157 1277 1160 1280 .

649 1319 734 1374 l8.
777 1319 854 1374 De
891 1321 1080 1378 eadem
1117 1337 1194 1378 re.

651 1413 734 1467 l9.
777 1411 932 1480 Quod
959 1429 1084 1469 eum
1127 1417 1608 1475 excommunicatis
1632 1435 1738 1475 non
1773 1429 1843 1476 Sil
1871 1424 2169 1478 communi-

577 1502 809 1560 candum
835 1518 852 1568 ;
879 1510 933 1556 et
963 1505 1054 1573 qui
1086 1503 1333 1572 fecerint,
1362 1511 1920 1566 excommunieentur.

647 1594 736 1648 20.
773 1593 840 1649 Ut
871 1594 1034 1650 simili
1062 1599 1612 1657 excommunicationi
1641 1601 1920 1674 subjaceat
1947 1605 2038 1676 qui
2071 1621 2166 1660 ex-

575 1683 976 1744 communicato
1005 1690 1394 1744 communicat.

648 1773 737 1827 2i.
776 1772 930 1841 Quod
955 1779 1460 1836 excomnmnieatus
1487 1790 1543 1836 et
1571 1785 2006 1841 connmmicator
2045 1789 2166 1858 ejus

577 1876 734 1934 aque
763 1864 988 1918 refutari
1019 1873 1074 1921 et
1103 1867 1283 1937 puniri
1316 1869 1538 1924 debent.

647 1954 738 2008 32.
780 1954 933 2022 Quod
983 1972 1082 2027 par
1124 1958 1280 2030 culpa
1328 1969 1412 2014 est
1447 1965 1852 2020 communicare
1889 1968 2164 2038 haeretica,

576 2045 662 2101 vel
691 2048 740 2101 ei
767 2049 858 2118 qui
887 2048 1212 2120 conjunctns
1245 2061 1328 2107 est
1359 2054 1459 2109 illi.

645 2138 737 2194 25.
785 2139 852 2195 Ut
881 2151 1103 2212 propter
1133 2145 1404 2216 propriam
1445 2145 1698 2214 injuriam
1739 2152 1922 2209 nullus
1948 2170 2170 2211 excom-

575 2229 856 2286 nutnicare
885 2247 1210 2304 quemquam
1249 2249 1560 2312 pricsumat.

643 2321 738 2376 24.
772 2323 926 2391 Quod
951 2337 1218 2396 pastores,
1257 2331 1384 2386 dum
1415 2349 1511 2403 pro
1533 2351 1646 2391 ειυς
1683 2339 2054 2396 voluntatibus
2085 2343 2166 2398 in-

571 2413 718 2483 juste
745 2417 960 2472 solvunt
983 2419 1064 2474 vel
1099 2421 1286 2492 ligant,
1323 2425 1420 2494 ipsi
1444 2441 1502 2480 se
1533 2437 1804 2495 potestate
1832 2435 2067 2502 privaut.

647 2506 739 2562 25.
785 2508 860 2564 De
881 2511 1070 2566 eadem
1105 2529 1182 2568 re.

645 2598 736 2652 '26.
768 2599 919 2666 Quod
950 2603 993 2656 si
1025 2607 1524 2664 excommunicatus
1552 2625 1769 2668 sacrum
1807 2615 2169 2673 ministerium

576 2689 886 2758 «attigerit,
914 2706 1064 2761 spem
1093 2695 1452 2754 restitutionis
1482 2699 1624 2756 ultra
1649 2716 1755 2756 non
1786 2703 2005 2758 habeat.

650 2776 740 2830 27.
781 2778 854 2830 De
876 2781 1062 2836 eadem
1089 2799 1168 2836 re.

651 2865 739 2922 28.
783 2867 936 2934 Quod
995 2873 1465 2931 scbismaticorum
1527 2882 1745 2936 nomina
1799 2883 1939 2940 inter
1991 2887 2171 2943 divina

583 2960 838 3027 mysteria
869 2977 974 3016 non
1006 2973 1132 3018 sunt
1160 2969 1455 3023 recitanda.

651 3050 740 3104 “29.
783 3051 857 3107 De
893 3055 1078 3110 eadem
1135 3075 1212 3112 re.
1269 3059 1336 3114 Et
1385 3063 1452 3116 de
1495 3069 1980 3126 excomtnunic::tis
2052 3073 2170 3130 sine

583 3144 959 3201 communione
978 3147 1274 3218 defunctis;
1299 3163 1354 3206 et
1379 3155 1446 3210 dc
1467 3155 1550 3212 bis
1572 3159 1660 3229 qui
1688 3166 2171 3221 excommunicatis

581 3243 821 3290 scienter
853 3243 1279 3298 communicant.

656 3327 744 3381 50.
777 3327 928 3398 Quod
954 3331 1366 3404 absolutionem,
1393 3356 1552 3410 quam
1590 3359 1862 3416 superstes
1893 3366 1998 3406 non
2027 3367 2172 3423 qus:-

583 3417 730 3484 sivit,
762 3433 1006 3480 mortuus
1033 3427 1326 3496 impetrare
1358 3448 1464 3488 non
1495 3437 1688 3504 possit.

653 3513 742 3568 3l.
783 3515 933 3582 Quod
996 3521 1466 3583 schismaticorum
1523 3529 1738 3587 nomina
1791 3533 1934 3589 inter
1986 3531 2170 3594 divina

584 3605 841 3672 mysteria
865 3622 974 3660 non
1002 3619 1128 3664 sunt
1159 3611 1458 3669 recitanda.
1950 3679 1955 3684 _

655 3692 746 3752 32-.
789 3695 858 3750 Ut
887 3699 1103 3758 nomina
1133 3705 1723 3766 excommunicatorum
1751 3713 2115 3781 publicentur.

653 3781 742 3836 33.
788 3782 844 3838 Si
869 3785 990 3853 quis
1022 3791 1307 3860 presbyter
1342 3805 1536 3858 contra.
1557 3799 1869 3871 episcopum
1897 3818 2052 3859 suum
2091 3807 2170 3861 in-

583 3869 742 3925 ﬂatus
779 3872 1010 3929 sebisma
1042 3877 1254 3946 fecerit,
1281 3883 1570 3940 anathema
1596 3889 1688 3942 sit.

653 3961 742 4015 54.
773 3961 926 4030 Quod
951 3967 1336 4026 ecclesiasticae
1358 3971 1504 4044 leges
1529 3979 1901 4048 praeponenda:
1937 3992 2063 4038 sunt
2092 3983 2170 4039 le-

585 4054 740 4124 gibus
769 4055 1178 4128 imperatorum.

651 4149 742 4205 35.
783 4151 938 4220 Quod
980 4155 1270 4214 manifesta
1310 4175 1474 4230 opera
1510 4165 1859 4223 accusatione
1888 4184 1994 4226 non
2035 4171 2174 4226 indi-

581 4251 730 4311 gent.

1711 217 1770 294 S.
1803 218 2104 276 ANSELMI
2141 219 2476 278 LUCENSIS
2507 219 2810 278 EPISCOI‘I

2187 322 2236 380 Λ
2329 315 2420 370 40.
2463 315 2538 370 De
2568 315 2914 371 damnatione
2945 312 3162 370 Novati.

3749 213 3858 272 532

2333 406 2426 461 41.
2467 405 2624 474 Quod
2661 405 2904 462 haeretici
2953 406 3006 460 in
3047 401 3292 458 Ecclesia
3321 401 3455 457 nihil
3499 401 3740 458 habeant
3769 417 3863 473 po-

2266 497 2480 552 testatis
2512 496 2596 551 vel
2623 496 2785 568 juris.
3057 513 3060 516 ‘

2333 585 2423 640 42.
2463 587 2616 653 Quod
2648 601 2754 640 non
2785 593 2869 640 est
2901 583 3242 640 consecratio
3271 584 3366 640 sed
3397 582 3706 640 exsecratio
3743 599 3864 654 qua:

2264 685 2418 732 extra
2441 677 2741 732 Ecclesiam
2771 680 2852 732 lit.

2335 769 2424 822 45.
2467 768 2544 823 De
2589 770 2832 824 custodia
2892 768 3265 840 Aquileiensis
3325 778 3381 825 et
3442 769 3866 826 Mediolanensis

2267 857 2526 928 episcopi.
2571 857 2640 914 Et
2673 860 2926 928 quotiens
2955 861 3026 914 de
3075 861 3366 916 universali
3389 865 3600 933 synodo
3641 862 3861 918 dubita-

2268 959 2381 1014 tur,
2403 950 2472 1004 ab
2501 951 2797 1020 apostolica
2825 952 2956 1006 sede
2977 951 3178 1007 veritas
3205 955 3536 1022 requiratur.

2339 1039 2430 1092 44.
2471 1039 2623 1105 Quod
2649 1040 3028 1096 scltismaticus
3056 1057 3161 1098 non
3197 1043 3448 1096 conﬁciat
3489 1058 3690 1113 corpus
3713 1043 3867 1100 Cbri-

2270 1139 2335 1184 stt
2362 1129 2496 1201 (i5),
2527 1131 2616 1186 cui
2645 1131 2908 1188 Catholici
2939 1147 3044 1188 non
3069 1133 3266 1188 debent
3287 1134 3506 1190 sociari.

2341 1223 2432 1278 45.
2470 1223 2622 1292 Quod
2671 1223 2914 1280 Ecclesia
2947 1241 3058 1280 non
3091 1225 3454 1294 persequitur,
3505 1226 3604 1282 sed
3663 1225 3864 1297 diligit,

2269 1329 2392 1369 cum
2433 1315 2584 1384 punit
2629 1315 2714 1368 vel
2763 1316 3014 1385 prohibet
3061 1317 3281 1371 malum.
3324 1317 3390 1371 Et
3427 1317 3574 1386 quod
3621 1317 3784 1374 divisi
3835 1333 3866 1370 a

2269 1404 2510 1460 Romana
2533 1407 2664 1461 sede
2682 1406 3013 1462 schismatici
3037 1417 3160 1462 sunt
3183 1424 3197 1471 ;
3221 1419 3274 1462 et
3301 1408 3444 1476 quod
3469 1408 3866 1478 comprimendi

2269 1508 2394 1553 sunt
2414 1513 2443 1551 a
2469 1498 2818 1554 smeularibus
2846 1500 3031 1570 injusti
3061 1500 3300 1570 episcopi
3331 1501 3470 1572 (16).

2339 1589 2426 1643 46.
2471 1589 2624 1656 Quod
2665 1590 2872 1645 nullum
2911 1591 3242 1646 sacriﬁcium
3285 1591 3392 1645 Deo
3433 1607 3462 1645 a
3499 1592 3869 1660 potestatibus

2199 1672 2240 1730 Β
2267 1683 2477 1751 gratius
2518 1691 2625 1750 est,
2663 1699 2826 1753 quam
2873 1691 2932 1738 ut
2971 1683 3304 1739 schismatici
3339 1684 3577 1754 episcopi
3613 1683 3686 1738 ad
3737 1684 3872 1740 obe-

2266 1775 2522 1829 diendum
2551 1783 2928 1832 coerceantur.

2337 1863 2426 1918 47.
2465 1865 2598 1920 ltem
2661 1865 2729 1920 de
2787 1865 3168 1936 schismaticis
3213 1880 3243 1920 a
3289 1865 3646 1922 secularibus
3705 1881 3872 1922 coer-

2269 1955 2482 2012 condis.

2337 2046 2427 2101 48.
2465 2045 2619 2114 Quod
2649 2061 2754 2100 non
2775 2055 2858 2102 est
2881 2061 3008 2102 vera
3039 2046 3172 2104 lich
3193 2061 3316 2118 qua:
3335 2063 3460 2104 cum
3489 2047 3737 2103 Romana
3763 2047 3874 2102 Ec-

2268 2138 2434 2192 clesia
2465 2154 2570 2192 non
2593 2138 2870 2194 convenit.

2336 2231 2427 2286 i9.
2455 2230 2608 2298 Quod
2639 2231 2862 2288 haeresis
2889 2245 3204 2302 Perversum
3229 2231 3444 2302 dogma,
3473 2231 3714 2288 schisma
3739 2235 3875 2286 vero

2268 2325 2656 2381 discessionem
2692 2326 2912 2381 habeat.

2337 2418 2426 2472 50.
2471 2419 2624 2486 Quod
2651 2419 2873 2474 haeresis
2897 2419 3086 2477 Graece
3113 2421 3180 2475 ab
3219 2417 3483 2475 electione
3511 2417 3738 2474 dicitur.

2340 2511 2430 2565 51.
2470 2511 2712 2578 Qualiter
2743 2511 2833 2566 [int
2865 2512 3094 2582 quisque
3127 2511 3432 2567 luereticus.

2341 2605 2432 2662 53.
2475 2604 2629 2674 Quod
2663 2605 2952 2660 haereticus
2983 2605 3200 2660 amittat
3235 2603 3495 2674 Spiritum
3523 2611 3806 2658 sanctum.

2343 2693 2432 2750 55.
2472 2697 2612 2763 Quid
2641 2695 2710 2750 sit
2737 2697 3044 2752 haarcti'cus.

2343 2789 2432 2842 54.
2481 2789 2547 2844 Ut
2568 2788 2808 2844 lucretici
2837 2787 3196 2843 cohibeantur
3225 2803 3255 2842 a
3285 2785 3660 2842 szecularibus.

2343 2877 2432 2936 55.
2477 2880 2549 2936 De
2577 2881 2734 2936 malis
2762 2881 3021 2954 cogendis
3047 2882 3112 2934 ad
3143 2883 3362 2934 bonum.

2345 2971 2438 3026 56.
2480 2973 2632 3039 Quod
2659 2973 2994 3028 schismatici
3023 2985 3126 3025 nec
3147 2971 3330 3025 divino
3349 2972 3475 3040 jure
3503 2983 3606 3024 nec
3629 2969 3880 3022 humano

2275 3080 2362 3119 res
2385 3063 2739 3119 ecclesiarum
2769 3064 2966 3118 debent
2989 3064 3284 3134 possidere.

2343 3153 2430 3210 57.
2470 3153 2624 3222 Quod
2670 3154 2761 3224 qui
2817 3163 2974 3208 extra
3021 3153 3320 3208 Ecclesiam
3370 3161 3518 3216 sunt,
3555 3151 3707 3205 nullo
3749 3151 3878 3222 jure

2271 3256 2498 3318 poswnt
2519 3246 2656 3302 bona
2679 3246 2923 3302 ecclesia:
2947 3247 3246 3315 possidere.
3275 3293 3278 3296 .

2343 3341 2433 3398 58.
2473 3341 2626 3408 Quod
2672 3349 2954 3412 separatus
2993 3341 3062 3396 ab
3109 3341 3350 3396 Ecclesia
3387 3350 3877 3411 quantumcunque

2274 3433 2615 3491 laudabiliter
2638 3436 2802 3500 vivat,
2851 3449 2958 3490 nou
3003 3443 3182 3488 tamen
3227 3433 3448 3488 habebit
3499 3433 3667 3486 vitam
3710 3441 3874 3486 teter-

2273 3541 2428 3582 nam.

2345 3621 2433 3675 59.
2479 3620 2554 3675 De
2581 3620 2944 3676 schismaticis
2975 3623 3042 3675 ad
3068 3621 3462 3675 correctionem
3489 3618 3774 3690 cogendis.

2344 3711 2434 3766 60.
2478 3711 2708 3778 Quinam
2736 3728 2842 3766 nou
2867 3712 2978 3768 sint
3011 3711 3152 3765 inter
3179 3711 3464 3766 hmreticos
3487 3709 3752 3764 habendi.

2347 3805 2436 3860 61.
2476 3804 2702 3872 Quando
2731 3804 2860 3860 mali
2903 3805 3168 3861 tolerandi
3197 3804 3327 3870 sint,
3364 3811 3422 3858 et
3464 3802 3686 3874 quando
3715 3817 3874 3872 sepa-

2275 3897 2428 3952 randi
2453 3913 2482 3951 a
2509 3897 2681 3952 nobis.

2347 3987 2436 4042 6'2.
2475 3988 2756 4055 Quomodo
2783 3990 3036 4044 recedere
3059 3987 3352 4044 debeamus
3385 4003 3416 4040 a
3443 3985 3621 4040 malis.

2343 4082 2435 4136 63.
2477 4079 2630 4148 Quod
2653 4080 3148 4137 cxcommuuicatio
3179 4078 3376 4148 injusta
3398 4077 3446 4133 ei
3481 4087 3666 4147 potius
3693 4073 3874 4130 oberit

2275 4171 2369 4242 qui
2406 4170 2590 4234 faciat,
2622 4185 2784 4240 quam
2822 4171 2912 4240 qui
2942 4171 3203 4240 patiatur.

2347 4263 2436 4319 64.
2477 4263 2632 4332 Quod
2671 4265 2936 4319 innocens
2966 4279 3062 4332 pro
3093 4271 3317 4334 peccato
3345 4259 3572 4316 alterius
3595 4267 3746 4314 recte
3773 4275 3873 4314 ex-

651 4333 741 4388 36.
781 4335 933 4404 Quod
967 4337 1266 4405 Lotbarius
1284 4358 1382 4410 rex
1410 4361 1438 4400 a
1467 4346 1660 4417 pellice
1685 4323 1980 4418 abstineat,
2003 4351 2047 4406 si
2074 4365 2170 4408 ex-
2199 4359 2248 4420 ι)
2274 4323 2665 4412 communicari
2689 4369 2796 4408 non
2820 4323 3018 4422 potest.

583 4427 972 4494 communicari
1019 4429 1173 4486 nolit.

653 4515 740 4568 57.
783 4517 860 4572 De
890 4527 1454 4583 excommunicatioue
1487 4529 1784 4589 lunocentii
1809 4549 1962 4607 papa:
1985 4535 2038 4596 in
2069 4537 2170 4592 im-

581 4615 886 4685 peratorem
917 4629 1040 4676 cum
1069 4618 1430 4690 imperatrice.

652 4699 740 4755 58.
783 4699 840 4755 Si
863 4705 986 4778 quis
1022 4709 1165 4776 quod
1206 4713 1378 4772 sancti
1407 4713 1599 4779 Patres
1627 4725 1682 4776 ct
1723 4719 2044 4778 universalis
2074 4737 2168 4791 sy-

585 4794 710 4848 nodi
755 4805 1081 4864 statuerunt,
1134 4812 1496 4864 transmittare
1545 4811 1728 4875 audet,
1780 4818 2170 4876 condemnatus

581 4893 685 4946 est.

652 4977 741 5033 59.
782 4977 852 5034 Ut
881 4981 933 5037 bi
961 4983 1052 5052 qui
1077 4983 1148 5038 ab
1175 4984 1444 5044 haereticis
1466 4992 1532 5044 ad
1559 4991 1857 5050 Ecclesium
1885 5007 2174 5054 revertuna

585 5081 694 5137 tur,
721 5089 826 5128 non
871 5075 989 5138 sine
1013 5076 1348 5148 professione
1377 5081 1628 5154 legitimae
1657 5085 2046 5145 satisiaetionis
2077 5091 2172 5146 ba-

582 5162 833 5220 beautur.

593 5352 596 5354 _
655 5281 767 5351 (15)
801 5282 856 5338 In
891 5291 1040 5338 textu
1069 5283 1203 5339 nihil
1238 5285 1378 5340 aliud
1413 5297 1498 5342 est
1531 5305 1692 5354 quam
1744 5291 1953 5354 Pelagii
1981 5292 2002 5346 l
2057 5292 2165 5348 PP.

2343 4447 2435 4504 65.
2477 4447 2631 4515 Quod
2669 4447 2904 4504 Acacius
2939 4445 3084 4516 juste
3131 4457 3186 4502 et
3240 4445 3500 4502 canonice
3539 4445 3870 4499 sitdamna-

2273 4551 2378 4596 tus.

2343 4631 2434 4686 66.
2477 4630 2760 4686 Deedicto
2795 4631 3186 4701 imperatorum
3221 4631 3274 4684 in
3321 4629 3728 4682 damnationem
3761 4627 3870 4681 ba:-

2273 4725 2589 4778 reticorum.

2341 4816 2434 4876 67.
2475 4815 2544 4872 Ut
2564 4831 2754 4872 omnes
2777 4817 3013 4872 haereses
3041 4823 3096 4869 et
3119 4831 3307 4870 earum
3345 4813 3579 4868 ministri
3607 4813 3868 4881 conquie-

2271 4913 2448 4963 scant.
3893 4961 3896 4964 .

2341 4998 2430 5053 68.
2467 4997 2538 5056 Ut
2585 4998 2896 5054 adimuntur
2943 4998 3217 5054 haereticis
3256 4998 3439 5054 omnia
3463 5010 3684 5052 suarum
3721 4992 3868 5049 cele-

2273 5091 2584 5146 brationum
2615 5091 2751 5147 loca.

2275 5308 2374 5348 nos
2402 5309 2522 5354 quin
2553 5294 2748 5348 ibidem
2779 5304 3095 5354 sequuntur.
3124 5303 3372 5354 anam,ut
3395 5308 3529 5354 sa’pd
3543 5293 3740 5346 dictum
3757 5303 3856 5354 εει,
