4030 5354
309 349 410 406 537

308 462 648 521 bibliothecis
671 461 858 517 latent.
882 458 1186 529 Principem
1211 471 1339 511 vero
1367 455 1508 509 inter
1535 448 1704 520 ipsius
1725 454 1890 514 opera
1926 441 1971 499 Α

310 559 483 616 locum
537 558 656 611 sine
711 555 877 611 dubio
917 552 1272 609 celeberrima
1329 561 1598 604 canonum
1637 537 1895 597 Collectio

306 651 534 716 obtinet,
561 664 751 720 quam,
804 647 1130 703 adhortante
1170 650 1334 714 atque
1390 639 1650 695 suadente
1691 632 1897 702 Grego-

306 747 388 798 rio
437 741 549 804 V'II,
593 742 890 796 adornasse
943 753 1074 793 vero
1129 735 1462 792 simillimum
1500 738 1604 784 cst.
1658 725 1714 781 Id
1749 723 1894 778 enim

305 832 486 902 operis
512 831 806 903 epigraphe
835 830 1209 884 demonstrare
1240 823 1469 884 videtur,
1491 834 1651 888 quam
1681 812 1896 884 inclyta:

305 923 748 979 Barberiniorum
785 920 1127 976 bibliotheca:
1158 917 1326 973 codex
1365 925 1492 974 ante
1523 910 1755 965 medium
1789 920 1893 960 SIB-

305 1014 486 1070 culnm
537 1013 810 1068 decimum
843 1011 1065 1066 tertium
1094 1017 1348 1064 exaratos
1377 1003 1622 1060 exhibet.
1667 1009 1896 1070 quzeque

304 1105 380 1161 ita
409 1120 468 1161 se
508 1105 673 1160 habet
699 1121 714 1159 :
744 1103 937 1172 Incipit
966 1104 1266 1155 authentico
1291 1111 1336 1153 et
1371 1095 1737 1165 compendiosa
1769 1090 1894 1144 σοι-

305 1197 456 1254 lectio
483 1196 787 1268 regularum
817 1205 863 1249 et
894 1195 1269 1249 sententiarum
1298 1191 1378 1246 SS
1389 1230 1400 1243 .
1449 1187 1673 1240 I’ulrum
1707 1196 1753 1239 et
1799 1201 1895 1238 au-

305 1289 642 1346 ctorabilium
669 1287 1039 1351 conciliorum,
1069 1285 1210 1352 facta
1251 1294 1478 1351 trmpore
1501 1278 1737 1349 Gregorii
1773 1292 1898 1328 san-

304 1381 525 1435 ctissimi
574 1396 726 1451 papa:
771 1396 804 1433 a
838 1376 905 1431 Β.
952 1377 1199 1431 Anselmo
1235 1371 1456 1429 Luccnsi
1501 1374 1613 1443 ejus
1659 1369 1894 1439 diligenti

305 1474 570 1529 imitatore
626 1481 675 1527 et
719 1470 996 1541 discipulo,
1050 1469 1202 1538 cujus
1255 1468 1496 1536 jussimte
1545 1477 1590 1518 et
1633 1471 1892 1533 prazccpto

305 1563 668 1619 desideranter
687 1560 1064 1622 consummavit
1107 1561 1204 1612 hoc
1233 1575 1383 1623 Opus.
1416 1555 1672 1610 Eamdem
1703 1551 1895 1606 inscri-

301 1656 548 1726 ptionem
602 1655 808 1710 habent
835 1655 1006 1709 codex
1047 1651 1340 1707 Vaticanus
1370 1666 1518 1703 num.
1557 1647 1691 1702 3531
1735 1646 1893 1701 char-

303 1757 512 1812 taceus,
544 1761 647 1802 nec
671 1761 779 1801 non
805 1747 912 1802 duo
939 1744 1296 1809 Parisienscs,
1327 1741 1674 1797 Bibliotheca:
1713 1737 1892 1817 Iiegia:

303 1838 465 1904 alter,
511 1837 856 1894 bibliotheca:
935 1851 1066 1892 vero
1130 1834 1470 1891 celeberrimi
1523 1829 1890 1886 Mauriuorum

304 1929 626 1987 monasterii
770 1927 1028 1984 Germani
1076 1944 1106 1980 a
1159 1926 1338 1980 I'ratis
1388 1925 1546 1989 alter,
1584 1921 1672 1992 qui
1713 1931 1891 1975 tamen

301 2034 492 2076 Otones
515 2019 730 2074 nonnisi
764 2017 1075 2088 pra-laudati
1105 2017 1308 2073 codicis
1335 2013 1641 2087 apographa
1671 2021 1818 2067 sunt.

373 2112 698 2180 Quanquam
757 2124 887 2165 vero
957 2110 1071 2165 haec
1130 2107 1412 2177 inscriptio
1481 2122 1586 2159 non
1656 2104 1724 2158 ah
1777 2103 1894 2173 ipso

301 2203 342 2260 S
387 2203 648 2260 Ausclmo
689 2203 841 2273 operi
880 2217 977 2258 suo
1005 2201 1249 2271 apposita
1298 2202 1570 2266 videatur,
1625 2198 1756 2253 nibil
1813 2208 1893 2252 ta-

300 2312 423 2354 men
449 2311 516 2352 ex
547 2310 614 2353 eo
646 2295 836 2352 deduci
887 2305 1063 2366 potest
1102 2293 1245 2363 quod
1271 2303 1514 2348 nostram
1563 2291 1893 2348 sententiam

301 2394 534 2452 ercrtat,
589 2400 714 2440 eum
763 2384 954 2441 eadem
1010 2385 1167 2452 plane
1214 2397 1376 2438 manu
1409 2398 1515 2452 qua
1551 2382 1665 2454 ipse
1721 2383 1892 2439 codex

303 2491 560 2536 esaratus
604 2488 713 2545 est,
767 2479 1075 2547 conscripta
1131 2481 1220 2537 sit.
1266 2491 1330 2532 ac
1361 2476 1586 2547 proinde
1635 2486 1890 2548 tanquam

309 2570 590 2640 cujusdam
639 2571 698 2626 S.
728 2569 969 2626 Anselmi
1020 2570 1184 2624 σοι]ψή
1220 2570 1592 2625 ιρειιωοηίιιηι
1647 2569 1894 2624 conside-

308 2663 411 2718 rari
458 2661 652 2733 possit.
704 2660 924 2717 Accedit
970 2661 1113 2730 quod
1163 2661 1332 2716 codex
1388 2659 1489 2716 iste
1543 2659 1894 2715 Ilarberiuius

309 2753 464 2811 Loca:
491 2762 748 2810 exaratos
774 2767 896 2808 esse
936 2752 1207 2808 videatur.
1237 2751 1294 2806 In
1347 2750 1465 2820 ejus
1495 2766 1639 2809 enim
1669 2751 1894 2806 exordio

312 2855 419 2898 tum
451 2845 640 2900 charta
664 2843 1129 2907 manui-tissimus,
1158 2853 1271 2897 tum
1300 2841 1503 2906 littera,
1529 2857 1690 2912 quam
1715 2840 1895 2896 dicere

310 2934 542 2990 solemus
572 2936 830 2997 formata,
863 2935 915 2989 in
970 2936 1214 2990 ecclesia:
1256 2933 1520 2990 Lucensis
1561 2950 1715 2990 usum
1765 2949 1894 2989 cen-

311 3028 522 3096 stripta:
567 3034 788 3082 exstant
851 3025 1254 3082 Celeberrimos
1292 3025 1446 3081 Dom.
1489 3025 1747 3088 Mansius,
1806 3041 1895 3080 ar-

951 342 1244 400 APPEND.
1279 340 1319 396 I.
1360 369 1426 380 —
1469 325 1784 392 DISSEIIT.
1830 319 1918 377 DE
1953 319 2012 375 S.
2063 320 2361 378 ANSEIMI
2403 322 2738 379 COLLECT.
2779 324 2936 381 CAN.

3477 316 3588 377 538

2210 439 2506 507 Anselmus,
2534 442 2722 511 quique
2751 441 2987 511 pontifex

2220 533 2448 589 Lucana:
2477 535 2576 604 fuit
2607 533 2880 598 Ecclesia’,

2225 626 2316 681 Vir
2342 628 2569 698 prudens
2596 645 2657 682 ac
2687 628 2997 692 catholicus,

2212 717 2277 773 In
2306 719 2501 774 Christi
2535 720 2642 787 fide
2673 719 2924 788 fervidus,

2211 808 2420 880 Carpsit
2444 827 2508 864 ex
2534 820 2640 864 toto
2675 827 2932 864 canonum

2209 902 2277 958 Et
2304 901 2525 958 Patrum
2551 913 2850 958 sanctorum
2868 919 3117 973 corpore.
3147 888 3152 894 ’

2068 1017 2402 1074 Anselmiaui
2432 1017 2612 1088 operis
2649 1018 2867 1074 codices
2915 1017 3058 1088 quod
3081 1017 3295 1083 attinet,
3348 1017 3585 1073 maxime

1998 1110 2138 1165 inter
2165 1125 2222 1165 se
2247 1109 2381 1164 varii
2403 1118 2548 1163 sunt.
2576 1109 2648 1164 De
2675 1124 2780 1180 qua
2810 1124 2867 1164 re
2893 1109 3115 1164 consule
3149 1123 3355 1178 eaquae
3383 1107 3584 1162 doctis-

1997 1201 2119 1255 simi
2148 1198 2344 1254 fratres
2373 1198 2644 1252 Ballcrinii
2687 1199 2959 1254 disserunt
2989 1198 3126 1270 (Ἡ).
3161 1198 3386 1254 Codices
3417 1196 3582 1251 nimi-

2000 1310 2118 1347 rum
2169 1293 2220 1346 in
2268 1293 2454 1347 multis
2501 1290 2966 1360 Iocisinterpolati
2999 1299 3145 1357 sunt,
3202 1290 3377 1359 iisque
3423 1289 3586 1343 docu-

1998 1394 2178 1439 irienta
2218 1384 2445 1455 plurima
2472 1384 2670 1438 inserta
2713 1383 3145 1452 conspiciuntur,
3171 1397 3288 1453 qum
3328 1379 3586 1435 Anselmo

2001 1487 2112 1530 tum
2143 1476 2347 1546 priora,
2380 1485 2491 1529 tum
2522 1475 2821 1545 posteriora
2862 1483 3008 1528 sunt.

2067 1569 2215 1623 Inter
2247 1585 2308 1622 ea
2340 1585 2459 1638 ψιω
2511 1569 2810 1638 posteriora
2844 1577 2988 1634 sunt,
3029 1566 3218 1638 synodi
3260 1563 3585 1620 Placentinae

1997 1680 2086 1719 an.
2116 1663 2251 1719 1109
2271 1665 2467 1719 habita:
2494 1663 2753 1733 capitula,
2781 1677 2988 1718 necnon
3035 1676 3369 1717 summorum
3404 1660 3582 1731 ponti-

1999 1757 2159 1810 licum
2193 1755 2392 1811 Urbani
2419 1755 2480 1818 II,
2511 1755 2712 1808 (Zalixti
2746 1753 2807 1817 Il,
2853 1751 3133 1809 Paschalis
3173 1752 3236 1818 II,
3279 1755 3388 1807 imo
3413 1761 3466 1806 et
3494 1751 3584 1806 Iu-

1996 1850 2237 1906 nocentii
2291 1850 2331 1904 II
2379 1851 2620 1922 epistola:
2667 1850 2914 1920 qua-dam
2962 1849 3264 1905 decretales
3296 1848 3580 1903 habentur.

2000 1942 2152 1999 Unde
2197 1941 2403 1996 factum
2455 1958 2575 1997 esse
2605 1955 2859 2013 putamus
2887 1951 2943 1996 nt
2977 1940 3218 1996 nonnulli
3249 1925 3387 1996 hanc
3423 1938 3587 1995 colle-

1996 2035 2232 2090 ctionem
2266 2034 2325 2088 S.
2353 2035 2613 2089 Ausclmo
2637 2034 2865 2089 Lucensi
2901 2034 3240 2089 tribuendam
3269 2048 3387 2088 esse
3419 2049 3585 2103 nega-

1998 2128 2200 2193 verint,
2227 2142 2460 2196 quorum
2492 2142 2627 2180 vana
2671 2133 2987 2196 argumenta
3016 2141 3044 2179 a
3074 2124 3336 2179 fratribus
3363 2123 3588 2178 Balleri-

1997 2217 2100 2272 niis
2123 2215 2280 2271 docte
2305 2225 2361 2270 et
2389 2217 2524 2271 scite
2551 2214 2766 2284 explosa
2799 2223 2947 2279 sunt,
2977 2213 3044 2268 ad
3072 2229 3207 2284 quos
3233 2213 3458 2282 proinde
3487 2213 3581 2266 bc-

1995 2307 2187 2378 nignos
2221 2306 2452 2361 lectores
2480 2305 2830 2370 remittimus,
2873 2320 2996 2359 cum
3032 2319 3130 2358 nos
3170 2304 3221 2357 in
3270 2303 3372 2357 hac
3405 2311 3585 2355 nostra

1996 2397 2396 2461 dissertatione,
2437 2411 2596 2465 quam
2624 2395 2699 2450 De
2739 2396 2797 2449 S.
2850 2394 3088 2448 AnscImi
3145 2409 3414 2448 canonum
3465 2391 3588 2446 Co!-

1997 2487 2226 2543 Iectioue
2274 2487 2670 2556 inscripsTnius,
2699 2499 2760 2540 ca
2793 2484 3164 2539 tantummodo
3193 2484 3369 2539 daturi
3414 2481 3583 2536 simus

1995 2596 2115 2650 quia:
2174 2579 2414 2633 virorum
2467 2578 2680 2631 illorum
2737 2575 3092 2647 sagacitatem
3139 2575 3460 2642 effugerant,
3499 2570 3586 2626 vel

1995 2688 2118 2742 qua:
2152 2671 2485 2727 Ansehniani
2517 2671 2697 2738 operis
2729 2677 2977 2724 naturam
3003 2677 3165 2738 atque
3205 2667 3440 2723 indolem
3476 2682 3586 2719 me-

1997 2766 2098 2819 lius
2129 2763 2407 2818 declarare
2428 2770 2673 2830 possunt.

2067 2859 2335 2912 (la-terum
2370 2856 2691 2910 documenta
2742 2853 2854 2917 illa,
2900 2866 3040 2920 quaa,
3076 2851 3150 2905 uti
3191 2850 3449 2915 diximus,
3471 2849 3586 2903 An-

1998 2949 2276 3005 silmiana:
2327 2947 2650 3003 Collectioni
2700 2945 2909 3016 adjecta
2956 2955 3106 3011 sunt,
3159 2945 3212 3000 in
3252 2944 3588 3013 singulorum

1997 3041 2257 3096 librorum
2291 3038 2398 3094 line
2442 3039 2642 3108 passim
2689 3037 2872 3092 addita
2921 3036 3360 3106 conspiciuntur.
3400 3036 3476 3090 Ita
3520 3036 3588 3090 ad

310 3118 684 3188 cliiepiscopus
707 3118 982 3188 quondam
1024 3117 1306 3182 Lucensis,
1339 3127 1391 3172 et
1425 3117 1774 3173 doctissimus
1803 3132 1890 3172 sa-

2017 3134 2116 3190 ibri
2141 3137 2359 3206 septimi
2387 3137 2611 3200 calcem,
2642 3137 2694 3191 in
2737 3136 2923 3191 codice
2952 3136 3299 3191 bibliotheca:
3338 3134 3589 3188 Barberi-

309 3222 522 3263 crorunt
581 3207 933 3264 eoi-ciliorum
1003 3208 1181 3262 editor
1237 3209 1376 3262 lianc
1451 3208 1893 3263 mamunissionis

310 3300 550 3355 chartam
573 3315 640 3356 es
668 3309 859 3357 nostro
888 3300 1074 3357 codice
1109 3300 1397 3370 exscripsit
1421 3310 1476 3357 et
1519 3300 1658 3372 typis
1675 3298 1896 3372 pervul-

308 3393 447 3462 gat’it
485 3392 624 3464 (‘25).

371 3485 638 3539 Caeterum
679 3486 822 3541 idem
867 3486 1040 3543 codex
1081 3502 1271 3543 \‘CI‘SIIS
1310 3486 1574 3558 quosdam
1607 3487 1659 3541 in
1690 3485 1748 3541 S.
1776 3486 1890 3540 An-

305 3576 454 3632 sclmi
481 3593 620 3648 Opus
641 3579 885 3641 exhibet,
909 3579 1000 3649 qui
1028 3581 1276 3634 eumdem
1304 3594 1368 3633 ac
1392 3579 1672 3648 inscriptio
1699 3588 1886 3632 aucto-

305 3681 412 3721 rem
445 3669 648 3724 habere
676 3669 943 3733 videntur,
975 3685 1217 3740 quosque
1246 3670 1334 3725 hic
1372 3686 1646 3741 apponere
1676 3670 1846 3725 Iubet.

515 3781 584 3835 In
615 3781 890 3836 Trinitatis
920 3783 1127 3837 nomine

512 3873 730 3930 Sancta:
754 3885 801 3929 et
827 3875 1116 3930 indiuidua:

514 3963 711 4034 Incipit
741 3965 864 4018 hinc
894 3964 1116 4033 feliciter

528 4056 692 4111 Istius
726 4056 848 4110 libri
877 4058 1069 4122 series;

513 4151 686 4220 Quem
713 4152 912 4207 scilicet
938 4168 1004 4207 ea:
1030 4151 1197 4207 Italia

307 4374 422 4413 mus
465 4361 692 4426 scripta,
729 4356 906 4428 aliqua
938 4357 1235 4412 retinemus
1260 4357 1311 4411 in
1359 4357 1651 4422 memoria;
1686 4359 1891 4413 multos

308 4430 527 4494 libellos
570 4430 809 4498 propriis
873 4429 1124 4482 manibus
1179 4429 1506 4496 conscripsit
1534 4447 1548 4482 :
1581 4429 1892 4498 Apologcti-

1997 3228 2192 3294 nianzc,
2225 3229 2521 3284 Innocentii
2559 3228 2601 3283 II
2632 3228 2932 3284 decretales
2955 3228 3249 3289 habentur,
3281 3243 3417 3296 quas
3448 3225 3589 3280 cele-

1996 3317 2264 3374 berrimus
2292 3318 2503 3373 Sartius
2535 3319 2674 3389 typis
2693 3319 2862 3374 edidit
2891 3318 3023 3389 (25).
3063 3318 3172 3373 Nos
3213 3319 3302 3372 hic
3339 3318 3587 3371 dabimus

1997 3409 2159 3464 aliam
2210 3409 2449 3477 ejusdem
2508 3410 2804 3465 Innocentii
2853 3409 2892 3464 ll
2936 3409 3220 3479 epistolam
3249 3411 3314 3462 al
3345 3409 3463 3462 libri
3491 3409 3588 3462 de-

1995 3499 2124 3554 cimi
2153 3499 2355 3554 calcem
2387 3500 2643 3555 incodicc
2675 3499 2936 3557 Vaticano
2974 3516 3122 3553 num.
3154 3499 3308 3559 156$,
3337 3497 3430 3551 lol.
3455 3497 3584 3562 255,

1999 3589 2314 3658 ascriptum.
2345 3588 2490 3643 Idem
2533 3589 2703 3643 codex
2736 3589 2788 3643 in
2836 3590 2942 3643 line
2991 3588 3118 3644 libri
3166 3589 3303 3642 sexti
3357 3589 3586 3642 alteram

1998 3681 2202 3738 Urbani
2228 3679 2270 3735 ll
2299 3681 2582 3750 epistolam
2613 3679 2800 3734 dilecto
2825 3681 2939 3749 filio
2969 3680 3133 3734 Lucio
3178 3681 3458 3751 pra'posiio
3505 3696 3587 3733 cc-

1996 3773 2169 3830 clesia:
2211 3774 2274 3830 S.
2329 3774 2562 3829 Juventtt
2611 3775 2752 3844 apud
2806 3774 3048 3829 Ticinum
3095 3775 3346 3828 directam
3402 3774 3586 3839 habet,

1997 3885 2160 3940 quam
2210 3867 2450 3924 Mansius
2485 3868 2684 3936 publici
2730 3867 2873 3935 juris
2926 3869 3057 3926 fecit
3108 3869 3248 3941 (26).
3299 3866 3588 3924 Gratianus

1994 3963 2240 4018 eamdem
2275 3961 2475 4016 Urbani
2503 3962 2564 4015 P.
2597 3962 2879 4030 epistolam
2908 3963 3178 4034 integram
3214 3961 3328 4017 fere
3357 3961 3588 4015 Decreto

1999 4067 2100 4107 suo
2125 4053 2188 4107 C.
2219 4053 2270 4117 l,
2299 4067 2352 4122 (ι.
2388 4053 2438 4117 5,
2470 4069 2517 4106 c.
2540 4055 2592 4118 8,
2629 4051 2878 4106 inseruit.

2069 4144 2310 4200 Plurima
2340 4159 2470 4200 vero
2520 4161 2588 4199 ex
2621 4144 2740 4199 istis
2764 4143 3126 4209 documentis,
3174 4143 3289 4197 sive
3330 4140 3590 4196 Anselmo

2068 4345 2182 4414 (25)
2221 4343 2494 4414 Ποθειαῑίε
2527 4341 2948 4414 archigymuasii
2990 4337 3588 4414 bononAiensis_prol'es-

1996 4410 2212 4469 soi-ibus
2243 4423 2282 4467 t.
2312 4413 2354 4479 I,
2380 4415 2431 4485 in
2457 4410 2869 4485 appendinum.
2895 4413 2947 4478 5,
2976 4427 3098 4482 pag.
3131 4410 3386 4466 191494.
3409 4410 3593 4464 Bonoa

307 4484 436 4556 cum
455 4484 622 4554 utiuin
651 4484 718 4552 ex
750 4499 979 4555 diversis
1004 4507 1311 4553 sanctorum
1346 4484 1564 4553 Patrum
1593 4484 1888 4554 volumini-

2018 4485 2289 4561 ti:e_l_76§),
2322 4484 2499 4561 ili-fol.

307 4570 402 4625 hus
431 4570 766 4640 compilavit,
821 4570 1016 4637 quibus
1070 4571 1249 4623 domni
1302 4585 1453 4638 papa:
1483 4571 1804 4624 sententiam
1838 4580 1892 4625 et

308 4639 563 4694 universa
586 4639 704 4708 ejus
735 4639 876 4693 facta
907 4649 1066 4706 atque
1096 4651 1363 4708 prmcepta
1395 4641 1672 4695 canonicis
1703 4641 1892 4696 defen-

309 4712 452 4765 deret
487 4711 794 4766 rationibus
819 4720 876 4765 et
902 4711 1226 4779 approbaret
1249 4711 1569 4765 orthodoxis
1599 4713 1894 4766 auctorita-

313 4782 462 4835 tibus.
499 4784 551 4836 lu
585 4782 1001 4835 lamentationes
1023 4779 1272 4835 .Ieremizc
1295 4781 1739 4836 dilucidissimam
1765 4781 1894 4838 fecit

311 4854 696 4920 expositionem
732 4872 742 4905 ;
780 4851 1107 4905 Psalterium
1161 4867 1376 4921 (pioque
1431 4861 1618 4918 rogatu
1669 4855 1891 4907 benedi-

311 4924 560 4976 ctissiiuze
607 4924 698 4975 Dei
732 4922 943 4976 anciila:
982 4921 1248 4975 Mathildu:
1296 4924 1547 4992 exposuit
1577 4922 1896 4979 luculentis-

313 4993 462 5057 sime,
483 4995 721 5046 breviter
745 4992 989 5060 quidem,
1009 4993 1100 5045 sed
1121 4993 1346 5055 utiliter,
1367 5010 1536 5062 usque
1564 4995 1630 5047 ad
1665 4994 1812 5048 illum
1840 4996 1892 5051 in

314 5063 496 5126 locum,
529 5066 620 5118 ubi
649 5065 726 5118 ait
747 5081 758 5115 :
778 5062 1149 5117 Benedirimns
1167 5063 1302 5115 nobis
1320 5065 1370 5116 in
1391 5064 1595 5117 nomine
1621 5064 1850 5118 Domini.
1871 5086 1888 5115 ι

314 5132 450 5198 (Vita
489 5136 543 5189 S.
581 5135 837 5195 Anselmi,
866 5133 892 5203 ᾗ
922 5133 1011 5198 ‘20,
1038 5149 1158 5203 pag.
1191 5133 1311 5191 (1'51.
1332 5137 1468 5203 apud
1496 5135 1744 5188 Bolland.
1766 5137 1895 5190 Acta

315 5203 408 5278 SS.
438 5209 500 5277 ad
533 5207 595 5259 l8
622 5205 901 5277 Martiikt.
940 5205 1166 5280 ll,__pa_g_.
1192 5205 1399 5280 b’54,__r_:t
1433 5207 1573 5274 apud
1615 5205 1890 5279 Mai-ilict}.

2071 4557 2184 4625 (26)
2223 4549 2482 4625 Ampliss.
2533 4553 2793 4610 Collectio
2846 4551 3044 4625 concil.
3099 4561 3145 4625 t.
3191 4550 3310 4617 XX,
3349 4550 3405 4622 ι).
3451 4549 3587 4625 660-

1997 4623 2121 4682 665.
2153 4623 2450 4682 Innocentii
2481 4627 2706 4696 epistola
2749 4635 2871 4696 est:
2902 4623 2981 4696 Ut
3007 4624 3243 4678 homines
3269 4641 3371 4696 non
3399 4623 3587 4692 proni-

1997 4699 2220 4752 beantur
2251 4699 2486 4769 accipere
2505 4695 2858 4769 monacliilcm
2893 4695 3136 4769 habitum
3158 4696 3213 4749 in
3249 4695 3378 4763 ﬁne,
3423 4707 3588 4762 neque

1996 4771 2202 4840 sepeliri
2226 4769 2282 4821 in
2313 4766 2645 4840 monasteriis
2673 4767 2775 4824 nisi
2805 4766 3264 4820 excommunicati.

2073 4840 2471 4895 «Innocentius
2510 4837 2820 4906 episcopus,
2873 4850 3064 4890 servus
3125 4850 3405 4890 servorum
3467 4832 3586 4906 Dei,

1997 4909 2403 4967 venerabilibus
2459 4903 2720 4962 fratribus
2769 4907 2836 4975 It.
2872 4906 3258 4963 Mediolanensi
3318 4903 3588 4969 archiepi-

1997 4997 2182 5054 scopo,
2206 4981 2301 5033 Ar.
2335 4981 2578 5054 Cumano
2617 4986 2680 5054 _et
2707 4977 2757 5032 J.
2778 4979 3080 5054 “Laudensi
3111 4977 3402 5047 episcopis,
3448 4975 3592 5028 salu-

1999 5049 2109 5108 teni
2138 5059 2187 5106 cl
2233 5051 2585 5118 apostolicam
2617 5049 3073 5106 benedictionem.

2076 5143 2094 5175 ι
2127 5111 2399 5177 Perlatum
2426 5131 2508 5176 est
2537 5119 2602 5174 ad
2634 5134 2797 5178 aures
2827 5131 3044 5178 nostras
3068 5112 3236 5189 quod,
3259 5125 3449 5172 contra
3479 5111 3561 5189 Ilo
3589 5140 3593 5144 -

1997 5209 2172 5276 mana:
2199 5193 2460 5273 Ecclesia:
2485 5190 2790 5282 privilegia,
2823 5193 3071 5264 quadam
3088 5184 3244 5282 notia
3271 5201 3329 5246 et
3349 5184 3592 5282 inaudita
