4030 5354
453 300 556 360 559

1301 303 1396 360 AD
1450 304 1602 361 ore.
1638 303 1697 360 s.
1725 299 2024 358 ANSEt.ii-ll
2057 254 2398 357 Luce-usis
2419 297 2870 358 arcusarcus.

3621 302 3728 358 550

453 415 637 485 priora
677 412 794 470 sive
841 415 1164 484 posteriora,
1205 431 1327 485 qua:
1367 419 1418 472 in
1448 417 1812 474 Anselrnianae
1861 415 2041 472 Colice
2073 417 2116 474 Î‘
2145 414 2447 470 branaceus
2496 429 2561 470 ae
2609 414 3065 487 elegantissimus,
3114 415 3312 478 medio,
3365 415 3440 471 uti
3495 415 3730 482 videtur,

455 502 651 558 ctiunis
697 501 973 558 codicibus
1016 505 1383 575 reperiuntur,
1433 508 1487 562 in
1527 507 1634 562 illis
1679 508 1842 564 etiam
1875 507 2042 561 colle-

447 593 717 651 ctionibus
742 605 958 650 exstant
1002 613 1123 666 qua:
1173 613 1238 652 ex
1293 599 1537 655 Auseltni
1587 599 1920 654 Collectione
1950 599 2042 654 de-

449 693 652 757 cerpta:
703 695 829 741 sunt
876 687 1010 759 (27).
1034 689 1186 756 Quod
1215 705 1329 759 pra:
1358 692 1574 746 caeteris
1603 707 1670 748 ex
1713 691 2042 748 Collectione

451 795 616 849 quam
647 778 848 835 Bonizo
873 780 1126 835 Sutrinus
1149 783 1455 853 episcopus,
1480 794 1534 838 et
1562 782 1621 839 S.
1667 783 1906 838 Anselmi
1952 799 2044 838 co-

450 885 616 934 avus,
634 871 792 941 paulo
817 881 936 942 post
958 889 1099 928 anno
1117 875 1253 930 1089
1275 876 1924 948 composuitetDecreml'e
1947 892 2041 932 seu

449 972 730 1034 syntagma
779 961 1120 1021 decretorum
1176 968 1675 1024 ecclesiastieorum
1743 969 2040 1040 inscripsit,

453 1055 575 1109 dein
627 1071 691 1110 ex
741 1055 846 1110 illis
873 1072 1008 1126 quas
1037 1057 1334 1130 Gregorius
1375 1062 1662 1132 presbyter
1699 1069 1756 1116 et
1809 1063 2043 1118 Deusde-

453 1145 533 1200 dit
563 1147 676 1218 (28)
709 1148 1062 1214 adornarunt,
1091 1166 1316 1207 necnon
1342 1168 1406 1206 ex
1447 1153 1812 1209 Anseimianis
1856 1169 2044 1210 excer-

455 1237 586 1307 ptis,
621 1237 1022 1296 Vindobonensi
1051 1257 1244 1313 nempe
1269 1253 1322 1298 et
1352 1244 1684 1308 Cassinensi,
1715 1261 1777 1300 ac
1809 1247 2042 1318 denique

449 1343 514 1384 ex
540 1330 868 1399 amplissima
898 1331 983 1387 illa
1003 1345 1057 1388 et
1079 1349 1108 1388 a
1139 1336 1291 1390 nobis
1318 1336 1514 1405 sapius
1538 1336 1749 1391 laudata
1771 1353 2038 1394 canonum

449 1422 779 1478 Collectione
801 1435 1046 1494 apparet,
1081 1442 1202 1496 qua:
1227 1427 1354 1481 olim
1386 1429 1438 1484 in
1480 1427 1838 1486 celeberrima
1861 1432 2038 1488 socie-

452 1515 578 1569 tatis
623 1514 748 1570 Jesn
793 1517 1117 1573 bibliotheca
1149 1517 1372 1576 Parisiis
1412 1521 1681 1588 exstabat,
1719 1539 1868 1580 nunc
1909 1539 2040 1581 vero

447 1606 680 1662 Bcrolini
739 1607 792 1662 in
839 1608 1124 1665 clarissimi
1153 1611 1391 1682 Savignii
1426 1613 1753 1670 bibliotheca
1785 1631 2036 1672 asserva-

451 1706 559 1752 tur.
607 1699 744 1755 Hinc
784 1700 1039 1756 facillime
1075 1703 1190 1758 licri
1222 1707 1398 1774 potuit
1445 1715 1504 1760 ut
1553 1705 1818 1777 ejusmodi
1869 1709 2036 1764 docu-

451 1799 632 1844 menta
661 1807 728 1846 ex
761 1791 877 1848 istis
908 1793 1342 1864 collectionibus,
1388 1812 1509 1868 qua:
1551 1813 1742 1854 omnes
1769 1815 1890 1856 cum
1923 1802 2038 1856 An-

451 1882 711 1938 selmiano
765 1897 930 1953 opere
981 1887 1272 1943 maximam
1345 1889 1756 1946 similitudinem
1811 1893 2032 1959 habent,

449 1973 883 2044 desurnerentur,
933 1986 1096 2048 atque
1139 1980 1422 2038 codicibus
1466 1982 1520 2036 in
1553 1983 1752 2051 quibus
1795 1984 2036 2042 Anselmi

447 2066 708 2121 Cotlectio
737 2069 1166 2137 deseribebatur,
1197 2071 1646 2144 adjungcrentur.

522 2157 628 2212 Sed
668 2157 781 2227 jam
809 2160 875 2214 de
904 2162 1181 2218 codicibus
1211 2179 1341 2220 mss.
1386 2165 1753 2221 Ausi-linianis
1783 2167 2036 2223 nonnulla

448 2251 677 2307 dicenda
725 2267 846 2309 esse
889 2255 1160 2311 videntur.
1214 2256 1323 2313 Nos
1352 2259 1403 2313 in
1453 2257 2036 2315 eiaborandisuostris

449 2344 504 2398 in
555 2345 797 2401 Anselmi
839 2358 892 2402 et
926 2347 1168 2404 Gratiani
1211 2365 1374 2421 Opera
1421 2353 1891 2422 disquisitionibus
1921 2361 2035 2408 tum

449 2435 739 2494 Vaticanos
780 2447 892 2496 tum
939 2441 1276 2500 Parisienses
1313 2447 1528 2502 codices
1555 2448 1906 2518 inspeximus.
1935 2449 2038 2504 Co-

447 2530 594 2586 dices
651 2531 984 2590 Parisienses
1028 2549 1220 2606 parum
1263 2547 1356 2592 aut
1402 2538 1538 2592 niinl
1577 2541 1642 2594 ad
1689 2555 1804 2594 rem
1855 2539 2038 2594 facere

445 2634 528 2690 po.
549 2629 694 2688 sunt,
740 2623 938 2693 quippe
976 2625 1066 2694 qui
1117 2641 1308 2680 omnes
1353 2627 1702 2693 recentiores,
1750 2637 1828 2694 et,
1873 2637 2038 2698 prout

440 2711 554 2778 jam
583 2715 834 2781 superius
871 2715 1273 2781 adnotavimus,
1319 2733 1386 2773 ex
1430 2719 1711 2774 codicibus
1759 2719 2036 2790 Romanis,

451 2801 844 2861 Barbcriniano
873 2807 1082 2863 scilicet
1110 2818 1167 2862 et
1193 2810 1452 2864 Vaticano
1481 2827 1629 2865 num.
1657 2811 1817 2880 4995,
1849 2816 2037 2883 paucis

449 2893 810 2960 solummodo,
858 2913 979 2966 qua:
1031 2897 1118 2952 alii
1169 2899 1500 2956 Anseimiani
1548 2903 1766 2958 codices
1809 2903 2035 2962 forsitan

447 2985 695 3040 Vaticani
749 2990 1206 3058 suppeditarunt,
1261 2992 1522 3060 adjectis,
1577 2997 2032 3067 exscripti'sunt.

441 3076 626 3132 Codex
681 3077 974 3135 Vaticanus
1024 3083 1184 3138 modo
1242 3083 1459 3150 citatus,
1505 3087 1827 3146 chartaceus
1871 3101 2033 3162 atque
2061 3093 2106 3157 C

447 3169 648 3225 nullius
685 3171 878 3240 pretii,
903 3171 1056 3243 jussu
1087 3190 1259 3231 sacra:
1287 3179 1722 3249 cengregationis
1748 3181 1816 3236 de
1852 3199 2040 3240 emen-

446 3259 662 3316 datione
702 3262 914 3318 Decreti
957 3263 1202 3322 Gratiani
1241 3270 1581 3340 conscriptus
1620 3281 1722 3327 est.
1758 3272 2036 3333 Librarius

443 3365 633 3406 omnes
659 3352 839 3424 operis
865 3355 1200 3412 Ansclmiani
1227 3360 1442 3416 codices
1473 3362 1758 3418 Vaticanus
1785 3367 1850 3418 ad
1880 3381 2036 3422 suum

443 3443 686 3498 codicem
717 3449 1050 3502 exarandum
1086 3449 1417 3520 adhibuisse,
1453 3462 1616 3524 atque
1653 3457 1890 3526 capitula
1917 3471 2037 3530 quin

445 3547 586 3588 unus
617 3551 726 3604 prae
756 3538 875 3594 aliis
901 3539 1054 3609 plura
1079 3543 1322 3608 exhibet,
1347 3545 1398 3598 in
1430 3563 1584 3601 suum
1616 3551 1856 3607 codicem
1886 3568 2038 3608 rece-

441 3623 586 3690 pfsse
611 3625 841 3682 videtur.
871 3629 1184 3702 llujusmodi
1214 3635 1402 3692 codice
1437 3649 1772 3698 correctores
1803 3643 2033 3699 Romani

445 3728 557 3780 prae
589 3719 797 3772 ca'tcris
839 3721 921 3774 usi
959 3734 1111 3790 sunt,
1163 3728 1306 3781 unde
1341 3727 1544 3783 factum
1586 3733 1858 3788 credimus
1888 3737 2033 3804 quod

444 3804 674 3871 plurima
702 3809 876 3878 capita
901 3826 1019 3878 qua:
1055 3820 1307 3884 tanquam
1337 3832 1404 3871 ex
1433 3821 1672 3875 Anselmi
1705 3823 2034 3881 Cuilectione

446 3909 476 3945 a
511 3892 770 3950 Gratiano
805 3908 1046 3954 mutnata
1077 3900 1331 3969 alterunt,
1365 3905 1417 3959 in
1453 3909 1702 3976 genuinis
1731 3911 1875 3968 illius
1901 3929 2030 3986 ope-

447 3983 524 4038 ris
561 3985 836 4042 codicibus
865 3990 1086 4046 minime
1115 3992 1482 4052 inveniantur.

517 4079 696 4133 Codex
737 4079 1176 4151 Barberinianus,
1212 4088 1303 4158 qui
1358 4087 1618 4148 Vaticano
1648 4111 1770 4150 utox
1811 4097 2031 4157 laudato

440 4168 747 4226 simillimus
775 4182 888 4240 est,
927 4187 1132 4244 septem
1173 4179 1383 4249 priores
1421 4189 1797 4244 tantummodo
1825 4191 2032 4248 Collec-

441 4260 602 4314 tionis
641 4260 806 4318 libros
851 4266 1248 4336 complectitur,
1280 4286 1344 4326 ac
1375 4288 1565 4342 parum
1598 4287 1689 4331 aut
1733 4278 1847 4336 fere
1896 4283 2028 4338 nihil

2147 504 2348 560 smculo
2375 505 2694 562 duodecimo
2721 507 3062 577 conscriptus
3091 515 3194 563 est.
3221 508 3400 562 Codex
3427 517 3558 562 vero
3579 521 3730 562 nunt.

2149 591 2283 648 1564
2309 595 2464 666 longe
2494 597 2864 666 praestantior,
2891 605 2944 651 et
2983 596 3120 652 mira
3149 597 3419 667 diligentia
3449 605 3732 651 exoratus.
3775 667 3778 669 _

2146 682 2255 739 Nos
2296 685 2398 740 etsi
2449 685 2598 742 hisce
2644 687 2856 742 duobus
2907 687 3186 744 codicibus
3233 702 3344 757 pra:
3389 686 3601 742 caeteris
3648 685 3736 742 usi

2147 775 2334 840 simus,
2361 791 2704 848 nequaquam
2733 787 2910 836 tamen
2939 779 3177 850 reliquos
3201 780 3352 834 adire
3373 779 3734 850 ncgleximus,

2146 867 2200 922 in
2237 865 2302 922 iis
2345 870 2644 937 praesertim
2675 885 2796 939 qua:
2835 871 2902 924 ad
2947 871 3338 924 restituendam
3367 870 3734 940 capitulorum

2145 959 2340 1014 seriem
2369 999 2384 1024 ,
2417 975 2579 1030 quam
2631 961 2686 1014 in
2729 962 2984 1017 omnibus
3025 961 3137 1018 fere
3182 961 3512 1016 Anseltniani
3551 959 3736 1030 operis

2145 1052 2424 1130 codicibus
2484 1054 2754 1108 turbatam
2803 1067 2927 1109 esse
2979 1053 3476 1123 deprehendimus,
3523 1050 3734 1120 aliquid

2143 1144 2408 1201 inservire
2439 1161 2596 1217 posse
2625 1146 2966 1202 videbantur.

2213 1235 2500 1292 Anseimus
2537 1253 2672 1310 opus
2706 1253 2864 1292 suum
2911 1239 2966 1293 in
3015 1237 3272 1294 tredecim
3315 1237 3484 1294 libros
3519 1237 3732 1304 divisit,

2141 1342 2369 1398 quorum
2419 1331 2641 1400 singuli,
2670 1341 2832 1400 prout
2876 1347 3056 1387 rerum
3108 1333 3514 1387 tractandarum
3569 1347 3732 1400 argu-

2142 1427 2382 1474 mentum
2410 1421 2809 1490 expustulsret,
2841 1433 2953 1476 tum
2995 1421 3255 1490 majorem
3277 1465 3290 1488 ,
3323 1431 3434 1477 tum
3463 1421 3728 1476 minorem

2143 1510 2498 1579 capitulorum
2545 1527 2827 1568 numerum
2869 1515 3322 1586 complectuntur.
3365 1513 3526 1569 Juvat
3559 1512 3728 1566 librod

2143 1615 2261 1654 rum
2295 1603 2546 1658 rubricas
2577 1620 2684 1659 una
2715 1620 2840 1660 eum
2865 1607 3226 1674 capitulorum
3259 1619 3486 1662 numero
3509 1620 3574 1659 ex
3607 1602 3732 1658 Bal-

2141 1693 2456 1750 leriniorum
2482 1711 2647 1767 opere
2681 1698 2769 1752 hic
2799 1713 3071 1769 apponere
3103 1717 3116 1752 :
3201 1721 3204 1724 ~

2138 1785 2258 1844 Lib.
2285 1787 2323 1842 Î™.
2361 1788 2438 1842 De
2465 1789 2694 1858 pri-metu
2737 1801 2786 1844 et
2815 1791 3118 1846 excellentia
3161 1791 3414 1846 Romana:
3453 1789 3728 1845 Ecclesiae.
3775 1849 3778 1854 ,

2353 1880 2525 1945 Alias,
2549 1880 2625 1935 De
2647 1891 2899 1950 potestate
2919 1893 2964 1937 et
2989 1883 3218 1952 primatu
3243 1880 3544 1952 apostolica:
3565 1879 3728 1933 sedis.

2351 1973 2412 2028 C.
2451 1975 2543 2038 90,
2577 1975 2648 2028 al.
2683 1976 2773 2038 9|,
2813 1975 2896 2030 vel
2928 1975 3016 2030 9i.

2281 2060 2344 2116 ll.
2378 2061 2457 2114 De
2486 2061 2726 2116 libertate
2763 2063 3154 2134 appellationis.
3187 2061 3358 2128 Alias,
3391 2062 3470 2116 De
3491 2061 3738 2131 primatu

2361 2153 2616 2212 Romana?
2659 2154 2912 2210 Ecclesia:
2957 2165 3006 2210 et
3051 2155 3290 2210 libertate
3337 2153 3732 2224 appellationis.

2349 2245 2410 2300 ÎŸ.
2442 2245 2530 2312 78,
2561 2245 2632 2299 al.
2661 2247 2750 2312 8i,
2781 2246 2866 2300 vel
2887 2245 2984 2300 82.

2277 2337 2362 2392 111.
2399 2337 2476 2392 De
2515 2337 2701 2391 ordine
2745 2337 3070 2400 accusandi,
3120 2335 3440 2404 testiï¬candi
3485 2343 3534 2387 et
3573 2332 3736 2404 judi-

2355 2431 2533 2484 candi.
2561 2430 2621 2484 C.
2655 2429 2776 2494 117,
2810 2429 2881 2483 ai.
2915 2427 3040 2492 124,
3067 2428 3151 2482 vel
3185 2427 3306 2492 127,
3339 2426 3422 2482 vel
3457 2427 3579 2481 151.

2279 2519 2366 2574 IV.
2397 2519 2473 2574 De
2507 2519 2902 2591 privilegiorum
2931 2521 3262 2576 auctoritate.
3299 2518 3359 2575 (Îž.
3391 2518 3484 2586 55,
3511 2517 3602 2574 vel
3633 2517 3731 2583 56,

2351 2619 2445 2664 aut
2475 2611 2541 2666 57

2215 2725 2220 2730 Îµ
2281 2699 2346 2754 \'.
2397 2699 2474 2755 De
2513 2700 2932 2756 ordinationibus
2973 2699 3344 2766 ecclesiarum,
3387 2710 3436 2753 et
3471 2699 3540 2752 tle
3576 2699 3728 2752 Î¿Ï‰Ï€á½¶

2349 2791 2472 2861 jure
2513 2809 2576 2848 ac
2613 2803 2754 2846 statu
2799 2791 3037 2846 illarum.
3067 2791 3237 2854 Alias,
3281 2789 3356 2844 De
3389 2789 3730 2842 ordinatione

2352 2895 2398 2937 et
2438 2885 2566 2955 jure
2612 2901 2674 2938 ac
2721 2893 2864 2937 statu
2905 2881 3264 2936 ecclesiarum.
3295 2880 3358 2934 C.
3403 2880 3493 2944 71,
3521 2878 3593 2932 al.
3629 2877 3726 2940 85,

2353 2977 2433 3032 vel
2473 2977 2562 3032 95.

2287 3067 2370 3124 Vl.
2411 3069 2487 3122 De
2516 3067 2785 3132 electione,
2825 3077 2873 3122 et
2904 3065 3238 3122 ordinatione
3259 3080 3323 3118 ac
3361 3063 3426 3116 de
3455 3062 3600 3116 omni
3625 3077 3728 3130 po-

2357 3171 2539 3214 testate
2579 3161 2686 3214 siae
2707 3169 2848 3214 statu
2869 3159 3254 3228 episcoporum.
3269 3155 3328 3210 C.
3345 3155 3474 3222 201,
3497 3153 3568 3209 al.
3591 3153 3724 3215 265.

2353 3252 2438 3306 vel
2463 3251 2592 3305 267.

2283 3343 2388 3396 \â€˜il.
2434 3341 2512 3396 De
2551 3345 2656 3396 vita
2701 3353 2750 3396 et
2794 3341 3130 3398 ordinatione
3165 3341 3503 3396 clericorum.
3547 3338 3722 3402 Alias,

2361 3437 2435 3490 De
2467 3439 2568 3490 vita
2602 3447 2647 3490 et
2685 3437 3018 3490 ordinatione
3055 3436 3505 3506 presbyterorum,
3535 3435 3722 3488 iliaca-

2359 3545 2546 3583 norum
2595 3537 2642 3583 et
2690 3529 3007 3599 reliquorum
3051 3529 3318 3582 ordinum.
3365 3525 3426 3581 C.
3465 3525 3595 3590 267,
3635 3525 3723 3579 vel

2359 3622 2486 3688 209,
2521 3630 2615 3676 aut
2643 3622 2769 3676 215.

2277 3713 2411 3769 Vill.
2455 3715 2531 3768 De
2569 3714 2752 3786 lapsis.
2783 3713 2847 3769 C.
2883 3715 2972 3770 59.

2275 3811 2365 3866 1X.
2406 3811 2485 3866 De
2518 3813 2882 3867 sacramentis.
2915 3811 2977 3866 C.
3017 3812 3104 3879 74,
3136 3811 3207 3866 al.
3247 3809 3338 3866 69.

2275 3899 2340 3955 Î§.
2382 3905 2459 3957 De
2490 3903 2768 3974 conjugiis.
2802 3903 2861 3958 C.
2895 3904 2981 3968 65,
3026 3903 3094 3958 ai.
3138 3903 3225 3966 68,
3269 3903 3352 3957 vel
3383 3901 3469 3966 70,
3500 3912 3596 3956 aut
3627 3901 3720 3957 76.

2277 3995 2365 4048 Î§Î™.
2407 3995 2486 4048 De
2521 3997 2843 4065 pwnitentia.
2877 3994 2938 4050 C.
2973 3995 3093 4060 174,
3120 3995 3189 4049 al.
3231 3993 3355 4050 179.

2275 4083 2388 4139 Xll.
2425 4085 2500 4139 De
2529 4087 3086 4140 excommunicatione.
3119 4085 3178 4140 C.
3211 4083 3298 4138 75.

2272 4176 2408 4233 X-ill.
2451 4177 2526 4232 De
2569 4179 2800 4232 vindicta
2847 4189 2894 4232 ct
2920 4179 3276 4245 persecutione
3303 4175 3476 4246 justo.
3517 4175 3578 4230 C.
3621 4175 3710 4238 28,

2343 4271 2414 4326 al.
2447 4270 2538 4334 29,
2567 4271 2650 4325 vel
2679 4271 2767 4325 54.

440 4353 516 4404 rei
549 4354 750 4409 critica:
777 4355 1090 4424 adjumento
1115 4375 1238 4416 esse
1269 4365 1465 4433 poterit
1495 4383 1561 4422 ex
1594 4384 1660 4424 eo
1696 4375 1839 4440 quod
1867 4373 2026 4430 nimis

2200 4364 2280 4418 Ad
2309 4365 2618 4420 methodum
2647 4366 2786 4434 quod
2809 4373 3009 4434 spectat
3039 4376 3200 4432 quam
3227 4360 3512 4416 Anseimus
3535 4361 3588 4415 in
3614 4375 3715 4416 suo

443 4442 799 4514 interpolatus
821 4448 909 4502 sit.
935 4448 1290 4509 Doetissimus
1321 4454 1554 4522 Sartius,
1581 4460 1789 4517 ordinis
1812 4463 2026 4518 Camul-

440 4534 679 4590 duleusis
729 4537 914 4602 decus,
964 4555 1124 4610 quem
1177 4543 1243 4597 de
1283 4543 1424 4612 juris
1461 4547 1633 4604 civilis
1671 4560 1725 4605 et
1771 4555 2020 4611 canonici

441 4637 846 4683 antecessorum
877 4630 1103 4686 historia
1130 4635 1332 4702 Optime
1359 4637 1610 4692 meritum
1642 4655 1760 4695 esse
1779 4655 2020 4711 constat,

439 4719 588 4788 uperi
619 4721 760 4787 quod
783 4721 860 4774 De
882 4721 1044 4778 claris
1070 4724 1490 4796 archigymnasii
1517 4727 1872 4789 Bononiensis
1901 4751 2024 4806 pro-

438 4811 737 4866 fessoribus
775 4812 974 4882 publici
1012 4812 1150 4881 juris
1181 4815 1338 4880 lecit,â€˜
1357 4831 1664 4876 accuratam
1699 4841 1761 4880 ac
1791 4826 2020 4899 diligen-

437 4911 548 4957 tem
589 4903 830 4972 ejusdem
868 4908 1070 4962 codicis
1109 4909 1519 4970 illustrationem
1549 4917 1780 4974 inseruit
1811 4923 1947 4993 (29).

509 4995 700 5052 Restat
749 5008 810 5054 ut
852 5001 917 5056 de
969 5001 1090 5056 aliis
1138 5003 1348 5060 duobus
1399 5009 1671 5068 codicibus
1721 5012 2017 5083 Vaticanis,

435 5105 492 5144 Î·.
523 5090 660 5145 1565
695 5099 750 5145 ct
791 5092 930 5149 1561
969 5093 1214 5164 signatis,
1262 5112 1427 5166 pauca
1452 5101 1716 5160 dicamus.
1746 5103 2022 5162 Posterior

433 5196 659 5238 malleus
686 5191 791 5252 est,
817 5193 873 5240 et
903 5185 1043 5241 libro
1069 5187 1355 5246 undecimo
1385 5201 1553 5248 caret.
1582 5195 1821 5268 Uterque
1849 5213 2022 5255 memr

2127 4473 2291 4527 opere
2341 4459 2682 4527 compiiando
2719 4457 2982 4523 adhibuit,
3025 4455 3172 4512 illum
3202 4454 3272 4507 ab
3301 4465 3708 4510 antecesserunt

2125 4553 2367 4621 vestigiis
2415 4553 2636 4606 nâ€˜tinime
2687 4551 2978 4605 recessisse
3023 4549 3500 4619 deprehendimus.
3551 4547 3712 4602 Sum-

2126 4658 2334 4698 tnorum
2359 4644 2674 4714 pontiï¬cum
2703 4643 3004 4699 decretales
3027 4643 3232 4698 litteras
3259 4643 3418 4697 modo
3445 4643 3704 4714 integras,

2125 4739 2283 4795 modo
2317 4738 2368 4792 in
2412 4745 2594 4807 partes
2631 4737 2931 4806 discerptas
2958 4735 3326 4806 compilationi
3367 4735 3618 4798 inseruit,
3651 4735 3704 4788 in

2125 4833 2320 4901 quibus
2368 4829 2690 4898 recipiendis
2743 4829 2921 4900 potius
2960 4827 3260 4884 Bnrcbardi
3291 4827 3706 4883 Wormaticnsis

2125 4927 2431 4990 Decretum,
2481 4937 2644 4994 quam
2689 4921 2848 4976 aliam
2896 4922 3042 4977 illam
3095 4921 3350 4978 Anselmo
3401 4921 3702 4977 dedicatam

2121 5017 2505 5074 Collectionem
2533 5015 2844 5070 adhibuisse
2873 5014 3132 5069 dicendus
3161 5022 3264 5069 est.

2193 5107 2412 5161 Minime
2462 5105 2830 5160 necessarium
2881 5105 3130 5158 ducimus
3168 5111 3226 5158 ut
3271 5102 3488 5157 modum
3531 5100 3698 5154 fusius

2122 5199 2460 5268 explicemus
2513 5213 2621 5268 quo
2655 5195 2942 5252 Anselmus
2969 5195 3270 5250 Burchardi
3307 5195 3530 5251 Decreto
3570 5207 3697 5245 usus
