4030 5354
411 222 519 284 5‘45

1268 227 1362 282 an
1385 223 1537 285 opp.
1573 225 1633 282 s.
1665 204 1969 285 ausum
2004 219 2343 278 LUCEXSIS
2366 223 2823 282 APPENDlCES.

3578 221 3684 276 554

412 361 564 400 suam
595 345 968 402 collectionem
1007 357 1224 416 recepta
1270 358 1372 404 est.
1405 348 1614 419 Saepius
1643 350 1807 405 etiam
1837 349 1995 404 unius
2024 354 2073 411 Α
2101 345 2301 416 placuit
2332 347 2554 402 omnino
2584 355 2644 402 ut
2666 348 2846 404 omnis
2877 346 3105 404 ecclesia
3139 345 3344 402 habens
3372 339 3684 410 episcopum

411 433 763 506 ejusdemque
821 438 1053 492 canonis
1101 436 1370 507 duplicem
1439 440 1745 494 versionem
1798 439 1994 505 alI'ert,

412 524 768 581 lsidorianam
799 527 1008 584 scilicet
1041 538 1093 584 et
1121 523 1523 601 Dionysianam.
1551 530 1720 585 Paulo
1753 531 1999 600 frequen-

411 617 522 672 tlor
546 617 652 673 alia
698 620 913 676 demum
949 619 1262 678 Grtecorum
1305 633 1574 679 canonum
1602 626 1781 681 versio
1809 625 1862 680 in
1886 623 1998 680 An-

408 709 674 767 selmiano
718 706 882 783 opere
917 717 1188 780 occurrit,
1217 730 1336 785 quae
1377 726 1489 773 tum
1533 734 1563 772 a
1591 719 1750 774 modo
1786 718 1992 785 relatis,

410 806 524 854 tum
568 801 634 856 ab
674 801 764 856 illa
802 818 961 872 quam
1006 805 1059 860 in
1090 809 1316 863 vetustis
1344 807 1541 864 Italicis
1573 809 1994 866 Collectionibus

409 892 880 962 deprehendimus,
913 896 1143 968 ideoque
1189 900 1423 970 priscam
1461 901 1764 956 versionem
1805 900 2007 956 Italam

408 997 802 1055 nuncupamus,
831 1003 995 1058 quant
1023 990 1256 1047 maxime
1284 993 1506 1048 recedit.

481 1076 702 1144 Verum,
727 1087 782 1132 ut
813 1079 1042 1151 hujusce
1065 1083 1554 1140 versionisintloles
1568 1085 1757 1141 melius
1785 1095 1990 1156 pateat,

405 1170 787 1224 nonnullorum
834 1187 1102 1228 canonum
1149 1187 1261 1230 tum
1323 1186 1528 1232 textum
1573 1173 1844 1246 Graecum,
1879 1190 1990 1235 tum

405 1256 552 1311 illaut
578 1272 766 1314 eorum
795 1263 1097 1317 versionem
1124 1265 1212 1320 hic
1235 1269 1604 1336 apponendam
1634 1283 1752 1324 esse
1779 1269 1992 1324 censui-

404 1365 548 1416 mus,
577 1363 738 1420 qnam
771 1353 1006 1422 priscam
1053 1357 1241 1411 Italam
1271 1373 1556 1424 vet-amns,
1585 1375 1855 1432 quamque
1881 1365 1993 1416 fra-

404 1453 516 1500 tres
560 1445 834 1503 Ballerinii
878 1463 946 1504 ex
988 1453 1215 1508 vetustis
1259 1453 1422 1508 ltalia':
1465 1456 1796 1510 membranis
1829 1456 1989 1526 primi

401 1535 587 1592 sedulo
622 1539 802 1595 studio
835 1541 1167 1612 collegerunt
1192 1544 1326 1612 (37),
1354 1554 1409 1600 et
1445 1546 1834 1618 celeberrimus
1861 1547 1986 1602 dein

400 1627 645 1686 Mansius
703 1632 1054 1702 amplissima:
1102 1651 1215 1691 sua:
1267 1637 1620 1694 conciliorum
1665 1638 1985 1694 Collectioni

2099 439 2265 494 etiam
2295 453 2638 495 meonomnm
2690 440 2889 496 habere
2932 441 2998 495 de
3027 439 3244 510 proprio
3271 436 3415 491 clero
3443 432 3685 505 [debeat,

2098 530 2190 599 qui
2265 545 2354 586 res
2421 528 2821 588 ecclesiasticas
2890 533 3164 602 dispenset
3227 543 3351 584 eum
3414 537 3686 582 consensu

2098 622 2336 693 episcopi
2391 627 2508 695 sui;
2559 637 2648 688 ne,
2699 642 2822 682 eum
2879 622 3210 696 dispensatio
3263 622 3379 678 sine
3436 617 3686 674 testimo-

2097 714 2188 767 nio
2231 715 2413 784 fuerit,
2439 733 2526 775 res
2559 719 2946 776 ecclesiasticae
2972 719 3238 786 dispensat
3264 715 3378 769 sint
3403 711 3470 766 ad
3491 719 3685 765 contn-

2096 805 2312 860 meliam
2374 810 2615 878 pontiﬁci
2651 809 3017 880 irrogantlam.
3047 808 3104 862 Si
3129 821 3258 860 vero
3279 806 3383 860 hoc
3407 818 3513 857 non
3538 800 3687 855 lece-

2096 896 2224 964 riut,
2241 912 2365 954 reos
2375 915 2468 954 eos
2480 901 2683 957 sanctis
2698 897 3287 969 snbjacerecauonibus
3302 894 3632 966 judicamus.
3659 908 3680 941 ι

2693 991 2872 1047 Versio
2893 992 3087 1062 prisca.

2170 1097 2190 1131 ι
2233 1079 2499 1151 Quoniam
2543 1083 2595 1137 in
2639 1084 2962 1153 quibusdam
2996 1079 3272 1144 Ecclesiis,
3312 1079 3451 1135 sicut
3476 1076 3688 1146 reperi-

2093 1188 2251 1239 mus,
2301 1175 2419 1230 sine
2469 1177 2770 1232 mconomis
2820 1190 2908 1230 res
2954 1172 3325 1228 ecclesiastica
3369 1179 3684 1234 tractatur,

2091 1267 2295 1337 placuit
2318 1283 2534 1323 omnem
2561 1269 2856 1324 Ecclesium
2883 1268 3196 1337 ep’scopum
3224 1263 3512 1319 habentem
3537 1274 3688 1314 (nco-

2091 1342 2314 1412 nomum
2344 1359 2547 1415 habere
2575 1361 2642 1415 de
2672 1374 2770 1414 suo
2809 1357 2956 1414 clero
2977 1347 3388 1426 'dispensatitem
3425 1351 3685 1409 ecclesia-

2091 1449 2260 1504 sticas
2287 1464 2375 1504 res
2420 1465 2544 1506 cum
2588 1449 2868 1504 voluntate
2911 1449 2994 1504 sui
3039 1445 3310 1518 episcopi,
3350 1452 3410 1500 ut
3449 1459 3518 1499 ne
3563 1443 3688 1498 sine

2091 1541 2402 1596 testimonio
2453 1542 2526 1597 sit
2557 1542 2891 1612 dispensatio
2935 1540 3211 1606 ecclesiae,
3255 1546 3311 1595 et
3357 1553 3422 1593 ex
3456 1538 3561 1592 hoc
3609 1535 3688 1589 di-

2090 1641 2415 1702 spergantur
2441 1632 2682 1704 ejusdem
2713 1633 2958 1689 ecclesiae
2987 1648 3097 1696 res,
3142 1639 3196 1688 et
3241 1629 3509 1687 detractio
3538 1626 3682 1682 inlli-

403 1718 635 1775 inseruit
663 1700 1386 1794 (58).—Animadvertendum
1417 1729 1633 1786 interim
1666 1730 1986 1786 estGratia-
2020 1700 2062 1760 Β
2091 1700 2253 1793 8⁷³1υὲ
2296 1700 2640 1779 sacerdotum
2683 1723 3086 1793 (sacerdotio).
3137 1722 3194 1778 Si
3239 1736 3370 1778 vero
3414 1720 3519 1775 hoc
3572 1732 3684 1772 non

404 1825 552 1874 num,
587 1813 678 1882 qui
706 1814 946 1870 Anselmi
973 1831 1109 1886 Opus
1139 1816 1252 1872 fere
1293 1827 1461 1874 totum
1495 1819 1546 1874 in
1583 1835 1738 1876 suum
1791 1821 1988 1876 Decre-

403 1907 517 1953 tum
555 1902 776 1970 recepit,
811 1903 953 1958 banc
984 1905 1058 1959 illi
1094 1907 1369 1976 propriam
1421 1909 1724 1964 versionem
1770 1910 1986 1980 penitus

402 1989 732 2059 neglexisse,
763 2009 866 2062 qua
894 1995 962 2049 de
995 2011 1155 2052 causa
1203 2000 1278 2052 rei
1329 2000 1534 2055 critica:
1571 2002 1841 2057 studiosos
1871 2002 1989 2059 luco

398 2090 586 2138 nostra
613 2078 907 2155 specimiua
933 2097 1089 2158 grato
1113 2091 1296 2145 animo
1330 2101 1677 2163 suseepturos
1705 2109 1824 2150 esse
1847 2109 1984 2150 con-

397 2169 631 2228 ﬁdimus.
1247 2179 1250 2183 ’

466 2266 584 2322 Lm.
616 2286 693 2335 Il,
719 2270 850 2326 Car.
881 2274 972 2338 56,
1003 2291 1067 2329 ex
1093 2276 1311 2331 concilio
1342 2279 1637 2348 Ancyrano,
1672 2296 1788 2348 cap.
1815 2280 1908 2335 20.

473 2377 492 2410 ι
531 2359 782 2418 Mulieres
807 2381 926 2435 qua:
957 2366 1294 2423 fornicamur
1314 2379 1365 2424 et
1394 2380 1581 2439 partus
1610 2387 1736 2426 suos
1762 2383 1979 2436 necant,

394 2462 450 2508 et
481 2453 584 2509 illm
607 2470 727 2524 quae
756 2471 820 2512 ex
856 2469 1013 2514 utero
1047 2475 1148 2516 suo
1169 2474 1464 2532 conceptos
1500 2464 1804 2529 excutiunt,
1835 2466 1981 2518 anti-

395 2561 502 2615 qua
531 2546 774 2602 deﬁnitio
815 2565 986 2620 usque
1030 2553 1096 2605 ad
1131 2553 1336 2606 exitum
1373 2554 1496 2609 vita)
1518 2569 1612 2608 eas
1639 2554 1707 2608 ab
1739 2555 1979 2610 Ecclesia

395 2645 657 2691 removet.
690 2637 840 2693 Nunc
867 2653 996 2696 vero
1022 2642 1310 2698 humanius
1333 2643 1614 2700 deﬁnitum
1645 2653 1762 2700 est:
1793 2646 1978 2700 decem

391 2739 563 2779 annos
589 2729 906 2794 pmniteant.
936 2750 956 2784 ι

462 2814 724 2873 Collectio
747 2819 952 2877 codicis
981 2821 1282 2890 Saviniani,
1310 2826 1402 2882 lib.
1430 2843 1488 2893 χ,
1520 2842 1637 2898 cap.
1671 2827 1762 2894 52,
1795 2828 1977 2897 priora

391 2905 554 2976 hujus
575 2911 801 2967 canonis
829 2914 988 2968 verba
1020 2916 1180 2986 paqu
1207 2917 1366 2974 aliter
1394 2918 1555 2974 habet
1581 2937 1595 2974 :
1624 2921 1838 2992 Antiqui
1869 2919 1978 2975 Pa-

389 3010 494 3056 tres
519 3005 897 3060 eonstituerunt
925 3024 1089 3078 usque
1127 3010 1197 3063 ad
1223 3011 1418 3064 exitum
1444 3011 1582 3066 uiue.

894 3095 1082 3154 Prisca
1121 3103 1286 3156 rersio
1317 3101 1480 3158 Itala.

467 3198 488 3234 ι
523 3180 653 3249 Qua:
677 3195 838 3241 erunt
883 3177 1193 3256 fornicata},
1239 3199 1296 3246 et
1334 3192 1665 3248 interﬁciunt
1695 3201 1885 3258 natos,
1921 3202 1977 3248 et

388 3267 651 3328 festinant
683 3275 986 3332 abortivum
1015 3279 1214 3347 facere,
1240 3283 1474 3352 primum
1497 3285 1854 3339 constitutum
1886 3301 1974 3338 us-

387 3379 494 3432 que
541 3365 605 3420 ad
653 3368 858 3423 exitum
901 3372 1093 3438 vetuit,
1143 3375 1334 3428 ethoc
1385 3376 1606 3430 deﬁnito
1655 3371 1974 3430 humaniore

386 3453 591 3522 aliquid
637 3471 1070 3529 consequantur,
1125 3465 1506 3520 constituimus
1564 3480 1658 3521 eas
1712 3466 1973 3520 decennio

383 3551 647 3614 tempore.
679 3553 973 3606 secundum
998 3556 1195 3623 gradus
1217 3556 1309 3624 qui
1343 3567 1469 3610 sunt
1497 3557 1796 3611 constituti.
1829 3575 1847 3608 ι

457 3635 612 3704 Apud
644 3637 964 3696 Ballerinios
992 3643 1094 3698 loc.
1127 3645 1242 3709 cit,
1276 3660 1399 3715 pag.
1427 3645 1530 3700 488
1551 3686 1565 3710 ,
1597 3659 1650 3700 et
1682 3644 1968 3710 Mansium,

387 3732 518 3778 tom.
551 3727 632 3793 Vl,
663 3743 784 3799 pag.
818 3731 938 3786 119.

633 3835 827 3893 Textus
857 3839 1074 3898 Crwcus
1101 3844 1258 3914 hujus
1286 3846 1500 3900 canonis
1529 3847 1676 3899 audit
1704 3863 1719 3900 :

453 3955 572 4029 Περὶ
598 3962 696 4008 τῶν
716 3966 969 4028 γυναικῶν
999 3967 1098 4015 τῶν
1127 3961 1516 4036 ίκπορευουσῶν
1543 3966 1630 4018 καὶ
1654 3965 1970 4038 ἁναιρουσῶν

379 4047 446 4102 τὰ
479 4051 783 4121 γεννώμενα,
817 4055 902 4106 καί
942 4052 1348 4118 σπουδαζουσῶν
1385 4057 1560 4126 φοὲρια
1598 4063 1798 4120 ποιεῖν.
1826 4057 1852 4112 ὁ
1877 4062 1967 4130 μὲν

378 4139 630 4214 πρότερος
657 4138 772 4211 ὅρος
799 4144 993 4218 μέχρις
1031 4143 1203 4209 ἐξόδου
1240 4146 1515 4211 ἐκώλυσεν,
1550 4150 1634 4201 καί
1659 4155 1822 4222 τουτῷ
1847 4170 1966 4203 συν·

376 4234 614 4288 τίθενται.
665 4234 1129 4310 Φιλανθρωπότερον
1189 4237 1243 4293 δέ
1298 4261 1347 4295 τι
1388 4240 1652 4313 εὑρόντες,
1709 4244 1965 4316 ὦρίσαμεν

376 4319 584 4382 δεκαετῆ
611 4324 800 4398 χρόνον
825 4329 968 4382 κατὰ
987 4324 1111 4388 τοῦς
1132 4329 1362 4400 βαθμοὺς
1389 4337 1508 4392 τοῦς
1529 4334 1860 4405 ὡρισμένους.
1893 4351 1913 4385 ι

447 4431 601 4501 Apud
633 4433 896 4490 Mausium
929 4447 964 4492 t.
993 4437 1058 4501 ll,
1085 4453 1205 4510 pag.
1244 4438 1370 4493 520.

374 4539 490 4596 ιω.
528 4557 616 4622 vt,
655 4544 784 4622 gae.
816 4546 1031 4622 μίμεο)
1061 4565 1206 4603 conc.
1238 4549 1497 4617 Cha/red,
1536 4569 1653 4622 mp.
1685 4553 1777 4608 26.
1801 4586 1871 4596 --
1894 4555 1961 4611 Ut

447 4613 614 4666 onmis
651 4612 889 4671 Ecclesia
927 4612 1128 4674 habens
1169 4612 1503 4690 episcopum,
1534 4612 1718 4678 habent
1759 4642 1962 4680 cereno-

444 4699 608 4736 mum.

452 4796 471 4828 s
502 4778 790 4847 Quoniam,
818 4791 876 4836 ut
905 4783 957 4838 in
992 4783 1312 4854 quibusdam
1347 4788 1592 4845 ecclesiis
1621 4791 1956 4860 reperimus,

371 4869 492 4925 sine
535 4875 834 4930 oeconomis
865 4891 952 4931 res
980 4878 1375 4936 ecclesiasticas
1418 4889 1654 4938 tractant
1694 4885 1955 4956 episcopi,

440 5024 563 5111 (A57),
587 5025 732 5111 Iule}:
761 5027 935 5111 Opera
965 5031 1026 5111 S_.
1046 5031 1274 5111 _Leonis,
1305 5048 1359 5105 p.
1390 5050 1406 5090 ι
1431 5075 1447 5102 ,
1481 5046 1520 5092 t.
1546 5036 1642 5105 IlI,
1675 5053 1799 5111 pag.
1823 5038 1957 5093 675-

369 5094 494 5148 622.
524 5097 764 5154 Venetiis
791 5094 952 5167 1757,
988 5103 1079 5159 l'oI.

440 5167 554 5242 (as)
581 5167 643 5242 T_.
686 5169 770 5242 vt,
802 5189 924 5242 pag.
963 5175 1284 5231 uos-iaso.

440 5236 588 5354 (3.83-
606 5236 1293 5354 Iit'.i3.’..§"i.i.:.c.:?ifz.?;
1315 5249 1552 5354 ῗξιέὶξίῖςν
1574 5249 1951 5354 ἔέξηὲλῖἰὲεηίές

365 5304 418 5354 5-
453 5323 502 5354 Ω-
629 5304 850 5354 “Plin-tm
903 5304 1023 5354 nn'm
1045 5330 1109 5354 sn-
1146 5304 1195 5354 Ιιξ

1330 5322 1538 5354 Ξθῖ-;;ῑέίηῖ
1574 5323 1769 5354 Ιει-ηηηο.
1781 5324 1953 5354 ισηηαῖο

2089 1814 2304 1879 fecerit,
2335 1815 2619 1884 suhjacerc
2641 1829 2765 1871 eum
2793 1816 2964 1870 sacris
2993 1812 3311 1869 canonibus.
3349 1830 3368 1862 ο

2164 1906 2317 1976 Apud
2351 1905 2689 1968 Ballcrinios,
2721 1921 2842 1976 pag.
2877 1905 3012 1968 622;
3048 1903 3333 1965 Mansium,
3364 1915 3487 1969 pag.
3519 1898 3678 1951 l250.

2431 2019 2625 2073 Textus
2661 2018 2876 2073 Grn'cus
2910 2018 3069 2088 hujus
3096 2016 3332 2070 canonis.

2153 2111 2349 2169 Ἐπειδή
2373 2108 2425 2167 δὲ
2450 2110 2500 2166 ἴν
2522 2133 2653 2166 τισιν
2674 2112 2979 2173 ἐκκλησίαις,
3011 2113 3080 2170 ὡς
3105 2107 3512 2184 περιηχήθημεν,
3544 2102 3680 2174 δίχα

2085 2203 2357 2276 οἶκονόμων
2406 2203 2449 2256 οί
2503 2203 2775 2257 ἐπίσκοποι
2821 2202 2885 2256 τὰ
2933 2199 3331 2257 ἐκκλησιαστικά
3385 2197 3680 2270 χειρίζουσι

2083 2297 2381 2366 πράγματα’
2423 2292 2558 2358 ἔδοξε
2587 2301 2762 2349 πᾶσαν
2801 2293 3064 2350 ἐκκλησίαν
3096 2292 3371 2346 ἐπίσκοπον
3409 2287 3677 2358 ἔχουσαν,

2084 2389 2171 2439 καὶ
2198 2387 2452 2456 οἰκονόμον
2479 2384 2628 2456 ἔχειν
2652 2388 2704 2439 ἐκ
2727 2391 2817 2440 τοῦ
2847 2382 2977 2440 ίδίον
2999 2384 3208 2457 κλῆρον,
3236 2384 3593 2448 οίκονομοῦγτα
3612 2380 3680 2433 τὰ

2084 2475 2478 2532 ἕκκλησιαστικὰ
2511 2477 2641 2530 κατά
2677 2479 2878 2549 γνώμην
2908 2481 2996 2529 τοῦ
3038 2473 3164 2529 ἰδίου
3202 2471 3477 2528 its-attonat)
3539 2471 3678 2524 ὧστα

2081 2568 2151 2632 μή
2175 2563 2468 2636 ἀμάρτυρεν
2511 2558 2634 2617 εἶναι
2675 2567 2765 2622 τήν
2806 2565 3090 2631 οἰκονομίαν
3133 2568 3226 2619 τῆς
3277 2558 3562 2618 ἐκκλησίας,
3593 2559 3678 2610 καί

2080 2653 2135 2705 ἐκ
2160 2654 2345 2707 τούτου
2373 2656 2437 2707 τὰ
2463 2661 2554 2712 τῆς
2577 2653 2841 2713 ἐκκλησίας
2869 2654 3232 2719 σκορπίζεσθαι
3258 2650 3567 2726 πράγματα,
3593 2651 3678 2702 καί

2079 2739 2330 2815 λοιδορίαν
2366 2751 2429 2817 τῇ
2469 2743 2724 2816 ἱερωσύνῃ
2765 2743 3198 2814 προστρίϐεσθαι’
3234 2743 3279 2796 εἰ
3319 2739 3372 2795 δὲ
3417 2745 3490 2811 μή
3515 2746 3674 2796 rei"

2078 2831 2290 2901 ποιήσῃ,
2322 2829 2616 2884 ὑποκεῖσθαι
2637 2829 2790 2884 αὑτὸν
2811 2837 2921 2890 τοῖς
2949 2829 3098 2889 θείοις
3126 2827 3324 2882 κανόσι.

2154 2918 2320 2972 Mansi
2351 2928 2482 2974 tom.
2517 2919 2626 2986 VII,
2662 2934 2783 2989 pag.
2807 2917 2935 2974 368.

2152 3008 2444 3063 Gratianus
2474 3024 2735 3064 canonem
2786 3008 2930 3064 hunc
2965 3007 3179 3062 concilii
3207 3005 3674 3063 Chalcedonensis

2006 3057 2053 3119 ο
2082 3057 2173 3154 bis
2181 3057 2443 3168 ".;;.'.;‘,.'.‘.‘:
2472 3057 3670 3167 ;;".?.;.'.'...;;“5;..aaigao;;;"i;fsa;3.;

2079 3190 2144 3256 4,
2200 3198 2254 3244 et
2297 3205 2362 3243 ex
2411 3189 2660 3244 versione
2701 3189 2939 3259 Dionysii
2989 3188 3218 3259 Exigui,
3267 3187 3466 3253 (3.16,
3512 3204 3567 3259 q.
3598 3189 3671 3254 7,

2077 3297 2128 3336 c.
2158 3281 2248 3335 2|.

2147 3371 2453 3441 Capitulum
2508 3372 2610 3427 156
2657 3371 2781 3427 Iihri
2826 3371 3041 3443 septimi
3072 3370 3422 3426 Collectionis
3450 3368 3510 3423 S.
3555 3369 3668 3424 An-

2077 3463 2228 3519 seimi
2279 3464 2499 3518 exhibet
2539 3461 2898 3534 fragmentum
2944 3463 3294 3534 perexiguum
3341 3461 3568 3516 canonis
3593 3459 3668 3514 24

2075 3555 2288 3610 concilii
2320 3555 2640 3608 Attiocheni
2674 3570 2740 3609 ex
2778 3555 3028 3610 versione
3059 3562 3242 3609 nostra
3266 3554 3444 3624 prisca
3470 3553 3626 3607 Itala.

2078 3675 2079 3678 η
2147 3643 2352 3698 Praeter
2378 3658 2472 3698 eos
2498 3645 2853 3700 conciliorum
2879 3644 3190 3699 Grtecorum
3235 3659 3496 3706 canones,
3525 3658 3666 3713 quos

2075 3750 2142 3788 ex
2177 3733 2337 3789 tnodo
2361 3733 2521 3788 dictis
2552 3735 2891 3790 versionibus
2921 3742 3196 3787 mutuatus
3225 3743 3307 3787 est
3347 3732 3662 3796 Ansclmus,

2072 3825 2302 3896 plurima
2359 3826 2674 3880 eorumdem
2728 3825 2902 3895 capita
2942 3841 3010 3880 ex
3059 3825 3309 3894 capitulis
3342 3825 3400 3878 S.
3444 3824 3662 3878 Martini

2068 3916 2452 3972 Braccarcnsis
2477 3925 2533 3971 et
2559 3917 2780 3970 Adriani
2810 3917 2869 3971 P.
2901 3917 3216 3985 desumpsit.
3244 3915 3430 3970 Priora
3457 3914 3660 3985 passim

2069 4024 2191 4065 cum
2222 4010 2571 4080 inscriptione
2603 4028 2615 4063 :
2649 4010 2730 4064 Ex
2773 4010 2992 4064 concilio
3029 4009 3248 4064 Martini
3292 4025 3444 4079 papa:
3490 4008 3661 4062 Brac-

2069 4100 2324 4164 carensis,
2351 4114 2447 4154 seu
2481 4099 2564 4154 Ea:
2588 4099 2810 4154 Decreto
2833 4097 3051 4153 Martini
3077 4096 3145 4152 Ρ.
3179 4108 3492 4167 ocettrrunt,
3527 4117 3660 4170 quo-

2066 4205 2190 4244 rum
2217 4189 2450 4259 plurima
2475 4189 2768 4244 Gratianus
2799 4189 2899 4243 sub
2925 4187 3113 4243 eadem
3150 4189 3367 4244 Martini
3396 4190 3456 4244 Ρ.
3484 4191 3657 4246 Brac-

2067 4279 2334 4344 carensis,
2365 4293 2460 4333 seu
2491 4279 2704 4335 concilii
2737 4277 2950 4332 Martini
2982 4279 3041 4332 P.
3079 4278 3433 4348 inscriptione
3475 4280 3528 4334 in
3556 4295 3657 4334 suo

1991 4399 2041 4458 θ
2068 4370 2296 4426 Decreto
2322 4369 2478 4426 aﬁ‘ert
2509 4371 2666 4443 (ὅδ’).
2691 4370 2818 4425 Inde
2846 4371 3044 4424 factum
3069 4385 3191 4427 esse
3217 4371 3488 4426 credimus
3511 4373 3656 4441 quod

2067 4462 2308 4518 nonnulli
2341 4462 2603 4534 ejusmodi
2633 4461 2868 4531 capitula
2899 4460 2954 4516 S.
2985 4459 3216 4516 Martin
3241 4460 3302 4516 P.
3331 4461 3352 4516 I
3379 4463 3655 4517 ascribere

2067 4553 2366 4619 voluerint,
2449 4553 2807 4621 eumdemque
2871 4552 3272 4607 sanctissimum
3339 4553 3652 4621 pontiﬁcem

2067 4656 2320 4716 tanquam
2352 4646 2552 4701 veteris
2598 4644 2976 4701 ecclesiasticae
3023 4645 3320 4714 disciplinae
3360 4655 3649 4715 corrupto-

2063 4751 2178 4790 rem
2202 4735 2514 4791 insimulare
2544 4737 2824 4800 auderent,
2856 4745 3139 4805 propterea
3168 4736 3312 4805 quod
3338 4735 3650 4806 permiserit

2061 4835 2124 4881 ut
2166 4828 2368 4898 bigami
2401 4827 2456 4881 in
2496 4827 2796 4882 minoribus
2844 4826 3094 4882 ordinum
3139 4827 3395 4896 gradibus
3435 4841 3648 4894 ρει-τηου

2061 4933 2193 4973 nere
2237 4918 2465 4988 possint.
2506 4917 2888 4972 Recentiorum
2923 4915 3166 4970 nonnulli
3195 4930 3262 4969 eo
3304 4929 3475 4984 usque
3516 4930 3643 4985 pro-

2060 5067 2124 5122 ι).
2159 5066 2246 5131 35,
2272 5083 2321 5122 c.
2352 5066 2436 5120 tt.
2462 5065 2522 5121 c.
2551 5067 2600 5133 ι,
2627 5066 2753 5136 q.l,
2780 5081 2828 5122 c.
2853 5065 2940 5121 67.
2973 5065 3034 5121 c.
3068 5067 3196 5136 t,q.
3222 5067 3271 5131 7,
3299 5081 3348 5123 c.
3377 5067 3466 5121 es.
3494 5066 3558 5124 c.
3582 5068 3634 5133 6,

2057 5153 2114 5208 (ι.
2146 5137 2200 5203 4,
2229 5155 2276 5194 c.
2306 5138 2360 5191 2.
2391 5137 2451 5192 C.
2479 5137 2632 5208 _8,7q.
2661 5139 2711 5201 1,
2756 5152 2806 5193 c.
2918 5137 2979 5192 C.
3007 5137 3063 5202 9,
3092 5154 3158 5208 _q.
3183 5140 3238 5202 5,
3276 5154 3327 5193 c.
3372 5139 3422 5208 1.
3457 5138 3512 5192 C.
3550 5138 3632 5202 10,

2057 5206 2110 5278 ti.
2145 5208 2202 5274 2,
2235 5224 2285 5263 c.
2325 5208 2441 5278 7ret
2468 5206 2800 5278 8.7C.‘ll,q.
2827 5207 2883 5272 5,
2906 5223 2956 5261 c.
2991 5208 3044 5259 7.
3076 5206 3136 5262 C.
3171 5208 3254 5278 l2,
3288 5223 3343 5276 q.
3388 5207 3436 5273 1,
3471 5223 3520 5261 c.
3543 5208 3632 5260 2').

2055 5275 2229 5354 9:15
2262 5294 2320 5354 ιιι
2348 5277 2406 5342 ιν
2437 5293 2487 5354 (ξς
2511 5277 2566 5330 4-
2594 5275 2662 5354 οξ.
2691 5277 2774 5354 lii.
2804 5293 2872 5354 11.-
2915 5279 2970 5340 8ο
3019 5293 3066 5354 ςς
3096 5279 3150 5330 4ο
3190 5275 3255 5354 9-
3291 5275 3353 5354 1⁷
3368 5293 3467 5354 .11-
3494 5277 3551 5344 4.
3581 5295 3630 5354 ςο
