4030 5354
317 339 421 394 515

1000 332 1304 391 'APPEND.
1331 334 1371 390 Ι.
1403 365 1471 375 -
1499 333 1814 391 DtSSEliT.
1846 335 1930 389 UE
1961 332 2018 390 S.
2064 333 2363 393 ANSELMI
2389 336 2725 395 COLLECT.
2762 339 2917 396 CAN.

3487 343 3594 400 516

318 449 502 507 ιιετνίω
541 449 813 520 progressi
855 457 981 504 sunt
1009 490 1024 512 ,
1076 458 1136 503 ut
1187 450 1303 504 lucc
1342 449 1798 504 Pscutlo-Vlartini
1842 450 1901 504 ι’.
1935 453 1980 513 Α
2010 451 2258 521 praeﬁxit.
2313 453 2422 508 Sic.
2456 469 2504 508 e.
2545 469 2627 523 gr.
2658 464 2780 523 post
2824 455 2894 510 85
2940 455 3062 510 libri
3111 456 3255 511 tertii
3300 468 3464 528 caput
3513 474 3599 514 se-

315 531 551 606 capitula
606 537 660 592 in
713 553 824 593 suae
876 539 1147 607 opinionis
1186 537 1502 610 suﬂ'raginm
1554 539 1904 608 adducerent,

313 639 476 698 atque
509 631 797 701 episcopos
828 631 1029 687 nostris
1068 646 1283 702 quoque
1328 632 1662 702 temporibus
1690 635 1740 687 in
1774 633 1908 688 irre-

313 722 611 789 gularitate
637 725 704 778 ad
733 725 954 779 ordines
991 726 1230 781 minores
1277 725 1646 795 suscipiendos
1693 724 1908 793 dispen-

311 832 437 872 sare
483 833 642 888 posse
693 821 1104 876 contenderent.
1146 822 1215 875 At
1263 829 1522 890 quantum
1572 820 1674 874 hoc
1721 836 1749 873 a
1778 833 1908 873 vero

310 909 494 975 distet,
528 927 690 967 nemo
738 920 823 967 est
873 913 963 982 qui
1011 913 1254 982 ignoret,
1285 921 1340 966 et
1374 927 1618 966 summus
1665 910 1903 980 pontifex

311 1000 504 1059 Sixtus
529 1003 574 1058 ν
602 1004 870 1075 ejusmodi
915 1006 1294 1060 cavillationes
1339 1005 1477 1059 satis
1505 1018 1776 1074 superque
1805 1018 1904 1058 ex-

308 1093 475 1164 plosit
501 1093 643 1166 (59).

378 1184 438 1240 ln
469 1185 649 1241 indice
695 1185 1038 1258 alphabetico
1067 1200 1226 1256 quem
1267 1185 1318 1239 in
1351 1185 1680 1254 przccipuas,
1709 1183 1905 1253 quibus

310 1277 610 1335 Gratianus
639 1293 769 1334 usus
806 1287 909 1343 est,
945 1292 1211 1333 canonum
1248 1278 1610 1333 Collectiones
1652 1277 1901 1330 elabora-

310 1369 512 1436 vimus,
540 1369 745 1440 passim
796 1368 986 1423 falsam
1025 1367 1243 1422 Martini
1291 1366 1676 1421 Braccarensis
1709 1366 1902 1421 luseri-

311 1461 554 1529 ptionem
587 1460 928 1523 retinuimus,
974 1460 1192 1530 quoties
1236 1474 1430 1530 nempe
1462 1459 1607 1514 illam
1651 1458 1704 1513 in
1753 1469 1904 1512 vetc-

312 1551 456 1606 ribus
480 1550 900 1606 Callet-tionibus
929 1551 1256 1607 invenimus.

379 1644 650 1698 Caeterum
695 1645 754 1699 8.
802 1644 1015 1698 Martini
1062 1644 1444 1699 Braccarensis
1497 1644 1726 1714 capitula
1754 1685 1768 1708 ,
1823 1643 1899 1698 uti

2011 544 2230 614 quentia
2259 544 2481 598 Adriani
2514 545 2572 598 P.
2603 545 2837 615 capitula
2875 547 3238 603 exhibentur:
3266 549 3356 614 22,
3383 549 3472 613 50,
3502 551 3596 617 52,

2008 632 2103 697 53,
2134 633 2222 699 54,
2255 633 2345 698 55,
2373 634 2439 688 '72
2493 645 2548 690 et
2585 635 2686 701 80;
2727 645 2783 691 et
2823 638 3039 707 quidem
3085 653 3208 694 cum
3251 641 3353 696 hac
3407 642 3598 698 inscri-

2009 723 2191 791 ptione
2211 740 2223 775 :
2247 722 2514 793 Incipiunt
2535 726 2766 794 capitula
2794 744 2912 797 qua:
2931 726 3206 784 exCra’cis
3225 740 3272 785 et
3291 728 3491 787 Latinis
3507 751 3596 787 ca-

2008 816 2232 870 nonibus
2261 824 2308 870 et
2339 818 2552 887 synodi:
2582 817 2832 873 Romanis
2874 831 3030 890 alque
3059 823 3278 878 decretis
3307 825 3594 893 prwsulunt

2006 923 2071 960 ac
2097 908 2390 977 principum
2433 907 2792 963 Romanorum
2839 913 3064 980 sparsim
3102 913 3316 968 collecta
3365 925 3522 982 sunt,
3545 924 3596 970 et

2007 999 2358 1069 Angelrantno
2413 999 2823 1055 Mediomatrith
2871 1002 3012 1058 urbis
3063 1006 3300 1076 episc0po
3347 1007 3529 1062 Romrc
3561 1027 3594 1063 a

2007 1088 2156 1142 beato
2189 1106 2326 1158 papa
2369 1090 2604 1146 Adriano
2651 1092 2846 1146 tradita
2888 1103 3010 1147 sunt
3034 1110 3132 1150 xttt
3164 1095 3290 1151 Kal.
3329 1097 3594 1162 Octobris,

1985 1179 2291 1232 ~iudictioue
2315 1194 2389 1243 Ix,
2421 1181 2631 1249 quando
2659 1197 2753 1248 pro
2782 1183 2865 1236 sui
2911 1186 3102 1253 negotii
3127 1202 3289 1238 causa
3318 1189 3588 1257 agebatur.

2004 1269 2217 1341 Integra
2248 1271 2610 1340 capitulorum
2641 1272 2861 1328 Adriani
2887 1284 3036 1342 pont.
3063 1277 3255 1340 series,
3275 1277 3378 1332 hac
3400 1277 3589 1333 eadem

2005 1362 2359 1432 inscriptione
2382 1363 2680 1432 praemissa,
2716 1365 2769 1418 in
2807 1365 3051 1435 plurimis
3097 1370 3326 1424 vetustis
3356 1368 3596 1426 Pseudo-

2005 1456 2313 1510 lsidorianw
2343 1454 2689 1510 Collectionis
2711 1455 2987 1510 codicibus
3011 1467 3212 1524 exstat,
3234 1459 3376 1514 unde
3401 1459 3593 1515 Ansel-

2003 1562 2126 1602 mus
2147 1548 2263 1602 sine
2297 1547 2459 1601 dubio
2503 1561 2598 1601 sua
2645 1547 2878 1617 capitula
2911 1550 3263 1618 deprompsit.
3301 1549 3592 1604 Gratianus

2004 1639 2298 1708 sepissime
2320 1639 2508 1694 eadem
2531 1639 2767 1710 capitula
2796 1639 2951 1695 aﬂcrt
2979 1641 3115 1709 (15),
3142 1651 3304 1709 atque
3326 1642 3594 1698 Antonius

311 1745 501 1790 notum
528 1743 632 1797 est,
666 1735 916 1790 omnibus
947 1744 1056 1788 tum
1082 1735 1279 1805 spuria:
1311 1745 1421 1789 tum
1454 1736 1698 1806 genuium
1728 1734 1902 1790 Colle-
1932 1797 1972 1806 _
2006 1732 2340 1802 Augustinus
2366 1745 2428 1785 ea
2460 1731 2668 1802 integra
2719 1733 3034 1789 doctissimo
3073 1734 3462 1788 commentario
3512 1733 3596 1788 in-

313 1824 511 1880 ctidnis
546 1825 856 1880 lsulorianzc
903 1797 1180 1880 codicibus
1227 1825 1427 1879 inserta
1455 1797 1618 1880 vsunl.
1669 1824 1900 1880 Jacobus
1932 1797 1975 1857 Β
2005 1797 2212 1878 structa
2247 1823 2445 1894 publici
2473 1797 2616 1894 juris
2639 1823 2763 1878 fecit
2790 1825 2926 1896 (M).

311 1913 570 1970 Merlinus
596 1932 700 1970 una
732 1930 852 1970 cum
881 1915 1312 1971 Pseudo-lsidori
1339 1915 1668 1971 Collectione
1690 1917 1898 1986 primus

306 2019 368 2059 ea
398 2005 662 2076 vulgavit.
695 2020 759 2060 ac
787 2005 910 2059 dein
941 2007 992 2058 in
1035 2020 1226 2059 omnes
1267 2004 1379 2058 fere
1405 2004 1752 2059 conciliorum
1784 2005 1897 2060 col-

307 2098 568 2154 lectiones
621 2099 972 2154 transierunt.
1025 2097 1262 2153 Mansius
1315 2081 1503 2153 eadem
1572 2114 1634 2151 ex
1689 2097 1897 2154 Garsia:

306 2190 514 2247 Loaisa:
531 2190 655 2245 etP.
674 2190 874 2246 Labbei
899 2189 1021 2245 SJ.
1042 2189 1355 2245 recensione
1381 2187 1730 2260 recusit(59')
1754 2191 1896 2260 quod

306 2283 471 2338 etiam
519 2281 780 2337 Justellus
827 2282 942 2352 (40)
999 2293 1052 2337 et
1104 2281 1417 2337 llarduinus
1461 2282 1571 2353 (Η)
1631 2282 1893 2338 fecerunt.

305 2373 584 2430 Posterior
605 2389 730 2428 cum
760 2374 983 2430 adnotet
1003 2390 1061 2430 se
1090 2376 1328 2445 capitula
1355 2377 1455 2430 ista
1486 2375 1537 2429 in
1565 2375 1895 2445 amplissima

307 2463 520 2536 collegii
550 2463 608 2519 S.
650 2463 699 2520 ι.
741 2464 1071 2520 Parisiensis
1108 2481 1375 2522 canonum
1420 2466 1747 2522 Collectione
1791 2483 1893 2522 ms.

306 2555 602 2619 invenisse.
644 2570 750 2609 non
783 2556 848 2611 de
875 2555 979 2612 alia
1011 2571 1174 2626 quam
1205 2557 1271 2612 de
1301 2556 1385 2610 illa
1423 2571 1692 2612 canonum
1724 2556 1898 2612 Colle-

306 2647 486 2701 ctione
511 2645 724 2702 locutus
747 2660 869 2702 esse
895 2648 1128 2714 videtur,
1155 2664 1274 2718 qua:
1305 2649 1357 2703 in
1385 2648 1681 2705 Saviniano
1712 2650 1897 2706 codice

305 2751 336 2790 a
391 2738 551 2793 nobis
611 2738 808 2808 srepius
859 2748 1284 2796 commemorato
1345 2740 1671 2796 continetur.
1715 2740 1896 2797 Codex

311 2829 453 2883 enim
507 2830 609 2885 iste
653 2830 783 2884 olim
829 2832 882 2885 in
923 2830 1014 2886 illa
1065 2831 1273 2904 collegii
1319 2847 1428 2887 soc.
1475 2832 1523 2886 J.
1573 2831 1894 2890 bibliotheca

306 2922 530 2978 Parisiis
560 2924 904 2990 servabatur,
929 2935 1094 2995 atque
1129 2925 1245 2996 ipsa
1281 2925 1540 2980 Collectio
1587 2925 1796 2998 integra
1827 2941 1894 2980 ex

305 3014 360 3069 S.
393 3015 632 3071 Anselmi
680 3017 942 3072 Lucensis
973 3032 1139 3087 opere
1169 3017 1450 3087 desumpta
1479 3025 1578 3072 est.
1620 3016 1894 3073 Posterio-

307 3126 392 3167 res
414 3127 684 3168 canonum
717 3111 1061 3179 collectores,
1084 3115 1174 3184 qui
1205 3129 1273 3169 ex
1298 3115 1518 3169 decretis
1549 3130 1644 3170 seu
1667 3129 1734 3170 ex
1771 3133 1892 3169 con~

305 3202 422 3256 cilia
453 3202 675 3257 Martini
715 3221 866 3273 papa:
912 3202 972 3259 8.
1006 3203 1222 3259 Martini
1261 3204 1494 3276 capitula
1525 3205 1717 3268 citant,
1747 3206 1892 3262 nullo

306 3295 462 3349 modo
515 3295 721 3350 codicis
774 3294 1052 3350 Saviniani
1100 3295 1512 3359 Collectionem,
1573 3297 1650 3352 uti
1697 3297 1893 3352 fratres

304 3385 576 3442 Bailerittii
629 3387 926 3458 opinantur
982 3388 1118 3460 (42),
1174 3389 1268 3444 sed
1316 3390 1492 3458 ipsum
1542 3389 1600 3445 S.
1649 3389 1890 3445 Anselmi

307 3475 566 3534 Lucensis
593 3494 730 3549 opus
755 3496 865 3550 pra:
893 3481 1066 3537 oculis
1097 3483 1420 3538 habuerunt.

373 3571 454 3626 Ad
480 3573 701 3627 Adriani
728 3571 789 3626 P.
817 3573 1050 3643 capitula
1077 3575 1220 3644 quod
1257 3574 1471 3640 attinet,
1503 3589 1566 3629 ea
1596 3574 1886 3629 An=clmus

303 3662 384 3715 vel
415 3663 728 3734 singulatim
767 3664 853 3718 vel
891 3665 1044 3734 plura
1087 3664 1248 3720 simul
1298 3680 1417 3720 sese
1462 3665 1694 3722 invicem
1743 3667 1892 3722 exci-

304 3752 504 3822 pientia
529 3753 968 3810 sumColleetioni
1002 3756 1246 3811 inseruit.
1273 3755 1404 3824 Quae.
1430 3757 1741 3826 singulatim
1766 3758 1893 3814 biuc

307 3843 517 3900 illincin
541 3846 939 3902 diversislibris
963 3863 1147 3918 sparsa
1172 3849 1669 3919 deprehenduntur,
1691 3850 1893 3919 passim

307 3949 371 3988 ea:
419 3937 626 3993 decreto
673 3940 899 3995 Adriani
928 3938 994 3994 Ρ.
1033 3941 1291 4011 inscripta
1338 3951 1494 4008 sunt;
1520 3941 1663 4010 quod
1690 3942 1732 3997 si
1765 3957 1895 3998 vero

307 4039 489 4082 eorum
543 4029 742 4086 seriem
791 4031 1016 4102 recepit,
1051 4031 1326 4102 vulgarem
1377 4031 1786 4102 inscriptionem
1829 4033 1896 4089 iis

375 4228 486 4299 ('59)
517 4226 809 4298 Fagnauus
835 4228 887 4282 in
937 4227 1344 4285 Commentario
1384 4231 1450 4284 ad
1489 4237 1649 4299 caput
1689 4241 1886 4284 secun-
1919 4213 1967 4274 Ι)

307 4301 428 4422 ἰξιῖιιι
459 4299 534 4354 De
579 4299 840 4368 bigamis,
874 4309 1003 4354 tom.
1032 4303 1080 4366 I,
1113 4316 1234 4371 pag.
1273 4301 1400 4357 450.
1442 4300 1682 4357 Venetiis
1728 4299 1890 4365 i709,

328 4387 358 4422 0
383 4409 396 4422 .

328 4387 396 4424 0|.

375 4437 746 4511 (59')77Concilr.
773 4447 903 4511 tom.
928 4439 1016 4505 IX,
1047 4456 1167 4511 pag.
1200 4441 1457 4497 845-860.

372 4508 849 4580 (40)’Bibliotbeca
875 4510 1016 4579 juris
1048 4508 1305 4567 canonici
1337 4512 1566 4579 veteris,
1597 4521 1732 4568 tom.
1757 4508 1806 4579 ~l,
1835 4511 1890 4568 in

306 4582 535 4652 append.
564 4595 686 4652 pag.
712 4579 860 4634 7.32.
890 4580 1113 4652 Parisiis
1145 4583 1300 4646 1661,
1338 4582 1428 4636 fol.

374 4652 484 4722 (41)
507 4651 732 4722 Collect.
765 4651 961 4706 council.
993 4660 1125 4706 tom.
1156 4651 1247 4716 ΙΙΙ,
1282 4669 1402 4722 pag.
1426 4653 1552 4708 590.

371 4723 482 4792 (42)
526 4721 658 4777 Loe.
689 4722 804 4783 cit.,
827 4737 884 4793 7p.
919 4738 993 4786 IV,
1019 4737 1138 4792 cap.
1187 4724 1223 4777 2
1246 4764 1259 4788 ,
1284 4721 1417 4793 pag.
1452 4722 1708 4778 578-582.
1758 4723 1889 4780 0m-

303 4793 448 4848 nium
465 4793 781 4848 doctissime
807 4792 874 4846 de
901 4793 1048 4848 hisce
1071 4795 1128 4848 8.
1154 4792 1770 4849 MartiniBraecarensis
1791 4810 1884 4849 ea-

303 4864 479 4934 pitulis
500 4863 1036 4919 disseruitAutonius
1047 4865 1401 4934 Augustinus,
1419 4865 1490 4919 De
1511 4865 1888 4919 emendatione

302 4933 537 5005 Gratiani
590 4934 879 5005 dialogor._
916 4933 1007 4990 lib.
1061 4933 1232 5005 prier.
1267 4935 1464 5004 dialog.
1501 4952 1569 5000 x,
1604 4949 1656 4988 xl
1699 4943 1754 4988 et
1785 4951 1884 5000 stt,

301 5005 435 5074 apud
475 5003 815 5077 Galland.r't.
840 5003 1075 5077 Μίμας.
1105 5005 1378 5077 290ιὸ14,
1421 5003 1510 5061 ed.
1540 5006 1660 5077 cit_.,
1687 5015 1890 5077 etpost

301 5073 416 5128 eum
443 5076 624 5131 Carol.
659 5073 877 5129 Sebast.
911 5073 1207 5139 BerEtrdus,
1250 5086 1564 5133 antecessor
1587 5073 1884 5130 Tant-inen-

303 5145 394 5217 sis,
423 5147 472 5201 in
503 5160 673 5217 opere
703 5164 715 5198 :
744 5143 985 5200 Gratiani
1027 5159 1265 5217 canones
1302 5149 1519 5216 genuini
1551 5147 1618 5200 ab
1660 5159 1888 5216 apocry-

303 5216 422 5284 pltis
465 5215 725 5282 discreti,
762 5218 998 5288 corrupti
1045 5215 1114 5269 ad
1161 5215 1590 5290 emendatiorum
1638 5215 1883 5289 codicum

1926 3146 1968 3168 Π

1930 3187 1969 3204 υ

2076 1914 2278 1969 Prreter
2298 1915 2412 1970 haec
2439 1927 2810 1981 monumenta,
2843 1932 2963 1987 quae
2987 1916 3354 1972 ecclesiastica
3371 1929 3516 1981 sunt,
3532 1915 3593 1974 S.

1999 2004 2289 2061 Auselmus
2316 2006 2466 2076 plura
2501 1995 2798 2077 fragmenta
2822 2018 2931 2063 tum
2962 2025 3026 2064 ex
3048 2009 3170 2079 jure
3193 2010 3455 2076 Romano,
3483 2020 3592 2066 tum

2000 2110 2066 2151 ex
2096 2112 2284 2168 regum
2312 2097 2645 2153 Francorum
2695 2100 3084 2170 capitularilms
3117 2103 3345 2172 recepit,
3379 2118 3498 2172 qum
3525 2105 3594 2156 ad

2000 2201 2090 2242 res
2115 2188 2514 2244 ecclesiasticas
2543 2200 2810 2260 spectant.
2845 2193 2918 2247 De
2936 2191 3075 2260 juris
3092 2192 3319 2248 Romani
3352 2211 3450 2249 usu
3475 2195 3596 2254 vide.

2000 2292 2120 2346 qua:
2147 2293 2176 2332 a
2200 2277 2488 2334 Reisacbio
2541 2280 2594 2335 in
2640 2281 3023 2338 dissertatione
3044 2323 3058 2344 .
3087 2299 3248 2353 quam
3279 2285 3345 2339 de
3399 2286 3504 2340 bac
3533 2300 3592 2339 re

1999 2369 2204 2423 nostris
2231 2369 2696 2438 disquisitionibus
2719 2372 2963 2442 adjunxit
2985 2373 3118 2443 (45),
3144 2374 3287 2428 dicta
3318 2385 3466 2441 sunt,
3498 2373 3594 2430 ubi

2001 2460 2232 2517 indicem
2260 2477 2476 2533 quoque
2504 2478 2534 2518 ι
2563 2464 2776 2520 clariss.
2815 2466 3035 2520 Savinio
3065 2469 3390 2522 adornatum
3438 2469 3590 2522 iuve-

2000 2552 2140 2617 nies,
2167 2553 2219 2606 in
2251 2568 2358 2623 quo
2380 2555 2561 2609 omnia
2588 2554 2821 2625 capitula
2850 2556 2918 2610 ab
2945 2556 3206 2613 Anselmo
3244 2573 3311 2613 ex
3334 2557 3460 2630 jure
3483 2559 3594 2615 Ro-

2000 2661 2163 2702 mano
2184 2655 2430 2703 mutuala
2458 2657 2642 2702 notata
2667 2658 2816 2704 sunt.

2072 2739 2386 2806 Gratianus,
2411 2747 2471 2796 ut
2492 2740 2606 2812 jam
2629 2741 2825 2811 sacpius
2847 2740 3249 2810 admonuimus,
3265 2743 3325 2798 S.
3346 2743 3593 2802 Auselmi

1999 2833 2320 2889 collectione
2369 2833 2421 2888 in
2473 2834 2790 2890 adornando
2844 2835 3070 2890 Decreto
3129 2850 3294 2906 quam
3352 2834 3590 2892 maxime

2001 2943 2131 2981 usus
2160 2935 2262 2986 est.
2295 2926 2368 2980 ita
2401 2925 2618 2995 quidem
2667 2935 2744 2992 ut,
2794 2926 2839 2982 si
2870 2926 3140 2982 celebrem
3167 2941 3436 2981 canonum
3467 2925 3596 2982 Col-

2001 3019 2314 3075 lectionem.
2338 3035 2501 3074 uuam
2527 3020 2882 3091 Tripartilam
2915 3035 3314 3092 nuncupamus,
3341 3029 3396 3076 et
3419 3019 3599 3077 Ivonis

2001 3113 2349 3166 Panormiam
2375 3113 2615 3182 excipias
2636 3152 2650 3176 ,
2682 3112 2829 3166 nullo
2852 3127 3120 3168 canonum
3147 3128 3311 3185 opere
3345 3121 3454 3168 tam
3487 3112 3596 3168 fre-

2001 3213 2232 3274 quenter
2253 3220 2382 3258 usus
2405 3219 2524 3258 esse
2546 3204 2804 3258 dicendus
2825 3203 2913 3258 sit.
2933 3203 3084 3271 Quod
3107 3219 3227 3259 cum
3251 3203 3592 3260 celeberrimi

1999 3304 2318 3348 correctores
2369 3293 2592 3348 Romani
2631 3294 3159 3359 animadverterent,
3191 3294 3416 3363 singulis
3455 3292 3596 3350 Gra-

1999 3388 2130 3445 tiani
2162 3386 2413 3456 capitulis
2440 3402 2506 3442 ex
2528 3385 2878 3441 Anselmiano
2906 3401 3070 3456 opere
3099 3385 3419 3455 desumptis,
3445 3385 3592 3454 ejus-

1997 3485 2118 3537 dem
2149 3490 2203 3536 et
2230 3479 2356 3535 libri
2395 3487 2450 3534 et
2483 3479 2677 3549 capitis
2706 3493 2990 3534 numerum
3039 3478 3091 3534 in
3142 3477 3385 3548 margine
3434 3477 3591 3534 addi-

1995 3575 2212 3629 derunt.

2063 3665 2330 3721 Caeterum
2363 3663 2414 3718 in
2445 3663 2786 3732 excerpendo
2819 3662 2876 3716 S.
2916 3661 3154 3717 Anselmi
3183 3675 3345 3732 opere
3371 3659 3587 3717 Gratia.

1996 3772 2097 3811 nus
2127 3755 2372 3810 eamdem
2404 3754 2629 3809 omnino
2660 3754 2970 3808 methodum
3016 3753 3268 3818 retinuit,
3310 3769 3470 3824 quam
3515 3753 3584 3810 ab

1993 3863 2058 3901 eu
2084 3848 2261 3917 quoad
2283 3845 2669 3902 Collectionem
2695 3843 3048 3914 'l‘ripartitam
3077 3854 3238 3915 atque
3272 3843 3448 3899 lvonis
3485 3843 3589 3898 Pa-

1996 3938 2264 3994 normiam
2291 3938 2636 3995 observatam
2686 3935 2855 3993 fuisse
2908 3937 3401 3994 demonstravimus
3451 3933 3589 4007 (46).

1992 4031 2233 4088 Anselmi
2268 4031 2501 4104 capitula
2537 4039 2631 4086 aut
2663 4031 2872 4102 integra
2919 4040 3015 4085 aut
3057 4029 3110 4084 in
3142 4039 3326 4101 partes
3357 4029 3592 4084 dissecta

2066 4229 2180 4299 (44)
2211 4229 2447 4298 Operum
2467 4238 2504 4284 ι.
2530 4229 2624 4293 lll,
2659 4227 3060 4299 pag.5£9-569.
3095 4226 3274 4294 Lucae,
3304 4225 3460 4290 1767,
3488 4225 3585 4299 fol.

1998 4297 2240 4356 Mansius
2261 4297 2502 4369 capitula
2524 4297 2753 4354 Adriani
2773 4298 2831 4352 Ρ.
2862 4314 2966 4352 una
2993 4315 3113 4369 cum
3145 4301 3271 4369 Aut.
3300 4297 3590 4369 Augustini

1995 4367 2403 4426 Commentario
2427 4371 2625 4424 recusit
2647 4369 2874 4425 Collect.
2899 4367 3094 4423 concil.
3123 4377 3156 4421 t.
3179 4367 3290 4431 XII,
3307 4383 3430 4437 pag.
3455 4367 3590 4423 903-

1997 4441 2124 4496 936.
2154 4437 2284 4495 Vide
2309 4456 2430 4508 qua:
2458 4440 2518 4496 C.
2550 4439 2677 4495 Seb.
2705 4439 2980 4508 .Berardns
3025 4439 3091 4492 de
3133 4439 3282 4493 bisce
3333 4437 3590 4507 capitulis

1996 4514 2220 4636 agnotat
2251 4527 2264 4564 :
2297 4507 2542 4566 Gratiani
2571 4507 2832 4576 canOnes,
2873 4518 3004 4575 etc.,
3033 4517 3070 4561 t.
3107 4509 3144 4573 Ι,
3170 4523 3295 4579 pag.
3319 4507 3591 4576 550-555,

1996 4595 2024 4635 e
2066 4622 2079 4636 .
2108 4598 2154 4636 et
2188 4619 2204 4636 .

1993 4583 2079 4636 ed.
2108 4583 2204 4637 cit.

2065 4652 2180 4724 (45)
2215 4650 2270 4724 Ιαη
2293 4650 2496 4723 sylloge
2519 4660 2698 4724 nostra
2724 4648 3032 4724 dissertatio
3055 4665 3130 4724 tv.

2066 4719 2178 4794 (46)
2212 4719 2527 4794 Gratianus,
2559 4723 2610 4776 iu
2651 4729 2910 4789 quantum
2951 4720 3068 4773 iieri
3111 4721 3307 4788 potuit,
3339 4719 3592 4794 ordinem

1991 4791 2174 4864 operis
2207 4793 2542 4848 Anselmiaui
2593 4800 2809 4864 secutus
2848 4801 2964 4857 est;
2995 4805 3168 4860 pauca
3210 4791 3594 4846 tantummodo

1991 4861 2237 4935 exempla
2262 4866 2377 4935 ihoe
2404 4861 2778 4935 comprobent.

2061 4930 2194 4989 Aus.
2219 4933 2313 4989 lib.
2346 4951 2398 5001 ι,
2425 4930 2545 5001 cap.
2575 4934 2662 4992 Η.
2694 4931 2778 4995 16,
2822 4933 2914 4996 51,
2955 4932 3047 4996 57,
3078 4931 3169 4996 59,
3206 4931 3274 4987 57
3304 4941 3362 4986 et
3517 4959 3590 4969 --

1990 5002 2169 5068 C.24,
2199 5019 2252 5072 q.
2292 5006 2344 5067 1,
2377 5000 2686 5068 c.18,t5,
2733 5003 2834 5068 16,
2867 5005 2964 5068 10,
3011 5005 3110 5064 15.
3147 5002 3242 5064 22,
3271 5002 3373 5066 ‘25;
3405 5000 3500 5072 lib.
3533 5014 3588 5064 ι,

1989 5088 2039 5128 c.
2067 5075 2160 5138 20,
2190 5068 2281 5140 213,
2314 5075 2404 5129 54.
2434 5105 2503 5114 —
2535 5075 2600 5130 (ἶ.
2630 5075 2681 5134 9,
2711 5089 2770 5142 (ι.
2793 5075 2847 5141 5,
2885 5090 2935 5129 c.
2969 5073 3290 5137 15,14,15.
3322 5098 3392 5142 -τ-
3421 5068 3512 5126 lib.
3547 5084 3590 5132 l.

1991 5158 2044 5199 c.
2075 5145 2163 5208 35,
2187 5145 2280 5216 tt,
2307 5146 2396 5208 to,
2419 5145 2509 5200 50.
2539 5174 2611 5185 --
2640 5142 2701 5216 C_.
2732 5141 2828 5212 '25,
2861 5163 2917 5216 q.
2949 5145 3080 5216 t,_c.
3113 5143 3159 5216 t,
3194 5143 3232 5216 ξ
3260 5153 3317 5199 et
3339 5141 3405 5216 ι.Δ
3538 5146 3601 5216 ⁸ο

1996 5285 2018 5292 ῃ
2061 5207 2192 5292 Qus.
2227 5207 2321 5269 lib.
2347 5232 2412 5280 tt,
2443 5231 2563 5286 cap.
2591 5215 2646 5279 6,
2679 5214 2732 5280 7,
2767 5207 2934 5286 8,10.
2981 5207 3052 5253 Α
3103 5213 3165 5268 C.
3199 5215 3271 5280 2,
3293 5229 3350 5284 q.
3376 5212 3500 5276 6,0.
3531 5211 3591 5277 8,
