4030 5354
403 289 512 350 54⁸1

1249 289 1342 345 Μ)
1381 287 1534 346 01³1),
1576 285 1634 343 S.
1671 281 1970 341 ANSELMI
2001 279 2340 337 LUCENSIS
2379 277 2838 338 APPENDICES.

3585 271 3688 328 548

403 407 607 480 recepit
643 408 780 478 (47),
812 421 1197 475 nonnunquam
1231 406 1394 458 etiam
1441 404 1593 472 plura
1626 401 1734 455 duo
1769 399 1848 453 vel
1894 397 1996 452 tria
2031 413 2072 466 Α
2102 392 2254 448 selmi
2287 393 2378 462 qui
2405 392 2631 448 Parisiis
2672 397 2891 448 exstant
2927 387 3348 480 inibihliotheca
3387 385 3567 480 regia,
3609 384 3691 480 in.

403 516 464 558 se
500 502 731 556 invicem
763 501 1044 570 sequentia
1073 498 1296 552 retentis
1329 512 1517 552 eorum
1563 493 2004 564 inscriptiouilms

406 593 458 647 in
515 607 680 647 unum
733 591 1032 660 conjunxit.
1083 590 1291 658 Saepius
1339 587 1592 656 capitulis
1632 599 1800 655 pauca
1833 583 2001 638 verba

405 685 638 748 addidit,
673 683 724 737 in
750 684 872 737 aliis
901 697 1026 736 vero
1061 681 1304 750 quaedam
1349 679 1585 748 reliquit.
1617 677 2002 745 lnscriptiones

401 790 521 842 qua:
570 775 709 844 apud
767 773 954 830 Ansel.
1015 771 1294 844 longiores
1324 782 1514 835 erant,
1557 769 1848 826 Gratianus
1875 783 2003 823 con-

404 867 604 932 traxit,
643 867 786 934 quod
812 865 976 920 etiam
995 879 1116 920 cum
1157 864 1462 928 summulis,
1495 863 1720 934 singulis
1748 860 2002 932 capitulis

401 972 465 1008 ex
506 971 656 1010 more
703 955 968 1026 praefixis,
1026 955 1175 1011 fecit.
1229 955 1596 1024 Epistolarum
1651 952 2000 1010 decretalium

404 1045 860 1115 subscriptiones,
915 1061 1054 1115 quas
1089 1045 1376 1101 Anselmus
1409 1045 1714 1116 saepissime
1751 1042 1997 1108 exhibet,

403 1133 518 1187 fere
547 1148 736 1188 omnes
763 1134 966 1190 omisit.
1629 1122 1632 1124 7

477 1226 606 1294 Qum
642 1243 762 1281 cum
797 1228 870 1281 ita
903 1226 1052 1290 sint,
1084 1226 1304 1281 dubium
1353 1241 1457 1281 non
1505 1235 1588 1280 est
1635 1224 2000 1280 Anselmiana:

403 1317 756 1372 Collectionis
811 1332 913 1387 ope
961 1317 1127 1372 multa
1179 1317 1422 1372 Gratiani
1475 1317 1733 1386 capitula,
1767 1331 1998 1386 quormn

406 1409 789 1478 inscriptiones
836 1417 930 1464 aut
975 1411 1270 1480 deperdita:
1333 1418 1427 1464 aut
1477 1411 1783 1478 depravatte
1840 1417 1996 1472 sunt,

407 1499 638 1565 reStitui,
665 1509 982 1570 textumque
1013 1501 1218 1569 ipsum,
1249 1501 1340 1570 qui
1393 1515 1780 1569 nonnunquam
1827 1497 1998 1568 magis

405 1590 615 1661 integer
641 1607 701 1644 ac
723 1592 1090 1646 correction-in
1118 1591 1176 1644 S.
1209 1589 1446 1644 Ansclmi
1482 1589 1812 1646 Collectione
1834 1605 1995 1660 quam

407 1682 462 1734 in
492 1679 736 1736 Gratiani
770 1683 988 1736 decreto
1017 1683 1461 1752 deprehenditur,
1511 1682 1789 1736 emendari
1815 1696 1992 1752 posse.

2107 491 2313 552 trgi-am
2343 483 2784 536 constitutionem
2812 479 3102 536 Iustiniani
3143 479 3274 550 imp.
3327 475 3365 531 l.
3395 477 3498 542 22,
3531 491 3578 531 c.
3617 475 3692 530 De

2105 573 2209 628 SS.
2251 571 2498 627 Ecclesiis
2549 574 2835 634 exhibent,
2893 573 3051 641 cujus
3092 570 3384 624 Gratianus
3431 578 3487 622 ct
3531 568 3688 622 codd.

2101 663 2436 718 Anselmiaui
2465 663 2707 720 Vaticani
2737 663 2950 716 nonnisi
2983 660 3346 730 fragmentum
3376 657 3690 727 proferunt,

2101 769 2167 809 ex
2206 769 2312 822 quo
2351 763 2504 822 patet
2549 754 2870 810 Gratianum
2899 753 3145 808 Romano
3175 750 3258 806 vel
3289 750 3482 806 saltem
3505 747 3691 804 Italico

2101 843 2341 900 Anselnti
2370 844 2668 914 exetnplati
2697 861 2848 898 nsunt
2875 845 3062 898 fuisse.

2174 936 2443 992 Cmterum
2466 937 2530 992 de
2555 937 2706 992 hisce
2733 935 2910 1008 legum
2933 933 3252 1006 fragmentis
3273 946 3570 1008 eorumque
3592 944 3694 986 usu

2103 1028 2158 1082 in
2185 1029 2553 1083 monumentis
2581 1026 2973 1083 ecclesiasticis
3014 1025 3162 1081 conf.
3207 1026 3402 1080 doctis.
3441 1007 3501 1078 ’.1.
3553 1023 3692 1078 Dan.

1983 1161 1998 1178 .
2103 1119 2370 1174 Rittcrnm
2422 1121 2476 1174 in
2529 1119 2662 1174 edit.
2717 1133 2812 1172 sua
2863 1117 2997 1172 Cod.
3047 1115 3318 1172 Theodos.
3372 1125 3412 1169 t.
3447 1113 3622 1184 \'l,p.
3653 1126 3693 1176 ι,

2100 1225 2156 1282 p.
2181 1211 2251 1267 49
2272 1220 2328 1265 et
2357 1211 2445 1264 65.
2472 1210 2687 1279 Lipsiae.
2715 1209 2876 1275 1715,
2911 1206 3090 1262 in—fol.

2257 1302 2373 1357 LIB.
2402 1300 2492 1368 IV,
2517 1301 2648 1357 Car.
2675 1301 2766 1356 59.
2812 1301 3002 1355 Nemo.
3027 1300 3090 1354 C.
3115 1299 3170 1364 9,
3195 1315 3250 1368 q.
3277 1299 3332 1364 5,
3359 1314 3410 1353 c.
3444 1299 3532 1354 15.

2173 1391 2466 1447 Gratianus
2485 1391 2779 1460 capitulum
2805 1391 2944 1446 istud
2963 1406 3026 1445 ex
3045 1390 3299 1445 Anselmo
3319 1391 3536 1460 quidem
3565 1390 3698 1443 inte-

2099 1496 2257 1550 grum
2282 1483 2502 1551 recepit,
2528 1481 2619 1536 sed
2645 1481 2780 1536 falso
2799 1482 2914 1536 iusc
2947 1479 3074 1550 ipsit
3097 1499 3110 1536 :
3135 1479 3476 1535 Innocentius
3498 1479 3562 1533 Ρ.
3589 1481 3699 1534 An-

2099 1571 2302 1628 sclmus
2325 1581 2381 1625 et
2409 1581 2597 1628 auctor
2617 1571 2967 1626 Collectionis
2989 1571 3508 1642 Czesaraugustanre,
3529 1571 3620 1626 lib.
3658 1587 3696 1636 ι,

2099 1663 2224 1726 c.1,
2252 1661 2416 1716 etlih.
2446 1679 2497 1726 ν,
2527 1679 2575 1716 c.
2605 1664 2658 1728 1,
2683 1663 3088 1734 inscriptionem
3116 1661 3400 1718 :Silvester
3417 1661 3552 1718 P.in
3573 1679 3700 1718 con-

405 1769 577 1825 Nimis
603 1771 816 1842 longum
847 1780 1010 1841 atque
1045 1751 1558 1826 alnostroinstitnto
1580 1772 1735 1842 plane
1765 1751 1998 1826 alienant

2113 1753 2230 1808 cilia
2251 1751 2486 1808 CCLXX
2506 1753 3008 1825 l’ll‘episcoporum.
3032 1753 3336 1824 Capitulutn
3357 1757 3700 1825 desumptum

405 1872 572 1926 esset,
604 1863 646 1915 si
671 1862 882 1932 singula
931 1861 1235 1916 Gratiancm
1264 1861 1611 1916 Collectionfs
1641 1860 1876 1931 capitula
1907 1861 2000 1915 ad-

411 1961 602 2006 notare
637 1951 929 2016 vellemus,
959 1967 1079 2020 quae
1117 1939 1218 2020 ope
1254 1950 1603 2006 Colles-tionis
1636 1950 2002 2006 Anselmiaua:

409 2042 604 2113 corrigi
633 2053 875 2113 possunt.
929 2045 1184 2099 Attamen
1215 2061 1383 2114 pauca
1413 2045 1658 2114 tpnedam
1691 2044 1780 2100 hic
1815 2061 2003 2101 exem-

411 2133 496 2214 pla
527 2135 793 2199 dabimus,
829 2143 887 2189 ut
916 2143 1099 2204 pateat
1125 2137 1313 2204 quanti
1354 2137 1616 2191 momenti
1655 2137 1724 2190 sit
1759 2135 2000 2192 Anselmi

407 2241 544 2296 opus
575 2241 673 2296 pro
721 2226 786 2280 iis
817 2226 906 2294 qui
939 2227 1159 2281 critices
1183 2241 1286 2296 0pc
1313 2225 1610 2282 Gratianei.
1649 2227 1860 2283 Decreti
1889 2237 2002 2283 lex-

411 2325 522 2368 tum
545 2316 966 2371 emendatiorem
995 2315 1223 2370 reddere
1249 2317 1490 2371 student.

407 2427 525 2482 Lm.
558 2426 646 2493 IV,
675 2426 808 2483 Car.
836 2427 890 2482 5.
939 2425 1280 2500 Privilegiurnt
1327 2429 1561 2496 omnino,
1609 2443 1660 2484 e.
1719 2429 1774 2483 11
1799 2471 1813 2494 ,
1847 2444 1900 2500 q.
1928 2429 1962 2482 5
1985 2469 1998 2494 ,

1128 2516 1178 2552 ρ.
1209 2499 1296 2552 05.

479 2592 774 2646 Gratianus
813 2605 878 2646 ex
913 2590 1032 2644 solo
1059 2591 1316 2646 Anselmo
1347 2591 1644 2661 capitulum
1689 2592 1857 2646 hocce
1885 2608 2000 2644 tutt-

412 2692 594 2740 tuatns
609 2693 713 2750 est,
740 2683 880 2738 idem
893 2698 1024 2738 vero
1050 2685 1328 2753 inscripsit.
1354 2699 1368 2736 :
1397 2683 1482 2738 Ex
1509 2684 1728 2753 registro
1764 2683 2002 2752 Gregorii

415 2773 492 2826 Μ.
523 2773 810 2828 Anselmus
839 2773 1002 2828 oll‘crt
1035 2775 1324 2845 genuinam
1351 2775 1520 2842 ipsius
1560 2773 1996 2843 inscriptionem:

411 2864 720 2936 Simplicius
747 2863 813 2918 Ρ.
838 2864 1034 2919 Joanni
1069 2866 1309 2940 episcopo
1340 2851 1652 2918 Ravennati.
1677 2864 1846 2919 llard.
1873 2873 1910 2918 t.
1937 2865 1998 2930 ll,
2035 2905 2042 2908 .

409 2973 464 3027 p.
490 2957 622 3023 805;
655 2956 822 3010 Mansi
857 2965 896 3010 t.
921 2955 1022 3020 Vl;
1058 2955 1406 3010 Burehardus
1445 2953 1538 3010 lib.
1593 2971 1642 3020 ι,
1686 2969 1805 3024 cap.
1836 2955 1906 3010 2‘.)
1948 2965 2002 3009 et

410 3046 622 3102 Pseudo
653 3045 740 3101 lvo
775 3061 827 3115 p.
853 3060 908 3110 ν,
940 3061 1060 3116 cap.
1089 3045 1210 3108 140,
1243 3045 1381 3100 idem
1407 3043 1768 3114 fragmentum
1795 3047 1896 3101 sub
1919 3060 2000 3113 ge-

411 3229 552 3299 plius
573 3240 630 3284 et
654 3227 998 3298 locupletius.
1030 3227 1162 3282 Cod.
1187 3229 1314 3282 Sav.
1351 3228 1445 3284 lib.
1477 3245 1518 3296 ι,
1547 3245 1665 3299 cap.
1695 3230 1783 3294 15,
1815 3229 2008 3286 Ansel-

410 3337 558 3374 tuum
591 3321 810 3391 quidem
847 3335 914 3374 ex
946 3335 1124 3390 ungue
1167 3329 1390 3376 secutus
1415 3329 1536 3385 est,
1581 3320 1676 3374 sed
1716 3319 2007 3390 capitulum

411 3414 547 3470 falso
577 3415 852 3485 inscripsit
878 3428 892 3468 :
923 3413 1027 3468 Leo
1058 3411 1122 3468 Ρ.
1149 3425 1489 3484 cognomento
1512 3429 1754 3502 magnus.

411 3528 530 3583 LIB.
587 3527 676 3592 IV,
715 3527 845 3581 Car.
891 3527 978 3592 14,
1010 3526 1076 3580 15
1105 3537 1158 3580 et
1187 3527 1273 3580 19.
1317 3525 1382 3579 In
1421 3526 1646 3596 quolibet
1677 3525 1911 3596 civitate.
1939 3553 2010 3564 ——

483 3599 762 3654 Universos
789 3615 940 3668 quos.
963 3628 1032 3638 ——
1061 3597 1365 3652 Snncimus.
1399 3595 1459 3652 C.
1487 3598 1578 3662 25,
1606 3613 1663 3664 q.
1692 3599 1748 3658 8,
1771 3612 1820 3650 c.
1845 3595 1936 3650 25.

487 3692 778 3744 Anselmus
807 3689 898 3742 hic
927 3689 1029 3744 tria
1059 3688 1202 3742 i..ter
1224 3703 1282 3742 sc
1309 3688 1669 3757 discrepantia
1709 3688 1882 3758 legum
1917 3699 2010 3741 sar

319 3841 324 3846 ,
413 3779 682 3834 culariuut
713 3777 1024 3846 fragmenta
1049 3778 1280 3848 profert,
1328 3789 1386 3832 et
1426 3779 1644 3846 quidem
1693 3777 1730 3830 1.
1773 3777 1840 3832 16
1865 3776 2011 3832 0126

419 3871 480 3926 C.
509 3869 715 3924 Theod.
741 3869 818 3923 De
841 3871 1118 3938 episwpis,
1150 3869 1379 3923 ecclesiis
1401 3879 1446 3922 et
1473 3868 1677 3922 clericis
1705 3869 1816 3938 (xv:
1835 3909 1851 3934 ,
1891 3867 2006 3938 27),

414 3973 471 4016 et
498 3961 536 4016 l.
566 3961 667 4025 22,
707 3976 756 4015 c.
791 3959 867 4014 De
901 3958 1008 4014 SS.
1054 3958 1305 4014 Ecclesiis
1349 3961 1411 4031 (ι,
1437 3960 1516 4031 2).
1565 3959 1858 4016 Gratianus
1907 3962 2006 4016 tria

417 4053 522 4107 ista
573 4053 908 4122 fragmenta,
955 4051 1008 4104 in
1051 4067 1228 4105 unum-
1261 4067 1389 4106 γει-ο
1437 4052 1754 4121 conjuncta,
1801 4052 2007 4121 integra

418 4146 640 4218 recepit.
667 4145 804 4202 Cod.
849 4143 1202 4210 Savinianus,
1237 4153 1289 4198 et
1321 4143 1538 4200 codices
1582 4142 1765 4214 operis
1799 4141 1858 4198 S.
1893 4143 2006 4198 An-

417 4323 483 4376 l).
521 4323 572 4388 1,
621 4321 701 4376 De
749 4339 921 4388 cons.,
951 4338 1002 4378 c.
1031 4321 1092 4390 6,
1121 4321 1176 4388 5,
1213 4323 1267 4386 7,
1301 4322 1388 4387 19,
1422 4322 1514 4383 56.
1545 4323 1635 4386 58,
1665 4319 1758 4387 21,
1781 4320 1874 4385 2:1,
1917 4319 2004 4374 16.

417 4393 541 4446 Lib.
571 4409 628 4456 ν,
661 4411 709 4448 c.
737 4395 825 4459 59,
854 4396 942 4456 6U,
972 4395 1060 4448 61.
1094 4423 1164 4433 —
1207 4393 1380 4464 (1.18,
1411 4411 1468 4464 q.
1496 4394 1628 4458 2,c.
1655 4391 1745 4456 25,
1776 4391 1866 4464 26,
1905 4391 2004 4464 2];

2102 1859 2187 1905 est
2235 1863 2300 1904 ex
2327 1863 2448 1920 Cap.
2477 1849 2569 1916 20,
2604 1859 2710 1903 act.
2739 1865 2808 1914 tt,
2857 1849 3261 1904 constitutionis
3290 1848 3534 1904 Silvestri
3577 1847 3638 1902 Ρ.
3667 1862 3699 1901 a

2103 1940 2558 1997 Pseudo-lsidoro
2585 1956 2860 2011 procusaa;
2893 1939 3056 1994 llard.
3094 1949 3132 1994 t.
3167 1940 3208 2007 l,
3237 1955 3290 2010 p.
3312 1939 3442 2005 290,
3471 1947 3529 1992 et
3556 1938 3700 2008 apud

2102 2031 2219 2088 Pet.
2247 2031 2529 2087 Constant.
2557 2029 2812 2101 Epistolas
2835 2029 2953 2083 RR.
2981 2029 3111 2094 PP.,
3141 2027 3396 2100 append.,
3434 2043 3557 2098 pag.
3599 2025 3700 2092 50,

2104 2123 2195 2178 ed.
2232 2121 2408 2186 Paris,
2440 2121 2598 2184 1721,
2624 2121 2802 2175 in-l'ol.
2831 2120 2965 2176 Cod.
2999 2121 3126 2176 Sav.
3167 2130 3225 2175 et
3259 2119 3476 2174 codices
3505 2117 3698 2174 Ansel-

2102 2214 2268 2269 miani
2297 2214 2542 2270 Vaticani
2567 2213 2620 2268 in
2651 2213 2758 2270 line
2801 2213 3020 2284 capituli
3062 2213 3268 2268 addunt
3299 2229 3313 2266 :
3362 2211 3702 2279 Subscripse-

2104 2314 2226 2358 runt
2249 2321 2427 2358 omnes
2457 2305 2685 2374 episcopi
2709 2316 2756 2358 et
2779 2302 2876 2358 XL
2891 2302 2928 2358 γ
2943 2303 3230 2376 presbyteri
3255 2313 3302 2357 et
3331 2303 3545 2356 diaconi
3567 2299 3700 2366 γη,

2101 2408 2150 2453 et
2179 2385 2558 2452 Constantinus
2582 2397 2850 2468 Augustus
2872 2407 2920 2454 et
2943 2409 3112 2454 mater
3133 2399 3248 2469 ejus
3274 2396 3512 2463 Helena,
3537 2411 3700 2466 quam

2101 2487 2554 2558 subscriptionem
2585 2488 2876 2544 Gratianus
2905 2505 3006 2544 nec
3038 2505 3146 2544 non
3183 2491 3273 2545 lvo
3307 2490 3360 2543 in
3387 2487 3698 2542 Panormim

2104 2581 2192 2636 lib.
2223 2597 2307 2648 tv,
2345 2597 2468 2652 cap.
2499 2581 2564 2648 5,
2611 2583 2972 2638 resciderunt.
3009 2582 3100 2637 lvo
3148 2583 3370 2652 insuper
3404 2579 3703 2650 capitulum

2101 2681 2346 2728 nostrum
2374 2673 2476 2727 sub
2502 2673 2698 2741 duplici
2731 2674 2936 2744 profert
2959 2673 3314 2744 inscriptione
3343 2691 3354 2726 :
3385 2672 3452 2726 In
3477 2673 3704 2726 decretis

2103 2762 2400 2818 Innocentii
2447 2763 2691 2819 Silrester
2734 2764 2798 2819 Ρ.
2842 2766 2896 2819 in
2955 2764 3188 2835 generali
3229 2765 3460 2820 residens
3501 2765 3704 2834 synodo

2102 2855 2232 2908 dixit
2259 2870 2277 2907 :
2311 2853 2502 2909 Nemo.
2529 2855 2668 2923 Quid
2691 2855 2883 2926 plura?
2907 2855 3136 2912 Foutem
3173 2856 3298 2912 inde
3327 2854 3704 2927 inscriptionis

2102 2950 2408 3006 Gratiarum
2435 2953 2706 3005 detectum
2731 2952 3002 3006 videmus.

2053 3103 2076 3120 ι.
2109 3066 2226 3121 Ltn.
2263 3066 2326 3134 V,
2359 3066 2488 3136 Car.
2517 3066 2567 3118 1.
2597 3065 2836 3136 Ecclesia
2867 3083 2972 3120 una
3007 3077 3106 3121 est.
3138 3065 3211 3136 _C.
3239 3065 3334 3126 24.
3355 3065 3494 3136 (1.1,
3522 3081 3574 3120 c.
3611 3065 3698 3120 18.

409 3137 578 3190 nuino
610 3135 874 3205 Simplicii
915 3134 976 3188 P.
1009 3137 1228 3190 nomine
1251 3135 1554 3205 proferunt,
1587 3145 1672 3190 ast
1701 3136 1869 3192 multo
1895 3154 2012 3190 atn-
2036 3134 2080 3163 “

2455 3135 2712 3208 Loquitur
2749 3135 3008 3191 Dominus
3032 3141 3098 3190 ad
3123 3134 3362 3190 Petrum.

2191 3229 2366 3288 Locus
2391 3244 2552 3299 quem
2583 3230 2876 3286 Anselmus
2901 3231 2992 3284 hic
3043 3231 3251 3298 profert
3280 3231 3598 3300 desumptus
3621 3239 3706 3286 est

2113 3337 2178 3376 ex
2215 3319 2271 3375 :5.
2315 3321 2567 3392 Cypriani
2595 3319 2732 3376 libro
2760 3321 2836 3376 De
2883 3323 3081 3377 imitate
3129 3321 3400 3378 Ecclesitc.
3457 3322 3704 3378 Alterum

2117 3411 2340 3479 hujusce
2369 3413 2653 3484 Cyprianei
2685 3414 2787 3469 loci
2837 3397 3199 3486 fragmentum
3227 3429 3242 3469 :
3311 3414 3566 3486 Loquitur
3590 3416 3706 3472 Do-

2115 3509 2286 3562 minus
2319 3509 2388 3562 nd
2427 3507 2644 3563 Petrum
2669 3510 2909 3564 occurrit
2937 3510 2990 3564 in
3033 3511 3222 3567 eodem
3270 3511 3510 3565 Anselmi
3539 3527 3706 3580 opere

2113 3602 2205 3656 lib.
2235 3619 2274 3666 ι,
2307 3618 2425 3671 cap.
2457 3603 2543 3656 11.
2573 3602 2912 3674 Polycarpus
2939 3603 3042 3660 lib.
3073 3619 3169 3668 vn,
3197 3604 3284 3658 tit.
3326 3603 3380 3666 5,
3412 3615 3706 3672 utrumque

2115 3691 2476 3762 fiagmeutum
2501 3708 2568 3747 ex
2599 3693 2860 3749 Anselmo
2909 3693 3138 3764 recepit,
3169 3693 3265 3750 sed
3298 3694 3350 3747 in
3381 3709 3548 3748 tmum
3573 3707 3704 3748 con-

2106 3783 2308 3854 junxit,
2347 3785 2620 3854 posterius
2641 3784 2809 3854 priori
2842 3799 3182 3856 praeponens.
3217 3784 3512 3839 Gratianus
3535 3783 3588 3838 in
3620 3797 3706 3838 re-

2111 3876 2375 3947 cipiendis
2406 3875 2554 3930 hisce
2601 3875 2814 3932 duobus
2852 3875 3170 3947 fragmentis
3209 3875 3572 3948 Polycarpmn
3615 3890 3704 3930 se-

2111 3977 2270 4022 cutus
2297 3981 2418 4022 esse
2440 3966 2682 4032 videtur,
2707 3981 2832 4022 cum
2863 3981 2928 4022 ea
2977 3967 3028 4022 in
3077 3969 3268 4022 eodem
3305 3968 3532 4022 omnino
3556 3965 3704 4020 ordi-

2113 4075 2196 4123 ne,
2227 4058 2407 4114 verbis
2457 4057 2792 4114 solummodo
2841 4059 3028 4130 paucis
3082 4059 3369 4121 resecatis,
3421 4057 3700 4112 exhibeat.

2113 4151 2384 4208 Culte-rum
2419 4149 2711 4206 Gratianus
2741 4165 2906 4205 aurea
2936 4150 3038 4206 ista
3068 4149 3368 4221 Cyprianca
3402 4147 3564 4202 verba
3587 4145 3696 4198 fra-

2106 4321 2289 4446 «2:.90—
2321 4319 2446 4374 Lib.
2470 4335 2645 4386 V'll,c.
2684 4319 2808 4386 185,
2847 4319 2965 4375 186.
3004 4321 3160 4376 —-C.
3204 4321 3295 4385 18,
3339 4335 3392 4389 q.
3429 4319 3498 4379 2.
3554 4335 3604 4373 c.
3637 4319 3703 4372 19

421 4464 514 4536 [ψ.
539 4479 604 4536 3,
630 4481 682 4520 ο.
713 4465 803 4530 72,
833 4465 920 4530 7s,
945 4465 1036 4531 7t,
1073 4465 1160 4519 75.
1195 4493 1262 4503 —-
1291 4463 1352 4520 c.
1389 4459 1490 4531 16,
1517 4482 1570 4536 ιι.
1603 4465 1668 4529 7,
1701 4480 1749 4518 c.
1783 4463 1885 4528 to,
1914 4461 2005 4527 ac,

2183 4463 2316 4536 Abs:
2346 4460 2532 4536 lihth
2553 4501 2568 4528 ,
2605 4476 2728 4532 cap.
2757 4459 2853 4528 22,
2881 4460 2971 4527 25,
2997 4461 3090 4516 25.
3143 4491 3209 4502 -—-
3251 4462 3316 4516 1).
3349 4461 3404 4525 5,
3449 4459 3526 4514 De
3557 4476 3703 4514 rans.

419 4533 510 4596 55,
539 4533 628 4588 55.
1051 4559 1054 4562 '
1535 4533 1549 4536 “
1777 4593 1780 4596 ,

491 4604 627 4678 llus.
655 4603 750 4678 lib.
774 4621 836 4678 yt
857 4647 885 4678 ,ί
917 4621 1040 4678 cap.
1071 4606 1162 4670 27,
1203 4606 1297 4678 28,
1319 4603 1420 4678 29.
1441 4605 1773 4678 750,517.3—

417 4689 472 4729 c.
509 4673 563 4736 9,
602 4673 659 4738 4,
687 4674 743 4735 5,
769 4675 823 4734 5,
860 4677 912 4730 6.
945 4673 1064 4731 Lib.
1095 4693 1166 4738 \I,
1192 4691 1239 4728 c.
1272 4675 1362 4731 42.
1396 4676 1486 4738 45,
1517 4674 1600 4739 54,
1634 4674 1721 4730 56.
1745 4675 1892 4728 -[).
1916 4673 2004 4736 64,

421 4759 474 4798 c.
497 4744 550 4808 6,
579 4743 724 4810 8.1,
767 4744 832 4812 5;
873 4748 962 4800 lib.
995 4763 1069 4811 γι,
1102 4763 1151 4800 c.
1183 4745 1274 4808 64,
1307 4745 1393 4799 65.
1432 4777 1502 4786 ——
1533 4747 1592 4801 tl.
1626 4746 1675 4807 7,
1705 4761 1759 4812 (ι.
1791 4745 1850 4808 1,
1883 4761 1934 4797 c.
1973 4745 2007 4797 5

422 4826 477 4868 et
505 4815 557 4868 6.
595 4815 712 4868 Lib.
739 4831 812 4872 Vt.
846 4831 894 4870 c.
934 4817 1022 4870 91.
1062 4847 1136 4859 -
1167 4817 1258 4880 95.
1288 4817 1376 4880 97,
1403 4817 1493 4878 99,
1527 4815 1649 4870 160.
1678 4845 1748 4854 —
1780 4815 1840 4867 1).
1881 4813 2004 4876 100,

423 4901 473 4939 c.
499 4887 551 4948 1,
587 4885 643 4950 2,
671 4885 725 4946 9,
749 4886 802 4951 7,
831 4887 886 4950 8,
917 4886 1090 4950 5,11,
1121 4887 1175 4940 4.
1203 4887 1320 4942 Lib.
1352 4903 1428 4952 νι,
1464 4904 1514 4942 c.
1567 4883 1826 4948 ltiti-106,
1878 4885 2008 4939 107-

425 4957 548 5010 111.
602 4985 674 4995 —
724 4955 784 5010 C.
830 4956 884 5021 7,
916 4973 972 5025 q.
1015 4957 1066 5020 1,
1095 4974 1141 5010 c.
1170 4958 1260 5019 54,
1301 4959 1396 5022 45,
1436 4959 1524 5020 51,
1547 4957 1638 5022 54,
1669 4955 1758 5020 55,
1789 4955 1882 5018 42,
1913 4955 2003 5009 44.

423 5025 546 5082 Lib.
579 5041 656 5092 vt,
680 5041 730 5080 c.
759 5027 882 5092 121,
913 5028 1039 5096 125,
1079 5028 1202 5093 129,
1230 5029 1349 5082 150.
1381 5030 1443 5084 G.
1490 5029 1580 5094 25,
1607 5043 1662 5096 ιι.
1692 5027 1746 5094 8,
1774 5043 1828 5082 c.
1850 5027 1920 5081 26
1953 5037 2008 5082 et

421 5097 599 5151 27.—-
627 5099 690 5152 D.
721 5097 809 5159 99,
831 5113 878 5152 c.
904 5095 1006 5152 let
1040 5097 1093 5152 5.

493 5169 627 5222 Ans.
655 5168 747 5222 lib.
777 5183 874 5233 vn,
901 5184 1019 5235 cap.
1052 5167 1170 5222 2-8.
1199 5197 1268 5208 -—
1295 5169 1356 5222 C.
1389 5168 1478 5233 12,
1521 5184 1577 5237 q.
1609 5169 1668 5231 1.
1701 5185 1750 5224 c.
1777 5167 1832 5231 5,
1866 5170 1920 5233 8,
1948 5169 2006 5234 9,

425 5237 478 5301 5,
513 5237 604 5301 10,
635 5240 722 5302 11,
751 5239 838 5302 14,
869 5240 918 5294 1.
950 5239 1068 5292 Lib.
1093 5254 1191 5302 γη,
1215 5240 1467 5300 c.1820,
1500 5238 1690 5304 21-25,
1719 5239 1908 5294 52-54.
1938 5270 2008 5279 --

429 5309 489 5354 ll-
521 5307 610 5354 .511-
643 5323 690 5354 η-
725 5309 812 5354 fill-
845 5309 934 5354 Pili-
975 5309 1134 5354 ΒΚ-
1165 5307 1224 5354 1).
1251 5311 1339 5354 98-
1372 5325 1420 5354 ρ-
1454 5310 1655 5354 1.51-—
1678 5311 1734 5354 Π.
1759 5311 1846 5354 .55-
1877 5325 1923 5354 ρ-
1951 5310 2002 5354 ϐ-

2110 4533 2246 4594 c.1,
2283 4531 2318 4585 2
2355 4541 2409 4586 et
2443 4533 2498 4587 5.

2200 4605 2331 4657 Ans.
2365 4601 2458 4656 lib.
2482 4619 2538 4664 Χ,
2560 4617 2678 4670 cap.
2707 4601 3033 4672 741,718-20.
3065 4633 3136 4644 —-
3156 4602 3218 4658 C.
3239 4602 3332 4664 27,
3360 4618 3414 4672 q.
3446 4601 3501 4666 εξ,
3527 4616 3576 4655 c.
3611 4601 3701 4662 50,

2109 4673 2202 4733 46,
2236 4673 2324 4736 49,
2355 4673 2441 4734 19,
2470 4673 2560 4737 21,
2591 4673 2683 4727 22.
2723 4702 2794 4712 -
2827 4671 2946 4726 Lib.
2975 4687 3028 4740 tt,
3061 4689 3112 4729 c.
3157 4673 3249 4738 27,
3277 4671 3477 4728 28.7—
3517 4672 3578 4726 (ἶ.
3607 4672 3702 4734 50,

2113 4762 2167 4798 (ι.
2191 4743 2246 4798 5.
2276 4744 2374 4798 c.1
2411 4753 2466 4798 et
2494 4743 2548 4798 2.

2113 4762 2167 4814 q.
2191 4743 2246 4809 5,
2276 4744 2374 4798 c.1
2411 4753 2466 4798 et
2494 4743 2548 4798 2.

2178 4816 2310 4868 Ans.
2349 4814 2443 4868 lib.
2486 4830 2560 4876 xl,
2617 4829 2738 4882 cap.
2793 4813 2986 4878 51-54,
3019 4813 3122 4869 150
3151 4822 3208 4868 et
3241 4813 3360 4868 140.
3415 4843 3472 4852 --
3497 4811 3561 4868 C.
3603 4811 3697 4876 22,

2108 4899 2164 4954 q.
2193 4885 2244 4946 5.
2272 4899 2322 4939 c.
2355 4885 2460 4946 1-4,
2489 4915 2552 4924 -
2581 4885 2643 4938 1).
2684 4885 2736 4947 1,
2766 4885 2844 4939 De
2873 4885 3074 4952 ριεηὶι.,
3107 4901 3157 4939 e.
3186 4885 3249 4939 81
3287 4893 3338 4938 et
3370 4883 3459 4939 82.

2179 4955 2314 5008 Ans.
2348 4955 2440 5010 lib.
2468 4971 2570 5015 χιι,
2591 4969 2712 5023 cap.
2733 4957 2818 5016 l5.
2843 4951 2930 5015 14,
2959 4955 3046 5018 16,
3081 4957 3170 5020 18,
3191 4955 3379 5016 25-27,
3403 4951 3698 5017 5231,56.

2107 5054 2179 5066 -—
2204 5023 2384 5087 (1.11,
2411 5041 2464 5094 q.
2497 5026 2552 5090 5,
2577 5023 2724 5080 c.16
2763 5026 2962 5092 19,27,
2987 5028 3040 5088 6,
3065 5027 3120 5090 9,
3147 5027 3241 5090 20,
3275 5027 3392 5081 5-5.
3433 5025 3552 5079 Lib.
3590 5039 3699 5084 ζέει,

2111 5094 2280 5166 ei“,
2307 5095 2522 5166 42,744,
2557 5095 2648 5160 48,
2689 5096 2778 5148 52.
2811 5128 2880 5166 ε-
2905 5095 2969 5151 C.
2997 5095 3172 5166 21,11.
3204 5097 3258 5166 t.
3279 5111 3327 5150 ε.
3361 5095 3455 5160 51,
3480 5097 3572 5154 ss.
3595 5095 3696 5166 54.

2106 5165 2196 5222 25.
2223 5165 2311 5220 50.
2345 5165 2466 5220 Lib.
2493 5182 2597 5230 xu,
2628 5181 2678 5220 c.
2711 5165 2912 5231 45-47,
2950 5165 3145 5226 19-50.
3171 5165 3266 5230 55,
3293 5165 3460 5220 51-56
3483 5205 3496 5228 ,
3543 5165 3612 5220 (31
3644 5175 3702 5217 rt

2111 5237 2201 5291 65.
2229 5265 2298 5274 —
2321 5237 2383 5290 C.
2405 5235 2495 5298 25.
2523 5252 2578 5304 q.
2601 5236 2654 5300 5,
2690 5251 2738 5290 c.
2766 5237 2836 5291 42
2864 5237 2954 5291 45.
2977 5267 3046 5278 -—-
3067 5237 3108 5290 C
3149 5237 3242 5304 24,
3273 5239 3398 5306 q.5,
3433 5251 3482 5288 (ξ.
3507 5233 3696 5297 26-28,

2109 5307 2200 5354 31.
2237 5337 2310 5348 ——
2334 5306 2394 5354 Ω.
2423 5307 2514 5354 25.
2550 5322 2604 5354 α-
2637 5306 2688 5354 4.
2721 5322 2770 5354 c-
2798 5307 2990 5354 37—59-
3023 5307 3109 5354 18-
3143 5313 3198 5354 Δ.
