4030 5354
287 201 386 258 549

930 193 1221 254 APPEND.
1264 195 1301 251 Ι.
1343 227 1406 237 —
1449 192 1761 250 DISSERT.
1798 193 1888 249 DE
1930 192 1990 249 S.
2027 191 2333 262 ,ANSELMI
2363 192 2700 250 COLLECT.
2729 194 2884 251 CAN.
3444 197 3479 258 εί

283 316 501 382 gntento
524 319 708 366 nostro
734 317 958 374 inserta,
1011 309 1164 364 Hanc
1201 307 1448 363 Ecclesia:
1478 309 1732 362 unitatem
1761 308 1852 379 qui
1888 314 1928 370 Λ
1962 306 2074 360 sius
2099 317 2390 377 unumque
2416 309 2732 378 capitulum,
2769 319 2879 364 tum
2906 323 2972 364 ex
2997 310 3235 367 AnSclmi
3259 313 3546 374 Collectio-

284 416 384 451 non
405 409 562 463 tenet,
601 409 772 453 tenere
803 415 856 452 se
887 399 1043 468 ﬁdem
1073 399 1285 452 credit?
1325 399 1428 464 Qui
1483 399 1736 453 Ecclesia:
1779 415 1860 453 re-

281 491 466 540 n’titur
494 498 540 540 et
582 490 795 546 resistit.
821 490 873 542 in
906 489 1139 543 Ecclesia
1169 506 1225 544 se
1264 506 1375 543 esse
1396 490 1617 556 conlidit
1647 491 1673 542 .’
1696 505 1857 558 supra

279 579 546 649 paululum
599 589 802 632 mutata
837 580 1012 633 denuo
1043 580 1251 650 profert
1282 599 1294 634 :
1341 580 1403 633 D.
1432 581 1522 643 95,
1547 595 1594 633 c.
1635 579 1669 633 5
1702 597 1714 633 :
1755 579 1859 644 Qui

278 670 579 722 cathedram
614 669 778 735 Petri,
827 687 984 737 super
1020 687 1176 739 quant
1210 671 1434 739 fundata
1473 680 1550 724 est
1599 671 1857 735 Ecclesia,

275 761 486 825 deserit,
515 763 569 814 in
620 759 857 814 Ecclesia
891 778 945 814 se
970 778 1080 816 esse
1127 779 1228 816 non
1273 763 1522 830 con/idat.
1565 762 1860 818 Gratianus

275 851 449 906 locum
496 854 658 908 istum
685 870 750 908 ex
795 854 1123 909 Collectione
1149 854 1442 923 'l‘ripartita
1491 871 1544 924 p.
1573 870 1656 919 ιιι,
1686 857 1767 908 tit.
1800 857 1854 920 9,

273 960 390 1014 cap.
424 945 516 1009 18,
539 956 595 999 et
642 963 708 1000 ex
739 946 1146 1001 Ps‘eudo-Ivone
1178 963 1230 1016 p.
1258 963 1314 1012 γ,
1359 962 1479 1016 cap.
1509 946 1632 1008 561,
1668 962 1859 1001 excer-

271 1037 399 1106 psit.
449 1035 693 1106 Uterque
743 1047 934 1090 auctor
992 1047 1102 1090 tum
1155 1038 1504 1094 Collectionis
1551 1039 1856 1108 tripartite),

274 1135 382 1178 tum
443 1125 661 1181 Decreti
727 1126 1174 1193 Pseudo-lvonis,
1221 1130 1381 1184 verba
1433 1131 1677 1197 qumdam
1719 1128 1861 1202 frag-

274 1229 454 1272 mento
504 1228 697 1273 nostro
742 1221 1063 1290 praemittit:
1109 1220 1254 1276 Petri
1307 1223 1557 1276 unitatem
1607 1234 1696 1293 qui
1753 1240 1860 1278 non

271 1319 423 1375 tenet,
453 1319 629 1364 tenere
664 1327 720 1364 se
767 1310 924 1380 ﬁdem
956 1313 1119 1367 credit
1148 1313 1172 1366 ?
1199 1314 1330 1380 Qua:
1359 1313 1655 1367 Gratianus
1688 1314 1856 1370 resci-

270 1402 364 1466 dit,
393 1419 519 1456 cum
558 1417 622 1456 ea
653 1403 706 1457 in
754 1413 1133 1471 argumentum
1159 1406 1240 1459 vel
1271 1407 1594 1460 summulam
1637 1409 1858 1478 capituli

271 1495 666 1550 transtulerit:
723 1495 847 1550 Non
882 1497 1042 1552 estin
1098 1499 1358 1564 Ecclesia,
1410 1501 1502 1570 qui
1552 1502 1858 1556 cathedram

267 1585 412 1639 Petri
443 1603 551 1642 non
590 1588 846 1658 sequitur.
879 1587 1056 1645 Locus
1091 1601 1278 1647 noster
1313 1592 1464 1647 hisce
1508 1593 1689 1647 verbis
1719 1609 1850 1648 con-

1963 412 2055 461 ne,
2084 408 2198 452 tum
2233 414 2299 452 ex
2346 399 2567 454 decreto
2601 400 2846 456 Gratiani
2892 402 3035 457 inter
3078 404 3303 461 decreta
3348 407 3405 462 S.
3435 411 3548 466 Ge-

1963 486 2168 570 lasii‘P.
2201 489 2218 541 I
2246 490 2472 559 recepit,
2503 489 2727 546 Collect.
2751 491 3007 562 Ampliss.
3037 496 3318 551 coneilior.
3348 508 3384 553 t.
3417 499 3547 570 VIII,

1963 562 2100 649 pag.‘
2128 579 2370 644 87,120,
2419 580 2519 633 155
2546 591 2600 635 et
2628 583 2747 637 159.
2779 583 3106 638 Confet'atnr
3129 587 3292 641 etiam
3324 562 3553 648 "ardui;

1963 686 2064 725 nus
2085 669 2310 726 Collect.
2359 672 2642 728 concilior.
2673 682 2713 727 ι.
2747 674 2810 739 Il,
2842 689 2966 746 pag.
2998 677 3101 732 950
3123 688 3177 734 et
3207 680 3331 736 956.

2279 761 2398 818 LIB.
2431 760 2518 826 γι,
2545 763 2677 818 CAP.
2709 766 2798 831 89,
2836 766 2896 820 D.
2928 767 3052 834 100,
3094 784 3144 824 c.
3172 769 3228 825 5.

2031 855 2320 911 Anselmus
2348 857 2422 911 uti
2453 857 2785 929 Polycarpus
2813 859 2995 930 legunt
3022 864 3220 917 rectius
3249 862 3406 919 Novit
3436 866 3552 937 fra-

1961 947 2182 1001 ternitas
2233 959 2348 1001 tua.
2401 947 2479 1002 Ita
2529 950 2689 1004 habet
2738 950 2916 1006 littera
2967 953 3025 1008 S.
3073 953 3320 1025 Gregorii
3373 955 3444 1012 Μ.
3477 957 3549 1014 ad

1959 1036 2223 1093 Joannem
2273 1039 2684 1096 Corinthiorqu
2735 1044 3069 1115 episcopum,
3112 1047 3267 1118 cujus
3299 1059 3548 1105 nostrum

1961 1138 2123 1200 caput
2145 1130 2509 1200 fragmentum
2537 1141 2640 1187 est.
2669 1133 2790 1188 Lib.
2820 1150 2874 1200 v,
2909 1137 3068 1205 epist.
3095 1136 3185 1193 59.

2265 1221 2380 1277 LIB.
2411 1221 2496 1288 \‘l,
2529 1224 2655 1278 CAP.
2692 1225 2812 1280 100.
2854 1227 2918 1284 D.
2959 1229 3079 1293 100,
3111 1246 3160 1284 c.
3187 1231 3244 1285 4.

2031 1311 2321 1369 AnSelmus
2349 1323 2404 1369 et
2429 1315 2718 1372 Deusdedit
2749 1318 2982 1375 offerunt
3032 1326 3321 1393 genuinam
3354 1327 3548 1383 inscri-

1960 1401 2446 1473 ptioncntloannes
2462 1404 2527 1460 Ρ.
2553 1406 2693 1461 VIII
2721 1409 3029 1465 thiliberto
3043 1416 3300 1486 episcopo.
3327 1416 3544 1475 Etenim

1959 1495 2206 1549 eanulem
2233 1495 2637 1566 inscriptionem
2663 1501 2886 1556 exhibet
2907 1503 3341 1575 alteraejusdem
3367 1515 3547 1581 ponti-

1961 1584 2078 1638 ficis
2130 1587 2356 1656 epistola
2423 1591 2490 1644 ad
2548 1601 2789 1646 nostrum
2851 1597 3134 1661 praesulem
3197 1604 3541 1660 transmissa.

265 1687 455 1748 ορριιις,
486 1679 542 1732 in
577 1680 852 1736 veteribus
891 1682 1016 1736 cod,
1048 1699 1181 1738 mss,
1227 1684 1506 1739 Vaticanis
1532 1695 1585 1740 ει
1611 1685 1846 1740 Gallica-
1881 1661 1925 1721 Β
1957 1673 2127 1731 Mansi
2154 1686 2193 1732 t.
2228 1676 2346 1740 XV,
2371 1694 2494 1752 pag.
2519 1681 2642 1736 209.
2693 1682 2835 1738 Idem
2862 1685 3104 1744 Mansius
3127 1693 3417 1764 capitulum
3450 1714 3544 1754 uo-

265 1770 347 1822 nis
376 1771 604 1825 omnino
623 1772 798 1838 deest,
830 1775 924 1828 sed
957 1775 1008 1830 in
1057 1775 1333 1830 nonnullis
1357 1775 1478 1830 aliis
1505 1777 1740 1846 itemque
1769 1792 1858 1832 ve-

267 1863 425 1916 tustis
477 1863 956 1932 deprehenditur,
1013 1867 1090 1920 uti
1150 1876 1470 1920 correctores
1525 1863 1751 1921 Romani
1800 1875 1856 1922 et

265 1951 675 2008 eruditissimus
701 1953 938 2024 Operum
958 1954 1017 2010 S.
1043 1954 1296 2025 Cypriani
1315 1955 1514 2020 editor,
1545 1955 1856 2024 Stephanus

267 2041 542 2107 Baluzins,
569 2047 920 2101 adnutarunt.
954 2046 1108 2103 Unde
1149 2047 1555 2101 animadvertas
1587 2062 1745 2116 quam
1774 2049 1856 2102 in-

261 2131 402 2200 juste
433 2133 644 2187 critica:
701 2136 976 2191 moderna:
1029 2145 1332 2192 sectatores
1380 2137 1699 2190 Gratianum
1757 2154 1854 2192 n0-

265 2229 434 2275 strum
463 2237 568 2277 ceu
620 2233 863 2278 textuum
922 2225 1023 2280 SS.
1079 2225 1300 2280 Patrum
1356 2235 1732 2297 corruptorem
1758 2243 1853 2282 ae-

267 2322 474 2366 CUSCIII.

366 2401 481 2456 Le.
517 2402 604 2462 VI.
638 2402 769 2459 Car.
792 2403 880 2458 49.
912 2403 1188 2460 Concessa.
1220 2404 1282 2461 C.
1319 2407 1406 2469 12,
1430 2423 1484 2477 q.
1505 2408 1563 2476 2,
1585 2408 1744 2463 (λεδ.

333 2492 630 2548 Gratianus
664 2494 841 2550 locum
893 2507 1159 2563 nostrum,
1207 2500 1426 2556 omissis
1482 2503 1855 2559 tantummodo

265 2586 588 2653 quibusdam
642 2589 843 2652 verbis,
895 2603 961 2644 ex
1019 2592 1298 2656 Anselmo,
1352 2609 1511 2659 quem
1557 2605 1611 2649 et
1659 2605 1856 2652 auctor

265 2677 1131 2752 CollectiouisCaesaraugustam:
1172 2684 1263 2738 lib.
1314 2701 1389 2753 tv,
1418 2701 1535 2757 cap.
1567 2687 1658 2754 71,
1699 2705 1856 2744 secu-

269 2776 351 2822 tus
377 2778 478 2831 est,
519 2769 840 2841 desumpsit,
872 2773 966 2826 sed
1017 2773 1070 2828 in
1104 2774 1236 2830 duas
1287 2785 1471 2846 partes
1501 2777 1707 2844 divisit,
1753 2794 1852 2848 po-

266 2869 463 2915 sterius
491 2859 861 2930 fragmentum
897 2881 910 2915 :
967 2861 1291 2920 Venerabilis
1341 2866 1584 2936 baptismi
1620 2867 1759 2924 infra
1789 2870 1850 2924 D.

267 2949 320 3014 4,
355 2949 433 3004 De
454 2960 774 3015 consecrat.,
809 2966 860 3006 c.
902 2951 990 3016 17,
1019 2953 1248 3010 Decreto
1274 2971 1373 3010 suo
1400 2957 1668 3013 inserens.
1717 2958 1853 3014 Gra-

265 3043 444 3096 tianus
481 3057 617 3096 vero
647 3043 936 3112 posteriori
987 3043 1292 3115 fragmento
1321 3047 1482 3102 aliam
1535 3049 1849 3121 inscriptio-

265 3152 384 3191 nem
412 3137 586 3202 dedit,
624 3136 783 3206 idque
810 3137 1086 3206 inscripsit
1110 3139 1352 3195 tielasius
1380 3139 1444 3195 P.
1474 3141 1612 3197 clero
1643 3153 1690 3197 et
1717 3144 1851 3213 plebi

267 3225 573 3293 Tarentino,
606 3227 848 3292 Ivonem,
875 3237 932 3282 nt
961 3229 1174 3285 videtur
1203 3241 1443 3299 secutus,
1497 3234 1588 3304 qui
1638 3235 1853 3304 capitu-

265 3319 368 3374 lum
396 3323 568 3375 hocce
601 3318 1050 3392 (Panorm.|ib.t,
1085 3339 1204 3394 cap.
1232 3323 1327 3395 21)
1373 3327 1473 3379 sub
1500 3326 1853 3395 inscriptione

267 3409 462 3466 Gelasii
522 3411 591 3467 P.
647 3412 790 3467 clero
842 3425 888 3467 et
916 3413 1052 3484 plebi
1085 3413 1342 3471 That-ensi
1392 3417 1618 3488 profert.
1649 3419 1854 3474 Auctor

263 3505 709 3572 pseudo-decreti
761 3504 938 3560 lvnnis
977 3507 1126 3562 idem
1173 3509 1468 3579 capitulum
1496 3511 1578 3568 bis
1608 3511 1852 3579 exhibet,

266 3601 372 3649 tum
400 3597 509 3652 sub
537 3594 937 3666 inscriptione:
972 3597 1212 3669 Gregorii
1243 3597 1308 3654 P.
1350 3599 1488 3654 clero
1509 3611 1558 3655 et
1583 3601 1720 3671 plebi
1750 3600 1852 3655 Ta-

265 3689 401 3742 rensi
424 3692 510 3760 (p.
533 3704 572 3754 t,
598 3703 719 3759 cap.
746 3691 858 3758 65),
887 3701 996 3746 tum
1027 3692 1128 3746 sub
1165 3692 1516 3763 inscriptione
1548 3711 1562 3748 :
1609 3693 1695 3747 Ea:
1728 3711 1852 3749 con-

265 3779 379 3833 cilio
411 3779 815 3846 Wormatiensi,
846 3799 963 3854 cap.
998 3783 1065 3838 10
1089 3783 1166 3855 (p.
1199 3801 1239 3851 ι,
1268 3801 1391 3856 cap.
1417 3785 1570 3856 202),
1620 3785 1852 3842 Pseudo-

265 3867 352 3927 lvo
379 3870 432 3925 in
459 3870 638 3942 primo
670 3872 790 3927 loco
816 3871 996 3929 lvonis
1023 3873 1375 3930 Panortniam
1428 3893 1536 3946 pra:
1558 3877 1729 3932 oculis
1754 3877 1852 3932 ha—

265 3959 399 4029 buit,
451 3963 509 4018 in
554 3964 848 4033 posteriori
898 3981 1029 4020 vero
1077 3964 1374 4022 Burcbardi
1418 3967 1726 4033 Decretum,
1759 3969 1850 4025 ubi

265 4050 359 4105 lib.
403 4069 478 4120 tv,
510 4069 632 4124 cap.
662 4055 720 4118 7,
770 4056 1068 4126 capitulum
1124 4058 1266 4114 istud
1319 4075 1384 4114 ex
1417 4075 1573 4115 conc.
1602 4061 1850 4116 Worma-

270 4141 424 4198 tiensi
476 4144 806 4214 inscriptum
839 4146 1199 4216 conspicitur,
1254 4158 1465 4204 mutato
1514 4150 1850 4207 solummodo

269 4231 381 4300 ejus
421 4235 578 4289 initio
605 4233 944 4290 Sacrosancti
967 4238 1212 4306 baptismi
1243 4238 1361 4295 loco
1417 4239 1735 4295 Venerabilis
1759 4242 1849 4296 ba-

1956 1777 2132 1822 strum
2155 1768 2256 1824 sub
2291 1769 2392 1824 bac
2431 1773 2790 1842 inscriptione
2818 1776 2962 1832 inter
2997 1779 3302 1852 fragmenta
3342 1790 3544 1858 episto-

1956 1863 2130 1920 larum
2163 1865 2388 1923 Joannis
2409 1868 2471 1924 Ρ.
2501 1882 2786 1926 enumerat
2817 1873 2920 1929 loc.
2953 1877 3074 1942 cit.,
3099 1894 3152 1948 p.
3177 1877 3305 1933 212.

2063 1955 2183 2010 Lm.
2224 1955 2362 2020 xm,
2388 1957 2519 2014 en».
2555 1959 2644 2015 55.
2683 1961 2742 2015 Si
2767 1964 2907 2033 quis.
2932 1964 2993 2019 c.
3021 1968 3074 2030 1,
3105 1983 3161 2037 q.
3196 1968 3254 2034 δ,
3275 1985 3326 2024 c.
3359 1971 3392 2025 7

2026 2045 2334 2116 Capitulum
2380 2049 2554 2105 hocce
2582 2050 2638 2105 in
2689 2054 2943 2121 genuinis
2969 2055 3324 2115 Collectionis
3352 2062 3544 2117 Ansel-

1957 2136 2154 2192 rnia'ne
2177 2138 2458 2195 codicibus
2483 2143 2706 2198 omnino
2729 2145 2902 2210 deest,
2929 2157 2984 2202 et
3027 2164 3093 2204 ex
3120 2150 3545 2212 Cullectionibus

1957 2224 2272 2292 Deusdedit,
2313 2227 2561 2298 Gregorii
2589 2234 2917 2305 presbyteri,
2967 2238 3260 2298 Bonizonis
3288 2244 3544 2299 aliorum-

1956 2332 2083 2387 que,
2109 2334 2229 2388 qtue
2248 2323 2490 2378 Anselmi
2516 2340 2650 2396 opus
2673 2342 3016 2386 communem
3033 2334 3296 2404 originem
3313 2338 3538 2404 habent,

1957 2409 2010 2463 in
2066 2410 2210 2466 illam
2259 2413 2500 2469 Anselmi
2531 2419 2950 2490 transmigrasse
2991 2423 3228 2481 videtur.
3276 2427 3540 2486 Collectio

1957 2515 2111 2571 atque
2134 2501 2340 2559 codicis
2368 2505 2652 2561 Saviuiani
2682 2508 2773 2564 lib.
2809 2527 2886 2579 ix,
2915 2528 3038 2584 cap.
3060 2515 3190 2579 217,
3217 2516 3360 2572 idem
3389 2521 3542 2590 capi-

1959 2595 2129 2650 tulum
2168 2598 2390 2654 exhibet
2433 2617 2557 2656 cum
2601 2603 2961 2674 inscriptione
2989 2627 3002 2662 :
3033 2607 3314 2666 Paschalis
3364 2611 3433 2665 P.
3486 2617 3540 2669 in

1955 2688 2176 2756 epistola
2199 2689 2269 2742 ad
2303 2689 2752 2749 Mediolanensem
2792 2694 3086 2754 Ecclesium
3116 2701 3169 2755 in
3218 2702 3352 2758 libro
3407 2705 3539 2760 VII.

1956 2776 2047 2832 lvo
2075 2778 2128 2833 in
2153 2778 2447 2838 Panormia
2477 2784 2616 2840 idem
2641 2795 2804 2858 caput
2831 2789 3147 2861 inscriptum
3176 2807 3190 2846 :
3225 2793 3306 2849 Ea:
3319 2795 3542 2852 decretis

1957 2868 2238 2928 Paschalis
2278 2871 2347 2929 P.
2381 2893 2498 2947 cap.
2531 2879 2598 2934 18
2622 2881 2852 2949 profert,
2883 2898 2948 2938 ex
2981 2886 3174 2952 veteri,
3203 2897 3262 2942 ut
3291 2899 3539 2959 apparet,

1957 2976 2224 3018 canonum
2256 2967 2586 3025 collectione
2621 2975 2859 3029 nomium
2887 2978 3103 3047 cognita
3123 2981 3533 3051 depromptum.

1955 3055 2380 3133 Pseudoolvo(p.
2412 3080 2472 3128 II,
2510 3080 2632 3135 cap.
2674 3067 2766 3140 84)
2796 3070 3062 3141 integram
3094 3071 3372 3131 Paschalis
3411 3076 3472 3131 P.
3517 3077 3539 3132 l

1953 3149 2240 3219 epistolam
2265 3155 2367 3207 sub
2405 3155 2595 3210 eadem
2641 3157 2994 3230 inscriptione
3047 3165 3304 3219 insertam
3352 3166 3538 3235 habet,

1954 3255 2116 3310 quam
2140 3242 2404 3299 celeberr.
2434 3245 2678 3302 Mansius
2717 3265 2784 3304 ex
2833 3252 3126 3308 Burchardi
3169 3255 3538 3313 Wormatien-

1954 3331 2032 3385 sis
2053 3341 2370 3400 pervetusto
2409 3335 2596 3391 codice
2619 3337 2851 3393 Lucensi
2895 3340 2952 3395 S.
2990 3342 3206 3398 Martini
3253 3346 3430 3402 denuo
3457 3363 3542 3404 re-

1955 3421 2096 3475 cusit
2125 3421 2357 3478 Collect.
2394 3425 2639 3495 ampliss.
2675 3437 2716 3482 t.
2745 3428 2884 3493 XIV,
2937 3447 3061 3503 pag.
3099 3433 3202 3489 578
3251 3450 3359 3506 sq.,
3391 3437 3542 3508 igno-

1953 3526 2080 3568 rans
2109 3529 2228 3568 eam
2252 3515 2306 3570 in
2341 3515 2760 3576 Pseudo-Ivonis
2791 3522 3011 3578 decreto
3037 3523 3152 3594 jam
3181 3529 3432 3600 reperiri.

2318 3606 2379 3662 C.
2413 3609 2500 3674 12,
2528 3624 2582 3680 q.
2615 3610 2671 3676 5,
2705 3627 2753 3668 c.
2786 3613 2869 3670 17.
2905 3615 3162 3672 Decrevit.

2024 3696 2202 3753 Etiam
2245 3700 2348 3756 hoc
2394 3704 2688 3773 capitulum
2728 3707 2780 3762 in
2809 3711 3085 3768 nonnullis
3116 3716 3393 3775 codicibus
3419 3719 3542 3776 Col-

1954 3787 2202 3845 lectionis
2253 3791 2494 3849 Anselmi
2527 3795 2662 3852 falso
2713 3798 3138 3870 deprehenditur
3166 3807 3258 3864 lib.
3290 3826 3371 3878 ιιι,
3416 3827 3539 3884 cap.

1953 3880 2042 3936 98.
2076 3881 2393 3940 Bucbardus
2425 3885 2518 3941 lib.
2553 3904 2654 3955 xu,
2681 3905 2801 3962 cap.
2833 3893 2926 3959 20,
2958 3905 3015 3951 et
3047 3897 3310 3958 Collectio
3338 3880 3540 3962 codicis

1954 3972 2231 4030 Saviniani
2264 3975 2360 4034 lib.
2388 3994 2487 4047 xu,
2515 3996 2631 4053 cap.
2669 3985 2792 4050 109,
2824 3987 2965 4042 idem
2989 4003 3151 4061 caput
3179 3997 3277 4051 sub
3302 4000 3535 4069 genuina

1953 4064 2306 4138 inscriptione
2343 4089 2409 4126 ea:
2437 4077 2660 4130 concilio
2689 4081 2831 4147 apud
2877 4081 2939 4136 S.
2992 4064 3449 4160 Medardum‘cap.
3480 4093 3535 4160 ι,

1952 4156 2230 4212 exhibent.
2265 4159 2557 4219 Gratianus
2581 4168 2802 4223 omnino
2841 4172 3089 4227 eamdem
3129 4156 3537 4248 inscriptionem

1953 4248 2195 4304 retinuit.
2227 4251 2610 4322 Fragmentum
2651 4257 2839 4324 hocce,
2885 4261 3124 4333 alioquin
3181 4269 3350 4323 multo
3394 4272 3540 4327 inte-

269 4325 461 4392 ptismi.
496 4325 566 4379 Et
591 4339 782 4380 revera
800 4336 963 4396 caput
989 4329 1155 4383 hocce
1183 4345 1287 4384 una
1314 4347 1434 4385 cum
1463 4332 1620 4387 initio
1649 4334 1849 4388 Sacro-
1881 4352 1929 4412 ι)
1956 4339 2125 4410 grius,
2155 4344 2390 4398 occurrit
2416 4345 2467 4399 in
2497 4349 2783 4418 capitulari
2810 4353 2985 4408 Caroli
3013 4355 3159 4411 Calvi
3178 4357 3285 4430 (tit.
3311 4377 3386 4426 χι,
3412 4379 3536 4434 cap.

272 4416 436 4469 sancti
463 4416 608 4471 inter
626 4432 867 4472 canones
901 4434 1058 4474 conc.
1088 4434 1141 4473 a.
1171 4422 1275 4476 868
1321 4421 1636 4479 Wormatiw
1677 4424 1850 4480 editos

272 4506 704 4577 deprehenditur
755 4511 896 4580 apud
926 4510 1359 4567 llartzheimium
1389 4515 1594 4570 Concil.
1621 4515 1783 4572 Germ
1797 4531 1853 4571 a-

273 4603 372 4659 nia;-
404 4615 442 4660 t.
477 4607 540 4674 ll,
563 4625 685 4680 pag.
739 4609 882 4673 868;
941 4609 1202 4666 Harduin.
1257 4622 1296 4666 t.
1344 4611 1410 4680 V,
1467 4629 1588 4684 pag.
1623 4615 1748 4681 757,
1798 4624 1854 4669 et

273 4693 440 4754 Mansi
477 4710 516 4755 t.
540 4701 656 4768 XV,
689 4718 815 4774 pag.
848 4703 971 4758 871.
1003 4703 1158 4770 Quod
1192 4704 1413 4774 capituli
1444 4705 1612 4760 uosui
1664 4706 1854 4762 inseri-

275 4791 528 4857 ptiouem,
555 4809 716 4863 quam
765 4794 1088 4849 Pseudo-lvo
1135 4810 1186 4864 p.
1221 4809 1258 4859 ι,
1312 4811 1432 4864 cap.
1467 4795 1560 4861 65,
1606 4797 1851 4864 exhibet,

275 4885 490 4951 attinet,
522 4902 586 4944 ea
618 4888 736 4943 sine
769 4888 934 4943 dubio
963 4887 1173 4942 incuria
1214 4887 1562 4945 librariorum
1601 4903 1722 4948 orta
1748 4905 1850 4959 est,

177 4958 192 4969 ’
278 4990 396 5030 cum
425 4989 585 5048 caput
615 4982 755 5050 quod
784 4981 872 5036 hic
902 4981 956 5035 in
997 4995 1164 5049 opere
1197 4980 1614 5038 Pseudo-lvonis
1653 5001 1855 5054 praece-

279 5067 380 5133 dit,
408 5069 816 5141 inseriptionem
848 5070 1090 5142 Gregorii
1142 5071 1438 5144 Augustino
1495 5077 1854 5146 respondentis

279 5159 492 5216 habeat.
549 5163 814 5219 Caeterum
868 5163 1234 5220 animadverti
1291 5169 1452 5225 debet
1505 5168 1691 5224 eadem
1739 5171 1854 5226 fere

278 5250 436 5320 hujus
465 5255 678 5326 capituli
719 5258 882 5313 verba
940 5260 994 5309 in
1055 5256 1337 5322 capitulari
1365 5261 1633 5329 Gregorii
1678 5262 1737 5317 Ρ.
1788 5263 1852 5328 II,

1954 4433 2010 4498 8,
2044 4435 2185 4490 inter
2212 4435 2330 4492 Jac.
2364 4435 2643 4495 Sirmnndi
2679 4443 2878 4513 Opera,
2913 4456 2951 4499 t.
2983 4446 3071 4515 III,
3111 4465 3232 4522 pag.
3268 4453 3358 4521 70,
3380 4433 3536 4512 Pari-

1955 4525 2050 4580 siis
2077 4524 2233 4590 1696,
2263 4528 2468 4594 in-lol.,
2497 4531 2547 4585 in
2576 4530 2799 4603 ejusque
2821 4534 3057 4592 Concilia
3078 4537 3282 4608 Gallice,
3311 4553 3347 4598 ι.
3376 4545 3461 4612 III,
3485 4563 3540 4617 p.

1955 4616 2056 4684 89;
2106 4619 2245 4688 apud
2281 4620 2337 4675 S.
2373 4621 2677 4689 Balnzinm,
2709 4627 3040 4697 Capitularia
3090 4649 3238 4706 regg.
3272 4616 3539 4696 Franc.t.

1954 4706 2021 4772 Il,
2055 4724 2176 4779 pag.
2204 4710 2303 4778 55;
2339 4711 2502 4768 Ilard.
2533 4713 2667 4769 Coll.
2692 4716 2899 4773 Concil.
2935 4730 2972 4775 t.
3007 4720 3070 4787 ν,
3105 4742 3230 4798 pag.
3264 4727 3362 4796 53;
3391 4729 3544 4786 Man-

1955 4801 2020 4855 sii
2052 4801 2259 4857 Collect
2309 4806 2554 4874 ampliss.
2595 4816 2636 4860 ι.
2686 4807 2848 4876 XVII,
2879 4828 3000 4885 pag.
3040 4815 3128 4883 59,
3165 4819 3218 4874 in
3248 4821 3542 4895 Append.),

1957 4907 2058 4948 nec
2093 4908 2202 4948 non
2259 4893 2312 4950 in
2346 4895 2625 4966 Reginonc
2654 4897 2730 4956 De
2760 4901 2952 4959 eccles.
2986 4906 3303 4978 disciplinis.
3349 4912 3443 4966 lib.
3481 4893 3543 4978 ιι,

1957 4999 2075 5054 cap.
2114 4984 2240 5048 519,
2303 5002 2428 5058 pag.
2490 4989 2617 5053 555,
2672 4995 2758 5047 ed.
2794 4993 2987 5065 Steph.
3037 4997 3262 5067 Baluzii,
3297 5001 3542 5071 Parisiis,

1959 5076 2116 5141 1671,
2141 5078 2305 5134 iri-8°.
2336 5080 2720 5154 Fragmentum
2741 5088 2885 5144 istud
2912 5091 2964 5146 in
2997 5093 3161 5162 capit.
3191 5094 3369 5151 Caroli
3397 5095 3547 5154 Calvi

1958 5168 2279 5232 inscriptum
2326 5184 2412 5227 est
2466 5189 2531 5228 ex
2581 5181 2786 5248 synodo
2829 5181 3206 5242 Suessionensi
3242 5187 3370 5240 anni
3417 5179 3544 5250 855.

1957 5276 2269 5330 quanquam
2309 5265 2452 5322 inter
2487 5285 2726 5327 canones
2762 5274 2922 5346 hujus
2952 5278 3189 5342 concilii,
3231 5280 3373 5348 quod
3407 5281 3544 5347 apud
