4030 5354
413 221 512 279 551

1248 221 1336 275 AD
1378 217 1532 276 OPP.
1573 220 1632 275 ε.
1667 218 1978 288 ANSELMI
2011 217 2357 276 LliCENSlS
2389 219 2842 278 APPENDICES.

3581 219 3693 278 552

412 349 540 408 pag.
573 333 700 401 535,
741 331 962 390 Vienna:
1016 335 1246 390 Austris:
1285 334 1442 396 {765,
1483 334 1652 400 iii-4°,
1715 333 1995 388 adnotent.
2029 343 2074 399 Α
2104 331 2299 388 Ilerda
2315 333 2910 406 Collectionesintcgras
2925 331 3157 389 Anselmi
3178 331 3447 402 Lucensis,
3470 344 3526 390 ut
3549 335 3686 398 dixi,

414 425 656 480 Mansius
705 433 852 480 recte
895 427 1159 480 canonem
1189 435 1434 478 nostrum
1471 441 1501 478 a
1551 423 1816 478 Gratiano
1845 439 1997 478 rece-

414 523 563 584 ptum
593 529 702 568 una
747 529 868 570 cum
912 515 1088 569 tribus
1129 513 1252 568 aliis
1282 529 1310 568 a
1337 511 1654 568 Dutchardo
1693 527 1761 567 ex
1811 513 1998 566 eodem

407 620 570 660 conc.
623 605 762 674 apud
803 603 862 658 S.
917 603 1228 660 Medardum
1277 603 1406 657 a‘ibi
1453 601 1660 668 relatis,
1711 600 1846 656 actis
1887 601 2000 658 suis

415 695 630 751 concilii
667 694 1078 750 Suessionensis
1103 710 1154 748 a.
1183 693 1288 750 855
1335 694 1584 748 inseruit.
1614 691 1838 748 Collect.
1871 707 2001 748 con-

414 786 508 842 cil.
539 787 780 856 ampliss.
815 795 852 840 t.
881 783 1020 848 XIV,
1053 799 1176 855 pag.
1203 783 1329 840 995.
1363 783 1628 839 Creterum
1651 793 1840 838 auctor
1873 782 1998 838 Col-

413 878 664 934 lectionis
719 879 920 934 codicis
973 877 1253 932 Saviniani
1315 878 1366 932 in
1421 877 1531 931 ﬁne
1577 875 1794 946 capituli
1839 875 2000 946 hujus

411 970 578 1024 verba
612 971 858 1040 quautam
887 984 918 1022 a
943 968 1104 1038 ‘jecit,
1135 983 1255 1038 qua!
1285 967 1470 1022 nullil2i
1497 966 1999 1037 deprehenduntur,

415 1068 472 1116 et
503 1071 628 1116 sunt
656 1076 669 1113 :
701 1060 798 1114 Sin
823 1072 1021 1126 autem,
1052 1072 1108 1114 ut
1135 1062 1426 1132 pcrjurium
1455 1070 1637 1130 sponte
1661 1060 1999 1114 commissum

414 1153 610 1224 singuli
638 1154 940 1222 paeniteant.

483 1242 610 1298 llaec
641 1253 812 1313 pauca
847 1243 912 1298 de
947 1243 1004 1298 S.
1037 1241 1278 1298 Anselmi
1309 1241 1642 1299 Collectione
1681 1242 2000 1298 dissct'uiSsc

411 1331 668 1398 suﬂiciat,
698 1319 820 1388 cum
854 1349 884 1388 a
927 1345 1114 1389 nostro
1153 1347 1318 1402 scopo
1343 1333 1506 1402 plane
1539 1333 1773 1388 alienum
1810 1331 1881 1386 sit
1911 1331 2000 1385 hic

411 1426 684 1496 integrum
710 1441 847 1497 opus
878 1427 1022 1482 notis
1047 1427 1251 1482 criticis
1279 1427 1574 1491 illustrare,
1603 1427 1747 1496 quod
1779 1427 2000 1495 insuper

409 1520 756 1575 fastidiosum
805 1521 966 1574 nimis
1007 1529 1062 1574 et
1091 1520 1282 1574 inutile
1333 1535 1560 1588 prorsus
1603 1529 1772 1584 esset,
1807 1519 1850 1574 si
1889 1510 1996 1572 non

411 1613 574 1666 simul
615 1615 780 1667 totius
811 1613 1157 1670 Collectiouis
1187 1623 1390 1668 textum
1424 1615 1696 1668 daremus.
1729 1613 1995 1668 Caeterum

2103 421 2249 492 foras
2277 424 2441 489 dedit,
2474 441 2604 495 opus
2635 441 2816 478 rarum
2841 433 2888 478 et
2915 423 3044 478 utile
3072 423 3205 494 (48).
3239 421 3374 488 Quis
3401 439 3506 478 non
3541 424 3688 478 videt

2101 527 2376 572 oratorem
2419 517 2510 572 hic
2545 517 2612 572 de
2643 517 2881 572 editione
2911 516 3148 571 locutum
3187 516 3356 571 fuisse
3385 531 3547 585 quam
3577 515 3690 570 An-

2106 608 2286 662 tonius
2317 608 2650 678 Augustinus
2679 608 2746 663 de
2775 609 3049 663 veteribus
3095 607 3444 664 decretalium
3475 607 3684 676 episto-

2105 695 2280 752 larum
2335 687 2778 763 Collectionibus,
2829 696 3086 752 Bernardi
3145 709 3339 766 nempe
3401 694 3686 764 Papiensis

2099 787 2461 858 aliorumque,
2497 787 2784 844 adornavit
2806 787 2828 842 ?
2852 787 2997 858 quod
3026 785 3324 857 Gregorius
3367 783 3684 854 Majansitls,

2105 875 2496 932 celeberrimus
2543 879 2630 933 sui
2683 878 2944 947 temporis
2989 876 3338 948 iurisperitus
3383 875 3686 945 Hispanus.

2097 969 2212 1040 jam
2237 971 2622 1026 animadvertit
2650 971 2784 1042 (49).

2175 1061 2324 1116 Multi
2359 1062 2500 1118 inter
2526 1063 2672 1118 viros
2718 1063 2907 1117 doctos
2955 1061 3016 1118 S.
3058 1061 3299 1116 Anselmi
3339 1059 3686 1115 Collectionis

2103 1153 2248 1226 typis
2291 1153 2611 1210 mandanda:
2647 1154 2932 1210 consilium
2973 1162 3276 1224 ctrpernnt.
3305 1152 3484 1208 Lucas
3517 1149 3688 1204 Watt-

2105 1245 2337 1315 dingius,
2393 1245 2783 1301 celeberrimus
2829 1245 3038 1302 ordinis
3087 1243 3353 1298 Minorum
3409 1240 3684 1296 annalium

2107 1337 2448 1409 compilator,
2485 1339 2684 1408 pluries
2721 1339 2787 1394 de
2819 1339 2922 1394 hac
2953 1353 3010 1392 re
3034 1337 3312 1408 cogitavit,
3352 1344 3414 1390 ut
3439 1332 3687 1404 praefatio

2101 1443 2262 1498 quam
2297 1429 2572 1498 opusculis
2602 1429 2661 1484 S.
2693 1429 2961 1497 Anselmi,
2983 1429 3102 1498 ejus
3125 1429 3272 1484 curis
3301 1426 3480 1490 editis,
3511 1425 3690 1496 praeli-

2103 1523 2592 1592 xit,'demonstrat.
2623 1525 2694 1579 At
2729 1533 3058 1594 praimatura
3099 1531 3274 1579 morte
3302 1521 3562 1591 abreptus
3591 1533 3690 1574 cu-

2101 1635 2220 1674 ram
2251 1619 2391 1673 hanc
2419 1617 2650 1688 posteris
2688 1617 2930 1688 reliquit.
2981 1616 3038 1673 Si
3084 1617 3242 1673 ﬁdem
3275 1615 3553 1685 Stephano
3581 1611 3688 1666 Ba-

407 1719 532 1757 cum
565 1713 764 1758 nostra:
799 1704 1146 1760 Collectionis
1198 1715 1311 1760 tum
1351 1705 1404 1758 in
1435 1704 1654 1760 Antonii
1685 1702 1994 1774 Augustini,
2027 1688 2072 1747 Β
2103 1709 2248 1764 ιιηίο
2277 1709 2539 1764 habemus
2561 1708 2698 1780 (50),
2724 1709 2899 1766 Lucas
2924 1723 3140 1780 quoque
3165 1707 3463 1764 Dacherius
3491 1704 3549 1761 S.
3577 1705 3688 1758 An.

409 1795 672 1868 Stephani
705 1797 910 1852 Baluzii
949 1797 1288 1867 aliorumque
1325 1798 1604 1867 operibus,
1639 1803 1748 1850 tum
1784 1796 1836 1848 in
1875 1793 1994 1850 ani-

409 1887 878 1942 madversionibus
911 1903 1046 1958 quas
1081 1899 1422 1943 correctores
1463 1885 1692 1942 Romani
1744 1883 1992 1940 Gratiani

407 1976 638 2032 Decreto
665 1977 1002 2048 adjecerunt,
1029 1977 1284 2048 frequens
1311 1986 1562 2034 occurrat
1595 1976 1816 2040 mentio,
1859 1989 1992 2029 non-

406 2069 566 2134 nulli,
615 2070 668 2124 in
715 2083 958 2126 errorem
989 2071 1214 2138 inducti,
1247 2072 1306 2126 S.
1337 2070 1576 2126 Anselmi
1609 2069 1991 2124 Collectionem

397 2163 514 2230 jam
545 2163 672 2219 dum
702 2165 844 2236 typis
873 2168 1142 2236 vulgatam
1165 2181 1285 2222 esse
1308 2166 1580 2222 dixerunt.
1609 2163 1858 2218 Forsitan
1879 2177 1985 2216 non

405 2257 564 2324 pauci
595 2271 658 2312 ex
685 2271 753 2312 eo
782 2257 990 2330 decepti
1018 2265 1147 2314 sunt
1195 2258 1340 2329 quod
1363 2256 1754 2313 celeberrimus
1791 2262 1848 2308 et
1870 2267 1998 2308 eru-

405 2347 708 2404 ditissimus
749 2349 996 2406 Andreas
1047 2349 1306 2406 Schottus
1347 2351 1405 2406 S.
1447 2349 1522 2416 J.,
1557 2339 1630 2403 in
1686 2347 1842 2402 lauda
1871 2345 1995 2400 ioue

405 2453 570 2507 quam
603 2440 656 2494 in
693 2439 914 2497 Antonii
959 2441 1244 2513 Augustini
1279 2441 1470 2496 funere
1512 2439 1722 2503 habuit,
1749 2435 1993 2493 defuncti

403 2543 570 2599 ορθηι
624 2547 1060 2590 commemorans
1105 2535 1253 2590 dicat
1287 2551 1302 2588 :
1333 2533 1498 2588 Sacro
1539 2549 1658 2587 vero
1687 2531 1805 2601 juri
1863 2527 1990 2583 illu-

403 2623 646 2688 strando,
676 2635 792 2694 post
840 2627 975 2680 duos
1002 2628 1258 2681 Antonios
1303 2625 1484 2680 Gades
1528 2624 1902 2678 Democharen:
1947 2628 1996 2674 et

415 2712 688 2774 Cantium.
723 2719 814 2788 qui
860 2719 916 2772 in
967 2715 1214 2773 Gratiani
1263 2718 1593 2772 collectnnris
1641 2715 2002 2780 elaborarunt,

2101 1799 2259 1855 selmi
2288 1814 2424 1870 opus
2467 1799 2620 1867 prelo
2640 1797 2752 1868 jam
2793 1810 3154 1869 prmparatum
3190 1798 3395 1862 habuit,
3427 1805 3484 1852 et
3521 1810 3686 1865 quam

2103 1891 2341 1946 maxime
2363 1893 2650 1946 dolendum
2681 1901 2764 1946 est
2789 1892 2962 1962 ipsum
2991 1891 3278 1946 consilium
3307 1905 3462 1944 suum
3491 1905 3597 1944 non
3619 1888 3690 1944 ad

2108 1980 2313 2036 exitum
2341 1980 2682 2050 perduxisse,
2719 1997 2842 2035 cum
2885 1981 3054 2036 codex
3086 1981 3300 2049 integer
3321 1995 3388 2034 ac
3417 1986 3686 2040 vetustus,

2113 2071 2205 2142 qui
2243 2072 2296 2126 in
2327 2072 2680 2128 celeberrima
2731 2073 3200 2128 Benedictinorum
3245 2071 3304 2127 S.
3356 2069 3616 2126 Germani
3659 2083 3690 2120 a

2101 2165 2284 2220 Pratis
2331 2163 2660 2221 bibliotheca
2695 2165 3096 2228 asservabatur,
3135 2163 3416 2219 seditionis
3471 2159 3694 2216 Gallica!

2100 2263 2346 2326 tempore
2372 2256 2685 2325 deperditus
2725 2256 2815 2311 sit.
2849 2255 3004 2311 Docti
3055 2257 3276 2326 insuper
3309 2255 3411 2309 viri
3443 2253 3690 2307 Andreas

2103 2345 2240 2400 Rola
2269 2345 2382 2418 (5i)
2410 2356 2462 2401 et
2489 2345 2649 2400 Mich.
2673 2344 2814 2417 Ang.
2846 2336 3218 2400 Monsacratus
3244 2343 3358 2414 (52)
3382 2345 3524 2397 idem
3555 2356 3690 2396 con-

2100 2437 2283 2491 silium
2315 2437 2572 2492 habuisse
2603 2437 2874 2492 videntur.
2901 2437 2971 2490 At
3005 2437 3160 2490 nobis
3189 2449 3376 2489 eorum
3403 2447 3569 2502 opera
3607 2434 3690 2484 in-

2103 2529 2315 2600 spicere
2343 2529 2566 2584 minime
2595 2528 2768 2584 licuit.
2805 2528 2921 2584 Una
2955 2519 3172 2583 tandem
3211 2528 3512 2596 eademque
3543 2526 3690 2578 viro-

2105 2635 2224 2674 rum
2253 2620 2534 2675 doctorum
2571 2620 2840 2674 sententia
2875 2627 2958 2674 est
2985 2629 3043 2674 ut
3071 2619 3128 2674 S.
3155 2617 3394 2674 Anselmi
3425 2615 3694 2672 Lucensis

2106 2711 2364 2766 Collectio
2393 2711 2534 2781 typis
2563 2711 2775 2766 edatur.

789 2845 876 2902 DE
916 2847 1162 2904 CODlCE
1199 2845 1664 2914 ANSELMIANO,
1693 2841 1899 2914 QUHN
1939 2841 2466 2901 SACROSANCTIE
2506 2843 2840 2901 BASILIGIE
2883 2843 3251 2901 VATICANAE

1543 2933 2002 2996 BlBLlOTllECA
2050 2935 2544 2995 ASSERVATUR.

481 3051 740 3108 Collectio
773 3067 934 3122 quam
975 3054 1143 3108 codex
1181 3013 1270 3109 hic
1313 3069 1459 3108 num.
1489 3054 1591 3111 H8
1635 3053 1676 3110 C
1725 3053 1994 3123 signatus,
2031 3033 2076 3096 δ
2178 3045 2299 3102 Lib.
2337 3047 2427 3105 Ν.
2483 3048 2562 3104 De
2605 3051 2813 3106 sedibus
2863 3066 3223 3122 episcoporum
3271 3060 3320 3104 et
3367 3048 3690 3104 auctoritate

405 3143 645 3210 exhibet,
693 3158 722 3197 a
767 3143 950 3197 multis
993 3159 1090 3216 pro
1129 3147 1316 3201 eadem
1370 3161 1434 3201 ac
1481 3145 1570 3200 illa
1601 3161 1764 3216 quam
1796 3145 1854 3199 S.
1883 3143 1994 3197 An-

405 3235 560 3290 selmi
600 3235 854 3290 Lucensis
894 3237 1232 3292 decretorum
1283 3253 1419 3308 Opus
1465 3237 1863 3308 complectitur,
1895 3235 1992 3290 ha-

408 3323 521 3380 bita
551 3323 670 3380 fuit.
701 3325 870 3392 Quam
896 3327 1206 3396 Opinionem
1235 3328 1334 3382 etsi
1357 3325 1472 3396 jam
1495 3327 1772 3382 Ballerinii
1801 3325 1994 3380 falsam

406 3415 844 3472 demonstrarent
872 3418 1009 3489 (55),
1059 3419 1194 3474 nihil
1229 3429 1408 3473 tamen
1442 3418 1741 3474 attulerunt
1783 3432 1891 3488 quo
1925 3417 1993 3471 is-

411 3509 518 3562 tius
546 3509 728 3578 operis
759 3509 968 3566 indoles
998 3509 1258 3567 illustrari
1309 3511 1494 3581 possit.
1529 3511 1792 3579 Quocirca
1825 3522 1994 3578 pauca

403 3604 475 3657 de
504 3603 594 3656 illo
625 3605 711 3660 hic
743 3607 1104 3675 proferamus.

475 3693 758 3750 Canouum
787 3695 1040 3750 collectio
1085 3699 1151 3752 de
1177 3713 1284 3766 qua
1333 3697 1606 3767 loquimur
1645 3695 1898 3750 universa
1928 3707 1994 3748 ex

403 3785 652 3842 Anselmi
693 3803 858 3858 opere
886 3797 1142 3860 excerpta
1165 3798 1264 3844 est.
1297 3790 1363 3844 ad
1395 3789 1538 3858 quod
1577 3787 1797 3858 propius
1820 3787 1995 3842 adhuc

401 3893 471 3932 ac
498 3877 602 3932 illac
625 3877 936 3944 Bonizonis,
965 3879 1258 3935 Deusdedit
1282 3889 1335 3934 ct
1359 3879 1606 3950 Gregorii
1637 3878 1996 3935 Collectiones

409 3973 641 4028 accedit.
669 3971 876 4028 Auctor
901 3974 954 4028 in
980 3987 1043 4028 ea
1073 3973 1375 4028 ordinanda
1409 3973 1658 4029 eamdem
1687 3971 1801 4028 fere
1827 3971 1995 4026 ratio-

402 4080 531 4118 nem
578 4064 934 4135 eamdemque
989 4065 1300 4120 methodum
1344 4067 1563 4120 secutus
1597 4075 1701 4130 est,
1747 4079 1908 4134 quam
1941 4064 1992 4118 in

399 4157 726 4212 collectione
765 4157 1056 4212 Saviniana
1089 4157 1448 4223 Beroliuensi,
1505 4157 1701 4226 saepius
1754 4171 1786 4210 a
1837 4155 1995 4226 nobis

405 4245 646 4314 laudata,
699 4243 800 4303 nec
845 4263 953 4302 non
1007 4249 1058 4302 iu
1091 4250 1363 4318 excerptis
1397 4248 1782 4312 Anselmianis,
1823 4247 1995 4302 altero

405 4337 815 4394 Viudohoncnsi
840 4348 893 4396 et
913 4339 1083 4394 altero
1109 4339 1442 4406 Cassinensi,
1460 4343 1801 4397 observatam
1827 4339 1993 4396 fuisse

401 4429 915 4487 animadvertimus.
941 4431 1122 4501 lpsum
1153 4431 1369 4500 quidem
1403 4433 1642 4488 Anselmi
1675 4447 1811 4503 opus
1835 4432 1991 4496 adiit,

401 4521 670 4578 librorum
702 4539 831 4578 vero
873 4541 1157 4579 munerum
1191 4525 1257 4578 ad
1307 4540 1499 4579 novem
1532 4529 1830 4590 contraxit,
1861 4541 1996 4596 quo-

403 4627 527 4665 rum
557 4611 781 4682 singulis
807 4613 1230 4684 cxscriptioncm
1255 4615 1832 4685 generalemprazlixit,
1858 4599 1994 4686 quas

401 4701 496 4757 hic
521 4702 843 4773 apponimus
881 4720 895 4756 :

477 4795 603 4850 Lib.
643 4795 681 4850 1.
718 4797 797 4853 De
821 4809 1076 4868 potestate
1101 4809 1148 4854 et
1177 4801 1411 4870 primatu
1433 4800 1732 4870 apostolica:
1758 4801 1918 4856 sedis.

473 4885 597 4941 Lib.
631 4885 693 4940 ll.
733 4885 808 4942 De
835 4887 1184 4958 prwlatorum
1219 4889 1491 4945 electione.

472 4975 602 5034 Lib.
632 4977 718 5034 Ill.
745 4978 824 5034 De
846 4980 1216 5034 consecrandis
1243 4980 1472 5034 ecclesiis
1499 4991 1545 5036 et
1571 4998 1752 5037 earum
1785 4983 1989 5038 ritibus.

760 5102 769 5110 ι
807 5100 838 5110 α
884 5101 916 5110 οι
1013 5100 1027 5110 ε
1235 5100 1332 5110 ..κα

2099 3139 2512 3208 pra’tlicationis.

2171 3233 2290 3288 Lib.
2319 3231 2382 3287 V.
2405 3233 2481 3287 De
2507 3232 3082 3290 Exconamunicatiaue.

2171 3323 2294 3379 Lib.
2321 3323 2406 3380 Vl.
2437 3325 2511 3380 De
2535 3329 2890 3382 accusatione.

2169 3417 2290 3472 Lib.
2325 3418 2433 3474 VII.
2467 3419 2543 3474 De
2575 3421 2775 3475 unitate
2807 3420 3082 3478 Ecclesiae.

2169 3510 2289 3567 Lib.
2319 3511 2449 3567 Vlll.
2485 3512 2564 3567 De
2590 3515 2836 3584 conjugio
2860 3527 2906 3570 et
2937 3515 3218 3570 adulterio.

2170 3603 2289 3658 Lib.
2317 3603 2409 3658 IX.
2442 3603 2517 3659 De
2549 3607 2846 3675 raptoribus
2877 3619 2925 3660 et
2953 3607 3180 3676 furibus.
3655 3675 3658 3680 Ι

2172 3692 2386 3762 Singuli
2419 3693 2538 3749 libri
2569 3695 2718 3765 plura
2748 3697 2828 3749 vel
2861 3698 3114 3766 pauciora
3143 3696 3378 3768 capitula
3413 3695 3688 3766 complec-

2103 3793 2308 3849 tuntur,
2339 3785 2534 3854 quibus
2555 3787 2746 3841 eodem
2779 3788 2938 3842 modo
2965 3801 3028 3842 ac
3049 3785 3365 3858 Gregorius,
3393 3785 3552 3858 vulgo
3582 3785 3688 3840 Ρο-

2099 3872 2353 3944 lycarpus
2378 3875 2576 3940 dictus,
2616 3875 2767 3942 fecit,
2797 3877 3077 3946 generales
3101 3877 3348 3948 quautam
3377 3877 3688 3946 inscriptio-

2100 3980 2196 4019 nes
2241 3979 2335 4020 seu
2389 3968 2673 4024 summula:
2706 3969 2940 4038 praeﬁxa:
2990 3981 3134 4026 sunt.
3168 3969 3318 4038 Quod
3353 3971 3400 4024 si
3446 3981 3686 4023 canones

2097 4071 2166 4112 cx
2217 4055 2444 4113 diversis
2481 4059 2729 4114 conciliis
2758 4075 2878 4130 qure
2911 4061 3051 4117 idem
3081 4076 3275 4116 nomen
3325 4061 3524 4116 habent
3555 4059 3687 4114 all'e-
3721 4123 3724 4126 _

2098 4157 2314 4214 runtur,
2344 4149 2574 4206 concilia
2607 4152 2850 4206 numeris
2870 4153 3093 4208 minimc
3119 4153 3550 4224 distinguuntur;
3590 4166 3686 4206 ca-

2097 4253 2298 4293 nonum
2331 4255 2549 4310 quoque
2587 4257 2848 4316 numerus
2871 4244 3071 4312 passim
3103 4245 3275 4310 deest,
3306 4244 3450 4314 quod
3478 4245 3532 4300 in
3562 4243 3680 4300 RR.

2098 4332 2415 4400 pontiﬁcum
2463 4335 2828 4390 decretalibus
2863 4336 3059 4391 litteris
3087 4353 3188 4392 nec
3215 4353 3320 4392 non
3357 4337 3410 4392 in
3443 4339 3544 4394 SS.
3577 4339 3684 4394 Pa-

2103 4433 2244 4478 trum
2289 4434 2344 4480 et
2371 4425 2698 4496 scriptorum
2721 4439 2775 4483 et
2813 4429 3304 4485 ecclesiasticorum
3328 4445 3552 4502 operum
3576 4432 3686 4486 fra-

2103 4515 2340 4580 gmentis
2371 4517 2573 4586 pariter
2602 4518 3108 4575 animadvertimus.
3137 4519 3345 4576 Praeter
3371 4523 3514 4576 nuda
3547 4537 3685 4576 cou-

2097 4604 2367 4672 ciliorum,
2392 4607 2708 4678 pontiﬁcum
2734 4610 3074 4682 aliorumque
3095 4613 3422 4683 scriptorum
3441 4615 3685 4680 nomina,

2097 4696 2239 4751 aliud
2271 4698 2404 4752 nihil
2432 4701 2690 4764 occurrit.
2718 4710 2878 4772 atque
2905 4703 2958 4756 in
2981 4703 3165 4760 multis
3191 4703 3464 4774 capitulis,
3489 4704 3688 4760 inscri-

2096 4787 2308 4858 ptiones
2336 4789 2551 4858 penitus
2585 4791 2799 4846 omissae
2829 4801 2974 4848 s'lnt.

2167 4877 2223 4930 lu
2278 4877 2505 4950 singulis
2547 4879 2672 4934 dein
2703 4879 2857 4942 libris
2887 4881 3136 4953 plurima:
3169 4882 3443 4938 habentur
3483 4882 3684 4939 inscri-

2096 4969 2330 5040 ptiones,
2363 4969 2530 5026 rubro
2557 4970 2739 5026 coiere
2768 4963 3026 5038 exuratur,
3062 4989 3182 5044 quae
3211 4973 3444 5028 rubricis
3475 4973 3688 5029 similli-

2330 5101 2364 5110 -κ
2457 5102 2478 5110 Α
2535 5105 2544 5110 .
2633 5103 2643 5110 ο
2747 5103 2760 5110 ι
2919 5105 2950 5110 --
3013 5105 3021 5110 .
3211 5105 3222 5110 -
3269 5105 3280 5110 ι
3345 5106 3376 5110 --
3417 5105 3430 5110 -
3609 5107 3636 5110 _
