4030 5354
241 428 342 483 537

928 403 1225 482 aereae.
1259 423 1305 480 ι.
1331 404 1396 465 έ-
1429 423 1739 481 DlSSERT.
1772 425 1799 480 r

1901 425 1942 480 5.
1969 424 2265 482 ANSELMI
2299 424 2626 482 COLLECT.
2655 423 2810 480 CAN.

3374 425 3488 483 553

238 541 326 628 5.5:
353 540 506 628 Qnod
535 539 948 628 imperatoribus
974 540 1054 594 l‘as
1079 555 1181 594 non
1211 549 1294 594 est
1325 539 1539 594 curiose
1560 539 1624 592 de
1651 540 1810 608 spiri-
1839 544 1886 601 Α
1918 539 2004 592 17.
2025 539 2117 620 .Ut
2138 539 2380 628 estraii'ei
2427 554 2540 628 Pol}.
2572 545 2956 628 prmpoxiantur
2996 538 3081 594 his
3099 539 3190 609 qni
3214 541 3350 628 bene
3373 559 3484 599 ser-

311 611 548 664 tualibus
576 612 804 678 negotiis
830 626 1006 678 agere.

236 681 325 734 55.
359 679 605 747 Qualiter

312 759 536 818 propter
563 748 680 817 ejus
705 748 1057 819 impietatem.

236 817 326 874 56.
357 817 510 886 Quod
541 817 847 889 Stephanus
875 833 1010 887 papa
1039 817 1323 889 Pippinum
1351 818 1400 870 in
1430 831 1651 889 regnum
1683 832 1809 889 pro-

303 890 477 952 vehit,
509 898 565 943 et
594 887 996 942 antecessorem
1035 888 1151 956 ejus
1183 901 1358 954 regem
1408 887 1636 937 totontlil
1663 896 1715 938 et
1758 887 1809 940 in

306 959 640 1013 monasterio
659 958 1017 1026 conscripsit;
1045 957 1193 1010 illum
1219 970 1346 1010 vero
1369 965 1708 1010 sacramento
1733 957 1808 1010 rei

307 1030 600 1082 commisso
622 1028 870 1082 absolvit.

235 1098 322 1151 57.
356 1097 430 1152 Ut
458 1099 815 1165 imperatores
843 1095 1097 1150 obediant
1123 1096 1408 1164 episc0pis.

235 1169 322 1222 58.
351 1167 503 1237 Quod
533 1168 825 1237 imperator
846 1181 949 1237 non
976 1166 1179 1237 judicat
1200 1167 1499 1232 episcopos.

236 1238 323 1292 59.
355 1235 426 1291 Ut
472 1235 706 1306 episcopi
757 1236 1014 1290 auxilium
1063 1236 1450 1305 imperatorum
1496 1241 1679 1302 petant
1713 1249 1809 1303 pro

309 1307 521 1361 tuendis
544 1307 811 1360 Ecclesiis.

237 1376 324 1430 ϐο.
355 1377 408 1431 1η
431 1377 629 1446 quibus
648 1375 1002 1430 obedientium
1047 1373 1481 1445 imperatoribus,
1528 1373 1579 1426 in
1615 1373 1809 1442 quibus

307 1461 440 1503 non.

235 1516 322 1569 6|.
359 1516 432 1571 Ut
459 1517 510 1569 in
548 1517 688 1570 bono
713 1524 918 1569 tantum
945 1513 1357 1581 imperatoribus
1385 1512 1682 1565 ohediatur.

234 1586 322 1641 62.
348 1585 464 1640 Non
492 1600 614 1640 esse
641 1601 737 1656 per
771 1585 950 1639 omnia
980 1585 1341 1638 obedieudnm
1387 1583 1592 1652 legibus
1640 1582 1807 1651 impe-

300 1665 558 1710 ratorum.

235 1725 321 1779 63.
372 1726 444 1782 Ut
475 1723 711 1795 episcopi
757 1725 822 1778 ad
870 1723 1186 1778 comitatum
1227 1735 1334 1776 non
1373 1721 1574 1776 vadant
1602 1721 1806 1792 absque

304 1794 520 1846 licentia
549 1809 717 1846 name.

327 1796 520 1848 icentia
549 1809 717 1862 papze.

687 677 924 750 regorins
975 694 1197 748 regnum
1249 693 1276 731 a
1325 679 1502 732 Leone
1542 677 1813 747 separavit

1988 609 2200 662 vieruat
2232 609 2282 662 in
2315 608 2574 664 Ecclesiis
2602 610 2734 661 suis.

1919 677 2198 752 l8.AQuod
2219 679 2309 752 jus
2331 678 2686 752 ordinationis
2729 678 2886 752 debet
2927 680 3178 736 amittere
3215 683 3306 752 qui
3351 702 3482 739 neo-

1991 749 2213 817 phytum
2242 748 2538 816 improvide
2559 750 2917 817 consecravit.

1991 765 2056 817 pu
2103 765 2213 802 tum
2242 765 2538 816 improvide
2559 765 2917 801 consecravit.

1915 817 2001 871 19.
2033 765 2102 872 ὦ
2144 818 2287 872 inter
2327 817 2610 886 episcopos
2655 816 2737 870 vel
2776 817 2996 872 abhates
3032 835 3138 873 non
3182 819 3486 880 habeantur

1985 901 2081 960 nec
2116 886 2523 960 audiantur-qui
2561 887 2627 960 de
2652 886 2806 960 laici;
2851 887 2986 960 hanc
3031 895 3366 960 susceperint
3398 899 3480 950 dio

1985 956 2271 1028 gnitatem,
2296 965 2351 1010 et
2381 955 2520 1010 idem
2551 956 2617 1010 de
2650 955 2988 1028 inferioribus
3015 955 3385 1028 dignitatibus.

1911 1025 2001 1104 20.
2030 1025 2181 1104 Quod
2218 1025 2469 1104 biga-mus
2509 1036 2603 1079 aut
2627 1027 2982 1104 concubinam
3015 1025 3218 1085 habens
3242 1048 3352 1104 non
3380 1051 3478 1104 po.

1983 1103 2086 1148 test
2118 1095 2232 1216 ﬁelri
2273 1096 2581 1164 episcopus,
2613 1104 2708 1148 aut
2735 1099 2876 1164 pres‘
2897 1105 3046 1166 ytcr.
3089 1114 3192 1156 nec
3221 1095 3484 1162 diaconus

1984 1178 2081 1216 nec
2099 1179 2175 1216 cm
2201 1179 2312 1216 era.

2004 1183 2014 1216 l
2180 1178 2312 1217 tera.

1909 1178 2175 1355 Ξιῖιξξυξῗ
2195 1233 2608 1288 Mediolanensis
2624 1235 3165 1307 episeOpuanbente
3189 1257 3353 1312 papa,
3381 1262 3486 1299 or-

1983 1325 1994 1355 t
2020 1320 2103 1355 tua
2134 1320 2194 1355 us
2221 1314 2322 1355 est.

1908 1313 2418 1456 asillﬁitgugizpns
2447 1373 2624 1430 minus
2654 1389 2816 1445 quam
2870 1390 2899 1430 a
2943 1378 3116 1456 triqu
3165 1397 3273 1439 non
3320 1387 3473 1441 ordi-

1909 1453 2406 1568 SSt‘clll'trordinatio
2431 1514 2666 1583 episcopi
2695 1529 2798 1569 non
2825 1516 3124 1574 differatur.

1906 1583 1997 1654 et.
2031 1583 2100 1637 Ut
2124 1584 2332 1654 modica
2360 1585 2580 1638 civitate
2607 1586 2894 1654 episcopus
2928 1602 3031 1641 non
3060 1591 3364 1650 ordinetur.

1907 1651 2112 1736 25._[_)e
2146 1653 2517 1736 epis_c0po.qu_i
2563 1651 2674 1736 non
2719 1651 2899 1724 potest
2922 1662 3181 1715 accedere
3217 1667 3285 1719 ad
3318 1681 3481 1736 paro.

1977 1723 2152 1777 ehiam
2183 1725 2268 1776 cui
2292 1723 2572 1777 ordinatus
2599 1733 2702 1777 est.

1904 1791 1994 1868 ‘39.
2036 1794 2111 1868 pe
2133 1793 2538 1868 e_piscopis__non
2567 1795 2855 1868 receptisa
2893 1811 2987 1868 sua
3016 1803 3293 1868 parochia.

233 1865 320 1918 6t.
368 1865 436 1921 Ut
488 1861 664 1918 nullus
713 1863 930 1918 decreta
975 1863 1121 1919 sedis
1164 1861 1476 1932 apostolicze
1530 1869 1801 1916 temerare
1837 1875 1878 1933 ο
1907 1862 2274 1944 27..Qualiter
2317 1861 2635 1917 ordinentur
2675 1861 2976 1935 presbyteri
3018 1861 3077 1922 ct
3126 1877 3308 1929 caeteri
3363 1878 3474 1933 elc-

340 1951 414 1990 Γὶὲ
424 1951 475 1988 ill
483 1949 565 1987 ma
574 1945 611 1988 ι.

233 1950 768 2058 GSﬂJﬁ’i'nmrllhdubia
819 2003 886 2057 ad
931 2001 1090 2057 tidem
1141 2000 1396 2057 Ecclesia:
1439 2001 1693 2056 Romana.-
1721 2016 1803 2056 rc-

297 2084 566 2128 curratur.

236 2143 322 2197 66.
351 2143 422 2198 Ut
453 2159 551 2198 nec
581 2141 893 2197 nominetur
917 2141 1206 2198 concilium
1231 2141 1374 2212 quod
1397 2141 1512 2196 sine
1537 2155 1802 2195 consensu

300 2229 451 2280 papre
475 2223 849 2284 congregatur.

235 2279 317 2336 67.
350 2284 419 2338 Ut
450 2279 652 2352 absque
679 2279 969 2354 apostolica
1009 2281 1138 2336 sede
1186 2296 1286 2336 nec
1329 2279 1614 2336 concilium
1661 2279 1802 2336 cele-

303 2354 490 2407 bretnr
520 2369 618 2408 nec
644 2355 878 2423 episcopi
911 2353 1248 2407 damnentur.

241 2422 326 2477 68.
361 2425 435 2477 De
460 2419 725 2492 episcopis
756 2419 860 2476 non
885 2423 1203 2477 damnandis
1223 2421 1306 2476 vel
1334 2419 1648 2474 ordinandis
1684 2420 1801 2474 sine

301 2496 618 2546 auctoritate
643 2509 810 2562 papas.

236 2561 320 2617 69.
353 2562 408 2616 ln
429 2559 750 2616 damnandis
785 2559 1047 2618 sententia
1080 2561 1342 2615 servauda
1384 2559 1606 2613 arbitrio
1632 2574 1800 2628 paprc.

234 2631 318 2686 70.
345 2632 420 2687 De
447 2633 715 2703 episcopis
745 2633 948 2703 absque
995 2632 1286 2702 apostolica
1327 2631 1452 2685 sede
1477 2644 1582 2684 non
1613 2629 1804 2699 dijudi-

299 2704 504 2758 caudis.

237 2772 319 2825 71.
349 2772 418 2827 Ut
444 2772 741 2827 difﬁcil’ora
765 2772 963 2841 judicia
992 2771 1058 2841 ad
1086 2771 1398 2826 sacerdotes
1420 2770 1742 2841 referantur.

235 2841 319 2896 72.
359 2842 510 2909 Quod
569 2839 814 2898 basilica.
863 2843 944 2896 vel
993 2840 1394 2896 Catholicorniu
1437 2839 1800 2907 congregatio.

303 2928 409 2964 non
439 2912 597 2966 debet
623 2914 829 2967 institui
881 2914 999 2967 sine
1028 2920 1160 2965 nutu
1191 2910 1503 2978 apostolica:
1526 2910 1690 2962 setis.

232 2981 318 3034 73.
350 2981 419 3035 Ut
462 2983 673 3052 publica
721 2985 880 3037 missa
925 2997 1030 3036 non
1081 2983 1174 3035 tiat
1201 2977 1256 3035 in
1282 2980 1511 3035 ecclesia
1543 2993 1662 3048 qua:
1686 2977 1803 3032 sine

294 3066 558 3106 consensu
587 3068 736 3122 papa:
761 3053 859 3106 fuit
885 3053 1152 3107 dedicata.

230 3120 318 3174 74.
352 3122 426 3176 De
456 3120 806 3177 violatoribus
831 3137 1114 3176 canonum.

230 3190 320 3244 75.
347 3191 498 3258 Quod
523 3208 714 3247 omnes
745 3192 1034 3246 violatores
1065 3193 1402 3245 decretorum
1432 3189 1798 3244 Romanorum

300 3261 612 3329 pontiﬁcum
644 3264 754 3316 sint
785 3261 1252 3315 anathematizati.

230 3327 318 3384 76.
353 3332 429 3386 De
461 3334 840 3387 observatione
879 3333 1216 3387 decretorum
1258 3329 1574 3401 pontiﬁcum
1607 3327 1800 3381 [torna-

295 3415 485 3455 norum
494 3442 507 3454 .

227 3469 318 3522 77.
348 3470 420 3525 De
456 3472 817 3527 inobedientia
846 3471 1164 3526 eauonibus.

231 3539 316 3612 78.
350 3541 425 3612 lle
448 3543 771 3596 auctoritate
795 3551 1026 3612 quatuor
1049 3541 1421 3595 conciliorum.

234 3608 320 3662 79.
349 3609 413 3663 Ut
448 3613 735 3666 concilium
761 3608 841 3666 bis
872 3613 923 3666 in
953 3627 1096 3666 anno
1126 3612 1449 3664 celebretur.

230 3679 315 3752 ὃς).
349 3680 466 3746 Quo
497 3691 738 3752 tempore
770 3683 1150 3736 celebrandum
1172 3683 1245 3735 sit
1271 3681 1580 3734 concilium.

230 3749 321 3804 Sl.
377 3752 530 3818 Quod
574 3746 682 3806 non
734 3752 805 3806 sit
848 3752 1230 3807 discedendum
1275 3753 1344 3805 ab
1388 3751 1677 3821 apostolica
1708 3746 1799 3801 do-

299 3823 495 3874 ctrina.

228 3887 316 3943 εἳ.
353 3890 428 3945 De
456 3891 698 3946 conciliis
719 3891 914 3960 quibus
947 3891 1024 3944 uti
1053 3891 1334 3945 debemus.

228 3960 315 4014 83.
349 3959 1150 4084 D3.iustitutisiecclesiasticis
1191 3975 1290 4030 pro
1343 3971 1584 4030 tempore
1615 3959 1795 4014 mole-

291 4045 389 4084 ran
436 4046 500 4084 IS.

291 4045 500 4085 ranats.

229 4100 319 4170 81.
345 4103 420 4154 he
441 4102 724 4156 curatione
755 4099 1052 4156 adhibenda
1084 4100 1366 4170 temporali
1406 4099 1743 4154 necessitate.

227 4169 314 4225 85.
350 4171 426 4224 De
471 4173 704 4241 quodam
755 4180 976 4240 propter
1021 4168 1400 4225 necessitatem
1431 4181 1682 4239 promoto
1703 4168 1794 4238 qui

296 4243 450 4295 uxori
476 4242 742 4296 defuncta:
774 4242 929 4296 ﬁdem
959 4257 1064 4296 non
1098 4241 1354 4295 servavit.

504 4348 618 4406 LIB.
653 4351 717 4407 ιι.
769 4351 848 4405 De
875 4351 1213 4421 praelatorum
1248 4351 1512 4406 electione.

231 4443 280 4496 ‘l.
305 4443 380 4498 De
401 4443 684 4499 electione.

228 4513 281 4564 2.
312 4513 386 4566 De
421 4515 634 4568 eodem.

1903 1948 2097 2073 ssr'ii'é
2123 2001 2312 2057 ordine
2338 2003 2799 2073 presbyterorum.

1905 2070 2100 2193 EQEOUt
2140 2073 2194 2126 in
2225 2070 2817 2143 principio'Dominicm
2865 2078 3036 2132 noctis
3077 2080 3209 2136 liant
3248 2086 3472 2142 ordiua.

2005 2157 2172 2196 nones.

1904 2210 2003 2281 30.
2025 2211 2177 2278 Quod
2201 2210 2431 2267 clericus
2462 2213 2630 2268 semel
2671 2225 3018 2272 consecratus
3058 2219 3111 2274 in
3150 2222 3339 2278 eodem
3385 2242 3475 2281 or-

1975 2279 2100 2334 dine
2128 2284 2437 2336 consecrari
2465 2299 2570 2337 non
2599 2283 2778 2338 debet.

1904 2351 1993 2406 ⁸51.
2021 2350 2091 2405 Ut
2119 2352 2418 2422 presbyteri
2463 2368 2490 2406 a
2525 2353 3028 2426 pseudo-episcopis
3063 2359 3301 2417 ordinati
3343 2379 3474 2420 con-

1902 2431 2302 2569 ζιξθὸἷιῗξξιᾟιό
2316 2493 2608 2569 reparandi
2637 2501 2763 2547 sunt
2786 2494 3108 2569 qni‘injuste
3123 2499 3472 2569 dejicinntnr.

1905 2561 1994 2614 53.
2024 2561 2098 2615 De
2131 2561 2437 2629 receptione
2462 2563 2608 2617 sedis
2632 2572 2686 2616 et
2708 2561 2995 2619 sacerdotii
3026 2561 3326 2626 Athanasii.

1905 2632 1995 2685 51.
2025 2630 2176 2712 Quod
2210 2631 2462 2712 irritasit
2483 2633 2754 2712 ordinatio
2783 2633 2926 2690 illius
2950 2637 3041 2705 qni
3073 2640 3356 2698 ordinatur
3379 2660 3472 2700 ne-

1976 2709 2182 2771 sciente
2205 2709 2422 2770 proprio
2450 2709 2722 2771 episcopo.

1902 2769 2376 2893 53&.Ut|Ecclesiis
2410 2769 2646 2826 duarum
2669 2771 2950 2828 civitatum
2989 2777 3220 2837 clericus
3247 2798 3354 2839 non
3382 2801 3474 2840 or~

2012 2855 2100 2895 me
2127 2855 2207 2894 ur.

1903 2878 2408 2966 δδῗῦΐὲἑίωιιευε
2450 2908 2679 2968 clericus
2709 2911 2827 2969 sine
2853 2918 3308 2978 commendati-dis
3333 2923 3477 2980 litte-

1894 3009 1916 3026 ο
1977 2979 2053 3034 ris
2075 2994 2177 3034 non
2206 2980 2494 3036 ministret.

1907 3049 1998 3102 37.
2034 3048 2103 3103 Ut
2125 3049 2356 3105 clericus
2379 3051 2431 3104 in
2455 3051 2630 3107 aliena
2655 3055 2874 3109 civitate
2896 3071 3001 3110 non
3029 3058 3330 3116 ordinetur.

1904 3119 1993 3174 58.
2021 3119 2092 3200 Ut
2119 3120 2565 3200 metropolitanus
2619 3139 2780 3200 suam
2827 3127 3162 3193 provinciam
3203 3133 3472 3200 gubernet

1973 3189 2123 3261 salva
2153 3189 2476 3261 ancteritate
2505 3193 2802 3261 apostolici.

1830 3230 1874 3292 θ
1905 3258 1994 3314 59.
2031 3258 2098 3313 Ut
2125 3259 2300 3342 n_u‘llus
2333 3230 3017 3342 metropolitauus“audiat
3045 3282 3234 3324 causas
3265 3270 3476 3342 aliquo-

1975 3344 2093 3406 rum
2119 3328 2322 3406 absque
2357 3328 2899 3406 comp—revineialibus
2935 3336 3220 3406 episc0pis.

1901 3397 2093 3521 4031:}
2135 3399 2188 3453 in
2212 3397 2346 3454 duos
2385 3397 2831 3472 metropolitanos
2868 3397 3142 3474 provincia
3183 3424 3290 3464 non
3333 3412 3472 3468 divi~

1973 3487 1988 3520 1
2011 3487 2036 3521 ει
2070 3484 2150 3521 llr.
3075 3520 3078 3521 ,

1973 3477 2150 3522 datur.

1901 3539 1989 3612 μ.
2024 3538 2139 3612 Qui
2154 3539 2260 3612 sint
2278 3538 2518 3612 vocandi
2557 3539 2838 3612 primates.
3157 3607 3160 3612 _

1901 3607 1995 3686 ag.
2026 3609 2101 3686 [3e
2125 3609 2212 3686 his
2243 3607 2670 3686 civitatibusubi
2698 3613 2958 3686 primates
2979 3624 3106 3686 sunt
3134 3607 3389 3686 ponendi.

1899 3677 1991 3751 l3.
2025 3678 2099 3751 [)e
2125 3678 2327 3751 honore
2348 3677 2764 3735 Jerosolimiuini
2787 3683 3044 3751 episcopi.

1898 3747 1990 3819 41.
2021 3747 2161 3814 Quot
2187 3748 2433 3804 civitates
2471 3750 2746 3819 provincia
2777 3747 3052 3809 continere
3081 3757 3290 3814 debeat.

1899 3817 1990 3872 45.
2035 3820 2312 3899 Quomodo
2337 3817 2561 3887 possunt
2598 3821 2800 3875 habere
2835 3821 3148 3894 episcopum
3197 3831 3289 3899 qui
3327 3848 3467 3889 nuu-

1970 3903 2129 3958 quam
2158 3887 2482 3943 habuerunt.

2024 4025 2028 4029 Α
2075 4000 2195 4058 Lm.
2235 4001 2320 4056 lll.
2391 4001 2470 4057 De
2525 4007 2889 4060 consecrandis

2492 4089 2676 4128 earum
2705 4076 2907 4130 ritibus.

1903 4165 1952 4217 l.
1980 4161 2056 4217 De
2084 4163 2310 4218 ecclesia
2335 4163 2708 4218 haereticorum
2730 4169 3111 4222 consecranda.

1897 4232 1955 4286 2.
1987 4233 2060 4354 {te
2087 4233 2438 4289 ecclesiarum
2468 4235 2844 4290 benedictione
2879 4239 3005 4304 quid
3050 4241 3125 4292 sit
3172 4242 3465 4301 observan.

1969 4322 1985 4354 1
2009 4319 2114 4354 lllll-

1969 4319 2114 4360 (Illlll.

1897 4373 1955 4426 5.
1999 4373 2075 4426 De
2103 4388 2206 4428 non
2241 4371 2611 4426 saeriticandis
2632 4371 2733 4426 nisi
2763 4373 2816 4428 in
2841 4373 2959 4429 loco
2980 4387 3185 4435 sancto.

1903 4443 1955 4496 ι.
1985 4443 2059 4496 De
2093 4443 2434 4496 solemnitate
2461 4441 2834 4498 dedicationis.

1905 4513 1954 4565 5.
1995 4511 2061 4566 Ut
2088 4515 2250 4566 missa
2283 4527 2386 4565 nou
2409 4520 2661 4566 cantetur
2694 4514 2796 4568 nisi
2829 4514 2882 4568 in
2908 4529 3066 4570 sacro
3096 4516 3232 4572 loco.

2953 4011 3182 4068 ecclesiis
3242 4025 3294 4070 et

227 4582 280 4634 5.
308 4582 460 4648 Quod
498 4586 829 4653 principatus
861 4599 966 4639 non
990 4585 1060 4639 sit
1082 4581 1400 4638 ambiendus
1443 4597 1542 4636 nec
1582 4580 1800 4636 seditFO-
1832 4571 1877 4627 Ι)
1905 4581 1957 4635 6.
1988 4582 2064 4653 [le
2098 4597 2162 4653 re
2186 4581 2358 4636 aliena
2392 4592 2868 4653 nonconsecrata.

298 4653 456 4723 uibus
483 4656 902 4723 extorquendus.

230 4721 279 4774 4.
307 4721 376 4776 Ut
417 4720 772 4780 institutionis
798 4723 1180 4780 ecclesiastica!
1226 4722 1398 4794 ignari
1427 4736 1531 4776 non
1555 4720 1799 4775 ordinen-

294 4803 382 4848 tur
405 4795 664 4864 episcopi.

231 4863 281 4917 5.
315 4865 386 4918 De
410 4863 597 4921 eadem
619 4882 700 4921 re.

234 4936 281 5005 ti.
307 4932 383 5005 De
408 4938 600 5004 populo
625 4952 729 4991 non
763 4937 1057 5005 sequendo.

235 5002 283 5052 7.
316 5001 382 5054 Ut
406 5001 649 5061 ex'laicis
675 5001 984 5062 sacerdotes
1007 5004 1186 5061 subito
1217 5018 1322 5057 non
1351 5002 1689 5058 ordinentur.

233 5070 284 5121 8.
319 5070 392 5123 De
416 5073 622 5128 eodem.

233 5138 389 5220 {bl}:
411 5156 562 5220 purga
579 5145 726 5201 tione
751 5146 1032 5202 ordinandi
1062 5141 1322 5215 episcOpi.

1900 4653 1953 4705 7.
2002 4651 2080 4706 Ne
2133 4650 2273 4720 ligna
2331 4651 2576 4707 ecclesia:
2619 4653 2686 4704 ad
2735 4653 2996 4708 laicorum
3042 4670 3208 4726 opera
3261 4661 3463 4717 admit-

1969 4730 2172 4775 tantur.

1900 4791 1954 4846 8.
1986 4793 2059 4845 De
2084 4791 2229 4845 vasis
2250 4793 2439 4847 sacris.

1901 4862 1952 4916 9.
1987 4861 2388 4942 Utvestimeuta
2409 4860 2651 4916 ecclesia:
2677 4874 2781 4916 non
2797 4873 3091 4937 uagantur
3116 4869 3218 4925 nisi
3246 4887 3278 4926 a
3297 4874 3469 4928 sacr's

1900 4945 2310 5055 ltlt'Ufoaltaria
2341 5000 2441 5054 nisi
2471 4999 2678 5068 lapidea
2707 4974 3113 5061 consecrentnr.

1904 5071 1988 5124 ll.
2026 5069 2096 5126 Ut
2123 5071 2173 5123 in
2196 5071 2344 5124 omni
2369 5070 2536 5124 missa
2558 5084 2656 5138 pro
2678 5071 2953 5133 defunctis
2967 5086 3178 5133 oretur.

2018 5139 2093 5220 [Alc
2122 5138 2438 5193 ministeriis
2459 5139 2871 5219 ecclesiasticis.
