4030 5354
561 430 672 487 559
1070 396 1089 415 ”
1122 418 1127 424 ’
1190 396 1219 413 ”

559 551 1142 673 Ιθῗθὸἑυὲξιωηςιιῑοηρ
1186 610 1409 665 rectoris
1433 610 1699 665 ecclesiae.

555 688 647 741 20.
688 685 761 739 De
796 682 1101 751 raptoribus
1132 689 1201 751 et
1226 682 1716 735 consentientibus.

556 758 649 812 21.
685 756 754 811 Ut
782 749 885 823 qui
904 750 1304 823 ecclesiasticas
1336 766 1423 806 res
1452 751 1570 807 sine
1593 752 1751 822 jussu
1778 749 2015 823 episcOpi
2057 760 2133 807 te-

628 834 717 881 uet
746 820 817 879 de
849 821 1086 876 Ecclesia
1115 820 1369 889 pellatur.

555 896 645 949 2'2.
682 896 756 949 De
779 892 1088 973 raptoribus
1116 890 1504 973 ecclesiastica:
1536 890 1637 947 rei.
1684 962 1701 973 ‘
1822 961 1834 973 _

553 966 644 1022 23.
676 965 746 1018 De
767 976 924 1031 poena
956 961 1098 1013 illius
1122 960 1218 1031 qui
1249 960 1536 1031 ecclesiam
1562 961 1879 1016 combussit.

556 1036 644 1089 2t.
679 1030 831 1101 Quod
856 1030 1200 1085 damnandus
1227 1030 1299 1085 sit
1322 1030 1412 1100 qui
1441 1032 1507 1086 de
1534 1031 1763 1087 ecclesia
1789 1030 2127 1086 subtractum

624 1101 821 1183 aliquid
849 1101 1107 1183 vendidit.
1359 1169 1372 1183 .
1415 1179 1423 1183 _
1611 1178 1621 1183 Δ
1774 1170 1790 1183 _
1953 1170 1965 1183 ,
2086 1172 2098 1183 ,

548 1176 635 1230 35.
679 1169 752 1227 De
777 1171 1155 1242 persecutione
1182 1169 1551 1242 sacerdotum,
1573 1178 1627 1225 et
1649 1170 1790 1240 quod
1816 1170 2035 1242 gravius
2056 1172 2128 1228 sit

618 1242 979 1312 sacrilegium
1006 1239 1383 1312 fornicatione.

546 1315 638 1368 26.
667 1314 741 1367 De
769 1309 1088 1365 vexantibus
1117 1309 1482 1364 ecclesiastica
1518 1310 1738 1379 praedia.

545 1386 633 1441 27.
660 1382 812 1452 Quod
842 1381 1123 1450 episc0pus
1146 1380 1262 1433 sine
1281 1380 1506 1435 consilio
1529 1380 1757 1435 fratrum
1786 1382 2030 1450 quasdam
2053 1380 2122 1437 ab

616 1454 843 1509 ecclesia
872 1453 1109 1505 alienare
1135 1457 1331 1517 potest.
1636 1484 1645 1493 ,

541 1525 630 1579 28.
664 1524 730 1579 Ut
756 1523 1042 1592 episcopus
1060 1534 1157 1592 nec
1182 1520 1547 1592 nescientibus
1575 1520 1789 1576 clericis
1812 1536 1910 1576 nec
1934 1520 2031 1591 ipsi
2058 1536 2121 1577 co

616 1590 889 1648 nesciente
923 1606 1008 1643 res
1037 1590 1280 1643 ecclesia:
1308 1592 1565 1643 vendant.

542 1666 631 1720 29.
674 1664 742 1719 Ut
777 1662 955 1716 nullus
983 1676 1094 1715 rem
1125 1658 1263 1714 tituli
1298 1661 1380 1714 sui
1426 1670 1669 1731 usurpet,
1701 1669 1756 1716 et
1793 1660 1859 1716 de
1904 1660 2121 1717 salariis

611 1733 874 1789 ecclesias.
1325 1750 1333 1756 ·
1393 1776 1399 1781 .
1496 1768 1499 1771 λ

540 1805 627 1857 50.
662 1803 735 1857 Ne
763 1817 849 1856 res
873 1798 1118 1855 ecclesia:
1140 1799 1334 1852 dentur
1363 1799 1446 1854 vel
1476 1799 1800 1855 vendantur.

542 1876 630 1927 51.
657 1873 902 1937 Qualiter
928 1871 1214 1940 episcopus
1238 1870 1396 1924 rebus
1428 1871 1669 1925 ecclesim
1699 1880 1901 1925 utatur.

539 1944 627 1998 5‘2.
662 1942 738 1996 Ne
766 1942 961 2010 praedia
990 1940 1357 1993 ecclesiastica
1391 1957 1419 1993 a
1450 1941 1712 1996 militibus
1738 1951 2041 1995 teneantur.

538 2014 625 2066 '55.
663 2012 731 2067 Ut
769 2027 866 2081 pro
900 2010 1127 2080 captivis
1179 2010 1504 2067 redimendis
1546 2026 1635 2068 res
1683 2012 1925 2066 ecclesia:
1986 2028 2118 2094 vep-

609 2086 821 2137 dantur.

536 2152 625 2208 51.
659 2152 810 2220 Quod
843 2150 1149 2205 faciendum
1187 2150 1258 2206 sit
1288 2164 1411 2205 cum
1444 2164 1670 2206 necesse
1697 2160 1779 2207 est
1807 2166 1919 2206 rem
1945 2151 2118 2209 eccle-

612 2224 705 2278 sia:
730 2224 982 2275 vendere.

532 2294 625 2349 35.
654 2293 719 2349 Ut
748 2301 952 2347 temere
980 2290 1269 2343 alienatum
1301 2290 1369 2344 ab
1388 2290 1613 2345 ecclesia
1649 2302 1951 2348 revocetur.

537 2364 733 2418 36.'lit
762 2378 860 2417 nec
889 2362 939 2414 in
967 2361 1179 2413 vadium
1212 2375 1297 2415 res
1321 2361 1564 2415 ecclesiae
1592 2363 1807 2416 dentur.

530 2434 618 2487 37.
660 2434 867 2502 Quibus
892 2431 1256 2502 personisres
1284 2431 1525 2502 ecclesia:
1552 2433 1706 2485 vendi
1738 2432 1967 2502 possint.

531 2504 621 2561 38.
653 2500 825 2571 Quam
857 2500 1043 2558 curam
1074 2500 1309 2555 habeant
1339 2501 1578 2556 haeredes
1608 2500 1911 2558 fundator-is
1934 2502 2110 2559 eccle-

527 2592 824 2712 δθῗωδηοιι
879 2640 1101 2697 decimae
1147 2648 1273 2697 sunt
1326 2640 1528 2697 tributa
1580 2642 1852 2711 egentium
1902 2642 2110 2698 anima-

530 2732 807 2851 AOTthiiod
839 2782 931 2852 qui
963 2780 1202 2835 decimas
1231 2780 1475 2835 ecclesia:
1510 2781 1848 2850 baptismalis
1870 2791 2103 2839 conten-

602 2856 735 2909 dunt
762 2855 1017 2907 damnum
1055 2861 1401 2921 componant.

526 2924 613 2978 M.
648 2925 715 2979 Ut
737 2923 961 2976 decimae
989 2922 1100 2974 dari
1144 2922 1395 2975 debeant.
2102 2966 2128 2985 ,

523 2995 613 3071 fg.
648 2993 801 3071 Quod
826 2991 922 3071 liat
944 2991 1010 3045 de
1034 2991 1428 3071 negligentibus
1452 2990 1714 3071 decimam
1739 2991 1890 3047 dare.

524 3064 614 3117 15.
648 3064 777 3132 Quae
807 3062 1029 3116 decima:
1053 3076 1082 3114 a
1112 3060 1263 3115 laiCis
1289 3060 1689 3130 possideantur.

522 3135 611 3188 41.
648 3133 961 3189 Utdecima:
992 3132 1093 3186 sub
1123 3146 1285 3186 manu
1309 3132 1545 3201 episcopi
1591 3132 1701 3187 sint
1747 3141 1801 3188 et
1851 3132 1983 3203 quid
2024 3150 2093 3190 ex

598 3206 682 3261 liis
710 3203 959 3258 faciatur.

1437 428 1525 483 AD
1552 426 1698 485 OPP.
1740 428 1797 484 S.
1827 426 2125 483 ANSELMI
2157 426 2493 485 LUCENSIS
2521 427 2960 486 APPENDICES.

2170 547 2217 604 Α
2248 540 2335 614 61.
2366 539 2438 614 _Ut
2466 543 2755 614 episcopus
2781 554 2944 602 testes
2972 546 3186 603 habeat.

3710 437 3823 495 560'

2245 611 2331 682 65.
2360 611 2436 682 De
2466 611 2670 682 septeni
2700 616 2940 671 diaeonis
2969 618 3116 672 urbis
3146 618 3349 674 Romze.

2238 680 2326 733 66.
2355 681 2428 735 De
2449 680 2791 739 subdiaconis
2814 696 2867 739 et
2894 688 3137 742 notariis.

2235 750 2327 803 67.
2360 751 2429 806 Ut
2462 752 2515 806 in
2547 754 2899 811 sacriﬁcando
2927 772 3095 812 sanus
3123 758 3379 813 succedat
3408 759 3643 816 inﬁrmo.

2152 832 2157 841 ‘
2233 820 2323 876 68.
2359 820 2427 877 Ut
2456 822 2873 881 celebrationem
2904 827 3189 883 missarqu
3219 839 3347 884 ante
3376 832 3593 886 tertiam
3613 836 3810 891 horam

2304 906 2409 945 non
2441 891 2734 949 celebrent.

2231 958 2319 1015 69.
2352 959 2455 1016 Ubi
2479 961 2798 1019 celebranda
2835 966 2925 1020 sit.

2231 1030 2318 1082 70.
2352 1030 2531 1086 Sanus
2558 1036 2816 1090 Succedat
2841 1037 3055 1091 intirmo

2228 1100 2317 1172 7|.
2345 1099 2641 1172 Presbyter
2664 1105 2780 1160 sine
2804 1105 3019 1161 duobus
3041 1124 3146 1162 nou
3175 1120 3356 1165 cantet
3379 1128 3629 1169 luissem.

2227 1169 2314 1223 72.
2345 1169 2415 1224 Ut
2438 1169 2601 1227 missa
2629 1181 2736 1229 tota
2766 1176 3039 1231 audiatur.

2231 1238 2319 1313 73.
2353 1242 2427 1313 pe
2451 1256 2642 1297 novem
2675 1244 3099 1313 prmfationibus.

2228 1308 2315 1381 ξιξ.
2347 1310 2428 1381 pe
2451 1313 2627 1381 capite
2650 1308 2756 1367 non
2779 1314 3031 1370 velando.

2347 1378 2417 1462 Ut
2448 1377 2611 1462 missa
2637 1381 2704 1462 ab
2725 1399 2789 1439 eo
2811 1400 2919 1462 quo
2950 1386 3205 1462 incipitur
3236 1402 3551 1462 peragatur.

2224 1448 2311 1501 76.
2354 1450 2429 1502 De
2450 1451 2775 1508 discretione
2798 1448 3160 1513 eucliarisiiw.

2225 1520 2311 1571 77.
2375 1519 2442 1575 Ut
2489 1538 2703 1576 sacrmn
2755 1539 2952 1596 corpus
3006 1543 3112 1583 non
3160 1541 3405 1586 sumatur
3468 1534 3583 1589 sine
3643 1551 3807 1591 sacro

2294 1606 2506 1645 CI'UOI‘C.

2225 1656 2310 1712 78.
2338 1658 2414 1716 De
2438 1660 2705 1719 illusionis
2740 1664 3087 1723 discretione.

2377 1773 2489 1831 Lm.
2540 1777 2628 1833 IV.
2683 1778 2759 1832 De
2802 1782 3011 1851 sedibus
3063 1783 3421 1851 episcoporum
3473 1796 3521 1839 et
3570 1788 3641 1840 de

2626 1850 2936 1905 auctoritate
2973 1850 3381 1921 pra'diculionis.

2149 1907 2191 1966 Β
2224 1933 2271 2009 1.
2306 1932 2382 2009 l_)e
2408 1946 2677 2009 potestate
2703 1907 3098 2009 episeoporum.

2220 2002 2272 2079 ἓ.
2307 2002 2707 2079 peiuramento
2732 2002 2797 2063 ad
2831 2002 3043 2079 papam.

2218 2072 2269 2156 ξ.
2300 2075 2503 2156 Quibus
2532 2079 2669 2156 sacri
2696 2072 2916 2156 ordines
2950 2081 3243 2156 tribuendi,
3290 2084 3487 2156 quibus
3532 2087 3800 2156 negandi.

2216 2142 2272 2195 4.
2302 2143 2377 2198 Ne
2406 2147 2526 2225 quis
2565 2149 2670 2202 cito
2692 2158 2815 2225 post
2851 2151 3137 2225 baptisma
3167 2142 3450 2225 presbyter
3495 2142 3671 2210 tiat‘et
3702 2158 3800 2225 qui

2294 2225 2413 2282 post
2440 2219 2645 2271 crimen
2678 2220 2909 2275 ordinati
2939 2230 3065 2275 sunt
3090 2219 3383 2278 ab'ordine
3411 2226 3684 2280 decidant.

2216 2281 2273 2357 {5.
2299 2281 2405 2357 Qui
2436 2287 2546 2357 sint
2577 2290 2926 2357 promerendi
2957 2293 3024 2345 ad
3058 2290 3378 2349 clericatum
3410 2294 3487 2347 vel
3521 2311 3648 2349 non.

2216 2352 2268 2406 6.
2302 2356 2403 2421 Qui
2432 2352 2650 2434 viduam
2672 2358 2826 2434 duxit
2852 2375 3075 2416 uxorem
3095 2362 3210 2418 sive
3233 2374 3360 2419 ante
3388 2365 3655 2434 baptisma
3679 2366 3798 2420 sive

2286 2434 2407 2489 post
2432 2441 2536 2480 non
2563 2428 2634 2481 sit
2665 2428 2913 2484 clericus.

2293 2491 2367 2569 [ξς
2388 2496 2583 2569 quibus
2607 2498 2758 2569 laicis
2787 2499 3010 2569 intelligi
3038 2502 3251 2557 debeat.
3570 2542 3573 2543 ν

2211 2562 2263 2615 8.
2316 2562 2674 2622 Ne'ordinati
2731 2569 2801 2624 ab
2865 2562 3139 2627 haereticis
3209 2572 3356 2629 nullo
3417 2573 3575 2630 modo
3634 2576 3791 2632 ordi-

2284 2643 2500 2690 nentur.

2210 2700 2273 2783 9.
2302 2704 2372 2783 Ut
2404 2706 2742 2783 ordinandus
2767 2710 3031 2783 probatur
3060 2727 3157 2781 per
3179 2712 3446 2780 prolixum
3477 2722 3710 2783 tempus.

2214 2773 2294 2826 10.
2333 2772 2431 2840 Qui
2464 2776 2573 2831 sint
2602 2772 2919 2833 admitiendi
2947 2782 3011 2835 ad
3039 2772 3264 2836 elerum.

2209 2842 2295 2896 11.
2330 2844 2388 2899 Si
2436 2847 2558 2915 quis
2602 2858 2793 2904 contra
2842 2866 3078 2907 canones
3120 2853 3396 2908 ordinatur
3422 2853 3629 2910 honore
3671 2856 3791 2925 prio

2277 2925 2453 2969 vetur.
3266 2962 3269 2963 ,

2208 2980 2293 3036 12.
2332 2986 2405 3040 De
2431 2986 2619 3042 illicita
2642 2989 2985 3045 ordinatione
3016 3006 3081 3045 ne
3109 2992 3221 3046 iiat.

2206 3052 2298 3105 15.
2331 3054 2430 3134 Qui
2454 3068 2608 3112 extra
2631 3060 2955 3116 catholicam
2980 3061 3278 3118 Ecclesiam
3307 3062 3654 3134 baptizautur
3678 3080 3791 3121 non

2273 3126 2617 3182 ordinentur.

2208 3190 2295 3246 11.
2330 3195 2405 3249 De
2435 3199 2813 3255 transmarinis
2846 3199 3081 3256 clericis.

521 3255 843 3342 tisi—Quibus
885 3255 1133 3343 personis
1171 3272 1410 3343 episcOpi
1450 3271 1690 3328 decimas
1723 3272 1975 3329 conferre
2004 3270 2132 3330 de-‘

2328 3265 2407 3343 pe
2436 3268 2633 3343 marito
2663 3270 2890 3343 duarum
2925 3255 3313 3343 matronarum.

518 3346 981 3486 ngiuepiscopi
1031 3422 1084 3469 et
1131 3412 1355 3469 abbates
1403 3412 1470 3467 de
1513 3414 1656 3483 agris
1696 3414 1810 3469 suis
1858 3413 2099 3471 decimas

587 3488 736 3541 deut.

520 3557 611 3611 47.
644 3555 796 3623 Quod
823 3554 867 3609 si
894 3555 1016 3624 quis
1039 3569 1226 3624 agrum
1257 3567 1413 3607 suum
1436 3553 1679 3609 ecclesia:
1698 3552 1977 3624 legaverit,
2001 3554 2097 3612 de-

588 3627 782 3680 cimam
816 3626 945 3679 dare
978 3640 1080 3678 non
1108 3632 1302 3692 potest.

518 3695 605 3749 18.
633 3694 695 3749 Ut
730 3691 1254 3748 anathematizentur
1273 3691 1363 3761 qui
1395 3692 1634 3746 deeimas
1662 3707 1769 3746 non
1800 3694 1947 3748 dant.

516 3764 604 3818 19.
630 3764 781 3830 Quod
811 3764 1032 3817 decimm
1071 3777 1176 3817 non
1210 3762 1319 3816 sint
1348 3762 1623 3833 exigenda:
1660 3778 1689 3815 a
1729 3765 2093 3821 communiter

587 3834 911 3888 viventibus.

513 3903 601 3957 50.
637 3901 704 3957 Ut
729 3901 967 3957 ecclesiae
998 3916 1097 3956 nec
1124 3900 1348 3956 decimis
1389 3915 1487 3956 nec
1528 3901 1708 3971 aliqua
1731 3904 2085 3971 possessione

624 3975 663 4027 ri
674 3981 880 4027 ventur.

511 3990 992 4100 Siﬁi‘ieglcli-Ilesize
1030 4050 1226 4114 praeter
1256 4055 1382 4095 suas
1411 4056 1577 4096 novas
1604 4056 1710 4095 non
1741 4043 1969 4112 perdant
1997 4044 2086 4114 ju-

580 4115 780 4168 stitiam
807 4123 900 4166 aut
929 4112 1217 4167 decimam.

508 4185 597 4240 52.
641 4184 791 4257 Quod
810 4197 1093 4257 consensu
1138 4181 1416 4257 apostolici
1458 4182 1541 4257 sui
1585 4182 1788 4257 proprii
1840 4184 2077 4257 episcopi

581 4257 707 4309 licet
738 4254 908 4307 abbas
933 4253 1011 4305 vel
1037 4253 1336 4307 monachus
1366 4254 1604 4307 decimas
1635 4253 1899 4307 detinere.

507 4327 616 4402 55.
635 4325 705 4402 Ut
729 4322 1007 4402 quidquid
1024 4323 1075 4375 in
1099 4322 1329 4402 ecclesia
1357 4338 1454 4402 pro
1477 4322 1939 4402 pecuniages‘tum
1964 4322 2076 4402 fue—

575 4398 646 4451 rit
678 4392 887 4449 irrilum
925 4393 1209 4457 habeatur,
1245 4394 1455 4459 etquod
1484 4392 1717 4447 ordinati
1742 4410 1770 4445 a
1804 4392 2071 4449 Simonia-

576 4468 656 4519 cis
683 4466 983 4519 nescienter
1015 4463 1434 4516 misericorditer
1477 4464 1860 4531 suscipiantur.

502 4536 591 4589 54.
627 4535 1006 4589 Ordinationes
1043 4533 1218 4602 pretio
1257 4532 1339 4585 vel
1388 4534 1641 4600 precibus
1685 4533 1765 4586 \cl
1809 4533 2073 4604 obsequio

574 4605 727 4658 facta:
748 4604 1021 4657 cassanda:
1044 4611 1189 4656 sunt.

499 4675 587 4728 53.
618 4674 769 4740 Quod
820 4690 848 4726 a
889 4673 1268 4726 communione
1307 4672 1551 4740 privetur
1596 4672 1686 4740 qui
1737 4672 1937 4726 donum
1978 4672 2072 4728 Dei

567 4746 718 4798 emit.

497 4812 586 4868 56.
622 4813 776 4880 Quod
808 4826 891 4867 res
926 4825 991 4866 ex
1023 4811 1434 4869 consecratione
1462 4810 1843 4881 provenientes
1863 4812 1977 4866 sine
2008 4828 2070 4867 ea

568 4900 671 4937 non
702 4890 975 4937 Clllllﬂlill‘.

493 4953 584 5007 57.
614 4952 766 5019 Quod
793 4951 1034 5005 Simonia
1060 4952 1131 5004 sit
1168 4949 1337 5004 altare
1361 4959 1414 5004 et
1447 4950 1684 5005 decimas
1707 4950 1961 5005 vendere.

490 5023 582 5080 58.
619 5021 683 5077 Ut
724 5021 950 5093 quilibet
990 5034 1054 5075 ex
1099 5021 1241 5075 clero
1279 5035 1374 5089 per
1424 5023 1705 5090 pecuniam
1756 5036 1863 5076 non
1916 5022 2067 5076 ordi-

563 5104 736 5147 netur.

2206 3335 2293 3387 16.
2320 3335 2474 3416 Quod
2531 3354 2628 3394 nec
2677 3349 2801 3395 ante
2838 3341 3168 3411 baptismum
3212 3343 3457 3413 bigamus
3501 3345 3783 3402 ordinetur

2203 3420 2584 3559 ifiiitiicdiimgit
2628 3455 2893 3559 acolytliis
2937 3494 2992 3537 et
3037 3482 3612 3555 subdiaconispossint
3647 3501 3778 3557 pro-

2270 3551 2470 3620 moveri
2501 3551 2567 3602 ad
2597 3551 2989 3620 presbyteium.

2198 3613 2282 3668 18.
2319 3616 2383 3671 Ut
2413 3613 2629 3673 obnoxii
2656 3613 2782 3674 licet
2805 3623 3035 3677 ordinati
3081 3622 3191 3677 sint
3234 3621 3465 3678 dominis
3508 3625 3624 3680 suis
3659 3628 3781 3681 red-

2264 3687 2481 3742 dantur.

2194 3754 2282 3828 19.
2316 3756 2382 3828 lit
2410 3758 2551 3812 servi
2583 3774 2686 3813 non
2715 3773 3147 3828 promoveantur.

2190 3824 2278 3878 20.
2316 3824 2887 3904 Utobnoxiidominis
2936 3834 3048 3889 suis
3099 3833 3471 3904 ignorantibus
3522 3850 3633 3889 non
3678 3837 3779 3891 ad-

2262 3898 2545 3952 tuittantur
2567 3900 2632 3953 ad
2662 3900 2889 3956 clerum.

2186 3964 2275 4046 21.
2310 3966 2461 4046 Quod
2494 3985 2557 4046 ea
2598 3971 2872 4026 ttioaacltis
2918 3975 3216 4044 presbyteri
3269 3975 3479 4046 possint
3526 3976 3777 4030 ordinari

2258 4038 2310 4090 in
2343 4037 2606 4093 ecclesiis.

2184 4104 2273 4159 22.
2303 4106 2454 4174 Quod
2488 4108 2737 4164 monachi
2765 4110 2973 4181 possint
3006 4116 3284 4186 aggregari
3324 4113 3516 4170 oﬂiciis
3540 4113 3777 4171 clerico-

2256 4193 2393 4231 1⁸11111.

2179 4244 2267 4298 ‘23.
2302 4248 2454 4312 Quod
2484 4248 2576 4318 qui
2617 4252 2969 4307 concubinam
3021 4253 3271 4310 habuerit
3303 4270 3407 4311 non
3451 4269 3772 4324 promoveao

2254 4327 2357 4371 llll‘.

2177 4385 2265 4439 21.
2300 4388 2568 4463 Quodqui
2604 4400 2738 4463 post
2769 4390 3094 4460 baptismqu
3125 4394 3361 4449 secundo
3395 4394 3645 4463 nupserit
3673 4405 3772 4451 aut

2247 4460 2603 4537 concubinam
2652 4460 2905 4515 habuerit
2952 4479 3058 4519 non
3099 4466 3169 4519 sit
3214 4460 3498 4535 cpisc0pus
3540 4464 3622 4519 vel
3658 4468 3771 4522 cle-

2246 4542 2409 4583 rlCllS.

2101 4594 2148 4650 1)
2174 4597 2260 4672 25.
2303 4598 2368 4672 lit
2397 4599 2569 4654 viduae
2601 4600 2826 4672 maritos
2852 4601 2895 4655 si
2935 4602 3217 4659 ordinatus
3247 4602 3405 4658 fuerit
3435 4606 3762 4672 deponatur.

2177 4668 2265 4720 ‘26.
2306 4667 2583 4725 L‘tomnes
2613 4670 2845 4725 tuinistri
2868 4672 3054 4727 altaris
3098 4675 3485 4728 continentiam
3505 4667 3762 4730 servent.

2174 4737 2263 4791 ‘27.
2298 4737 2364 4792 Ut
2388 4756 2491 4793 xxv
2515 4755 2775 4794 annorum
2800 4741 3082 4796 ordinetur
3106 4744 3379 4799 sacerdos.

2294 4809 2444 4894 Quod
2474 4810 2545 4865 sit
2576 4811 2683 4889 cito
2713 4825 2901 4891 manus
2926 4812 3083 4893 alicui
3108 4813 3403 4893 imponere.
3516 4882 3527 4894 .

2172 4877 2262 4930 ‘29.
2305 4878 2379 4949 De
2426 4895 2493 4935 eo
2536 4882 2626 4949 qui
2676 4895 2774 4934 ens
2817 4881 2870 4935 in
2920 4881 3147 4937 crimine
3186 4877 3309 4939 sine
3354 4882 3763 4941 examinatione

2242 4948 2544 5004 ordinatur.

2171 5014 2261 5087 ξο.
2290 5016 2357 5072 Ut
2382 5020 2651 5087 pmnitens
2679 5037 2785 5076 non
2812 5022 3111 5076 ordinetur.

2168 5085 2254 5143 51.
2287 5085 2518 5151 0111⁷11011
2547 5101 2672 5145 sunt
2698 5092 3003 5148 ordinandi.

493 5163 581 5219 59.
611 5163 763 5229 Quod
791 5176 897 5216 non
941 5162 1011 5216 sit
1058 5161 1349 5215 elemosiua
1380 5176 1499 5232 quae
1524 5160 1593 5217 sit
1618 5176 1681 5217 ex
1717 5161 1945 5233 pecunia
1969 5177 2067 5232 per
2167 5155 2255 5233 ἒξ.
2287 5157 2431 5233 Quos
2455 5159 2671 5233 ordines
2706 5161 3032 5233 ptenitentes
3067 5163 3274 5233 possint
3300 5162 3568 5232 accipere.

562 5233 860 5313 Simoniam
893 5242 1134 5313 accepta.
1236 5302 1247 5313 .
1454 5302 1468 5313 _
1662 5312 1666 5313 γ
1814 5302 1826 5313 ⁸

488 5304 577 5354 60.
606 5302 758 5350 Quod
806 5314 995 5354 contra
1043 5302 1341 5354 Simoniam
1387 5302 1737 5354 vehementer
1781 5302 1854 5354 sit
1902 5316 2062 5354 exar-

2166 5226 2253 5280 55.
2288 5226 2476 5299 1]ιὲ11111
2513 5226 2720 5285 invitus
2750 5231 2814 5284 ad
2842 5226 3214 5299 paenitentiam
3258 5234 3313 5288 iu
3360 5226 3751 5291 monasterium

2237 5296 2466 5350 mittitur
2495 5313 2599 5351 non
2629 5296 2926 5354 ordinetur.
