4030 5354
306 277 410 335 569
1444 275 1731 334 APPEND.
1767 277 1829 332 ll.
1863 274 2229 333 OPUSCULA
2270 277 2542 333 SPURM.
3481 281 3592 340 570

303 390 448 462 circa
467 387 839 462 collectionem
863 401 1152 462 canonum,
1174 401 1334 458 quam
1368 387 1518 462 libris
1548 386 1800 462 tredecim
1828 385 2112 440 Anselmus
2138 386 2386 449 absolvit,
2405 396 2468 462 _et
2489 386 2720 462 Anselnti
2750 387 3024 443 Decretum
3049 388 3267 462 quidam
3295 393 3586 462 appellant.

303 457 577 531 Eamsnis
604 458 844 531 numeris
864 458 1161 531 absolutam
1195 457 1233 510 7a
1262 457 1469 531 tuendis
1497 466 1552 511 et
1587 457 1864 513 erroribus
1901 466 2272 527 expurgatam,
2306 458 2578 528 notisque,
2609 458 2694 512 ubi
2733 457 3433 531 oportuerit,illustratum,
3477 467 3590 522 Deo

302 528 653 598 propitiante,
683 527 973 595 aliquando
1000 528 1050 581 in
1083 527 1255 598 lucem
1294 527 1650 598 proferemus.

333 657 335 659 1
369 598 502 664 Qua:
529 613 658 651 vero
695 604 1005 672 sequu_ntur_
1031 595 1331 672 opuscula_._
1356 595 1826 672 ArnoldusAUvion
1859 595 2141 672 tribuit__S.
2180 595 2437 672 Anselmo
2475 596 2931 672 (thoauinnott’s
2967 601 3037 654 ad
3079 601 3216 655 diem
3257 601 3322 672 l8
3357 600 3586 672 Martii),

300 682 470 735 eaque
501 677 739 730 exstare,
763 677 817 720 ct
847 666 1099 719 Anselmo
1136 666 1424 736 ascribiin
1455 667 1728 736 codicibus
1752 666 2157 736 przcgt'andibus
2193 667 2555 721 membraneis
2577 667 2910 723 bibliothecae
2947 673 3178 725 cucuobii
3210 672 3267 726 S.
3305 666 3585 728 Benedicti

301 736 578 790 Mantuani
613 746 842 791 testatur
875 735 1196 789 Possevinus
1225 736 1299 803 (in
1324 735 1562 804 Appar.).
1597 735 2037 790 Eminentisimus
2074 737 2322 790 dominus
2357 737 2675 791 Franciscus
2712 740 2998 795 cardiualis
3023 740 3370 803 Barherinus.
3412 742 3584 798 Bene-

299 806 485 860 dietini
513 807 721 861 ordinis
743 814 1156 877 pmtector,_pru
1185 819 1284 860 sua
1323 819 1450 877 erga
1481 820 1566 859 me
1602 806 1770 877 veteri
1796 820 1868 877 ac
1913 804 2170 877 peculiari
2217 807 2568 876 benignitate,
2605 817 2767 877 alque
2805 809 2984 864 innata
3017 811 3067 864 in
3094 825 3282 865 onmes
3322 812 3584 868 bonarum

301 877 604 953 litterarum
631 874 868 932 cultores
895 875 1130 953 beneﬁca
1159 875 1532 953 propensione,
1563 876 1773 953 curavit
1794 875 1916 929 inde
1943 874 2048 953 ﬁde
2074 875 2278 953 integra
2307 874 2407 953 hoc
2429 874 2704 953 exemplai-
2725 882 3042 936 transmitti.
3071 879 3232 953 Atqui
3256 881 3342 934 illa
3369 881 3583 953 eloquio

300 946 611 1022 humiliora,
640 962 950 1022 quam_qu:e
991 945 1138 1022 tanti
1157 946 1254 999 viri
1284 944 1573 1022 pmferant
1614 945 1954 1016 gravitatem,
1982 944 2142 1000 alicui
2190 945 2530 1022 videbuntur.
2551 944 2942 1022 _Verunitatnen
2989 944 3314 1021 conjectura:
3350 944 3486 1022 qua!
3512 970 3579 1009 ex

297 1015 416 1089 styli
449 1013 716 1089 varietate
760 1013 1028 1089 ell’ormari
1059 1013 1254 1089 solent,
1286 1013 1446 1069 leves
1476 1013 1785 1089 frequenter
1809 1023 2070 1082 apparent
2112 1025 2166 1070 et
2198 1015 2440 1083 fallaces;
2471 1019 2669 1089 quippe
2705 1019 3046 1075 manifestum
3075 1013 3158 1077 est
3198 1036 3301 1075 non
3329 1013 3580 1079 eumdem

299 1085 359 1159 iu
389 1087 664 1159 universis
699 1087 952 1159 operibus
990 1085 1102 1159 suis
1151 1099 1454 1159 sermonem
1507 1087 1936 1159 m_ethodumque_
1973 1099 2189 1159 servare
2237 1101 2422 1159 sat-ros
2459 1085 2728 1153 doctores,
2775 1093 3072 1159 praesertim
3102 1106 3195 1146 eos
3234 1092 3324 1159 qui
3383 1103 3582 1159 praeter

297 1154 571 1228 doctrina;
591 1155 987 1228 excellentiam,
1016 1155 1140 1209 vitae
1166 1154 1372 1228 addunt
1396 1156 1762 1228 sanctitatem,
1796 1164 1850 1209 et
1884 1154 2108 1228 pictatis
2142 1155 2389 1228 igniculis
2415 1158 2615 1212 incensi
2651 1154 2961 1228 frequenter
2996 1154 3265 1215 feruntur'
3289 1163 3340 1216 in
3384 1154 3576 1220 Deum.

299 1225 389 1302 [lci
424 1227 607 1302 verbis
629 1227 762 1280 alios
790 1227 1108 1302 quandoque
1131 1225 1784 1302 graviusreprebendunt,
1815 1225 1926 1302 suis
1945 1224 2196 1302 precibus
2215 1225 2502 1294 aliquando
2525 1231 2688 1282 Deum
2727 1224 2978 1286 humilius
3004 1247 3100 1301 pro
3129 1247 3187 1286 sc
3213 1231 3574 1302 interpellant.

299 1293 403 1374 lfro
431 1297 507 1374 rei
531 1305 595 1374 et
618 1293 917 1374 argumenti
946 1293 1207 1374 varietate
1235 1295 1394 1350 modo
1417 1293 1704 1358 extollunt,
1755 1293 2253 1374 modo__depritnunt
2286 1293 2612 1374 sermonem,
2653 1314 2753 1355 nec
2793 1302 2978 1374 eodem
3004 1293 3155 1374 vocis
3194 1293 3377 1374 tenore
3415 1319 3578 1374 agcn~

299 1368 422 1443 dum
448 1364 707 1447 iudicant
729 1383 849 1447 cum
879 1365 1128 1447 [:Icclesia:
1157 1374 1502 1447 persecutore
1522 1376 1593 1446 .et
1620 1381 1740 1420 cum
1768 1364 2272 1447 mundiconditore.
2314 1367 2548 1447 Spiritus
2590 1371 2734 1447 intus
2770 1370 2865 1447 alit
2914 1372 3142 1447 humiles
3167 1373 3345 1447 cordis
3370 1364 3578 1444 cogita-

298 1435 496 1512 tiones,
525 1444 582 1490 et
605 1436 740 1492 foris
758 1435 870 1512 edit
886 1436 1039 1512 lenes
1056 1434 1202 1512 vocis
1226 1450 1497 1501 susurros,
1521 1436 1574 1490 in
1599 1446 1888 1505 conspectu
1914 1434 2056 1512 illius
2075 1450 2173 1504 pro
2192 1436 2343 1512 cujus
2356 1434 2622 1512 bonorum
2643 1440 2694 1492 in
2723 1442 2911 1509 spiritu
2938 1442 3243 1496 vehementi
3261 1434 3578 1512 plerumque

293 1505 555 1574 clamant,
584 1518 638 1562 et
662 1507 815 1583 quas_i
846 1507 970 1561 tuba
1001 1505 1244 1583 exaltant
1270 1522 1455 1583 vocem
1497 1522 1674 1583 suam,
1719 1506 2104 1583 annuntiantes
2158 1509 2354 1583 populo
2387 1509 2603 1583 scelera
2648 1505 2857 1575 eorum,
2894 1523 2948 1565 et
2983 1513 3233 1583 domibus
3261 1505 3574 1583 principum

298 1587 516 1650 peccata
541 1575 748 1631 eorum.
776 1577 909 1650 Cum
938 1591 1043 1645 quo
1067 1577 1187 1650 quis
1204 1575 1544 1650 _loquitur,et
1566 1577 1632 1630 de
1652 1592 1755 1650 qua
1780 1592 1834 1630 re
1856 1576 2050 1650 agitur
2083 1575 2512 1650 expcntlemlum,
2541 1581 2782 1648 adeoque
2814 1582 3143 1650 temperandi
3191 1575 3488 1644 sermones,
3517 1591 3578 1636 ut

297 1646 653 1718 umlequaque
677 1647 1019 1718 conveniant.
1053 1647 1340 1718 Ausehnus
1366 1649 1523 1702 modo
1545 1662 1667 1718 cum
1708 1646 1939 1700 llenrico
1976 1655 2205 1716 tyranno
2252 1647 2302 1718 in
2343 1649 2459 1702 acie
2498 1646 2718 1718 pugnat,
2762 1646 2937 1705 modo'
2971 1662 3154 1706 contra
3198 1652 3578 1708 schismaticos

297 1715 710 1790 scriptistonat,
737 1717 1045 1790 attatnettﬂiu
1080 1717 1309 1771 cubiculi
1339 1717 1708 1790 penetralibus
1722 1715 2187 1790 dirinumgsemper
2217 1715 2415 1790 aliquid
2449 1715 2598 1790 intus'
2631 1719 2886 1790 agitabat,
2929 1731 2975 1775 et
3006 1721 3452 1786 contemplabatur
3474 1738 3579 1776 ca-

297 1783 575 1860 (estittuUn
614 1785 727 1839 Vita
759 1802 908 1860 mnu.
930 1787 1043 1856 50),
1067 1802 1218 1860 *ηυδε
1246 1783 1512 1860 reverenti
1553 1787 1745 1842 deinde
1773 1787 2057 1860 promebat
2093 1783 2325 1857 eloquio.
2368 1786 2510 1843 Nihil
2544 1783 2686 1860 ergo'
2715 1783 2909 1845 mirum
2940 1793 2984 1846 si
3021 1783 3256 1859 graviter
3282 1793 3494 1855 doceat,
3517 1801 3576 1846 et

301 1854 573 1910 humiliter
601 1865 746 1919 oret;
784 1857 828 1911 si
851 1854 1036 1912 sacras
1063 1854 1370 1926 scripturas
1402 1858 1455 1912 in
1483 1867 1738 1928 tyrannos
1773 1854 1978 1912 acriter
2025 1854 2236 1913 contort
2259 1868 2403 1922 neat,
2434 1870 2485 1915 et
2523 1854 2700 1916 divina
2755 1854 3343 1917 mvsteriadmmiliatte
3378 1854 3576 1917 mentis

301 1925 587 1978 meditetur
611 1925 823 1980 all'ectu.
851 1925 1046 1979 Multos
1076 1926 1276 1980 libellos
1297 1927 1519 1982 nronriis
1558 1929 1795 1981 manibus
1818 1928 2183 1982 conscripsisse
2232 1876 2365 1982 lita:
2387 1940 2574 1982 auctor
2601 1922 2844 1982 recenset
2874 1935 3042 1982 tuum.
3068 1931 3179 1982 εδδ.
3204 1931 3341 1982 Quid
3363 1933 3406 1982 si
3435 1931 3576 1982 inter

297 1925 587 2002 meditetur
604 1925 823 2002 allecti}.
851 1925 1049 2002 Multos
1076 1926 1276 2002 libellos
1296 1925 1519 1996 prapriis
1557 1929 1795 2002 manibus
1818 1928 2183 2002 conscripsisse
2234 1925 2365 1984 Vita:
2387 1940 2574 2002 auctor
2601 1925 2844 1987 recenset
2874 1935 3042 2002 (num.
3068 1931 3179 2001 25).
3204 1931 3341 1997 Quid
3363 1933 3406 2002 si
3435 1931 3576 1987 inter

299 1994 416 2048 illos
443 1996 570 2049 isti?
596 1995 754 2050 Certe
779 1996 830 2050 in
859 1996 1083 2072 ipsailla
1109 1996 1269 2072 domo
1292 1994 1352 2072 in
1382 1994 1486 2067 qua
1519 1997 1682 2072 vitam
1709 1994 2070 2072 monasticam
2101 2008 2154 2053 et
2190 2000 2657 2072 contemplativam
2691 1994 2962 2072 professus
2999 2015 3100 2064 est,
3141 1994 3330 2055 pstules
3366 2001 3452 2056 isti
3478 2005 3575 2072 qui

299 2074 615 2143 sequuntur,
628 2067 1157 2143 _contemplat_ionum
1182 2068 1367 2143 libelli,
1399 2067 1620 2143 praeﬁxo
1655 2070 1720 2122 ad
1752 2069 1990 2139 singulos
2023 2068 2140 2138 ejus
2161 2067 2707 2143 nomium—diligenter
2726 2083 3137 2128 conservantur.
3171 2073 3356 2128 Liceat
3384 2067 3568 2142 itaque

299 2136 726 2206 prarcedentibus
748 2138 1020 2208 opusculis
1044 2139 1144 2192 ista
1177 2136 1488 2204 subtexere,
1525 2138 1715 2193 saltem
1749 2155 1815 2194 ne
1844 2136 2104 2210 pereant.

389 2273 2922 2299 mm

882 2666 1468 2746 MEDITATIO
1528 2665 1639 2748 IN
1691 2666 2302 2748 ORATIONEM
2371 2672 2994 2754 DOMINICAM.

364 3007 415 3060 l.
456 3003 620 3059 Pater
647 3013 840 3070 noster,
879 3001 980 3074 qui,
1005 3017 1059 3056 es
1105 3001 1160 3056 in
1187 3000 1348 3068 stetis,
1376 3000 1738 3070 sanctiﬁcetur
1773 3017 1869 3056 no-
1901 2988 1942 3046 Α
1974 3013 2106 3068 gens
2149 2999 2285 3054 ero?
2323 2998 2572 3070 Nunquid
2622 3001 2903 3072 pausabo?
2934 3001 3187 3074 Nunquid
3227 3004 3349 3061 aliis
3377 3007 3558 3070 inten-

295 3115 409 3158 men
443 3109 615 3162 tuam,
654 3104 761 3150 etc.
807 3092 852 3149 0
897 3108 1106 3149 summa
1152 3091 1468 3148 clementia!
1515 3091 1559 3146 0
1590 3089 1876 3146 inell‘ahilis

295 3186 630 3259 benignitas!
659 3183 704 3239 0
731 3185 867 3239 mira
905 3183 1183 3256 dignatio!
1214 3181 1259 3239 0
1287 3181 1588 3254 longitudo,
1619 3180 1873 3247 latitudo,

295 3277 616 3343 sublimitas,
645 3287 700 3332 et
727 3275 1047 3347 profundum
1086 3275 1368 3334 charitatis
1395 3275 1628 3333 divincel
1665 3271 1874 3328 Vilissi-

295 3384 438 3423 mutn
493 3368 664 3424 lutum
719 3384 862 3433 sum,
908 3367 1244 3422 detestabilis
1287 3367 1488 3432 sanies,
1539 3365 1872 3436 nequissima

291 3471 564 3528 creatura,
615 3470 670 3517 et
715 3471 894 3516 tamen
946 3459 1086 3515 Deus
1132 3461 1379 3523 deorum,
1430 3458 1546 3514 Rex
1591 3473 1778 3528 regum
1819 3467 1875 3513 et

292 3555 551 3611 Dominus
571 3553 980 3617 d‘oininantium,
1013 3567 1072 3608 se
1102 3567 1280 3607 meum
1310 3550 1526 3605 Patrem
1556 3550 1708 3605 dicit.
1740 3549 1870 3604 Cum

290 3648 477 3711 oratis,
517 3647 712 3716 inquit,
742 3647 899 3700 dicite
924 3659 942 3696 :
977 3645 1139 3700 Pater
1163 3654 1359 3708 noster,
1387 3653 1492 3698 etc.
1522 3642 1600 3701 Ex
1631 3657 1738 3713 quo
1769 3643 1871 3698 hoc

290 3738 421 3796 dicit
467 3739 587 3808 ipsa
635 3738 867 3802 Veritas,
923 3737 1262 3790 verissimum
1301 3743 1404 3790 est.
1445 3733 1511 3788 Et
1562 3735 1677 3788 scio
1725 3733 1868 3803 quod

293 3827 408 3897 plus
430 3828 550 3883 sine
573 3827 978 3898 comparatione
1003 3842 1089 3882 me
1111 3826 1286 3898 diligit
1305 3841 1466 3897 quam
1495 3835 1653 3895 pater
1677 3841 1873 3880 carna-

291 3922 356 3976 lis
402 3923 485 3976 vel
527 3931 730 3987 mater,
779 3921 887 3978 imo
918 3936 1079 3992 quam
1130 3935 1232 3990 ego
1273 3919 1408 3990 ipse.
1454 3919 1528 3974 De
1560 3926 1711 3972 tanto
1741 3931 1871 3990 ergo

291 4011 451 4066 Patre
476 4012 779 4068 elevabitur
813 4029 909 4068 cor
939 4025 1118 4067 meum
1184 4017 1242 4063 ut
1272 4007 1472 4081 aquila,
1503 4019 1557 4062 et
1569 4007 1682 4080 jam
1709 4007 1872 4075 hujus

289 4108 413 4162 mali
455 4107 710 4163 inferiora
742 4117 1105 4165 contemnam.
1134 4106 1273 4173 Quid
1308 4105 1448 4159 ultra
1487 4103 1618 4158 mihi
1659 4103 1724 4158 de
1760 4114 1870 4159 ter-

295 4200 440 4253 renis
471 4200 770 4258 honoribus
805 4199 896 4273 qui
928 4215 1045 4254 sum
1087 4198 1230 4253 lilius
1264 4196 1394 4252 Dei?
1421 4195 1592 4266 Majus
1634 4197 1870 4252 dedecus

290 4300 434 4345 esset
465 4291 594 4345 mihi
621 4300 875 4362 appetere
907 4299 1384 4366 quantumcunque
1410 4299 1662 4358 magnum
1702 4287 1868 4340 bono-

1979 3102 2063 3146 tus
2099 3106 2193 3149 ero
2217 3093 2239 3148 ?
2267 3092 2428 3148 Certe
2462 3110 2582 3147 eum
2631 3096 2854 3164 impetu,
2906 3097 3160 3151 omnibus
3219 3103 3558 3170 postpositis,

1974 3197 2190 3237 curram
2245 3182 2311 3236 ad
2374 3197 2516 3237 eum.
2570 3183 2775 3239 Sullicit
2831 3185 2983 3253 mihi,
3035 3188 3079 3242 si
3129 3189 3300 3243 habeo
3343 3190 3563 3249 Patrem

1974 3287 2176 3337 tucttm,
2206 3281 2261 3327 et
2291 3273 2410 3327 ideo
2444 3281 2557 3326 toto
2581 3275 2741 3328 corde
2767 3275 2981 3329 tendam
3011 3276 3065 3330 in
3097 3293 3242 3331 eum.
3271 3277 3388 3333 Non
3420 3283 3562 3352 aspi-

1973 3361 2136 3430 ciam,
2207 3373 2314 3420 non
2366 3363 2511 3419 aliud
2561 3365 2751 3421 videbo
2802 3367 2906 3424 nisi
2959 3367 3126 3424 Deum
3173 3383 3372 3436 meum,
3431 3374 3562 3442 quia

1971 3455 2162 3511 oculus
2194 3458 2390 3511 mentis
2419 3473 2550 3511 mea:
2582 3466 2722 3513 totus
2751 3459 2922 3513 tendit
2955 3460 3008 3514 in
3042 3460 3212 3526 illum,
3241 3463 3367 3532 quia
3399 3464 3561 3520 nimis

1972 3545 2153 3600 allein
2176 3546 2413 3600 animum
2440 3563 2642 3604 meum.
2672 3547 2831 3602 Pater
2853 3560 3041 3603 noster.
3073 3549 3118 3606 Ο
3141 3550 3268 3616 mel,
3297 3559 3348 3605 et
3374 3551 3556 3607 favum

1971 3639 2025 3692 in
2067 3654 2163 3693 ore
2203 3654 2346 3702 meo,
2391 3655 2514 3694 cum
2553 3649 2606 3695 te
2657 3641 2822 3694 Deum
2873 3655 3074 3709 meum,
3108 3641 3323 3696 Patrem
3377 3657 3558 3697 meum

1970 3733 2140 3786 voco!
2178 3731 2222 3787 0
2258 3732 2482 3787 dulcedo
2531 3732 2847 3788 indicibilis!
2895 3733 2940 3790 0
2984 3734 3300 3808 iucunditas
3350 3736 3556 3792 intesti-

1973 3823 2216 3879 tnabilis!
2268 3823 2312 3880 0
2339 3823 2592 3892 jubilatio
2637 3823 2946 3892 inell‘abilis,
2977 3842 3099 3881 cum
3146 3828 3320 3882 audeo
3358 3838 3411 3883 te
3453 3827 3557 3883 Pa-

1973 3926 2108 3969 trem
2137 3917 2362 3970 vocare!
2394 3915 2438 3971 0
2475 3917 2797 3974 exsultatio!
2831 3917 2874 3974 0
2909 3919 3228 3975 admiratio!
3261 3918 3304 3976 0
3350 3921 3560 3976 medul-

1971 4003 2100 4059 laris
2136 4004 2459 4060 modulatio!
2492 4005 2626 4072 Quia
2666 4005 2832 4062 Pater
2859 4023 3009 4062 meus
3040 4024 3100 4064 es
3131 4019 3206 4063 tu.
3238 4009 3374 4076 Quid
3415 4011 3554 4065 ultra

1971 4098 2334 4167 praetendant?
2381 4099 2519 4168 Quid
2553 4100 2689 4154 ultra
2732 4101 2947 4156 dicam?
2983 4101 3125 4168 Quid
3157 4103 3294 4158 ultra
3340 4105 3556 4174 petam?

1969 4186 2130 4243 Pater
2157 4205 2310 4244 meus
2335 4206 2395 4244 es
2427 4201 2499 4245 tu.

2042 4279 2098 4334 2.
2143 4279 2248 4334 Sed
2280 4279 2368 4334 ubi
2419 4296 2498 4345 cs,
2547 4280 2711 4335 Pater
2752 4282 2862 4336 tui?
2891 4283 2978 4338 ubi
3013 4297 3095 4350 es,
3141 4284 3184 4338 si
3219 4284 3417 4354 ubique
3459 4286 3554 4340 cs?

656 4347 708 4362 ..
924 4347 941 4366 μ
1153 4347 1158 4349 -
1297 4347 1311 4358 .
1498 4347 1526 4358 ν

295 4398 406 4442 rem
461 4393 732 4437 terrenum
781 4397 941 4451 quam
998 4380 1166 4436 ﬁlium
1216 4379 1562 4449 imperatoris
1618 4385 1869 4450 appetere

1974 4372 2082 4427 imo
2116 4373 2242 4441 quia
2281 4373 2497 4443 ubique,
2532 4373 2802 4444 quomodo
2844 4375 3042 4430 cadum
3083 4347 3185 4431 tibi
3234 4347 3392 4432 sedes
3437 4379 3553 4440 est?

294 4471 502 4534 latrinae
533 4471 789 4527 cilicium.
816 4470 952 4538 Quid
980 4470 1121 4526 ultra
1155 4469 1284 4524 mihi
1317 4469 1383 4528 de
1409 4468 1641 4524 terrenis
1671 4469 1872 4523 divitiis

295 4564 383 4634 qui
431 4565 577 4636 regni
626 4564 814 4619 aeterni
855 4580 974 4619 sum
1019 4563 1231 4618 haeres?
1267 4561 1684 4631 lgnominiosius
1729 4572 1871 4616 esset

293 4655 423 4708 mihi
481 4654 548 4710 de
597 4663 1074 4724 quantumcunque
1131 4653 1341 4722 magnis
1398 4651 1600 4707 divitiis
1643 4651 1872 4706 terrenis

294 4760 484 4800 curare
532 4760 697 4818 quam
756 4743 1172 4815 primogenitum
1225 4743 1566 4812 imperatoris
1620 4743 1685 4797 de
1743 4743 1871 4797 limo

297 4853 548 4906 equorum
579 4854 826 4894 suorum.
862 4837 997 4910 Quid
1022 4837 1161 4891 ultra
1192 4837 1320 4892 mihi
1351 4837 1415 4892 de
1448 4836 1654 4892 deliciis
1681 4851 1871 4890 carnao

297 4930 447 5000 libus,
475 4933 539 4988 de
564 4931 820 4996 terrenis,
851 4942 1324 5001 quantumcunque
1353 4930 1596 5001 magnis?
1625 4929 1871 4985 Detestav

298 5022 450 5079 bilius
483 5031 632 5079 esset
661 5022 794 5076 tnihi
828 5021 936 5077 lilio
991 5020 1158 5090 Regis
1205 5006 1399 5076 summi
1435 5020 1572 5078 allici
1618 5020 1672 5075 in
1698 5037 1868 5092 quan-

299 5121 615 5185 tumcuuque
636 5112 882 5167 allectiva
908 5120 1159 5167 creatura
1190 5125 1350 5180 quam
1388 5112 1556 5168 tilium
1581 5111 1870 5182 imperato.

300 5206 366 5260 ris
391 5207 439 5260 in
464 5207 617 5262 sanie
649 5205 965 5260 fctidissma.
995 5202 1134 5269 Quid
1163 5201 1384 5272 bonum,
1410 5203 1539 5276 quid
1562 5203 1865 5272 pulchrum,

298 5296 412 5328 Λιιῖιι
446 5299 575 5328 uuln
634 5297 762 5328 ιίηῖδ
796 5293 1155 5328 δοοῖιίοιιηιιῖιο
1187 5309 1272 5328 ιηη
1327 5296 1543 5328 mintho-‘0
1573 5305 1747 5328 llnlnvl
1776 5297 1862 5328 usus:

1973 4465 2078 4520 Sed
2133 4466 2274 4530 ideo,
2324 4466 2709 4535 benignissime
2749 4468 2993 4533 Domine,
3044 4470 3126 4524 vis
3168 4479 3225 4523 ut
3264 4471 3509 4526 dicamus

1971 4553 2132 4610 Pater
2169 4567 2362 4621 noster,
2407 4558 2497 4628 qui
2539 4575 2594 4612 es
2634 4559 2686 4611 in
2711 4559 2872 4623 cortis,
2909 4569 2965 4612 ut
3007 4575 3105 4614 nos
3139 4576 3169 4615 a
3213 4563 3446 4616 terrenis
3483 4563 3551 4618 ad

1969 4647 2210 4702 caalestia
2242 4647 2441 4713 eleves,
2475 4648 2562 4703 ttbi
2591 4650 2826 4704 maxime
2863 4660 2949 4704 tua
2975 4652 3232 4721 polentia,
3263 4654 3546 4723 sapientia,

1969 4748 2024 4792 et
2069 4739 2281 4795 bonitas
2325 4740 2613 4808 elucescit;
2657 4749 2713 4794 ut
2757 4742 2852 4808 ibi,
2887 4743 2956 4796 mi
3003 4754 3178 4814 pater,
3227 4745 3298 4800 sit
3338 4762 3553 4816 semper

1973 4841 2148 4887 tecum
2175 4834 2460 4888 conversio
2485 4843 2541 4888 et
2566 4835 2909 4890 conversatio
2939 4847 3147 4904 nostra,
3171 4847 3230 4892 ut
3261 4855 3287 4893 a
3317 4847 3366 4894 te
3387 4839 3553 4893 ctele-

1970 4929 2094 4994 stia,
2135 4944 2242 4986 non
2272 4939 2514 4997 terrena,
2544 4939 2827 5000 petamus;
2857 4941 2952 4987 aut
2979 4943 3130 4987 certe
3162 4942 3241 5002 ut,
3271 4949 3369 4990 nos
3391 4933 3554 5004 spiri-

1972 5020 2146 5075 tuales
2193 5019 2315 5075 caali
2355 5019 2504 5084 facti.
2551 5022 2604 5076 in
2650 5023 2807 5080 nobis
2856 5025 2928 5079 sit
2963 5024 3225 5081 habitatio
3266 5037 3374 5081 tua.
3413 5024 3554 5092 Quid

1968 5124 2098 5180 ergo
2133 5124 2233 5163 nos
2255 5109 2525 5164 tardabit?
2561 5111 2701 5178 Quid
2731 5130 2831 5171 nos
2863 5113 3137 5170 retrahet?
3163 5117 3300 5184 Quid
3329 5117 3558 5186 impedi-

1970 5209 2146 5255 menta
2187 5200 2395 5268 parabit
2419 5202 2546 5270 quin
2579 5203 2880 5270 cwlestem,
2914 5221 3020 5261 non
3052 5217 3348 5273 terrenam,
3387 5208 3555 5264 vitam

3196 5322 3215 5328 ..
3241 5305 3266 5328 σι
3312 5301 3356 5328 n
3398 5300 3552 5328 ,εἷο-ρ...-

1969 5294 2226 5328 Αιιηηπιηε
2299 5304 2352 5328 ΙΙΙ
2399 5295 2448 5328 in
2500 5296 2652 5328 ..ηιιῖο
2701 5301 2765 5328 με.
2818 5301 3077 5328 [ηιξ-..οἰκ
3131 5311 3184 5328 ο..
