4030 5354
457 361 556 417 571

1541 315 1627 412 ’.8.
1670 357 1968 414 ANSELMI
2005 357 2342 415 LUCENSlS
2373 357 2672 414 EPISCOPI

3613 351 3716 409 573

459 491 560 529 nus
610 471 761 528 sanie
799 481 856 528 et
907 469 1098 536 fetore,
1155 483 1248 526 cro
1299 479 1546 524 sanctum
1601 468 1694 523 Dei
1759 469 2032 538 templum,
2069 473 2110 530 Α
2141 473 2328 522 studeo
2373 470 2624 524 militare.
2671 469 2796 534 Sed,
2828 469 3072 534 Domine,
3117 483 3292 524 nonne
3335 477 3590 524 creatura
3621 477 3714 524 tua

463 565 744 634 Sapientiae
796 563 974 628 sedes,
1023 571 1078 617 et
1131 561 1494 616 lzabitaculnm
1545 559 1780 629 Spiritus
1816 561 2029 614 sancti!

457 657 504 715 Ο
543 657 670 712 felix
722 655 862 712 dies!
905 654 949 710 Ο
999 657 1154 708 beata
1203 654 1334 710 hora
1381 669 1502 708 cum
1559 651 1719 722 talem
1769 652 2034 722 hospitem

461 748 784 820 possidebol
821 745 1036 800 Tenebo
1065 761 1210 810 eum,
1249 759 1349 800 nec
1386 745 1651 800 dimittam
1691 758 1835 808 eum,
1869 743 2037 798 donec

461 837 803 894 introducam
829 851 986 890 eum:
1013 835 1120 889 imo
1152 835 1263 905 ipse
1293 833 1596 889 introducat
1625 847 1712 886 me
1735 833 1788 886 in
1817 834 2034 888 domum

461 928 621 992 illius,
659 941 776 996 qua:
797 940 1009 980 sursum
1035 934 1112 979 est
1139 924 1455 986 Jerusalem,
1493 923 1682 978 matris
1717 939 1871 987 meze,
1901 935 1954 977 et
1981 925 2034 978 in

460 1017 764 1073 cubiculum
801 1017 1080 1076 genitricis
1115 1031 1270 1080 mere,
1303 1014 1512 1071 scilicet
1549 1015 1600 1068 in
1635 1015 1876 1068 intimam
1907 1029 2035 1067 con-

463 1107 828 1176 templationis
879 1107 1142 1176 quietem,
1199 1106 1288 1162 ubi
1338 1105 1561 1172 cubant,
1610 1105 1700 1159 ubi
1751 1105 2038 1176 quiescunt

461 1197 653 1251 anima:
681 1197 924 1251 delicatm
957 1195 1136 1268 (Cant.
1165 1203 1268 1268 ιιι).

529 1289 582 1344 5.
625 1287 788 1342 Pater
841 1297 1052 1354 noster,
1103 1291 1194 1360 qui
1247 1305 1300 1344 es
1349 1289 1402 1343 in
1463 1291 1639 1356 caelis,
1685 1287 2037 1356 sanctiﬁcctur

466 1395 650 1432 nomen
688 1387 858 1443 tuum,
907 1389 1013 1432 etc.
1073 1376 1117 1434 Ο
1169 1393 1332 1448 quam
1377 1379 1514 1432 bene
1562 1378 1827 1446 sequitur,
1874 1389 2034 1444 quam

465 1468 668 1536 Optime
713 1468 1078 1533 continuatur,
1122 1483 1281 1537 quam
1325 1467 1720 1537 elegantissime
1754 1466 2038 1521 ordinatur

464 1559 654 1628 petitio
679 1561 744 1613 ad
769 1561 1042 1630 praedicta,
1069 1561 1270 1615 scilicet
1295 1560 1666 1628 Snnctiﬁcetur
1689 1575 1872 1612 nomen
1889 1567 2035 1610 tuum

465 1647 532 1700 ad
562 1645 720 1702 Pater
748 1658 939 1714 noster,
969 1651 1056 1718 qui
1089 1665 1142 1702 es
1171 1649 1223 1702 in
1249 1649 1409 1714 cadis,
1437 1651 1561 1718 quia
1593 1647 1766 1702 filialis
1798 1647 2034 1710 devotio,

465 1737 700 1792 cwlcstis
729 1737 1108 1808 contemplatio
1139 1747 1306 1792 totum
1333 1740 1570 1792 animum
1611 1739 1910 1792 reverentis
1940 1735 2034 1789 filii

463 1829 732 1882 convertit
772 1829 824 1882 in
859 1807 1070 1884 Patrem
1107 1830 1401 1895 caelestem,
1437 1839 1495 1883 ut
1523 1829 1742 1893 clamet,
1774 1839 1828 1882 et
1853 1829 2032 1881 dicat:
2069 1807 2110 1862 Β

465 1915 835 1986 Sancti/iretur
857 1935 1041 1972 nomen
1070 1921 1408 1990 tuum,qnasi
1439 1919 1621 1974 dicat:
1647 1919 1762 1974 Non
1793 1927 2040 1972 terrenas

465 2010 706 2075 diiitias,
737 2011 982 2080 delicias,
1015 2023 1066 2066 et
1099 2013 1332 2068 honores
1363 2021 1506 2081 peto,
1539 2011 1632 2066 sed
1679 2018 1736 2063 nt
1766 2010 1865 2064 sim
1901 2009 1954 2062 in
1985 2017 2038 2064 te

467 2109 609 2156 totus
661 2115 973 2166 conversus,
1047 2103 1148 2156 sim
1195 2113 1338 2156 totus
1389 2102 1622 2156 divinus.
1669 2099 2040 2168 Sanctiﬁcelnr

466 2207 648 2246 nomen
677 2201 846 2256 tuum,
881 2202 936 2246 ut
973 2193 1179 2248 scilicet
1229 2207 1355 2262 pars
1401 2207 1516 2245 mea
1565 2191 1914 2252 rationabilis,
1951 2199 2038 2243 tua

465 2279 726 2348 sapientia
757 2281 1046 2346 illustrata,
1097 2283 1242 2336 omni
1279 2297 1467 2336 errore
1505 2291 1562 2336 et
1596 2281 1948 2351 ambiguitate
1987 2289 2042 2335 ct

471 2369 852 2426 tenebrositate
896 2381 1141 2442 purgata,
1185 2374 1378 2428 habeat
1414 2373 1832 2438 sanctissimam,
1873 2373 1925 2427 id
1961 2382 2042 2428 cat

467 2462 813 2530 purissimam
847 2465 1094 2520 notitiam
1129 2467 1226 2520 tui.

540 2549 592 2604 ι.
635 2551 892 2606 Adveniet
933 2571 1148 2624 regnum
1192 2567 1361 2620 tuum,
1408 2565 1464 2610 ιιι
1495 2573 1611 2611 mea
1640 2557 1930 2612 irascibilis
1963 2556 2037 2628 Η.

467 2637 762 2710 voluntas],
789 2649 878 2694 tua
903 2643 1136 2710 potentia
1165 2645 1435 2710 roborata,
1463 2645 1530 2698 ad
1555 2645 1936 2700 sublimitatem
1967 2647 2042 2699 tui

469 2732 620 2802 regni
657 2737 1007 2788 conscendat.
1039 2733 1166 2790 Fiat
1207 2735 1441 2790 voluntas
1490 2747 1599 2799 tua,
1655 2745 1714 2790 nt
1755 2751 1870 2790 mea
1910 2751 2042 2790 con—

469 2825 822 2894 cnpiscibilis,
857 2838 948 2882 tua
979 2828 1218 2884 bonitate
1243 2828 1544 2894 dnlcorata,
1577 2828 1686 2882 imo
1729 2835 1818 2882 tua
1861 2828 2044 2902 chari-

473 2924 588 2968 tate
617 2914 854 2985 perfecta
899 2918 1054 2988 plene
1087 2928 1178 2972 tuo
1205 2918 1542 2987 beneplacito
1585 2919 1849 2986 quiescat,
1893 2927 1950 2971 ut
1977 2934 2044 2972 cx

467 3020 596 3060 vera
646 3005 954 3062 dilectionis
1001 3008 1234 3063 amicitia
1281 3009 1352 3062 sit
1399 3009 1538 3062 idem
1590 3007 1727 3062 velle
1777 3017 1830 3062 ct
1879 3007 2040 3062 nolle.

475 3095 588 3164 Vel,
644 3099 1002 3166 sanctiﬁccmr
1053 3115 1238 3152 nomen
1304 3109 1472 3162 tuum,
1522 3109 1778 3168 quantum
1825 3097 1891 3152 ad
1941 3113 2040 3166 pu-

470 3291 728 3350 qnantum
759 3283 824 3336 ad
849 3282 1064 3338 fervens
1088 3282 1416 3338 desiderium
1450 3280 1694 3338 affectus.

540 3373 594 3429 5.
637 3373 762 3428 Fiat
808 3374 1046 3430 voluntas
1101 3385 1192 3428 tua
1233 3375 1369 3429 sicut
1411 3375 1464 3428 in
1513 3373 1640 3430 crrlo
1689 3383 1736 3429 et
1783 3375 1836 3428 in
1880 3383 2040 3428 ωτι-ε.

469 3467 738 3534 Quantum
769 3468 834 3522 ad
865 3467 1164 3538 perfectum
1191 3468 1508 3538 obsequium
1542 3465 1785 3523 effectus.
1827 3465 2040 3521 Sancti-

473 3559 662 3616 ficetur
686 3575 814 3631 ergo
861 3562 910 3616 in
945 3563 1100 3618 nobis
1131 3577 1326 3616 nomen
1364 3571 1539 3624 tuum,
1569 3561 1709 3630 quod
1737 3561 1806 3615 ab
1839 3567 2044 3615 aeterno

471 3652 872 3706 sanctissimum
917 3663 1022 3718 est,
1070 3663 1130 3709 ut
1170 3654 1428 3723 quidquid
1467 3653 1736 3717 videmus,
1783 3653 2044 3722 quidquid

473 3745 740 3808 audimus,
773 3747 1035 3816 quidquid
1085 3749 1432 3817 intelligimus
1470 3756 1525 3802 et.
1559 3749 1844 3812 sentimus,
1872 3755 2043 3801 totum

473 3838 540 3890 ad
593 3837 920 3891 sanctissimi
969 3839 1044 3892 tui
1092 3841 1326 3894 nominis
1371 3840 1712 3904 ordinemns;
1762 3849 1822 3893 ιιι
1863 3841 1940 3894 sic
1989 3841 2042 3894 in

472 3926 628 3982 nobis
651 3941 848 3982 nomen
877 3937 1028 3983 tuum
1052 3915 1298 3986 sanctum
1326 3931 1546 3996 sit,sinc
1574 3939 1716 3986 terra
1739 3939 1792 3986 et
1817 3947 2035 4000 purum,

474 4025 533 4071 ut
583 4017 798 4072 excussi
843 4027 896 4072 et
939 4020 1150 4090 purgati
1193 4021 1262 4075 ab
1289 4020 1432 4074 omni
1474 4020 1791 4074 curiositate
1816 4029 1870 4074 et
1896 4021 2048 4074 vani-

479 4115 590 4164 tate
616 4117 670 4164 et
696 4110 844 4165 omni
880 4111 1052 4164 inutili
1093 4112 1400 4180 phantasia,
1437 4121 1485 4166 te
1515 4113 1684 4166 solum
1719 4113 1772 4166 in
1797 4115 2045 4169 omnibus

471 4213 827 4270 agnoscamus
857 4215 1094 4270 semper,
1119 4201 1360 4271 piissime
1392 4211 1444 4258 ct
1475 4203 1818 4258 sanctissime
1847 4203 2038 4274 P-ater_;

473 4291 670 4348 mentis
697 4299 898 4346 nostra:
926 4292 1116 4348 oculus
1163 4293 1228 4348 ad
1263 4302 1312 4348 te
1360 4293 1536 4350 lumen
1577 4303 1838 4348 internum
1873 4295 2046 4350 inces-

472 4381 714 4436 sabiliter
739 4383 1040 4454 dirigatur;
1075 4398 1287 4453 semper
1323 4393 1372 4439 te
1399 4385 1490 4454 qui
1523 4385 1576 4440 in
1619 4387 1892 4453 onmibus,
1934 4395 1988 4440 ct.
2013 4401 2044 4440 a

2138 563 2294 616 sum?
2323 561 2464 630 Ergo
2495 562 2736 616 adveniat
2769 577 2982 632 regnum
3016 571 3185 624 tuum,
3241 567 3299 614 ut
3337 561 3592 630 princeps
3619 561 3716 614 bu-

2131 652 2220 721 jus
2263 653 2445 706 mundi
2477 651 2944 722 cjiciaturforas,
2975 660 3048 718 ,ιιι
3083 650 3231 706 solus
3279 651 3332 704 in
3373 665 3457 705 me
3495 664 3713 720 regnes,

2141 753 2193 796 tu
2227 743 2374 798 solus
2405 744 2676 798 inhabites
2717 753 2952 798 mentem
2981 757 3179 808 meam,
3229 749 3398 796 totum
3440 755 3526 794 me
3555 755 3719 796 occu-

2137 844 2228 904 pet
2269 849 2492 903 regnum
2535 842 2708 899 tuum,
2751 843 2920 890 totum
2967 834 3069 888 sibi
3103 833 3338 888 vindicet
3383 833 3716 887 desiderium

2138 939 2340 990 meum,
2371 924 2518 979 solus
2547 925 2762 979 reficias
2803 923 3053 979 allectum
3091 939 3293 980 meum.
3323 923 3458 989 Quid
3490 923 3718 993 quaero?

2137 1013 2274 1080 Quid
2305 1015 2459 1072 volo?
2488 1015 2626 1080 Quid
2660 1015 2951 1070 desidero?
2975 1013 3091 1080 Quo
3129 1014 3330 1083 vagor?
3356 1013 3472 1080 Quo
3505 1013 3722 1066 discur-

2139 1105 2234 1160 ro?
2281 1120 2380 1160 cur
2415 1103 2721 1160 distrahor?
2759 1105 2969 1160 Sufﬁcit
3015 1104 3172 1170 mihi,
3202 1103 3452 1168 Domine,
3485 1119 3716 1173 regnum

2139 1207 2314 1264 tuum,
2352 1211 2480 1267 ergo
2511 1198 2752 1252 adveniat
2791 1213 3004 1266 regnum
3044 1206 3210 1250 tuum.
3241 1195 3384 1249 Nihil
3423 1195 3492 1250 de
3519 1203 3720 1248 caetero

2138 1291 2389 1359 cogitem,
2437 1287 2574 1346 nihil
2623 1289 2947 1353 desiderem,
2983 1288 3114 1342 nihil
3158 1287 3432 1348 allectem,
3475 1286 3578 1340 nisi
3629 1301 3718 1338 re-

2137 1397 2300 1451 gnum
2353 1390 2532 1446 tuutn;
2571 1381 2640 1434 sit
2670 1379 2740 1434 ibi
2773 1379 2999 1434 refectio
3030 1394 3176 1442 mea,
3219 1379 3292 1434 sit
3337 1377 3408 1433 ibi
3455 1377 3722 1432 habitatio

2143 1489 2281 1538 mea,
2315 1473 2384 1530 sit
2411 1473 2484 1527 ibi
2511 1481 2619 1528 tota
2645 1472 2984 1527 conversatio
2996 1485 3150 1528 mea.
3168 1469 3246 1524 Tu
3275 1467 3420 1524 solus
3447 1469 3644 1532 bonus,
3663 1477 3718 1522 ιιι

2138 1565 2282 1620 solus
2305 1566 2554 1636 pulcher,
2599 1573 2656 1618 tu
2687 1563 2833 1619 solus
2879 1561 3146 1626 amabilis,
3185 1573 3238 1614 tu
3269 1560 3416 1615 solus
3441 1560 3720 1615 desidera-

2137 1659 2258 1714 bilis
2289 1659 2592 1714 aniinarum
2621 1665 2850 1712 amator.
2877 1655 2956 1710 Tu
2987 1655 3132 1710 solus
3167 1669 3252 1708 me
3277 1669 3458 1724 regas,
3487 1662 3541 1706 tu
3570 1651 3723 1707 solus

2139 1767 2225 1805 me
2273 1752 2496 1821 dirigas,
2531 1760 2588 1805 tu
2615 1751 2782 1820 ;solus
2829 1765 2916 1804 me
2959 1748 3185 1811 allicias,
3242 1757 3296 1800 tu
3341 1747 3486 1802 solus
3547 1755 3720 1801 totum

2137 1857 2232 1896 cur
2259 1854 2435 1895 meum
2483 1840 2690 1896 habeas
2736 1841 3040 1894 animarum
3081 1839 3304 1892 zelator.
3337 1837 3390 1890 ln
3445 1847 3498 1891 te
3547 1836 3722 1891 solum

2139 1945 2330 2007 pectus
2377 1950 2555 1992 meum
2604 1934 2936 1998 dulcorctur,
2973 1933 3024 1986 in
3062 1940 3113 1988 te
3142 1931 3314 1985 solum
3345 1929 3594 1999 quiescat
3629 1941 3726 1982 cor

2137 2042 2341 2092 meum,
2373 2035 2542 2080 totum
2591 2025 2800 2094 replens
2846 2024 3087 2078 animum
3132 2037 3336 2086 meum,
3366 2035 3486 2074 cum
3519 2020 3722 2088 impetu

2140 2118 2432 2172 ascendam
2481 2116 2548 2170 ad
2601 2125 2652 2169 te
2687 2125 2933 2169 centrum
2965 2121 3021 2167 et
3068 2127 3291 2182 regnum
3329 2110 3570 2164 omnium
3605 2108 3724 2161 ani-

2140 2221 2380 2273 marum;
2410 2221 2539 2277 ergo
2582 2205 2818 2260 adveniat
2869 2219 3082 2273 regnum
3129 2202 3309 2266 tuum',
3355 2201 3447 2268 ﬁat
3479 2198 3723 2253 voluntas

2141 2309 2234 2353 tua
2263 2301 2398 2353 sicut
2423 2301 2480 2352 in
2511 2297 2640 2352 coelo
2667 2306 2712 2350 et
2745 2298 2799 2350 in
2831 2306 2990 2348 terra.
3017 2293 3128 2348 Hoc
3155 2291 3294 2358 volo,
3323 2292 3427 2346 hoc
3451 2289 3721 2352 desidero,

2142 2391 2244 2446 hoc
2280 2389 2408 2444 totis
2432 2389 2598 2443 animi
2623 2387 2923 2442 visceribus
2957 2385 3306 2454 concupisco,
3343 2391 3403 2436 ut
3432 2381 3486 2436 in
3519 2397 3629 2447 me,
3658 2379 3724 2432 de

2142 2497 2228 2535 me
2251 2490 2304 2535 et
2325 2495 2422 2550 pro
2445 2495 2548 2544 me,
2581 2493 2688 2532 non
2720 2492 2858 2542 mea,
2893 2477 2984 2532 sed
3014 2484 3124 2540 tua,
3159 2476 3252 2529 fiat
3277 2473 3546 2538 voluntas,
3579 2479 3724 2525 totus

2144 2583 2267 2627 tnns
2313 2573 2436 2638 sim,
2490 2579 2632 2627 totus
2681 2571 2736 2626 in
2775 2581 2925 2626 tuum
2971 2570 3144 2625 solum
3189 2568 3402 2622 tendam
3434 2568 3720 2621 honorem.

2143 2664 2221 2716 Ad
2253 2664 2354 2718 hoc
2403 2661 2578 2716 factus
2620 2676 2766 2727 sum,
2813 2661 3014 2716 adhoc
3060 2667 3220 2714 natus
3251 2673 3390 2723 sum,
3439 2667 3498 2712 ιιι
3545 2656 3722 2712 solum

2099 2775 2102 2778 ·
2147 2764 2292 2808 ιιιιιιιι
2327 2753 2596 2822 requiram
2625 2752 2907 2806 honorem.
2940 2747 3056 2805 1am
3091 2765 3198 2804 non
3229 2748 3416 2804 flcctar
3443 2747 3508 2801 ad
3541 2761 3722 2802 meum

2143 2844 2460 2913 appetitum,
2506 2841 2618 2911 jam
2666 2857 2772 2896 non
2821 2841 3097 2911 proprium
3151 2840 3428 2908 requiram
3482 2850 3723 2891 commo-

2146 2937 2292 3000 dum,
2327 2934 2439 3004 jam
2469 2949 2574 2989 non
2603 2933 2944 2988 considerem
2974 2931 3270 3002 amicorum
3305 2927 3582 2992 allectum,
3613 2941 3723 2981 non

2145 3028 2374 3096 cogitem
2405 3026 2534 3096 quid
2580 3040 2846 3092 annorum,
2896 3025 2982 3080 vel
3021 3024 3208 3088 dulce;
3251 3023 3606 3078 honorificum
3641 3021 3724 3074 vel

2071 3143 2115 3197 α
2147 3117 2288 3182 vile;
2335 3115 2429 3171 sed
2458 3115 2632 3170 solum
2665 3115 2812 3169 nitar
2863 3115 2916 3169 in
2941 3113 3210 3184 ;omnibns
3241 3123 3387 3166 tuum
3415 3111 3725 3180 bcncplaci-

470 3203 586 3244 ram
637 3190 882 3244 notitiam
932 3189 1256 3244 intellectus.
1303 3190 1555 3244 Adveniat
1605 3205 1817 3258 regnum
1873 3199 2039 3254 tuam,
2071 3182 2115 3206 "‘

2149 3215 2264 3262 tum
2313 3205 2642 3276 adimplere',
2695 3203 2912 3261 diflicile
2968 3205 3052 3260 vel
3115 3204 3268 3272 leve;
3329 3219 3580 3274 asperqu
3634 3204 3723 3258 vel

2146 3313 2341 3364 suave;
2367 3299 2460 3354 sed
2477 3313 2599 3354 cum
2623 3298 2848 3368 impetu,
2863 3305 2918 3352 et
2939 3297 3206 3364 desiderio
3223 3296 3452 3352 ferventi
3476 3305 3532 3351 et
3551 3295 3722 3350 animi

2145 3391 2415 3446 nimietate
2457 3405 2644 3446 curem
2688 3389 2953 3460 perficere
2983 3403 3101 3458 quae
3150 3397 3254 3442 tua:
3298 3386 3559 3444 voluntati
3595 3397 3727 3442 sunt

2147 3479 2357 3550 placita.
2391 3478 2506 3534 lloc
2535 3478 2710 3532 solum
2740 3478 2872 3532 mihi
2911 3493 3096 3542 suave,
3148 3478 3249 3532 hoc
3296 3477 3466 3532 solum
3511 3477 3584 3531 sit
3619 3478 3718 3546 ju-

2146 3573 2418 3638 cundum,
2459 3571 2564 3626 hoc
2599 3569 2770 3624 solum
2809 3569 2938 3624 mihi
2981 3569 3118 3634 leve,
3159 3570 3262 3624 hoc
3292 3568 3630 3634 delectabile,
3664 3578 3720 3624 ct

2147 3661 2378 3716 amabile
2423 3661 2476 3715 in
2525 3669 3002 3730 quantumcunque
3035 3659 3258 3730 asperis,
3305 3658 3614 3715 dillicilibns
3665 3668 3722 3713 et

2148 3751 2350 3806 amaris
2412 3759 2560 3804 tuam
2617 3751 2892 3820 requiram
2945 3749 3206 3818 perficere
3263 3749 3618 3804 voluntatem.
3675 3749 3721 3802 Ο

2147 3839 2432 3911 gaudium‘,
2485 3847 2539 3895 et
2583 3838 2932 3909 jucunditas,
2977 3847 3032 3896 et
3073 3839 3364 3898 exsultatio
3410 3839 3727 3896 medullaris

2151 3938 2320 3984 totum
2371 3939 2428 3984 ct
2471 3931 2728 3994 totaliter,
2776 3945 3009 3999 semper,
3037 3939 3090 3984 et
3123 3931 3321 4000 ubique
3346 3945 3611 4000 exponere
3637 3946 3726 3984 me

2147 4022 2214 4076 ad
2237 4035 2451 4077 omnem
2483 4030 2632 4076 tnntn
2679 4022 2960 4082 honorem,
3001 4037 3160 4090 quem
3187 4022 3409 4092 {possim
3441 4021 3598 4076 modo
3621 4021 3722 4074 ali-

2147 4127 2252 4182 quo
2303 4111 2516 4166 cfl‘ectui
2567 4112 2907 4180 mancipare!
2961 4111 3004 4166 Ο
3055 4113 3259 4166 utinam
3317 4113 3464 4167 solus
3511 4127 3723 4180 possein

2147 4203 2326 4256 omnia
2377 4211 2463 4256 tua
2513 4201 2836 4268 ministeria,
2867 4202 2936 4254 mi
2985 4201 3232 4268 Domine,
3264 4201 3583 4272 adimplere!
3615 4201 3728 4255 Ma-

2147 4293 2228 4362 gis
2255 4293 2498 4363 gaudeo,
2533 4293 2705 4364 magis
2749 4291 3020 4361 approbo,
3068 4292 3298 4362 amplius
3343 4293 3468 4346 totis
3499 4293 3726 4346 artubus

2149 4394 2204 4438 et
2248 4385 2551 4439 visceribus
2599 4385 2925 4454 concupisco
2953 4399 3037 4438 me
3083 4393 3252 4438 totum
3287 4385 3594 4454 impendere
3633 4392 3725 4438 tuo

469 4487 576 4540 quo
603 4475 782 4528 omnia
809 4485 957 4537 sunt,
989 4475 1040 4529 in
1079 4477 1332 4531 omnibus
1359 4487 1412 4532 te
1448 4477 1685 4542 intuear,
1712 4480 1762 4532 in
1793 4479 2046 4534 omnibus
2079 4479 2121 4535 D
2151 4477 2362 4542 honori,
2409 4493 2494 4531 me
2535 4477 2730 4530 divinae
2759 4485 2862 4530 tum
2892 4475 3214 4531 satisfacere
3245 4477 3508 4532 voluntati
3561 4492 3722 4546 quam

473 4567 524 4613 te
555 4575 866 4631 agnoscam.
909 4563 954 4618 0
999 4580 1159 4634 quam
1190 4565 1344 4619 dulce
1374 4565 1550 4620 lumen
1585 4577 1641 4620 et
1667 4567 1984 4622 delectabile
2015 4582 2046 4622 a

473 4659 526 4706 te
559 4651 672 4708 sole
707 4651 932 4722 jnstitia:
957 4671 1226 4724 nunquam
1263 4657 1456 4711 mentis
1489 4659 1740 4712 intuitum
1767 4659 2040 4716 amovere!

471 4739 516 4796 0
552 4758 712 4812 quam
744 4746 934 4812 dulcis,
979 4763 1140 4816 quam
1187 4749 1454 4814 amabilis,
1502 4765 1665 4820 quam
1715 4751 2049 4805 admirabilis

471 4832 644 4890 oculis
689 4837 891 4890 nostris
937 4845 1150 4892 tuorum
1213 4840 1430 4894 claritas
1475 4841 1778 4896 radiorum!
1833 4841 2044 4896 Sancti—

471 4923 660 4991 ﬁcetur
700 4942 828 4996 ergo
875 4945 1058 4983 nomen
1101 4940 1269 4984 tuum.
1317 4933 1571 4988 Adveniet
1617 4950 1828 5004 regnum
1875 4944 2041 4988 tuum.

471 5011 646 5079 Nunc,
681 5013 907 5070 Domine
946 5015 1110 5082 Dens,
1139 5035 1366 5088 regnum
1398 5020 1555 5090 hujus
1595 5023 1778 5078 mundi
1808 5037 2042 5092 occupa-

471 5103 542 5142 ι’ἶΙ
585 5103 818 5142 animum
853 5122 1024 5142 mss-nn

1083 5112 1190 5142 ἶηιη
1221 5121 1388 5142 ΙηΙΑὶιῠὶ
1421 5112 1694 5142 ιιῖοοεηηιοεί
1761 5121 1926 5142 Initum
1961 5113 2004 5142 Is

2151 4577 2202 4622 et
2226 4577 2703 4638 quantumcunque
2729 4567 3040 4622 cmlestibns
3068 4577 3120 4622 et
3163 4569 3360 4622 divinis
3399 4569 3606 4623 deliciis
3637 4567 3722 4636 ju-

2153 4659 2396 4714 cundari.
2440 4658 2496 4714 Si
2535 4659 2677 4712 enim
2709 4674 2806 4728 pro
2831 4667 2904 4722 tc,
2948 4657 3020 4712 nti
3052 4659 3291 4724 domine,
3321 4658 3556 4712 letaliter
3583 4659 3723 4712 lacc-

2152 4763 2262 4812 rer,
2310 4756 2365 4802 et
2417 4747 2698 4818 passiones
2739 4757 2794 4801 ct
2825 4757 3026 4802 mortes
3071 4763 3418 4818 quascunque
3463 4749 3530 4804 ad
3573 4757 3718 4802 tuum

2150 4839 2410 4894 honorem
2455 4841 2774 4908 reciperem,
2807 4838 2874 4892 de
2917 4839 2996 4892 eis
3030 4841 3200 4908 magis
3227 4839 3513 4909 gauderem
3557 4855 3718 4908 quant

2149 4933 2216 5002 de
2262 4945 2584 5000 quacunque
2621 4928 2980 4984 delectatione
3024 4945 3186 4998 quant
3234 4931 3397 4984 etiam
3443 4931 3494 4984 in
3543 4929 3714 4998 patria

2149 5022 2346 5092 habere
2397 5035 2630 5092 possent,
2673 5019 2774 5073 nisi
2824 5019 3056 5074 fortasse
3115 5021 3178 5074 in.
3223 5019 3312 5074 illa
3363 5021 3718 5076 delectatione
