4030 5354
217 299 324 360 573

1635 313 2000 376 (‘PUSCULA
2051 315 2327 378 SPURIA.

3425 325 3532 386 576

217 433 450 492 cunque
493 425 836 485 dilﬁcultate
891 427 1074 486 facere
1113 429 1180 485 ad
1227 439 1380 485 tuutn
1425 431 1702 486 Lonorem.
1734 429 1846 484 l-loc
1875 431 1922 493 Α
1951 445 2046 486 cor
2069 449 2244 488 meum
2287 434 2354 487 ad
2383 443 2714 489 momentum
2753 437 2822 490 ab
2868 435 2972 492 isto
3021 437 3144 494 cibo
3197 436 3533 494 nobilissimo

211 528 302 572 cst
349 529 712 588 angelorum
759 522 1052 591 gaudium,
1083 523 1308 578 caeleste
1365 523 1716 586 desiderium,
1755 539 1849 592 pa-

217 608 340 665 tria:
373 613 696 680 [mentium
727 629 886 684 posse
924 613 1018 668 tibi
1053 615 1292 670 totaliter
1330 615 1578 684 obsequi,
1611 613 1850 668 totaliter

214 703 268 756 in
307 712 366 758 te
415 703 608 772 ferri,
651 717 756 760 tua:
801 705 1066 760 voluntati
1113 706 1354 777 plenarie
1401 705 1758 770 conformari,
1794 713 1848 760 et

217 801 378 848 tuum
439 796 739 852 honorem
788 805 844 852 et
897 795 1358 866 magniﬁcentiam
1401 793 1682 848 admirari.
1731 793 1846 847 Non

211 885 444 950 dubito,
481 885 612 940 imo
640 896 829 942 certus
871 901 1013 951 sum,
1063 889 1208 956 quod
1257 885 1376 955 plus
1405 884 1640 956 gaudent
1672 881 1844 952 angeli

209 981 266 1028 et
298 973 532 1030 animae
567 983 776 1030 sanctae
801 976 864 1030 de
889 975 1298 1046 magniﬁcentia
1328 975 1402 1028 tui
1433 974 1658 1030 honoris
1681 987 1844 1044 quam

209 1063 280 1119 de
315 1066 766 1135 magniﬁcentia
809 1065 994 1132 gloriae
1027 1081 1160 1120 sum.
1213 1065 1278 1120 Et
1317 1065 1438 1120 ideo
1483 1065 1574 1134 ﬁat
1605 1065 1844 1120 voluntas

208 1163 308 1210 tua
355 1157 518 1212 sicut
565 1160 622 1212 in
669 1156 798 1211 cado
839 1165 886 1210 et
925 1157 980 1210 in
1024 1165 1188 1211 terra.
1249 1155 1316 1210 In
1355 1156 1504 1220 cado,
1547 1155 1758 1210 scilicet
1791 1158 1842 1208 in

209 1247 568 1303 cmlestibus
615 1247 921 1319 Spiritibus.
957 1245 1026 1300 Et
1057 1248 1111 1300 in
1135 1256 1296 1310 terra,
1346 1247 1558 1302 scilicet
1604 1245 1658 1300 in
1691 1245 1844 1300 nobis

207 1339 608 1396 horninibus:
643 1341 856 1396 scilicet
889 1349 994 1392 tua:
1022 1337 1288 1392 voluntati
1321 1337 1458 1394 adeo
1501 1337 1756 1402 libenter,
1790 1347 1844 1392 et

133 1447 140 1454 '
211 1431 534 1488 ferventer
565 1443 621 1488 et
652 1430 959 1488 voluntarie
999 1429 1384 1499 obsequantur,
1428 1439 1482 1486 et
1513 1441 1616 1484 nne
1653 1429 1840 1482 volun-

211 1524 318 1578 tati
371 1525 640 1580 totalitcr
667 1521 1076 1580 confer-tuemur
1101 1520 1396 1576 secundum
1423 1520 1840 1590 possibilitatem

207 1623 446 1670 nostra:
481 1615 734 1670 virtutis.

287 1709 352 1762 6.
403 1707 624 1762 Panem
675 1717 910 1761 nostrum
957 1707 1324 1776 quotidianum
1369 1707 1438 1760 da
1483 1706 1628 1760 nobis
1665 1707 1837 1760 hodie.

213 1798 264 1852 0
282 1813 475 1868 quam
500 1801 640 1853 bene
666 1797 900 1860 ordinat,
927 1813 1090 1866 illlam
1115 1795 1394 1864 eleganter
1417 1795 1698 1866 coniungit
1725 1796 1840 1850 lucc

215 1889 402 1943 verba
461 1889 782 1960 puertiissis!
849 1887 912 1940 Et
973 1887 1219 1956 quamvis
1267 1890 1334 1940 de
1381 1899 1520 1954 pane
1575 1884 1842 1939 materiali

217 1989 277 2033 et
321 1980 616 2049 spirituali
665 1978 839 2048 possit
879 1977 1097 2047 exponi,
1131 1976 1198 2031 de
1241 1974 1622 2030 sacramentali
1663 1983 1840 2028 tamen

219 2084 378 2137 pane
415 2071 660 2124 maxime
691 2083 1028 2138 exponamus
1065 2066 1130 2120 ad
1179 2081 1442 2136 prteseus.
1490 2063 1578 2132 Et,
1620 2073 1680 2119 ut.
1708 2065 1836 2126 dixi,

221 2161 322 2216 hic
357 2162 420 2216 in
453 2161 568 2215 Deo
606 2168 688 2214 est
709 2160 962 2229 egregius
989 2157 1144 2212 ordo.
1183 2157 1316 2223 Quis
1345 2156 1482 2210 adeo
1511 2155 1706 2226 dignus
1735 2163 1838 2220 cst,

223 2255 360 2322 quis
391 2255 532 2308 adeo
563 2251 785 2306 humilis
815 2259 898 2306 cst
931 2250 998 2304 ad
1028 2250 1428 2319 susceptionem
1461 2248 1619 2318 hujus
1649 2261 1836 2302 sacra-

226 2345 418 2399 menti
451 2345 518 2398 ad
547 2342 884 2397 oll‘erendu-m
933 2340 1126 2396 Filium
1161 2341 1270 2394 Deo
1299 2339 1470 2404 Patri,
1509 2346 1568 2393 ut
1604 2337 1693 2391 ille
1723 2341 1838 2408 qui,

227 2435 386 2490 sicut.
415 2436 792 2506 supradictnm
825 2441 928 2498 est,
957 2449 1016 2488 se
1047 2433 1288 2488 totaliter
1327 2433 1378 2486 in
1411 2432 1578 2486 Deum
1614 2431 1839 2486 ordina-

231 2528 320 2582 vit
353 2537 622 2599 quantum
670 2529 738 2582 ad
777 2527 1134 2591 intellectum,
1167 2524 1442 2590 affectum,
1482 2533 1538 2580 et
1564 2523 1835 2588 etl'ectum,

233 2619 332 2689 qui
365 2635 426 2676 se
459 2627 632 2676 totum
673 2618 784 2673 Deo
821 2619 1040 2682 obtulit,
1094 2625 1264 2672 totum
1305 2631 1362 2672 se
1393 2617 1666 2672 sacriﬁcio
1711 2631 1838 2672 con-

235 2713 532 2775 cremavit,
591 2711 686 2780 qui
741 2711 794 2765 in
855 2727 912 2766 se
965 2710 1295 2765 annihilatus
1343 2719 1444 2776 est,
1485 2719 1538 2765 et
1591 2720 1736 2765 totus
1784 2711 1836 2764 in

235 2805 414 2860 Deum
443 2805 628 2860 illatus
658 2813 766 2866 est,
798 2805 888 2873 qui
908 2804 1020 2874 jam
1051 2818 1154 2858 non
1183 2819 1304 2872 quae
1327 2817 1422 2856 sua
1450 2812 1575 2858 sunt
1621 2805 1834 2874 quaerit,

237 2895 336 2948 sed
365 2909 488 2964 qua:
513 2893 640 2949 Jesu
679 2893 880 2948 Christi
924 2892 1144 2964 (Philip.
1179 2891 1291 2964 tt)?
1323 2891 1414 2946 Ille
1455 2907 1585 2948 vero
1635 2893 1688 2946 in
1737 2893 1836 2948 hoc

238 2984 516 3039 sacriﬁcio
565 2991 744 3054 potest
791 2981 974 3038 Jesnm
1017 2983 1298 3038 Christum
1349 2982 1613 3053 recipere,
1651 2991 1834 3038 Jesum

237 3073 521 3128 Christum
563 3088 789 3144 rcgare,
839 3071 1022 3128 Jesum
1064 3072 1348 3128 Christum
1383 3087 1482 3142 pro
1532 3089 1591 3128 se
1629 3083 1681 3128 et
1717 3075 1836 3128 aliis

242 3165 354 3220 Deo
397 3165 616 3220 offerre.
669 3165 733 3220 Et
769 3165 892 3220 ideo
939 3163 1185 3234 petitioni
1235 3165 1322 3222 isti
1367 3181 1534 3220 verus
1583 3165 1837 3236 Magister

243 3259 571 3327 pr.rposnit:
606 3257 980 3326 Sanctiﬁcelur
1005 3273 1192 3312 nomen
1215 3269 1384 3323 tuum,
1407 3269 1540 3323 etc.,
1559 3269 1614 3314 et
1635 3258 1836 3329 Optime

243 3347 540 3418 subiungit,
587 3355 642 3402 et
696 3347 804 3402 illis
855 3347 1039 3402 verbis
1088 3346 1368 3417 coniungit
1416 3365 1428 3400 :
1492 3348 1688 3401 Panem
1743 3363 1837 3400 no-

243 3446 434 3500 strum,
477 3445 585 3491 etc.
636 3435 738 3503 Qui
782 3452 846 3492 ex
897 3437 1123 3508 ‘Egypto
1168 3447 1512 3505 peccatorum
1544 3437 1731 3500 exivit,
1763 3438 1832 3490 ibi

243 3529 606 3596 sanctiﬁcetttr
652 3545 840 3584 nomen
887 3539 1056 3592 tuum,
1091 3537 1144 3584 et
1195 3543 1344 3582 mare
1381 3527 1622 3582 Rubrum
1673 3528 1834 3582 illiill-

243 3620 490 3675 dantium
551 3629 930 3688 tempestatum
1001 3618 1302 3672 submersis
1360 3617 1632 3689 Egyptiis
1688 3619 1836 3673 εἰει-ι)

243 3711 382 3782 pede
423 3711 700 3776 transivit,
743 3711 814 3764 ibi
848 3709 1090 3763 adveniat
1125 3725 1338 3779 regnum
1367 3721 1548 3776 (mnu;
1577 3717 1630 3764 ct
1659 3710 1710 3764 in
1743 3711 1834 3762 de-

245 3815 392 3861 serto
437 3803 921 3873 contemplationis
970 3803 1070 3858 soli
1121 3803 1230 3856 Deo
1281 3803 1534 3867 intendit,
1582 3812 1634 3857 et
1664 3817 1722 3856 se
1756 3813 1834 3856 to-

249 3909 360 3954 tum
417 3901 529 3954 Deo
575 3897 867 3960 dedicavit,
917 3895 990 3951 ibi
1035 3897 1128 3966 ﬁat
1173 3897 1414 3950 t'oltmtus
1457 3906 1546 3950 tua
1594 3897 1728 3951 sicut
1781 3897 1832 3948 in

249 3992 374 4048 caelo
431 4001 479 4046 et
519 3994 576 4046 in
641 4001 803 4045 terra.
855 3989 972 4044 Jam
1033 3991 1086 4044 in
1142 3991 1244 4044 hoc
1300 3991 1516 4044 deserto
1567 3991 1831 4053 esuriens,

247 4102 468 4147 manna.
516 4085 729 4142 scilicet
769 4101 962 4156 panem
1013 4085 1311 4145 curlcstem,
1351 4100 1379 4137 a
1419 4085 1628 4140 cozlcsti
1673 4084 1832 4137 Patre

247 4179 507 4248 requirit;
543 4177 616 4232 ibi
666 4195 856 4248 panem
896 4189 1128 4232 nostrum
1175 4177 1539 4247 quotidianum
1587 4177 1654 4230 da
1687 4179 1832 4230 nobis

247 4271 420 4324 hodie.
461 4269 564 4336 Qui
605 4269 772 4323 etiam
820 4269 872 4322 in
907 4267 1144 4339 [Egypto
1190 4267 1480 4336 aliquando
1510 4281 1672 4336 super
1698 4268 1833 4323 ollas

247 4362 498 4416 carnium
547 4359 712 4425 sedit,
743 4373 846 4412 nec
891 4359 998 4414 illis
1048 4359 1248 4427 spretis
1300 4358 1470 4412 solum
1519 4373 1716 4428 panem
1755 4359 1834 4412 vi-

1951 523 2226 594 separari?
2245 525 2310 578 Et
2332 527 2374 580 si
2403 541 2568 596 super
2587 543 2696 582 non
2723 543 2942 598 possum
2963 528 3138 598 ipsum
3163 539 3534 584 sacramenta-

1951 612 2074 670 liter
2091 631 2327 680 sumere,
2341 617 2646 680 saltemcor
2665 631 2844 672 meum
2863 619 3036 688 ipsum
3053 619 3410 690 spiritualiter
3427 635 3532 672 non

1949 703 2164 758 desinat
2202 707 2498 760 ruminare.
2535 705 2592 760 In
2623 708 2862 761 veritate
2893 709 3089 764 mirum
3135 718 3190 764 et
3219 709 3340 778 plus
3368 723 3532 778 qumn

1949 795 2145 848 mirum
2179 793 2390 848 videtur
2411 806 2616 866 quanto
2648 811 2758 866 pne
2797 797 3020 854 dulcore
3047 807 3103 854 et
3125 799 3294 854 nimio
3316 799 3530 853 ardoris

1951 883 2160 942 fervore
2195 902 2290 942 cor
2317 903 2422 942 non
2453 887 2634 942 deﬁcit
2673 889 2724 942 in
2757 889 2858 944 hoc
2899 891 3037 944 cibo.
3067 889 3146 944 'l‘u
3173 891 3342 954 solus,
3377 891 3518 944 boue

1947 975 2104 1042 Jcsu,
2149 977 2224 1032 sis
2265 977 2420 1032 cibus
2467 993 2651 1044 meus,
2695 989 2750 1034 et
2795 979 3015 1035 refectio
3073 996 3225 1048 mea;
3265 989 3318 1036 te
3357 980 3530 1036 solum

1948 1071 2184 1126 esuriam
2221 1089 2232 1125 ε
2263 1081 2315 1126 te
2344 1073 2524 1138 avide,
2549 1083 2604 1128 et
2631 1075 2926 1130 insatiabili
2958 1077 3198 1146 appetitu
3225 1077 3528 1140 comedam,

1947 1172 2002 1216 et
2029 1177 2246 1231 semper
2279 1162 2562 1218 famelicus
2591 1165 2692 1219 sim
2732 1167 2830 1220 tui.
2861 1167 2997 1234 Quid
3031 1177 3081 1222 te
3122 1167 3366 1222 dulcius?
3391 1167 3532 1234 Quid

1949 1259 2000 1304 te
2029 1252 2283 1307 suavius?
2309 1253 2448 1320 Quid
2488 1261 2540 1308 te
2564 1255 2869 1324 amabilius,
2899 1255 3038 1312 bone
3061 1255 3222 1313 Jesu?
3251 1257 3326 1312 Te
3355 1257 3528 1311 solum

1947 1343 2067 1398 volo
2093 1343 2397 1410 comedere,
2435 1353 2486 1400 te
2523 1345 2694 1400 solum
2731 1349 2891 1417 cupio
2933 1349 3240 1404 masticare.
3283 1348 3362 1403 Tu
3395 1345 3530 1404 mihi

1946 1450 2160 1504 semper
2181 1436 2458 1492 dulcescas
2487 1437 2538 1491 in
2569 1439 2755 1494 corde.
2797 1439 2955 1494 Solus
2985 1443 3119 1496 odor
3159 1449 3280 1496 tuus
3309 1440 3530 1495 deberet

1949 1527 2170 1582 reﬁcere
2207 1535 2376 1581 totum
2417 1527 2703 1596 mundum,
2734 1539 2940 1600 quanto
2977 1531 3146 1600 magis
3171 1531 3373 1586 cibatio
3401 1531 3522 1584 tua!

1947 1614 2002 1670 Si
2040 1616 2094 1670 in
2137 1616 2306 1670 verbo
2331 1617 2476 1686 quod
2514 1617 2760 1687 procedit
2797 1633 2860 1672 ex
2907 1633 3004 1674 ore
3051 1629 3142 1674 tuo
3175 1619 3446 1674 reﬁcimur
3473 1627 3532 1674 ct

1943 1709 2176 1764 vivimus
2219 1707 2436 1780 (Matth.
2487 1711 2580 1778 tv),
2641 1711 2772 1780 quid
2821 1711 2926 1766 erit
2967 1721 3018 1766 te
3071 1713 3244 1782 ipsum
3297 1709 3528 1764 Verbum

1877 1773 1916 1830 Β
1945 1809 2206 1854 aeternum
2249 1814 2344 1853 ore
2399 1801 2664 1870 recipere,
2713 1814 2769 1856 ct
2817 1803 3000 1857 cordis
3037 1802 3290 1856 dentibus
3335 1800 3529 1854 masti-

1945 1889 2412 1956 care?Qu0tnodo
2447 1907 2552 1946 non
2591 1892 2670 1946 sic
2693 1907 2788 1947 cor
2825 1909 3002 1947 meum
3037 1892 3344 1946 delectatur
3373 1891 3422 1944 in
3455 1899 3526 1956 te,

1947 1991 2002 2036 ut
2030 1981 2210 2035 omnia
2249 1981 2607 2036 obliviscatur
2649 1991 2848 2050 printer
2887 1983 2972 2037 te?
3003 1981 3060 2036 Si
3113 1982 3316 2052 aliquid
3355 1989 3529 2034 terre-

1943 2085 2098 2136 num,
2127 2070 2236 2126 imo
2267 2071 2564 2126 similitudo
2599 2072 2820 2138 terreni,
2849 2081 3058 2126 tantum
3099 2071 3394 2142 aliquando
3432 2085 3530 2124 cor

1944 2175 2122 2214 meum
2167 2169 2398 2228 occupat
2441 2169 2500 2214 ut
2543 2161 2772 2216 aliarum
2805 2176 2984 2216 rerum
3031 2161 3343 2226 obliviscar,
3385 2175 3527 2230 quo-

1943 2250 2102 2306 modo
2145 2263 2232 2306 tua
2266 2251 2548 2306 verissima
2581 2253 2865 2321 praesentia
2905 2269 3010 2307 non
3043 2268 3132 2308 me
3162 2261 3372 2308 tantum
3401 2251 3528 2306 reﬁ-

1943 2343 2017 2398 cit
2051 2353 2104 2397 et
2136 2343 2371 2398 inebriat
2399 2353 2456 2397 ut
2496 2345 2662 2400 totius
2692 2345 2876 2399 mundi
2909 2345 3222 2410 obliviscar,
3263 2353 3318 2400 et
3359 2345 3526 2398 etiam

1943 2437 2081 2494 tnei?
2105 2435 2258 2491 Hunc
2277 2451 2428 2508 ergo,
2453 2436 2614 2492 Pater
2641 2437 2900 2500 cwlestis,
2929 2453 3121 2508 panem
3151 2437 3522 2506 quotidianum

1943 2527 2102 2580 hodie
2133 2525 2286 2582 nobis
2313 2525 2568 2581 concede.
2622 2525 2728 2580 Sed
2771 2527 2946 2591 hodie,
2989 2527 3215 2582 Domine
3257 2525 3422 2592 Deus,
3456 2527 3523 2578 da

1941 2615 2098 2670 nobis
2137 2617 2280 2671 hunc
2309 2631 2528 2685 panem,
2577 2625 2637 2670 ut
2667 2615 2719 2670 in
2765 2617 3014 2686 praesenti
3059 2625 3114 2672 et
3145 2630 3358 2685 seraper
3387 2629 3525 2683 pra:-

1941 2706 2246 2763 sentialiter
2275 2708 2589 2762 habeamus.
2637 2707 2722 2764 Sit
2747 2722 2962 2778 semper
2999 2723 3240 2779 praesens
3268 2707 3526 2778 spiritua-

1943 2801 2063 2864 liter
2090 2801 2282 2858 saltem
2311 2801 2400 2856 hic
2427 2802 2600 2866 cibus,
2631 2809 2686 2854 ut
2717 2815 2988 2872 nunquam
3019 2801 3160 2856 sciat
3189 2799 3523 2868 praeteritum

1941 2893 2023 2948 vel
2065 2892 2326 2947 futurum.
2372 2893 2480 2948 Sed
2516 2893 2670 2946 hodie
2695 2892 2828 2954 dicit
2855 2894 3029 2946 bonus
3063 2890 3245 2954 .lesus,
3277 2897 3336 2942 ut
3365 2889 3520 2943 dica-

1943 2999 2100 3040 mus:
2131 2985 2258 3049 Cur,
2287 2999 2496 3054 quaeso,
2531 2992 2740 3038 tantum
2771 2981 2998 3038 festinas
3043 2997 3166 3038 esse
3201 2979 3525 3036 nobiseum?

1942 3075 2120 3142 Quare
2163 3090 2266 3128 non
2299 3073 2486 3128 differs
2527 3089 2696 3143 usque
2735 3089 2882 3140 cras,
2922 3073 3052 3142 quid
3083 3073 3228 3128 enim
3265 3071 3318 3126 in
3367 3069 3524 3126 nobis

1942 3165 2128 3220 vides?
2165 3165 2303 3231 Quid
2325 3165 2378 3219 in
2409 3164 2564 3220 nobis
2599 3165 2788 3230 sentis,
2814 3165 2944 3234 quid
2975 3165 3028 3219 in
3065 3163 3222 3219 nobis
3243 3161 3521 3234 agnoscis,

1939 3257 2081 3327 quod
2137 3265 2344 3310 tantum
2395 3265 2584 3310 nostro
2637 3271 2698 3310 es
2747 3256 3050 3312 inebriatus
3104 3255 3325 3310 amore?
3383 3253 3524 3321 Quid

1941 3348 2222 3420 nobiscum
2263 3347 2525 3402 lucraris?
2565 3345 2706 3411 Quid
2759 3348 2812 3400 iu
2863 3347 3018 3402 nobis
3079 3345 3317 3416 reperis?
3349 3345 3520 3412 Quem

1941 3437 2176 3492 fructum
2209 3439 2276 3492 de
2321 3439 2476 3492 nobis
2514 3438 2761 3503 habebis,
2787 3439 2932 3506 quod
2973 3439 3152 3492 nescis
3183 3436 3434 3492 tardare?
3463 3435 3522 3490 Si

1939 3530 2018 3584 sic
2069 3545 2223 3584 amor
2251 3529 2420 3584 nostri
2461 3538 2509 3583 te
2539 3539 2698 3599 urget
2731 3537 2790 3582 ut
2845 3529 3062 3584 ditierre
3104 3543 3342 3598 nequeas
3388 3526 3521 3596 quin

1939 3625 2120 3679 statim
2173 3622 2308 3678 velis
2363 3637 2484 3678 esse
2537 3621 2842 3686 nobiscum,
2895 3637 3017 3676 cum
3071 3621 3267 3690 quibus
3313 3619 3518 3674 nullum

1939 3717 2106 3772 habes
2155 3716 2400 3780 lucrum,
2439 3730 2538 3770 nos
2581 3723 2760 3770 autem
2808 3713 2898 3783 qui
2939 3727 3140 3788 sumus
3201 3711 3519 3766 fetidissiina

1938 3809 2156 3872 sanies,
2199 3817 2256 3862 et
2311 3807 2534 3878 indigni,
2589 3807 2754 3862 etiam
2799 3815 2886 3859 tua
2933 3813 3182 3860 creatura
3231 3810 3522 3872 quamam-

1939 3915 2152 3968 cunque
2182 3899 2440 3954 vilissima
2473 3899 2768 3964 nominari,
2807 3898 3078 3967 quomodo
3101 3894 3422 3962 diiierimus,
3452 3911 3520 3950 ex

1937 4005 2046 4058 quo
2105 4001 2314 4045 tantum
2355 3993 2458 4046 hoc
2502 3991 2779 4046 desideras
2805 4029 2822 4054 ,
2865 4003 2986 4044 esse
3029 3999 3205 4044 tecum
3235 4027 3249 4052 ,
3295 4001 3416 4040 cum
3469 3995 3522 4040 te

1937 4097 2206 4136 Stnnmum
2239 4081 2462 4147 bonum,
2491 4081 2608 4135 sine
2642 4079 2853 4134 macula
2883 4077 3180 4149 speculum,
3205 4076 3518 4144 angi-lorum

1936 4175 2188 4228 solatium
2227 4173 2598 4242 impetremus.
2643 4171 2684 4226 Τ
2691 4188 2720 4224 u
2751 4187 2902 4240 ergo,
2937 4171 3077 4224 bone
3119 4169 3266 4231 Jesu,
3301 4167 3520 4222 diﬁ‘erre

1937 4281 2044 4320 non
2075 4265 2154 4318 vis
2183 4272 2240 4317 ut
2276 4263 2546 4324 ostendis;
2584 4277 2681 4316 nec
2723 4277 2822 4316 nos
2859 4261 3088 4332 amplius
3118 4259 3334 4313 diﬁerre
3368 4258 3520 4312 volu-

1939 4369 2076 4408 mus.
2115 4353 2282 4407 Ilodie
2325 4367 2453 4421 ergo
2493 4361 2546 4404 te
2588 4352 2838 4420 petimus,
2897 4363 2954 4404 ut
3001 4352 3160 4406 hodie
3197 4351 3515 4406 habeamus.

245 4467 394 4516 vum,
427 4451 526 4520 qui
566 4451 634 4504 de
667 4449 811 4505 cmlo
855 4449 1159 4514 descendit,
1208 4448 1468 4518 exquirit,
1515 4448 1750 4518 postulat
1781 4459 1835 4504 ct
1867 4463 1912 4521 ι)
1941 4443 2054 4498 Non
2111 4444 2256 4498 enim
2303 4457 2458 4498 cassa
2508 4451 2592 4495 est
2639 4442 2920 4496 instructio
2957 4451 3064 4504 tua,
3125 4442 3219 4495 sed
3268 4449 3430 4503 esset,
3473 4440 3518 4494 si

248 4542 501 4612 acquirit.
535 4541 580 4596 Ο
610 4541 852 4595 inaudita
896 4541 1097 4596 Christi
1125 4540 1400 4611 dignatio!
1433 4539 1478 4594 0
1516 4539 1651 4594 mira
1681 4540 1832 4610 jubi-

247 4633 374 4687 latio
427 4632 660 4686 mentis!
709 4631 850 4684 Dens
922 4647 1108 4696 meus,
1159 4645 1391 4700 sponsus
1439 4647 1634 4696 meus,
1682 4645 1835 4684 arnor

249 4741 420 4788 meus,
446 4725 622 4780 factus
647 4733 732 4778 est
767 4723 918 4779 cibus
947 4740 1118 4779 meus.
1173 4723 1496 4780 Sanctorum
1525 4725 1829 4795 praami'un,

249 4817 556 4888 angelorum
589 4815 869 4884 gaudium,
919 4815 1009 4872 Dei
1045 4815 1224 4871 Patris
1274 4819 1506 4872 Verbum
1541 4825 1622 4871 est
1661 4817 1834 4871 muri-

253 4918 484 4963 meutum
539 4921 744 4962 meum.
791 4905 905 4960 Lux
953 4907 1166 4972 inuudi,
1218 4907 1308 4962 Sol
1360 4909 1502 4973 cwli,
1557 4907 1829 4978 Sapientia

247 4995 358 5062 Dei,
395 4998 754 5054 est'refectio
783 4999 906 5052 'mci
957 4997 1144 5052 animi.
1203 4999 1388 5056 Proles
1419 5001 1696 5070 Virginea,
1753 5017 1832 5057 re-

245 5088 478 5159 demptio
505 5089 772 5154 humana,
807 5087 930 5142 (τωΙί
957 5086 1150 5157 gloria,
1181 5088 1320 5144 facta
1345 5101 1428 5146 est
1453 5091 1656 5146 cilratio
1689 5107 1826 5146 mea.

243 5180 375 5246 Quid
417 5180 566 5234 ultra
613 5177 848 5233 allecto?
879 5177 1018 5246 Quid
1059 5177 1195 5231 ultra
1237 5197 1322 5237 mc
1369 5182 1589 5236 allicere
1619 5185 1830 5250 potest?

241 5274 454 5324 Ahsita
487 5285 602 5324 me.
650 5271 894 5324 Domine.
947 5279 1008 5322 ut
1053 5283 1119 5321 ex
1152 5286 1262 5324 uno
1311 5289 1404 5324 cor
1445 5286 1622 5324 meum
1671 5275 1829 5324 habet

1935 4546 2246 4605 peteremus
2282 4542 2338 4587 et
2365 4548 2472 4586 non
2505 4534 2938 4602 impetraremus.
2983 4533 3118 4598 Quia
3151 4545 3283 4600 ergo
3313 4542 3363 4584 te
3401 4537 3518 4584 sta-

1937 4627 2030 4680 tim
2055 4625 2287 4695 petimus
2319 4633 2376 4678 ct
2406 4624 2798 4688 desideramus,
2825 4633 2879 4677 et
2909 4623 3010 4676 hoc
3049 4623 3222 4691 ipsum
3253 4631 3306 4676 tu
3339 4621 3516 4690 cupis,

1934 4717 2132 4772 accede
2173 4718 2240 4772 ad
2280 4733 2378 4774 cor
2443 4727 2718 4782 nostrum;
2749 4717 2874 4786 quia
2921 4717 2988 4770 ad
3045 4725 3094 4771 te
3140 4717 3384 4772 ascendit
3421 4731 3517 4772 cor

1935 4821 2202 4866 nostrum.
2242 4809 2320 4864 Tu
2351 4810 2496 4866 enim
2547 4809 2844 4864 inebriatus
2882 4823 2944 4862 cs
2992 4808 3182 4874 nostri,
3215 4819 3272 4863 ct
3313 4824 3410 4864 nos
3441 4807 3516 4862 tui

1933 4917 2138 4960 amore.
2181 4899 2256 4956 Te
2293 4916 2422 4972 ergo
2451 4903 2518 4956 ad
2563 4915 2685 4966 nos,
2725 4911 2782 4957 et
2825 4917 2924 4956 nos
2951 4901 3018 4954 ad
3064 4911 3116 4958 te
3153 4917 3276 4956 eum
3313 4900 3516 4970 impetu

1935 4993 2108 5060 ducis,
2137 5007 2170 5048 ο
2211 4993 2423 5062 pondus
2458 4992 2680 5056 altioris,
2715 5003 2770 5048 et
2795 4993 2908 5062 jam
2937 4995 3082 5048 omni
3121 5009 3272 5060 mora
3301 4991 3516 5046 sublata

1936 5095 2153 5140 mutuus
2199 5085 2272 5138 sit
2319 5083 2624 5153 amplexus,
2667 5095 2722 5140 ct
2767 5097 2908 5142 IlllCl‘
2954 5095 3040 5138 tua
3073 5085 3290 5140 brachia
3337 5083 3520 5140 deﬁcit

1933 5179 2114 5232 anima
2159 5191 2302 5241 mea,
2350 5176 2604 5248 absorpta
2653 5179 2857 5234 amoris
2909 5176 3138 5233 fervore.
3190 5177 3328 5232 Cum
3373 5175 3520 5230 enim

1931 5274 2078 5324 sensi
2117 5271 2426 5324 aninlexum
2459 5282 2632 5324 tuum.
2691 5274 2984 5324 eradicasti
3031 5275 3272 5324 animum
3321 5285 3516 5324 meum.
