4030 5354
542 311 650 369 575

1629 304 1687 361 S.
1718 299 2021 361 ANSELMI
2043 294 2381 357 LUCENSIS
2415 293 2720 352 EPISCOPI

3707 290 3827 347 576‘

540 418 802 475 manu},
827 436 941 473 ,ηερ
964 417 1208 490 uigilare
1257 416 1466 487 faciatis
1502 415 1771 495 dilectam,
1819 416 1981 470 donec
2011 413 2123 484 ipsa
2154 412 2201 471 Α
2231 406 2389 462 ximis
2424 407 2660 478 allegare
2685 414 2981 476 poterimus
3009 404 3377 461 dimissionem
3408 404 3576 461 debiti
3612 408 3811 474 nostri,

498 535 513 542 ε
540 508 661 566 velit
684 507 862 573 (Cant.
889 506 995 577 III).
1980 574 1983 575 ν

612 600 667 655 7.
709 599 816 654 Sed
869 600 1049 656 adhuc
1088 600 1330 655 admiror
1371 598 1716 655 clementiam
1761 608 1941 663 tuam,
1983 596 2124 653 bone

542 689 696 747 Jesu.
728 690 909 758 Quare
942 690 1123 746 dixisti
1163 690 1568 762 quotidianum?
1602 690 1855 760 Nunquid
1884 694 2121 761 visque-

548 782 679 837 tidie
726 782 877 837 cibus
919 792 1104 837 noster
1145 783 1299 839 esse?
1329 781 1519 838 Nonne
1559 781 1757 838 suﬂicit
1800 782 1893 839 tibi
1950 782 1996 838 si
2028 797 2125 851 per

547 888 712 927 unam
740 873 881 928 diem
922 873 974 928 in
1008 873 1165 931 nobis
1188 874 1422 939 habitas,
1448 884 1503 930 et
1533 875 1765 930 moraris
1792 873 2120 930 nobiscum?

551 962 731 1029 Quare
757 979 972 1035 semper
997 965 1079 1019 vis
1098 980 1218 1021 esse
1248 966 1563 1021 nobiscum?
1590 966 1718 1035 quid
1741 964 1967 1020 fecimus
1994 966 2124 1021 tibi?

548 1053 687 1122 Quid
728 1055 902 1110 dicam
948 1058 1015 1111 de
1056 1065 1204 1111 tanta
1246 1057 1624 1125 benevolentia
1654 1059 1859 1124 nescio,
1903 1058 2028 1127 quia
2071 1057 2121 1111 in

543 1145 654 1201 illis
695 1147 966 1203 thesauris
1011 1147 1313 1204 clementia:
1363 1150 1545 1206 delicit
1579 1151 1792 1207 animus
1843 1167 2016 1217 meus,
2065 1161 2125 1207 ut

547 1251 655 1291 non
694 1240 863 1308 possit
888 1254 1111 1310 parvam
1141 1240 1492 1297 considerare
1525 1242 1835 1307 scintillam,
1868 1253 2010 1298 tanta
2040 1253 2124 1299 est

544 1328 773 1399 abyssus
801 1329 901 1395 eis,
926 1339 983 1385 et
1026 1330 1147 1386 ideo
1194 1331 1329 1386 nihil
1372 1332 1484 1386 scio
1508 1332 1709 1398 dicere,
1755 1332 1880 1399 nisi,
1918 1348 1983 1389 ex
2016 1349 2124 1404 quo

545 1422 625 1475 sic
663 1436 879 1492 semper
920 1424 1002 1479 vis
1030 1438 1151 1481 esse
1182 1424 1488 1491 nobiseum,
1536 1440 1637 1480 nos
1680 1426 1826 1481 omni
1883 1436 2124 1496 tempore

545 1514 716 1566 simus
762 1522 958 1578 tecum,
1009 1524 1064 1568 et
1115 1530 1392 1583 numquam
1442 1525 1555 1571 ate
1602 1514 1813 1586 Sponso
1851 1517 2123 1587 benignis-

540 1602 701 1666 simo,
732 1602 855 1658 cibo
884 1605 1206 1659 suavissimo
1236 1607 1576 1662 recedamus.
1613 1606 1711 1675 lta,
1740 1608 1982 1673 Domine,
2027 1625 2124 1665 nos

544 1701 635 1745 tuo
664 1708 873 1761 amore,
907 1703 962 1749 et
984 1696 1268 1751 devotione
1296 1696 1531 1766 glutiues
1564 1707 1763 1764 tecum,
1797 1708 1856 1752 ut
1887 1716 1985 1754 nec
2009 1716 2037 1753 a
2072 1711 2124 1755 te

542 1785 815 1852 possimus
864 1786 1144 1853 recedere,
1187 1803 1287 1843 nec
1338 1788 1589 1844 velimus.
1635 1788 1727 1845 Sic
1767 1806 1898 1861 ergo
1933 1808 2122 1862 panem

544 1886 779 1930 nostrum
808 1878 1172 1948 quotidianum
1212 1880 1281 1934 da
1314 1878 1459 1935 nobis
1486 1881 1663 1947 hodie,
1696 1889 1801 1937 elc.

612 1989 666 2044 8.
712 1988 778 2044 Et
813 1991 1019 2046 dimitte
1051 1994 1198 2047 nobis
1228 1994 1403 2049 debita
1444 2007 1643 2060 nostra,
1675 1997 1806 2051 sicut
1838 2007 1886 2051 et
1926 2013 2020 2052 nos
2047 1998 2127 2050 di-

541 2084 814 2145 mittimus,
869 2095 974 2137 cte.
1024 2087 1069 2140 Ο
1112 2086 1253 2141 bone
1300 2086 1448 2151 Jesu,
1500 2089 1895 2143 nobilissimum
1940 2089 2120 2143 cibum

542 2174 701 2228 nobis
737 2174 970 2246 indignis
996 2177 1230 2232 servulis
1260 2178 1365 2233 tuis
1394 2178 1780 2250 benignissime
1831 2188 1886 2234 et
1917 2181 2121 2233 instan-

541 2265 753 2321 tissime
793 2268 1059 2323 obtulisti.
1113 2268 1219 2324 Sed
1259 2270 1425 2339 quid?
1463 2268 1650 2325 Timeo
1702 2270 1769 2325 ad
1816 2271 2122 2325 convivium

542 2359 739 2414 Esther
769 2361 988 2431 reginas,
1032 2369 1092 2415 ut
1138 2362 1334 2424 Aman,
1386 2362 1604 2418 invitari
1642 2362 1817 2433 (Esth.
1862 2364 1983 2434 vn),
2021 2362 2122 2417 etsi

541 2448 655 2513 illa,
689 2448 830 2504 bone
874 2448 1026 2517 Jesu,
1068 2466 1174 2505 non
1227 2457 1301 2507 sit
1327 2452 1558 2507 intentio
1590 2462 1697 2518 tua,
1727 2463 1906 2508 tamen
1933 2454 2117 2508 timeo.

541 2539 684 2607 Quid
710 2542 873 2613 ergo?
903 2543 1207 2598 convivium
1233 2544 1704 2615 opulentissimum
1738 2556 1987 2616 paratum
2012 2556 2116 2600 est.

542 2632 760 2699 Nuntii,
808 2633 1022 2689 scilicet
1066 2634 1243 2706 angeli
1295 2636 1467 2691 sancti
1522 2637 1653 2690 mihi
1708 2636 1949 2703 instant;
1996 2651 2119 2693 esu.

538 2722 649 2777 ries
680 2738 767 2779 me
806 2724 1040 2789 excitat,
1073 2734 1128 2778 et
1165 2726 1475 2795 compellit;
1507 2735 1686 2781 tamen
1726 2727 1989 2783 accedere
2015 2743 2120 2783 non

538 2827 839 2882 prmsumo,
898 2814 1024 2883 quia
1078 2817 1325 2884 peccavi.
1385 2817 1525 2884 Quid
1568 2834 1698 2889 ergo
1746 2818 1976 2875 faciam?
2028 2836 2123 2875 an-

540 2903 734 2971 gustia:
821 2904 952 2958 mihi
1028 2914 1155 2959 sunt
1238 2906 1519 2976 undique;
1598 2908 1696 2963 sed
1766 2918 1916 2964 certe
1993 2911 2123 2980 quid

540 2991 741 3062 eligam
808 2992 943 3048 scio.
994 2992 1088 3047 lbn
1138 2995 1285 3050 enim
1338 2995 1406 3050 ad
1452 2994 1669 3053 Patrem
1728 3013 1906 3053 meum
1957 3000 2126 3056 cele-

542 3090 707 3147 stem,
726 3082 791 3137 de
814 3096 922 3151 quo
943 3098 1106 3153 supra
1130 3084 1331 3140 dictum
1355 3094 1439 3141 est
1457 3104 1469 3140 :
1490 3085 1652 3141 Pater
1673 3099 1866 3154 uoster,
1889 3090 1979 3160 qui
2000 3107 2053 3145 es
2069 3092 2123 3144 in
2152 3102 2196 3162 ο

541 3170 778 3238 castiget
793 3173 968 3229 dicam
988 3192 1001 3230 :
1022 3171 1204 3241 Pater,
1232 3177 1440 3245 peccari
1467 3177 1520 3231 in
1542 3178 1749 3246 caelum,
1780 3190 1827 3233 et
1850 3196 2026 3234 coram
2053 3189 2121 3234 te.

538 3262 666 3317 Jam
705 3280 810 3319 non
842 3281 961 3320 sum
981 3266 1170 3337 dignus
1196 3268 1368 3321 vocari
1390 3268 1535 3337 ﬁlius
1564 3278 1685 3325 tuus
1709 3286 1728 3326 :
1751 3271 1837 3340 [ac
1868 3287 1948 3327 me
1978 3273 2121 3327 sicut

540 3372 704 3411 unum
749 3372 815 3411 ea:
860 3360 1195 3414 mercenariis
1226 3361 1331 3414 tuis
1358 3359 1510 3431 (Luc.
1532 3362 1644 3433 xv),
1686 3363 1895 3419 scilicet
1917 3365 2125 3419 dimitte

542 3447 689 3502 nobis
739 3447 916 3502 debita
967 3459 1172 3504 nostra.
1220 3448 1329 3506 Sed
1357 3466 1390 3506 ο
1421 3450 1544 3506 felix
1598 3455 1896 3525 recognitio
1933 3455 2122 3525 culpm,

539 3556 661 3610 qua:
685 3554 1025 3611 promeretur
1054 3545 1225 3615 patris
1255 3546 1560 3618 amplexus.
1596 3548 1760 3605 Forte
1792 3551 1994 3606 amoris
2022 3551 2126 3606 fcr-

540 3645 670 3687 vnre
722 3634 865 3689 inter
911 3636 1192 3705 amplexus
1235 3636 1352 3705 ejus
1399 3638 1666 3694 dissolvar
1702 3649 1757 3695 et
1787 3641 2040 3696 mutalmr
2071 3642 2121 3695 in

542 3723 721 3777 virum
753 3725 942 3791 alium,
984 3735 1042 3781 et
1081 3726 1387 3801 aliqualiter
1412 3729 1699 3783 comedere
1732 3740 1920 3798 potero
1950 3731 2015 3785 de
2044 3731 2127 3783 vi-

544 3815 657 3869 tulo
680 3816 949 3885 saginata.
967 3817 1178 3872 Dimitte
1196 3836 1317 3889 ergo
1341 3820 1486 3874 nobis
1509 3820 1682 3875 debita
1708 3832 1908 3875 nostra.
1926 3822 1969 3877 Ο
1990 3823 2126 3877 mira

546 3907 639 3964 Dei
679 3910 848 3963 nostri
890 3925 1015 3979 erga
1046 3926 1143 3965 nos
1169 3911 1444 3981 dignatio:
1480 3912 1652 3982 ipsum
1679 3915 2123 3985 contempsimus,

545 4010 599 4055 et
641 4014 739 4070 pro
783 4000 1047 4056 vilissima
1095 4002 1249 4057 sanie
1303 4005 1788 4070 commutavimus;
1843 4016 1899 4061 et
1950 4016 2128 4063 tamen

547 4092 703 4147 nobis
749 4092 943 4147 suadet
1014 4101 1071 4145 ut
1116 4092 1329 4147 veniam
1370 4102 1636 4163 petamus,
1672 4095 1798 4164 quia
1828 4095 1942 4150 vult
1973 4098 2130 4153 nobis

546 4183 727 4238 debita
766 4187 1042 4240 dimittere
1086 4200 1209 4240 eum
1259 4184 1499 4241 offensis.
1561 4185 1673 4242 Iloc
1723 4198 1905 4243 autem
1956 4190 2131 4246 noluit

546 4275 756 4347 angelis
800 4275 1037 4345 elargiri.
1078 4276 1381 4343 Quomodo,
1436 4292 1641 4347 quaeso,
1691 4278 1831 4334 bone
1884 4279 2129 4345 Domine,

544 4376 700 4440 potes
732 4366 963 4437 amplius
1001 4383 1100 4422 nos
1136 4368 1406 4438 reSpicerc
1434 4369 1524 4439 qui
1553 4370 1624 4424 ita
1655 4371 1886 4441 turpiter
1913 4388 1941 4426 τι
1976 4373 2130 4427 nobis

2226 496 2341 553 Non
2383 508 2469 553 est
2509 497 2731 553 dubium
2778 497 2920 568 quod
2969 511 3177 567 magna:
3224 495 3440 551 virtutis
3486 511 3813 567 magnaeque

2225 588 2479 645 ellicacire
2523 600 2607 646 est
2653 587 2903 659 allegatio
2934 588 3060 653 ista,
3094 603 3256 657 quam
3290 603 3537 643 summus
3576 589 3813 642 advoca-

2227 688 2314 734 tus
2347 688 2402 734 et
2440 678 2610 735 Judex
2662 689 2847 733 noster
2897 692 2995 732 nos
3049 677 3226 731 docet.
3285 677 3423 748 Ergo
3473 678 3516 731 si
3572 678 3811 732 dimitti-

2226 784 2347 825 mus
2397 769 2560 834 aliis,
2617 768 2909 823 dimittitur
2954 766 3128 821 nobis.
3184 764 3399 819 Dimitte
3448 782 3578 836 ergo
3636 766 3811 820 debita

2226 872 2405 917 nostra
2454 861 2631 928 nobis,
2689 860 2822 914 sicut
2881 867 2928 913 et
2981 875 3073 913 nos
3120 859 3432 912 dimittimus
3481 856 3809 912 debitoribus

2226 954 2441 1008 nostris.

2297 1064 2351 1121 9.
2393 1063 2463 1119 Et
2496 1080 2559 1119 ne
2589 1079 2682 1119 nos
2714 1062 2934 1117 inducas
2966 1062 3021 1116 in
3045 1060 3406 1120 tentationem.
3446 1058 3588 1126 Quid
3636 1060 3806 1124 enim,

2226 1153 2474 1219 Domine,
2514 1153 2735 1223 prodest
2760 1151 3048 1222 baptizari,
3095 1150 3212 1206 sive
3236 1148 3408 1204 lavari
3436 1164 3464 1203 a
3493 1156 3734 1213 mortuo,
3762 1148 3808 1203 si

2227 1243 2422 1298 iterum
2456 1252 2616 1313 tango
2639 1250 2911 1296 mortuum
2937 1238 3124 1311 (Lerit.
3156 1238 3268 1308 XI)?
3292 1235 3406 1293 Non
3429 1235 3627 1292 sullieit
3652 1238 3808 1304 mihi,

2226 1335 2475 1400 Domine,
2513 1342 2572 1387 ut
2612 1340 2837 1403 peccata
2872 1331 3165 1387 commissa
3211 1329 3472 1395 dimittas,
3501 1330 3605 1385 nisi
3638 1330 3807 1384 etiam

2225 1445 2253 1482 a
2282 1428 2521 1498 peccatis
2564 1426 2972 1482 imminentibus
3011 1423 3303 1480 custodias.
3345 1422 3481 1477 Nam
3516 1422 3811 1491 promptis-
3876 1464 3887 1473 .

2227 1519 2399 1572 simus
2432 1532 2551 1572 sum
2595 1515 2663 1570 ad
2705 1522 3014 1585 peccatum,
3043 1523 3099 1568 et
3126 1512 3228 1568 nisi
3252 1527 3338 1567 me
3364 1511 3663 1575 custodias,
3693 1512 3811 1567 sine

2229 1612 2385 1665 freno
2426 1611 2631 1664 irruam
2661 1609 2715 1663 in
2738 1617 2984 1679 peccata.
3018 1606 3074 1661 Si
3104 1621 3254 1676 ergo,
3303 1606 3552 1672 Domine,
3587 1606 3655 1659 ad
3685 1619 3811 1675 pro-

2230 1702 2528 1767 bationem,
2551 1710 2605 1757 et
2633 1700 2992 1755 humilitatem
3018 1708 3071 1755 et
3092 1700 3534 1756 exercitationem
3560 1708 3806 1754 nostram

2231 1796 2310 1850 vis
2341 1803 2394 1850 et
2418 1794 2688 1865 permittis
2712 1808 2813 1849 nos
2844 1794 3061 1856 tentari,
3094 1808 3198 1847 non
3245 1802 3423 1846 tamen
3460 1792 3513 1845 in
3550 1792 3805 1845 tentatio—

2227 1902 2350 1940 nem
2380 1901 2481 1940 nos
2514 1885 2797 1955 permittas
2820 1884 3031 1938 inferri.
3056 1883 3195 1951 Quid
3218 1885 3361 1938 enim
3386 1883 3587 1953 profuit
3606 1885 3803 1947 Aman,

2223 1978 2317 2046 qui
2348 1993 2377 2031 a
2409 1992 2534 2048 rege
2564 1979 2801 2032 Assucro
2838 1988 3230 2045 superomues
3273 1976 3543 2044 principes
3569 1975 3669 2029 fuit
3697 1975 3812 2029 ela-

2229 2078 2336 2135 tus,
2376 2084 2498 2124 cmn
2528 2075 2712 2137 postea
2766 2065 2984 2121 inﬂatus
3031 2066 3284 2135 superbia
3324 2065 3491 2119 fuerit
3515 2080 3811 2134 suspensus

2229 2157 2280 2211 in
2330 2156 2518 2225 ligno?
2550 2153 2727 2226 (Estlt.
2758 2152 2901 2225 VIII.)
2961 2152 3099 2219 Quid
3126 2154 3271 2209 enim
3322 2153 3456 2208 mibi
3504 2155 3789 2223 prodesset

2226 2247 2486 2317 quidquid
2538 2247 2592 2301 in
2638 2245 2937 2316 przetuissis
2976 2245 3156 2301 verbis
3194 2244 3381 2315 petivi,
3414 2245 3517 2298 nisi
3546 2245 3600 2297 in
3634 2253 3809 2298 tenta-

2229 2337 2463 2395 Iionibus
2507 2352 2594 2392 me
2634 2350 2925 2393 conserves
2966 2336 3021 2390 in
3068 2335 3246 2390 bono?
3290 2334 3430 2405 Ergo
3456 2345 3502 2388 et
3528 2350 3590 2387 ne
3614 2350 3707 2387 nos
3732 2334 3815 2387 iu-

2226 2432 2390 2485 ducas
2425 2430 2479 2484 iu
2524 2430 2887 2485 teutationem.
2932 2426 3050 2493 Vis,
3099 2428 3243 2482 bone
3283 2426 3435 2491 Jcsu,
3467 2436 3527 2480 ut
3558 2427 3637 2482 sie
3664 2434 3813 2496 peta-

2230 2538 2388 2588 mus,
2445 2522 2573 2592 quia
2624 2520 2897 2591 permittis
2950 2535 3051 2575 nos
3098 2518 3374 2585 multoties
3425 2516 3812 2573 tentationibus

2226 2613 2519 2677 stintulari,
2569 2623 2628 2668 ut
2664 2613 2733 2667 ad
2777 2622 2828 2667 te
2878 2610 3268 2667 recurramus?
3310 2607 3536 2665 Omnem
3566 2607 3808 2672 modum,

2224 2714 2279 2759 et
2306 2704 2471 2771 viam,
2526 2720 2630 2776 qua
2674 2704 2849 2774 possis
2888 2718 2987 2759 nos
3028 2703 3101 2769 ad
3156 2712 3207 2758 te
3257 2703 3496 2768 trahere,
3543 2715 3809 2766 exerces;

2225 2794 2351 2865 quia
2407 2809 2507 2849 nos
2553 2803 2733 2848 tecum
2781 2794 2935 2864 cupis
2977 2792 3197 2848 habere.
3244 2794 3507 2848 Tcnlatus
3553 2808 3687 2863 ergo
3744 2793 3813 2846 ad

2226 2884 2504 2954 amplexus
2530 2894 2784 2955 paternos
2805 2884 3027 2954 fugiam,
3048 2893 3106 2939 ut
3133 2900 3218 2938 me
3244 2884 3467 2953 recipiat
3491 2884 3811 2954 fugientem,

2225 2986 2282 3031 et
2329 2976 2577 3031 timidum
2621 2976 2975 3043 exhortetur;
3006 2984 3060 3029 et
3095 2975 3272 3031 dicam
3301 2976 3350 3029 ei
3379 2990 3395 3028 :
3426 2974 3492 3028 Et
3521 2992 3587 3030 ue
3609 2991 3705 3028 nos
3733 2976 3813 3028 iu-

2226 3067 2390 3121 ducas
2430 3066 2485 3121 in
2522 3067 2884 3131 tentatiouem,
2932 3077 3037 3121 etc.
3064 3065 3179 3122 lloc
3204 3066 3333 3129 vult,
3380 3066 3485 3122 hoc
3514 3066 3812 3132 desiderat,

2231 3160 2333 3213 hoc
2362 3166 2646 3229 exspectat
2683 3156 2845 3212 Pater
2872 3173 3047 3223 meus,
3080 3167 3138 3213 ut
3167 3172 3382 3213 curram
3412 3158 3481 3213 ad
3513 3158 3809 3228 refugium,

2229 3247 2295 3303 ad
2324 3246 2664 3317 complexum
2695 3256 2748 3301 et
2774 3247 2841 3300 ad
2882 3247 3061 3301 sinum
3099 3246 3236 3317 ejus,
3267 3256 3326 3301 ut
3358 3245 3598 3301 letaliter
3629 3248 3697 3301 de
3723 3260 3813 3301 me

2228 3338 2495 3402 dillidens,
2524 3337 2697 3392 solum
2726 3338 2792 3393 de
2818 3337 2935 3407 ipso
2969 3337 3259 3401 conlidam,
3289 3351 3419 3406 ergo
3444 3347 3490 3390 et
3521 3353 3584 3390 ne
3611 3354 3707 3391 nos
3733 3338 3816 3391 in-

2227 3430 2412 3494 ducas,
2463 3439 2572 3483 etc.
2615 3426 2719 3483 Sed
2762 3428 2927 3482 libera
2968 3445 3060 3483 nos
3087 3446 3118 3482 a
3147 3427 3307 3483 mulo.
3351 3427 3546 3483 Verum
3571 3437 3673 3493 est,
3711 3429 3814 3483 Do-

2227 3521 2393 3587 mine,
2439 3520 2565 3591 quia
2616 3520 2762 3591 digni
2811 3534 2999 3575 sumus
3044 3519 3190 3573 omni
3237 3518 3403 3584 malo,
3430 3518 3554 3587 quia
3589 3527 3642 3573 te
3673 3534 3811 3574 con-

2231 3615 2566 3685 tempsimus,
2594 3630 2757 3668 omne
2787 3614 3007 3669 bonum.
3052 3612 3160 3668 Sed
3202 3612 3347 3678 vide,
3390 3612 3813 3669 clementissime

2229 3704 2411 3772 l’ater,
2453 3705 2721 3760 inﬁnitam
2767 3703 3196 3759 misericordiam
3228 3713 3399 3769 tuam,
3435 3718 3541 3758 non
3569 3705 3810 3758 detesta-

2229 3796 2395 3851 bilem
2428 3795 2728 3866 nequitiam
2766 3806 3033 3860 nostram,
3062 3804 3117 3850 et
3144 3794 3323 3849 releva
3356 3810 3384 3847 a
3424 3794 3583 3850 nobis
3617 3811 3817 3865 parvu~

2232 3886 2316 3952 lis,
2366 3887 2523 3941 nobis
2566 3884 2797 3941 infirmis
2826 3884 3169 3955 importabile
3201 3900 3367 3949 onus,
3397 3894 3452 3939 et
3478 3901 3508 3939 a
3541 3885 3689 3939 malo
3718 3900 3814 3954 op-

2229 3976 2522 4045 primente,
2562 3984 2618 4030 et
2650 3974 3005 4041 distrahente,
3051 3981 3106 4029 et
3146 3975 3484 4039 retrahente,
3525 3982 3581 4029 et
3632 3983 3807 4029 retar-

2231 4067 2393 4121 dante
2452 4067 2519 4120 ad
2565 4066 2765 4121 bonum
2814 4065 2981 4119 libera
3034 4080 3155 4133 nos,
3182 4065 3319 4122 ﬁlios
3366 4076 3508 4132 tuos,
3545 4074 3605 4120 ut
3633 4065 3804 4123 libere

2229 4159 2535 4229 possimus;
2604 4196 2620 4212 .
2661 4197 2674 4211 .
2716 4196 2729 4211 .
2770 4197 2785 4212 .
2828 4198 2846 4213 .
2890 4196 2905 4212 .
2949 4196 2965 4211 .
3006 4197 3022 4211 .
3060 4196 3076 4211 .
3120 4196 3134 4211 .
3177 4197 3191 4212 .
3233 4197 3249 4213 .
3291 4198 3305 4213 .
3374 4198 3388 4213 .
3432 4167 3527 4215 .et
3563 4160 3804 4215 maxime

2232 4251 2300 4305 ab
2333 4249 2422 4306 illo
2454 4250 2698 4305 horribili
2733 4260 2788 4306 et
2830 4249 3057 4305 terribili
3085 4250 3228 4306 malo
3258 4260 3462 4307 :eterno
3488 4266 3588 4306 nos
3616 4250 3805 4316 libera,

2232 4359 2299 4399 ne
2342 4352 2430 4397 tua
2486 4343 2828 4399 desiderabili
2875 4342 3085 4398 visione
3128 4344 3441 4413 privemur;
3495 4343 3637 4413 quod
3680 4344 3806 4398 hor-

545 4433 837 4526 abjicimus
861 4458 948 4511 te?
992 4457 1134 4527 Ergo
1182 4433 1245 4513 es
1290 4475 1395 4528 quo
1427 4433 1479 4513 tu
1512 4460 1625 4529 ipse
1672 4433 1891 4529 suades,
1921 4464 2124 4518 dimitte
2152 4452 2202 4513 1)
2241 4444 2360 4489 "em
2397 4434 2577 4489 omnia
2626 4448 2748 4489 0⁵⁸³
2791 4444 3014 4529 ηοδιτξιῄ
3040 4433 3177 4501 Quid
3225 4435 3369 4529 βηίη)
3409 4435 3539 4529 "filii
3576 4434 3811 4505 Promis"

544 4550 692 4604 nobis
711 4550 882 4604 debita
915 4561 1115 4616 nostra,
1147 4551 1381 4617 dimitte,
1414 4552 1625 4608 dimitte
1651 4554 1826 4620 nobis,
1860 4556 1988 4625 quia
2012 4557 2125 4625 jam

546 4658 645 4713 pro
690 4643 847 4698 nobis
892 4645 1133 4699 debitum
1185 4643 1412 4698 solvisti.
1440 4643 1558 4700 Jam
1596 4647 1823 4715 teipsum
1848 4663 1949 4718 pro
1974 4649 2131 4704 nobis

550 4737 605 4791 in
651 4737 979 4791 sacrificium
1033 4736 1298 4792 obtulisti.
1348 4736 1426 4791 'l‘u
1473 4752 1531 4793 es
1567 4738 1679 4808 ipse
1706 4740 1917 4808 quinos
1945 4741 2128 4807 duces,

546 4838 608 4883 ut
652 4829 898 4883 dicamus
948 4830 1152 4882 dimitte
1202 4831 1367 4894 nobis,
1431 4840 1563 4895 clc.;
1617 4832 1719 4887 hoc
1749 4831 1928 4888 facere
1955 4843 2127 4905 putes.

549 4919 742 4975 Nonne
781 4920 891 4990 jam
922 4934 1024 4989 pax
1056 4918 1195 4973 facta
1225 4921 1341 4974 est?
1379 4920 1568 4976 Nonne
1607 4920 1719 4991 jam
1762 4923 1910 4993 pacis
1948 4925 2132 4980 convi-

548 5013 695 5066 vium
759 5011 1093 5067 celebratum
1142 5020 1244 5076 est,
1284 5022 1338 5067 et
1380 5014 1621 5078 quotidie
1668 5015 1995 5071 celebratur.
2030 5016 2129 5069 Di-

2238 4541 2325 4584 set
2376 4537 2522 4583 tuatn
2583 4536 2892 4581 creaturam
2942 4524 3131 4591 fuisse,
3183 4526 3287 4580 nisi
3339 4538 3393 4583 te
3438 4526 3707 4592 habeam,
3751 4536 3808 4581 et

2234 4627 2377 4674 totus
2431 4626 2489 4673 et
2545 4618 2784 4674 totaliter
2840 4617 2895 4672 in
2954 4625 3006 4673 te
3068 4615 3217 4672 ferar
3274 4617 3327 4671 in
3393 4617 3501 4672 vita
3554 4625 3805 4682 aeterna,

2230 4722 2391 4778 quam
2425 4706 2580 4762 nobis
2616 4706 2907 4771 concedas,
2944 4705 3035 4776 qui
3074 4721 3133 4763 cs
3160 4706 3214 4760 in
3238 4705 3433 4761 saecula
3456 4706 3806 4763 benedictus?

2230 4799 2428 4854 Amen.

2792 4890 2912 4945 Alia
2951 4888 3229 4945 exuositio.

2292 5007 2526 5063 Possunt
2540 5015 2719 5061 autem
2738 5008 2921 5062 omnia
2936 5005 3248 5068 supradicta
3264 5009 3419 5061 aliter
3429 5003 3689 5064 explicari
3704 5002 3806 5059 sic:
