4030 5354
231 261 351 322 5η
1569 268 1831 327 ΟΡῐεοῑ

1977 268 2104 328 SP1)
2116 268 2223 326 RIA
2235 311 2248 326 .
3451 287 3558 344 578

227 393 372 474 quae
405 386 668 442 maxime
696 385 980 442 exhibetur
1012 401 1065 440 in
1103 399 1242 457 pane
1281 383 1642 441 eucharistize.
1670 383 1754 474 Et
1787 385 1866 437 di-
1898 386 1941 442 Α
1969 384 2171 440 dimitte
2200 386 2366 452 nobis,
2401 394 2506 444 etc.
2562 387 2616 444 in
2648 406 2754 460 quo
2789 392 2992 462 petitur
3023 397 3285 454 adventus
3318 401 3442 456 anni
3463 403 3558 474 ju-

226 471 402 568 miue
439 475 630 540 nobis,
655 485 784 568 etc.,
823 482 1086 568 quantum
1130 475 1199 530 ad
1234 473 1770 568 corresporidentiani
1808 485 1862 528 et
1968 477 2131 544 bilaei,
2163 480 2216 535 in
2243 497 2350 552 quo
2379 483 2559 538 omnia
2584 486 2764 542 debita
2801 490 3149 546 dimittuntur
3172 496 3311 550 veris
3329 471 3553 568 Judmis,

225 557 485 618 lancem
523 563 784 635 justitize.
833 578 929 634 per
968 563 1072 619 hoc
1113 563 1258 634 quod
1306 562 1597 618 subditur:
1640 561 1789 617 Sicut
1817 573 1865 616 et
1968 568 2193 636 scilicet,
2223 572 2610 642 ptenitentibos
2643 585 2698 630 et
2740 577 2902 646 justis
2946 592 2998 634 ct
3045 582 3207 638 homo
3236 586 3458 650 homini,
3498 557 3555 646 ei

226 664 334 700 nos
359 651 728 720 dimittimus,
753 664 880 720 etc.,
903 652 970 708 Et
993 670 1057 708 ne
1078 671 1172 708 nos
1194 654 1413 709 inducas
1433 655 1485 707 in
1506 655 1862 720 tentationcm,
1968 656 2117 714 Deus
2157 660 2468 718 hominibus
2510 665 2707 723 talibus
2747 669 2927 724 debita
2967 672 3217 729 universa
3259 677 3552 734 dimittem.

223 743 848 838 qua-ntum‘adactum
870 745 1194 816 prudentice,
1217 761 1338 838 qua:
1364 753 1448 800 est
1471 745 1522 799 iu
1547 760 1864 838 praecaven-
1972 746 2034 800 Et
2062 765 2125 803 ne
2151 766 2246 804 nos
2269 752 2490 809 inducas
2512 754 2565 809 in
2588 759 2945 826 tentalionem,
2971 771 3102 829 etc.,
3134 765 3185 822 in
3218 781 3326 836 quo
3353 770 3553 838 petitur

223 829 322 932 «:lis
346 831 609 932 insidiis.
631 833 738 890 Sed
762 834 933 932 libero
949 852 1042 890 nos
1064 853 1101 932 ρ
1125 836 1285 932 malo,
1309 846 1568 932 quantum
1593 835 1862 932 adactum
1965 839 2054 894 illa
2085 841 2236 910 pacis
2260 844 2623 912 pulchritudo,
2653 848 2719 904 de
2755 865 2858 920 qua
2892 852 3122 908 dicitur:
3151 829 3550 932 Sedebit‘pOpu-

216 925 630 994 Tortitudinis,
662 937 893 1020 quaeest
919 928 972 984 in
1006 928 1301 984 tolerandis
1339 927 1604 983 adversis.
1661 927 1856 983 Amen.
1963 932 2045 985 lus
2080 949 2223 988 meus
2270 935 2324 988 in
2364 937 2754 1016 pulchritudine
2781 943 2931 1011 pacis
2975 944 3132 1017 (lsai.
3179 925 3391 1020 nant),-
3417 925 3548 1016 etc.

723 1017 845 1073 Alio
883 1021 1138 1090 eapositio
1159 1019 1416 1090 ejusdem.
1963 1022 2052 1077 ubi
2078 1038 2182 1078 non
2205 1024 2308 1079 erit
2335 1025 2565 1095 amplius
2588 1014 2776 1093 Satan,
2814 1048 2913 1088 nec
2946 1014 3118 1090 malus
3134 1014 3414 1094 occursus.
3440 1014 3549 1097 Sed

307 1105 637 1166 Possumus
668 1112 832 1166 etiam
883 1113 1226 1182 supradictas
1258 1112 1548 1184 petitiones
1589 1125 1861 1182 eXponere
1961 1113 2124 1168 libera
2155 1131 2250 1169 nos
2274 1134 2304 1170 a
2337 1117 2498 1182 malo,
2527 1119 2680 1187 quasi
2719 1121 2903 1176 dicat:
2960 1123 3071 1179 Duc
3125 1142 3222 1180 nos
3273 1128 3339 1181 ad
3393 1129 3544 1186 ilium

223 1212 344 1269 pro
379 1199 457 1256 iis
485 1216 612 1271 qua}
644 1201 885 1258 habituri
916 1218 1103 1258 sumus
1133 1203 1186 1257 iu
1216 1203 1412 1273 patria,
1441 1212 1520 1267 ut,
1550 1203 1858 1272 Sancti/ice-
1961 1215 2159 1259 statum
2180 1247 2194 1272 ,
2243 1205 2335 1277 qui
2387 1218 2473 1262 est
2523 1209 2766 1264 oumium
2817 1213 3080 1271 bonorum
3135 1220 3550 1289 congregatione

228 1302 335 1344 tur
393 1310 594 1349 nomen
631 1305 805 1362 tuum,
846 1305 1106 1365 quantum
1146 1297 1216 1350 ad
1266 1305 1508 1366 apertam
1563 1295 1853 1358 visionem,
1960 1295 2232 1366 perfectus
2263 1307 2316 1352 et
2344 1298 2584 1353 omnium
2615 1301 2879 1356 malorum
2907 1306 3210 1374 privatione
3234 1309 3542 1377 jucundus;

229 1385 419 1451 quasi
446 1387 596 1441 dicat
628 1405 642 1440 :
673 1387 825 1455 Quod
867 1403 1012 1442 nunc
1051 1403 1148 1457 per
1173 1389 1448 1458 speculum
1490 1388 1542 1442 in
1572 1389 1857 1459 :cnigmate
1959 1383 2049 1437 ubi
2079 1397 2203 1438 vere
2233 1384 2436 1438 erimus
2466 1383 2674 1439 liberati
2704 1402 2734 1440 a
2766 1388 2925 1442 nudo.
2970 1388 3096 1445 ibeo
3131 1403 3310 1448 autem
3356 1395 3545 1452 ultima

231 1475 540 1542 videmus,
571 1495 706 1549 pure
732 1489 785 1534 et
815 1481 932 1535 sine
963 1491 1131 1547 terra,
1156 1481 1274 1536 sine
1307 1481 1484 1535 medio
1513 1481 1695 1552 aliquo
1720 1481 1856 1538 facie
1956 1473 2222 1544 expositio
2250 1474 2472 1527 multam
2499 1475 2932 1542 admirationem,
2967 1480 3157 1535 miram
3183 1483 3544 1555 devotionem,

232 1567 312 1622 ad
350 1567 558 1626 faciem
588 1571 887 1629 videamus,
919 1574 1170 1629 Λάνεηὶαι
1203 1591 1418 1644 regnum
1471 1585 1640 1638 ηιωη,
1680 1591 1855 1645 qua"-
1959 1565 2312 1620 medullarem
2344 1567 2761 1624 exsultationem
2793 1580 2848 1626 ΕΙ.
2895 1571 3106 1643 plenam
3155 1574 3329 1632 laudis
3359 1593 3547 1648 perso-

235 1665 370 1712 ιιιω
392 1660 462 1715 τη]
493 1659 706 1715 ﬁrm‘am
743 1661 1135 1728 intentionem,
1165 1673 1224 1718 ιιι
1263 1664 1316 1718 in
1354 1673 1618 1719 atomum
1656 1679 1851 1736 rcgnc-
1957 1657 2216 1712 lutionem
2246 1659 2498 1728 requirit.
2535 1660 2598 1715 Et
2636 1671 2763 1716 sunt
2804 1661 2857 1717 in
2907 1679 2968 1716 ea
3014 1651 3132 1718 miri
3176 1674 3229 1720 et
3270 1667 3548 1723 inenarra-

232 1765 397 1806 ωας,
429 1749 558 1806 Fiat
584 1753 970 1826 voluntatum,
1001 1766 1266 1824 quantum
1306 1755 1376 1810 ad
1415 1763 1848 1810 consummatam
1885 1741 1925 1798 Β
1955 1746 2088 1802 biles
2115 1748 2589 1817 contemplationis
2617 1751 2878 1807 thesauri.
2919 1752 3024 1808 Sed
3053 1770 3157 1809 llOll
3189 1755 3418 1824 suﬂicio,
3445 1773 3546 1813 DCC

234 1840 622 1908 dilectionem,
693 1859 826 1915 gum
896 1845 1052 1916 ριυιιθ
1136 1855 1408 1900 amantem
1481 1845 1538 1900 in
1609 1856 1849 1902 amatum
1953 1836 2146 1907 dignus
2178 1852 2296 1891 sum
2326 1852 2421 1892 eos
2450 1840 2786 1910 dispensare,
2818 1859 2915 1898 nec
2947 1860 3148 1914 ponere
3176 1846 3246 1900 ibi
3279 1862 3341 1901 os
3364 1863 3543 1902 meum

228 1933 645 2001 transformat;
710 1944 767 1992 et
821 1945 951 1992 tunc
1010 1938 1387 2007 exponendum
1464 1947 1549 1993 est
1606 1939 1742 1992 sicut
1794 1939 1831 1992 ii

1953 1927 2317 1997 inunundum.
2354 1931 2587 1986 maxime
2623 1949 2745 1988 cum
2785 1934 2959 1989 aulam
3005 1937 3146 2007 regis
3191 1938 3418 1994 Assueri
3466 1939 3548 1994 in-

237 2022 454 2079 eaelo‘et
491 2026 548 2079 in
578 2034 748 2087 terra.
775 2027 984 2084 scilicet
1018 2029 1158 2084 sicut
1191 2029 1243 2082 in
1289 2029 1515 2098 angelis,
1553 2039 1609 2084 et
1655 2029 1709 2084 iu
1748 2028 1843 2084 ιιοο

239 2114 492 2171 minibus
538 2116 654 2172 ﬁat.
719 2115 923 2174 Panem
973 2130 1210 2175 nostrum
1255 2122 1654 2191 quotidianum,
1703 2129 1846 2187 etc.,

239 2217 519 2276 quantum
543 2211 612 2265 ad
639 2211 1019 2267 suavissimam
1041 2212 1374 2277 l‘ruitionem;
1391 2223 1447 2269 et
1465 2215 1844 2285 exponendum

240 2309 335 2355 est
368 2309 497 2357 tunc
519 2304 908 2372 quotidianum,
933 2304 1167 2371 scilicet,
1191 2307 1527 2371 continuum,
1551 2305 1675 2376 quia
1703 2320 1845 2361 sem-

243 2407 348 2463 per
369 2403 456 2451 est
487 2395 561 2450 ibi
591 2397 730 2463 dies,
764 2406 820 2452 et
853 2399 1230 2469 exponendum
1258 2409 1346 2456 est
1369 2401 1526 2455 hodie
1553 2417 1651 2471 pro
1677 2409 1841 2456 acter-

246 2486 436 2548 nitate,
466 2501 591 2556 quae
622 2502 727 2541 non
759 2488 924 2544 habet
961 2491 1292 2558 prteteritum
1327 2492 1408 2547 vel
1441 2492 1710 2558 futurum;
1748 2493 1842 2549 sed
1909 2539 1912 2541 Α

246 2585 332 2630 est
353 2583 463 2632 tota
517 2577 699 2644 simul,
742 2587 800 2634 et
837 2579 1030 2636 melius
1065 2596 1165 2652 per
1205 2597 1446 2653 praesens
1492 2591 1732 2639 notatur.
1770 2583 1842 2638 Et

257 2737 3184 2771 —-——-————————-—_———_—“

1951 2021 2100 2090 gredi
2133 2036 2238 2075 non
2270 2029 2526 2088 audeam,
2571 2041 2675 2078 non
2714 2026 3150 2099 vocatitststli.
3182 2034 3287 2100 tv);
3327 2041 3382 2086 et
3422 2033 3545 2087 ideo

1951 2110 2286 2179 simplicitati
2313 2121 2512 2166 nostra:
2543 2112 2811 2168 sulliciant
2841 2131 2958 2183 qua:
2986 2118 3386 2186 supradiximus
3410 2119 3544 2174 foris

1953 2201 2007 2256 in
2049 2202 2191 2256 atrio
2233 2204 2549 2259 existentes.
2586 2204 2701 2275 Ipse
2723 2215 2901 2260 autem
2927 2207 3176 2262 Christus
3210 2210 3276 2264 ad
3309 2224 3407 2267 ttOl
3454 2211 3540 2266 in-

1949 2291 2254 2347 clementia:
2304 2293 2518 2362 signum
2549 2309 2768 2348 auream
2809 2295 3018 2366 virgam
3058 2297 3315 2351 extendat
3360 2297 3536 2368 (Eun.

1947 2379 2028 2452 v),
2060 2387 2116 2436 ut
2145 2383 2416 2454 possimus
2441 2398 2633 2439 secure
2670 2386 2737 2439 ad
2767 2384 2942 2456 ipsum
2976 2385 3210 2452 intrare,
3256 2397 3310 2441 et
3351 2402 3538 2443 secum

1949 2476 2003 2528 in
2049 2481 2314 2529 teternum
2346 2489 2590 2545 regnare.
2639 2474 2793 2544 Quod
2841 2478 2955 2547 ipse
2990 2487 3249 2548 praestare
3289 2480 3539 2550 dignetur

1947 2565 2039 2638 qui
2070 2575 2154 2620 est
2175 2565 2226 2619 iu
2249 2566 2445 2621 saecula
2471 2566 2808 2624 benedictus.
2852 2569 3045 2625 Amen.

725 3139 1309 3224 MEDITATIO
1371 3144 1507 3222 DE
1568 3079 2308 3225 SALUTATIONE
2383 3149 2473 3224 B.
2521 3149 2615 3227 V.
2662 3146 3009 3227 MABI/E

1589 3303 1831 3370 Scilicet,
1855 3300 1960 3356 Ave
1990 3299 2186 3355 Maria.

310 3576 360 3631 l.
394 3574 523 3642 Ave,
554 3574 760 3640 Maria,
789 3575 964 3645 gratia
987 3573 1164 3644 plena,
1193 3574 1444 3628 Dominus
1466 3584 1666 3642 tecum,
1716 3561 1899 3634 etch
1932 3581 2110 3652 ginem
2130 3587 2276 3634 tuam
2295 3575 3213 3644 l‘ecisti?Nonne,Domine,secreta
3229 3591 3525 3634 consueve-

244 3670 381 3734 Tibi,
411 3672 646 3726 Domine
672 3671 816 3724 Deus
851 3683 1026 3733 incus,
1057 3668 1260 3738 gratias
1311 3683 1448 3739 quas
1476 3684 1696 3738 possum
1744 3684 1829 3723 re-

244 3761 356 3817 fero
389 3777 460 3818 ex
483 3761 699 3817 intimis
726 3758 1041 3831 praecordiis
1065 3760 1224 3824 meis,
1253 3760 1344 3830 qui
1390 3775 1489 3829 pro
1510 3760 1666 3814 nobis
1689 3760 1829 3814 iudi-

243 3854 358 3923 gnis
383 3853 638 3924 dignatus
671 3869 732 3908 es
764 3860 1003 3907 nostram
1034 3858 1283 3906 naturam
1322 3866 1633 3918 assumere,
1663 3850 1828 3921 virgi-

243 3945 345 4000 nali
374 3956 532 4001 utero
556 3945 809 4014 bajulari,
834 3954 890 3999 et
912 3959 980 4000 ex
1005 3959 1068 4000 ea
1092 3945 1300 4001 scilicet
1325 3944 1545 4017 Virgine
1572 3960 1822 4010 nascens,

243 4035 380 4092 lacte
401 4034 522 4104 ejus
553 4037 775 4104 nutriri,
807 4037 924 4107 ejus
954 4035 1126 4091 foveri
1155 4038 1384 4108 gremio,
1409 4046 1464 4092 et
1486 4036 1602 4106 ejus
1633 4038 1825 4109 subjici

243 4131 469 4201 imperio
498 4131 593 4200 qui
620 4132 802 4186 omnia
837 4146 1150 4198 conservas,
1187 4143 1242 4188 et
1276 4134 1450 4204 regis,
1495 4141 1550 4188 et
1595 4134 1685 4203 qui
1743 4149 1828 4188 me

243 4223 621 4280 letidissimam
671 4226 898 4289 saniem,
923 4233 981 4280 et
1009 4225 1398 4295 turpitudinem
1429 4225 1824 4290 detestabilem,

242 4315 644 4372 abominatione
673 4317 885 4386 plenum
920 4327 976 4375 et
1000 4322 1146 4375 omni
1176 4321 1330 4376 venia
1364 4321 1721 4379 etclementia
1741 4324 1824 4376 iu-

242 4407 460 4478 dignum
491 4408 746 4480 dignatus
772 4423 834 4464 es
863 4419 1070 4465 tantum
1104 4411 1374 4468 illustrare
1396 4421 1454 4466 ut
1501 4413 1669 4468 sciam
1715 4412 1828 4468 Illa-

241 4507 374 4553 trem
415 4499 652 4566 habere;
691 4501 796 4556 hoc
823 4501 954 4557 mihi
993 4503 1372 4573 indignissimo
1411 4504 1726 4561 concessisti
1768 4515 1828 4560 ut

243 4591 408 4662 ipsam
437 4592 642 4663 possim
673 4601 730 4647 et
762 4594 988 4650 audeam
1043 4594 1300 4650 salutare.
1349 4595 1464 4650 Non
1509 4597 1674 4661 enim,
1725 4597 1826 4652 Do~

244 4685 402 4749 mine,
433 4682 609 4740 fecisti
655 4685 832 4740 taliter
859 4686 1004 4741 omni
1046 4687 1282 4751 nationi,
1322 4697 1380 4743 et
1413 4689 1517 4744 hoc
1557 4704 1823 4744 sutnnuun

246 4773 563 4833 beneﬁcium
601 4792 710 4832 non
749 4777 1104 4834 manifestasti
1131 4778 1408 4851 eis(Psal.
1455 4780 1680 4851 cxnvu).
1726 4781 1824 4837 Ubi

247 4877 340 4936 est,
378 4869 630 4934 Domine,
661 4869 754 4926 ille
784 4879 907 4927 tuus
949 4871 1234 4941 peculiaris
1277 4874 1523 4944 populus,
1566 4889 1729 4946 quem
1770 4874 1822 4929 in

247 4973 398 5016 manu
425 4961 640 5033 potenti
707 4970 763 5016 et
798 4961 1025 5018 brachio
1062 4971 1280 5019 extento
1311 4966 1379 5021 de
1417 4967 1558 5022 terra
1596 4966 1819 5040 Egypti

246 5066 331 5122 per
372 5053 664 5111 desertum
715 5053 768 5108 in
819 5061 1022 5110 terram
1071 5054 1446 5123 promissionis
1497 5059 1698 5114 duxisti
1742 5068 1823 5114 tot

243 5145 398 5215 signis
422 5155 480 5201 et
506 5142 773 5216 prodigiis
793 5144 1206 5218 magniﬁcentia:
1233 5153 1334 5202 tute
1353 5148 1375 5203 ?
1394 5147 1568 5223 (Psal.
1593 5151 1818 5224 cxxxv.)

243 5231 435 5301 Nonne,
465 5232 724 5298 Domine,
757 5233 857 5290 iste
879 5244 962 5291 est
985 5232 1210 5302 populus
1237 5235 1345 5302 ille,
1389 5241 1474 5295 cui
1517 5239 1618 5296 hoc
1657 5242 1822 5296 bene-

243 5323 408 5354 Ωιιῖ---η
437 5323 743 5354 -ι-Α-νιίρῖειιῖ
767 5323 790 5354 ⁸)
810 5325 918 5354 ρει-Ι
946 5337 1078 5354 ,ιυηιὶ
1107 5338 1210 5354 ιιΛη
1249 5325 1352 5354 ἶΙΙῖη
1377 5332 1477 5354 nui-
1505 5330 1794 5354 -..Is-_'L-.-

1931 3683 2054 3728 runt
2069 3673 2229 3743 pandi
2252 3672 2598 3727 amicis?Cur
2623 3686 2786 3736 nunc,
2804 3669 3050 3735 Domine,
3070 3669 3324 3735 inimicis,
3340 3679 3396 3725 et
3416 3687 3526 3724 ma-

1931 3767 2076 3822 xime
2119 3766 2272 3831 mihi,
2308 3766 2400 3837 qui
2427 3781 2457 3820 a
2490 3765 2691 3821 vertice
2733 3765 2928 3836 capitis
2959 3781 3129 3836 usque
3171 3765 3238 3820 ad
3284 3766 3522 3836 plantam

1931 3859 2082 3929 pedis
2112 3857 2344 3914 infectus
2373 3873 2524 3925 sum,
2562 3868 2615 3914 et
2661 3866 2804 3913 tctus
2857 3859 3019 3914 tendo
3054 3859 3120 3912 ad
3141 3873 3203 3913 ea
3253 3873 3371 3928 quae
3399 3868 3526 3912 sunt

1931 3960 2035 4006 tuae
2058 3951 2333 4006 contraria
2363 3950 2672 4006 voluntati?
2705 3949 2834 4016 Cur,
2885 3951 3130 4014 Domine,
3188 3959 3294 4004 tam
3343 3950 3524 4005 nobile

1929 4044 2152 4107 donum,
2177 4051 2287 4097 tam
2309 4043 2664 4098 excellentem
2691 4043 3000 4096 thesaurum
3026 4054 3116 4095 tuo
3139 4041 3520 4096 inﬁdelissimo

1930 4150 2090 4190 servo
2119 4143 2174 4190 et
2200 4134 2532 4203 nequissimo
2586 4133 2831 4187 dedisti?
2879 4132 3088 4198 Nonne,
3130 4132 3379 4200 Domine,
3430 4132 3523 4187 tibi

1929 4225 2143 4278 videtur
2174 4223 2318 4293 quod
2343 4240 2449 4298 non
2494 4223 2778 4286 honorem,
2827 4225 2924 4276 sed
2976 4221 3251 4276 derideam
3295 4219 3522 4276 Matrem

1932 4324 2078 4370 tuam
2105 4314 2127 4368 ?
2154 4314 2435 4382 Quomodo
2462 4313 2728 4383 superbus
2760 4311 3048 4374 humilem,
3081 4312 3190 4367 imo
3228 4312 3523 4368 lmmilissi-

1929 4423 2072 4476 mam
2121 4403 2574 4475 superbissimus,
2617 4404 2974 4458 castissimum
3026 4403 3520 4472 immundissimus,

1929 4497 2387 4563 ctelestissimam,
2421 4497 2529 4552 imo
2555 4496 2948 4554 divinissinmm
2981 4495 3305 4550 vanissimus
3329 4503 3382 4550 et
3411 4505 3521 4550 ter-

1930 4590 2275 4650 renissimus.
2317 4589 2719 4644 sanctissimam
2760 4587 3111 4658 impiisimus,
3153 4585 3380 4641 Matrem
3424 4587 3518 4642 Dei

1930 4684 2073 4740 tilius
2101 4684 2299 4740 diaboli
2342 4684 2579 4741 salutare
2625 4683 2956 4754 pra-sumet?
2985 4680 3084 4737 Ubi
3133 4691 3248 4744 cst,
3294 4680 3519 4738 Domine

1927 4777 2053 4832 Jesu
2078 4777 2240 4843 boue,
2268 4776 2574 4833 reverentia
2605 4774 2793 4832 Matris
2837 4775 2988 4831 tuaz?
3025 4774 3134 4830 Cur
3172 4774 3330 4829 talem
3371 4777 3516 4830 saluo

1931 4880 2048 4925 tare
2074 4871 2384 4941 permittis?
2416 4869 2546 4936 Sed,
2576 4885 2608 4924 ο
2650 4869 2894 4940 piissime
2931 4867 3090 4934 Jcsu,
3114 4876 3336 4940 propter
3372 4876 3519 4923 tuam

1928 4979 2056 5036 erga
2093 4978 2191 5019 nos
2217 4964 2440 5018 nimiam
2485 4962 2808 5019 charitatem
2841 4976 3022 5019 nonne
3057 4959 3250 5016 suﬁicit
3284 4970 3336 5015 te
3369 4959 3518 5014 omni

1929 5055 2131 5110 derisui
2156 5064 2210 5109 et
2232 5054 2379 5109 omni
2400 5052 2693 5109 ostentatui
2714 5068 2936 5128 propter
2959 5067 3056 5107 nos
3093 5051 3404 5123 sul-jacere;
3426 5051 3521 5105 sed

1929 5147 2157 5203 Matrem
2183 5157 2332 5202 tuam
2349 5148 2462 5218 jam
2491 5147 2559 5203 ad
2585 5153 2730 5204 tuam
2758 5151 3037 5208 sedentem
3065 5145 3372 5209 dexteram,
3402 5158 3523 5212 per-

1929 5241 2103 5298 mittis
2129 5239 2350 5312 pollutis
2373 5241 2530 5296 labiis
2563 5249 2824 5308 tractare,
2861 5252 2921 5298 ut
2957 5238 3130 5312 possis
3153 5238 3313 5292 corda
3338 5227 3521 5290 nostra

2226 5347 2247 5354 Α
2273 5331 2604 5354 2-.η----...-..-
2642 5350 2714 5354 -_.-
2738 5352 2746 5354 _
2834 5338 2858 5354 Ω
2885 5333 2997 5354 "-_
3029 5337 3102 5354 Αιιο
3135 5329 3349 5354 .1-.1ρ.ῗ...-.
3378 5329 3500 5354 διιεῖ..
