4030 5354
569 355 637 410 79

1617 362 1676 417 s.
1719 365 2016 422 ansam
2055 369 2390 431 LL'CENSIS
2423 337 2729 434 EPlSCOPl

3697 377 3797 432 {:89

602 447 638 501 2
699 446 890 500 Mirum
925 447 1139 506 videtur
1170 452 1383 521 quando
1415 452 1576 510 miser
1609 455 1768 510 homo
1799 473 1902 512 non
1937 463 2118 514 tremit
2148 473 2188 526 Λ
2227 477 2329 520 iure
2380 472 2585 540 gremio
2639 471 3002 538 quiescamus.
3065 469 3280 526 currite
3333 485 3462 542 ergo
3519 469 3800 540 undique,

533 546 590 594 et
637 540 954 608 expavescit
997 551 1202 596 tantam
1235 544 1514 598 Dominam
1558 546 1822 610 Salutare;
1860 551 1966 620 sed!
1991 549 2118 604 illud

537 631 852 685 detestabile
879 633 1104 686 nimium
1129 642 1212 687 est
1235 635 1400 704 ipsam
1433 637 1710 692 nominare
1745 655 1859 701 ore.
1883 649 1940 694 et
1959 645 2121 696 corde

537 736 676 774 vana
707 731 760 774 et
790 721 1019 783 inutilia.
1049 723 1157 778 imo
1189 725 1420 778 nefanda
1449 736 1703 794 tractare,
1726 729 1896 794 ipsam
1923 731 2118 800 alloqui

541 823 690 884 tergo
722 831 894 869 verso.
929 815 1059 870 Cum
1085 819 1230 872 omni
1263 819 1548 874 devotione
1591 831 1644 874 et
1687 825 1990 876 reverentia
2036 837 2118 876 cst

547 905 708 976 Virgo
741 897 1050 962 beatissima
1079 910 1384 976 salutanda,
1422 922 1476 966 et
1512 914 1624 982 ipsa
1656 914 1786 968 tales
1812 916 2006 984 quierit
2029 919 2120 984 qui

543 997 754 1052 adeam
795 1000 986 1054 devote
1021 1011 1074 1056 et
1119 1014 1429 1058 reverenter
1458 1006 1752 1070 accedant;
1803 1007 1902 1061 hos
1929 1007 2119 1078 diligit,

543 1089 642 1144 hos
671 1091 869 1156 nutrit,
897 1092 997 1146 hos
1025 1093 1076 1146 in
1108 1093 1244 1148 ﬁlios
1264 1109 1390 1150 suos
1420 1095 1662 1166 suscipit.
1695 1095 1739 1151 Ο
1779 1097 1968 1153 beatus
2030 1105 2119 1168 qui

543 1179 608 1234 de
638 1189 744 1234 tam
771 1183 932 1236 nobili
993 1183 1162 1240 Matre
1199 1185 1430 1252 lzetatur,
1456 1197 1508 1241 et
1543 1189 1711 1256 ipsam
1739 1190 1900 1243 corde
1923 1192 2123 1260 ample-

543 1273 709 1326 ctitur
734 1284 787 1326 et
809 1290 973 1343 opere
999 1277 1242 1331 imitatur
1271 1279 1282 1332 ε
1317 1277 1360 1332 0
1391 1279 1546 1346 felix,
1578 1281 1664 1348 qui
1704 1279 1857 1334 Matri
1889 1281 1982 1335 Dei
2034 1298 2121 1336 se-

543 1367 778 1420 cundum
828 1383 982 1421 suum
1035 1384 1192 1438 posse
1263 1371 1453 1424 nititur
1503 1371 1866 1427 conformari!
1917 1375 2013 1428 llic
2042 1388 2124 1430 est

543 1465 692 1510 certe
713 1459 822 1526 qui,
854 1461 998 1512 omni
1030 1470 1278 1515 creatura
1315 1471 1642 1534 contempta,
1672 1465 1770 1518 soli
1806 1465 1912 1518 Deo
1937 1470 2122 1538 singu-

545 1545 644 1600 lari
675 1564 858 1604 amore
889 1551 1142 1616 inhaeret,
1171 1563 1223 1606 et
1255 1553 1545 1610 cruciﬁvus
1580 1572 1701 1610 cum
1741 1555 1976 1623 Christo,
2009 1559 2122 1612 ani-

543 1653 756 1692 marum
789 1641 904 1695 sitit
931 1643 1181 1698 salutem.
1212 1644 1256 1700 0
1293 1647 1484 1700 mirum
1519 1659 1687 1714 certe,
1719 1651 1988 1718 quomodo
2029 1667 2123 1704 ex-

543 1729 832 1784 sultatione
853 1748 955 1786 non
983 1735 1188 1804 rapitttr
1208 1753 1300 1792 cor
1323 1738 1482 1792 talem
1511 1739 1784 1808 Virginem
1806 1741 2118 1798 salutantis!

545 1819 772 1876 Matrem
803 1823 896 1878 Dei
940 1825 1248 1896 alloquitur,
1282 1830 1447 1884 Deum
1479 1845 1544 1884 ex
1577 1832 1690 1900 ipsa
1723 1831 1924 1886 factum
1951 1833 2122 1886 homi-

497 1973 504 1980 _
543 1928 665 1966 nem
701 1917 1112 1986 contemplatur.
1143 1918 1240 1974 llic
1266 1922 1407 1974 videt
1437 1923 1540 1976 ima
1563 1925 1812 1990 summis,
1837 1937 1892 1980 et
1915 1941 2124 1980 summa

547 2005 672 2060 imis
701 2022 798 2076 pro
825 2025 920 2064 sua
950 2011 1218 2068 cbat'itate
1247 2013 1519 2084 conjungi.
1561 2016 1870 2084 Quomodo,
1909 2034 2090 2088 quaeso
2109 2061 2124 2085 ,

545 2111 652 2150 non
685 2099 932 2168 liquescit
969 2104 1022 2156 in
1059 2104 1158 2158 hac
1199 2104 1520 2162 salutatione
1555 2121 1705 2162 mens
1732 2119 1911 2162 uestra
1933 2149 1947 2176 ,
1993 2125 2115 2164 cunt

545 2187 710 2243 Deum
743 2199 948 2246 tantum
979 2209 1076 2248 nos
1107 2195 1360 2252 dilexisse
1395 2198 1638 2253 videmus
1681 2208 1736 2252 ut
1775 2215 1840 2253 ex
1877 2201 2122 2272 virginali

545 2289 700 2336 utero
722 2283 970 2354 dignatus
997 2285 1198 2358 sit-ﬁeri
1229 2287 1612 2345 fratcrnoster.
1629 2290 1748 2345 Jam
1769 2307 1832 2347 os
1855 2303 2123 2358 nostrmn,

543 2380 599 2428 et
628 2389 754 2429 caro
798 2386 980 2432 nostra
1022 2387 1126 2434 est.
1173 2377 1218 2435 0
1255 2379 1419 2434 nimia
1493 2391 1548 2436 et
1581 2381 1864 2438 iueﬁ'abilis
1911 2383 2125 2438 diﬁ‘usio

543 2465 805 2522 bonitatis
827 2469 1040 2523 divime!
1073 2473 1305 2538 Quanta,
1343 2489 1545 2540 quaeso,
1583 2489 1708 2546 erga
1748 2475 1906 2530 talem
1947 2475 2122 2546 Virgi~

542 2571 666 2612 nem
701 2559 922 2614 deberet
955 2577 1048 2616 cor
1097 2573 1344 2618 nostrum
1392 2565 1678 2620 devotione
1733 2565 1980 2631 diﬁundi,
2032 2582 2126 2636 per

542 2663 702 2716 quam
731 2651 1027 2707 meruimus
1048 2653 1156 2708 Deo
1199 2669 1320 2728 esse
1354 2657 1657 2710 confratres
1693 2666 1746 2710 et
1792 2659 2121 2714 cobacredes.

543 2737 678 2792 Mira
705 2740 926 2795 deberet
954 2758 1015 2796 os
1047 2755 1289 2798 nostrum
1329 2746 1612 2800 dulcedine
1651 2748 1927 2802 abundare
1947 2788 1960 2812 ,
2003 2765 2123 2802 cum

543 2815 652 2907 tam
675 2830 884 2885 dulcem
908 2841 962 2886 et
981 2833 1265 2903 benignam
1293 2837 1574 2890 Dominam
1595 2837 1912 2903 salutamus,
1933 2847 1986 2891 et
2011 2838 2126 2907 ejus

541 2902 915 2974 boncdicimus
965 2921 1219 2976 fructum.
1271 2925 1638 2981 Suavissimus
1686 2937 1740 2980 et
1783 2928 2126 2984 dulcissimus

541 3017 626 3062 est
655 3007 864 3064 fructus
892 3009 1026 3077 ejus,
1059 3021 1113 3065 et
1143 3013 1196 3066 in
1224 3029 1334 3076 ore,
1367 3023 1422 3068 et
1447 3017 1612 3070 corde
1661 3017 1918 3086 sapientis
1945 3020 2123 3076 dulce-

543 3099 812 3154 scit.Mira
830 3102 1085 3171 estbujus
1103 3105 1336 3176 Virginis
1365 3105 1684 3174 ieeunditas,
1711 3124 1850 3178 qutc,
1879 3110 2004 3164 dum
2039 3127 2124 3165 sa-

541 3189 746 3246 lutatur
767 3195 983 3260 devote,
1017 3197 1082 3250 ad
1109 3211 1204 3252 cor
1237 3197 1522 3255 salutantis
1558 3217 1712 3256 suum
1745 3203 2121 3258 suavissimmn

543 3281 776 3339 fructum
811 3286 1030 3354 emittit,
1061 3297 1116 3342 et
1165 3300 1366 3358 quanto
1405 3291 1456 3344 in
1492 3291 1607 3361 ejus
1631 3291 1806 3346 fructu
1853 3294 1976 3364 quis
2005 3311 2124 3348 amo

539 3373 681 3445 plius
708 3375 1039 3446 jucundatur
1077 3388 1226 3436 tanto
1275 3383 1341 3436 ab
1383 3397 1445 3436 ea
1491 3384 1720 3453 amplius
1780 3384 2120 3454 impetratur.

540 3465 652 3522 Nisi
685 3468 833 3522 dicas
861 3487 873 3522 ε
903 3469 1130 3536 Suilicit,
1157 3488 1434 3542 nunquam
1463 3473 1718 3529 cessabit.
1769 3473 1814 3528 Ο
1845 3475 1980 3529 mira
2023 3475 2122 3532 Do-

539 3557 708 3622 mina,
747 3559 944 3612 mirum
975 3561 1186 3615 videtur
1212 3563 1483 3632 quomodo
1519 3579 1624 3618 non
1655 3573 1863 3618 tantum
1891 3563 2126 3619 delecta-

540 3663 662 3704 tnur
687 3650 810 3704 inte
827 3651 1111 3706 salutando
1129 3653 1293 3720 quod,
1317 3663 1518 3721 praster
1541 3667 1592 3708 te
1614 3664 1670 3707 et
1692 3661 1839 3707 tuum
1866 3653 2120 3718 fructum,

523 3746 735 3802 ,ctetera
767 3740 1094 3809 ignoremus.
1128 3743 1428 3808 Quomodo,
1467 3759 1669 3813 (1011350,
1711 3753 1926 3798 nonest
1967 3744 2034 3798 ad
2073 3755 2124 3796 te

543 3837 753 3882 tantum
783 3830 1021 3886 intentus
1051 3833 1236 3897 homo,
1267 3845 1487 3904 propter
1515 3846 1659 3888 tuam
1688 3835 1910 3888 nimiam
1935 3835 2118 3889 suavi—

543 3927 734 3983 tatem,
757 3931 815 3973 ttt
844 3923 1008 3975 etiam
1031 3926 1382 3992 semetipsum
1410 3941 1440 3978 a
1461 3941 1520 3979 se
1547 3927 1855 3979 abstractus
1879 3925 2124 3997 ignoret?

541 4011 587 4066 0
613 4014 814 4080 raptrix
847 4015 1088 4068 cordium
1115 4017 1128 4068 l
1159 4017 1202 4070 0
1229 4017 1532 4086 absorptrix
1559 4019 1816 4072 mentium
1845 4018 1858 4071 ι
1883 4018 1927 4074 0
1948 4019 2120 4088 liqua-

545 4103 648 4156 trix
676 4115 1015 4174 peccatorum
1041 4107 1054 4160 Ξ

609 4195 660 4249 '5.
705 4197 828 4250 Are.
861 4197 990 4263 Cur,
1025 4197 1274 4266 Domina,
1303 4215 1399 4256 nos
1431 4201 1742 4270 ingravidas
1766 4209 1854 4254 tuo
1895 4199 2070 4255 fructu
2100 4203 2124 4256 ’ἰ

540 4283 650 4336 Cur
687 4299 783 4338 nos
809 4286 918 4340 Deo
969 4298 1153 4342 nostro
1191 4290 1546 4361 imprtngnas?
1592 4291 1700 4344 Cur
1728 4291 1894 4343 lutum
1935 4291 2122 4362 imples

539 4375 700 4442 etelo,
719 4388 774 4432 et
793 4379 1116 4434 vanissimas
1145 4381 1274 4438 facis
1295 4385 1574 4439 dominos?
1596 4383 1705 4438 Cur
1729 4400 1850 4450 nos,
1870 4385 2116 4448 obsecro,

2225 563 2462 622 humani,
2499 571 2553 614 et
2583 571 2690 616 tam
2733 563 2966 617 nobilem
2997 571 3050 616 et
3079 577 3298 618 suavem
3335 563 3616 632 Virginem
3647 563 3796 620 salu.

2225 661 2422 705 tentus.

2293 743 2346 796 4.
2393 741 2514 794 Are.
2551 743 2871 796 Patientiam
2907 745 3065 810 habe,
3097 745 3346 810 Domina,
3391 744 3536 814 quod
3585 743 3796 814 angeli-

2223 851 2340 888 cam
2367 835 2592 888 salutem
2623 849 2830 906 promo,
2877 843 2931 887 et
2972 837 3208 904 angelice
3246 851 3350 890 non
3379 837 3540 902 vivo;
3575 837 3670 890 sed
3705 849 3800 906 po-

2226 927 2349 990 tius,
2397 925 2657 979 diabolice
2701 926 3000 981 horrendus
3039 935 3093 980 et
3135 937 3186 982 te
3225 928 3462 983 salutare
3505 941 3798 998 prtesumo,

2224 1015 2436 1070 conﬁdo
2479 1025 2624 1070 certe
2659 1018 2724 1070 de
2753 1025 2839 1070 tua
2884 1019 3046 1071 nimia
3095 1018 3357 1080 bonitate,
3390 1027 3444 1072 et
3469 1027 3560 1072 tuo
3585 1017 3800 1072 inﬂant-

2225 1117 2402 1160 matus
2450 1121 2632 1160 amore
2677 1115 2751 1170 te,
2798 1109 3042 1176 quamvis
3085 1107 3334 1178 indignus
3377 1108 3624 1172 nimium,
3677 1123 3784 1162 nou

2227 1211 2416 1251 vereor
2445 1197 2698 1250 salutare.
2748 1197 2870 1252 Ave.
2917 1197 3056 1264 Quid
3103 1199 3232 1253 mihi
3280 1200 3510 1260 dulcius,
3543 1198 3800 1263 Domina,

2227 1298 2318 1340 tuo
2341 1287 2466 1342 ave?
2492 1286 2536 1343 0
2567 1288 2759 1341 mirmn
2788 1305 2900 1353 ave,
2943 1289 3084 1356 quod
3112 1290 3341 1357 quadam
3373 1287 3584 1344 cmlesti
3617 1287 3802 1342 dulce—

2226 1377 2362 1430 diue'
2391 1377 2623 1432 inebriat
2665 1393 2759 1432 cor
2800 1379 3088 1432 devotum!
3131 1379 3290 1434 Certe
3327 1379 3436 1446 jam
3467 1381 3650 1434 dicere
3701 1395 3796 1449 po-

2229 1476 2336 1520 test
2382 1467 2573 1520 devote
2617 1465 2860 1521 salutans
2913 1485 2928 1520 :
2979 1466 3284 1538 Liquefacla
3335 1477 3408 1520 est
3457 1469 3634 1520 anima
3683 1485 3800 1520 mea

2227 1559 2403 1632 (Cant.
2437 1559 2513 1630 χ),
2543 1573 2600 1614 ut
2628 1561 2856 1616 salutavi
2905 1561 3186 1615 Dominam
3232 1575 3428 1614 meam.
3477 1561 3680 1630 Defeci!
3711 1577 3804 1614 cor

2225 1668 2420 1716 meum,
2467 1663 2512 1704 et
2544 1667 2666 1706 caro
2701 1667 2812 1705 utea
2841 1649 3015 1723 (Psal.
3047 1651 3241 1722 Lxxn),
3266 1653 3392 1706 dum
3419 1652 3668 1722 alloquor
3695 1652 3802 1706 Do-

2227 1741 2424 1795 minam
2467 1757 2663 1796 meam.
2693 1741 2847 1808 Quis
2893 1742 2946 1795 in
3001 1751 3052 1795 te
3079 1757 3182 1796 non
3223 1741 3454 1806 deﬁciet,
3510 1743 3672 1810 Virgo
3707 1757 3802 1795 sa-

2185 1817 2316 1884 icra
2384 1831 2508 1884 dum
2557 1831 2730 1884 cernit
2799 1831 2900 1884 hac
2943 1830 3268 1886 salutatione
3315 1817 3554 1902 praevia,
3601 1839 3652 1886 te
3701 1830 3800 1885 Dei

2228 1923 2362 1977 Filio
2387 1923 2830 1993 imprtrgnatam?
2869 1923 3000 1990 Quis
3027 1939 3132 1977 non
3172 1925 3406 1990 deﬁciet,
3455 1926 3582 1979 dttm
3625 1925 3812 1979 cernit

2229 2011 2322 2066 Dei
2366 2011 2560 2065 Filium
2595 2022 2686 2066 tuo
2723 2021 2879 2065 utero
2923 2011 3174 2080 bajulari,
3232 2024 3322 2067 tuo
3375 2013 3516 2068 lacte
3559 2013 3802 2068 nutriri?

2229 2099 2368 2167 Quid
2409 2115 2540 2171 ergo
2577 2100 2836 2156 libentius
2868 2101 3044 2166 audis,
3071 2116 3106 2155 ο
3133 2101 3378 2169 Domina,
3403 2119 3562 2173 quam
3593 2103 3804 2158 saluta-

2231 2193 2456 2257 tionem,
2503 2205 2610 2260 qua
2657 2191 3084 2262 recognosceris,
3131 2191 3302 2246 Mater
3337 2194 3452 2259 Dei,
3507 2195 3586 2248 sic
3639 2195 3690 2248 in
3749 2201 3804 2247 te

2229 2283 2476 2338 homines
2520 2282 2805 2352 jucundari
2852 2291 2910 2336 ut
2945 2295 3164 2351 semper
3189 2285 3240 2336 in
3268 2299 3391 2337 eum
3421 2285 3574 2354 cujus
3601 2299 3664 2339 es
3693 2285 3804 2338 Ma-

2231 2381 2312 2428 ter
2363 2372 2692 2426 rcfundant?
2727 2371 2842 2426 Non
2883 2374 3026 2427 enim
3076 2381 3204 2444 puto
3245 2375 3344 2428 nisi
3393 2385 3452 2428 ut
3495 2373 3668 2430 Mater
3703 2375 3808 2430 Dei-

2229 2464 2308 2515 vis
2348 2460 2506 2514 aliter
2535 2460 2776 2524 salutari,
2809 2477 2908 2516 nec
2936 2471 2991 2517 et
3021 2465 3293 2533 cognosci.
3329 2465 3490 2519 Porta
3523 2475 3606 2520 est
3641 2467 3806 2520 Chri—

2231 2551 2467 2616 stallina,
2496 2561 2550 2606 et
2579 2567 2676 2622 per
2705 2563 2757 2606 te
2781 2553 2863 2607 vis
2893 2564 2984 2608 tuo
3023 2554 3160 2610 Filio
3203 2571 3302 2610 nos
3341 2557 3612 2628 conjungi.
3667 2557 3800 2622 Sed,

2228 2661 2338 2709 ave,
2371 2655 2426 2698 et
2452 2659 2576 2699 vere
2607 2659 2698 2698 are
2723 2684 2739 2710 ,
2765 2661 2888 2700 nam
2913 2659 3008 2699 eor
3032 2655 3276 2700 nostrum
3301 2649 3472 2717 aperit
3503 2657 3654 2702 tuum
3683 2665 3802 2702 are.

2227 2735 2272 2789 0
2309 2735 2624 2790 admirabile
2665 2745 2720 2790 et
2759 2737 3239 2804 superadmirabile
3261 2753 3376 2802 ave,
3405 2753 3434 2790 a
3463 2753 3572 2806 quo
3595 2739 3808 2792 daemo—

2229 2841 2325 2882 nes
2362 2825 2690 2896 eﬂ'ugantur,
2733 2839 3052 2896 peccatores
3093 2828 3480 2899 lacrymantur,
3519 2831 3614 2884 ﬁlii
3649 2829 3802 2885 dele-

2228 2927 2467 2982 cmntur,
2518 2917 2743 2987 angelus
2793 2919 3116 2987 gratulatur,
3175 2921 3406 2974 Verbum
3456 2923 3800 2984 incantatur,

2229 3009 2392 3079 Virgo
2417 3009 2748 3078 gravidatur.
2805 3011 2987 3073 Certe,
3018 3027 3131 3075 ave,
3157 3010 3310 3080 cujus
3333 3011 3510 3066 fructu
3533 3021 3810 3066 creatum:

2229 3111 2580 3164 renovantur,
2621 3101 2866 3156 homines
2917 3101 3276 3166 redinmntur,
3311 3103 3486 3172 angeli
3533 3119 3800 3172 reparan-

2229 3199 2334 3244 tur.
2367 3190 2506 3260 Ergo
2533 3189 2650 3255 tibi,
2685 3205 2800 3256 ave,
2828 3191 3076 3246 universa
3107 3201 3358 3246 creatura
3385 3193 3502 3247 sine
3533 3193 3640 3248 ﬁne
3671 3209 3806 3264 pro-

2227 3281 2448 3336 clamet.
2477 3281 2523 3335 0
2553 3279 2951 3346 dulcissimum,
3003 3291 3058 3334 et
3097 3283 3476 3336 suavissimum
3525 3299 3641 3350 ave,
3695 3301 3812 3356 quo

2227 3374 2508 3429 terrestria
2553 3373 2826 3440 ltetantur,
2855 3375 3094 3429 emlestia
3124 3375 3512 3445 jttcundantur,
3555 3377 3684 3433 imis
3713 3393 3806 3432 su-

2223 3481 2407 3534 prema
2445 3463 2763 3534 junguntur.
2797 3465 2840 3520 0
2862 3481 2975 3525 are.
2999 3467 3141 3524 quod
3168 3467 3502 3524 intellectum
3547 3470 3808 3534 irradiat,

2225 3557 2476 3611 allectum
2533 3559 2720 3622 satiat,
2768 3569 3003 3612 utentem
3053 3560 3119 3613 ad
3169 3561 3412 3616 cmleslia
3455 3563 3629 3630 levat,
3682 3565 3798 3618 aui-

2225 3663 2346 3703 mus
2403 3649 2740 3714 illustratur,
2797 3659 2984 3720 pectus
3031 3651 3433 3718 induleoratnr,
3504 3669 3636 3708 caro
3689 3669 3802 3707 ma-

2225 3749 2480 3792 ceratur:
2533 3753 2666 3810 ergo
2710 3757 2824 3796 ave.
2857 3739 2902 3794 0
2929 3742 3170 3796 catenale
3195 3759 3307 3806 ave,
3339 3745 3480 3811 quod
3511 3759 3610 3796 cor
3634 3743 3800 3798 strin-

2225 3827 2307 3896 gis
2337 3841 2458 3880 cuin
2488 3826 2708 3899 Virgine
2759 3839 2814 3883 et
2855 3843 3076 3898 separes
3100 3845 3129 3883 a
3155 3831 3405 3894 terrenis,
3431 3845 3554 3884 cum
3589 3832 3802 3886 miseri-

2225 3921 2544 3974 cordissima
2595 3921 2873 3988 miserum,
2932 3937 3055 3976 cum
3114 3923 3340 3978 Domina
3397 3937 3639 3988 servum,
3679 3940 3797 3979 cum

2225 4011 2397 4064 Matre
2451 4011 2646 4065 Filium
2700 4013 3014 4068 ﬁrmissime
3052 4015 3207 4084 ligas.
3239 4015 3282 4068 0
3317 4015 3642 4071 admirabile
3669 4017 3794 4068 are!

2223 4107 2480 4170 Accedat,
2525 4115 2584 4160 ut
2622 4115 2670 4161 te
2699 4107 2918 4170 salutet,
2945 4109 3034 4175 qui
3066 4107 3176 4162 vult
3205 4109 3448 4163 catenari
3475 4123 3682 4174 amore,
3723 4118 3796 4172 et,

2225 4214 2346 4252 cum
2379 4211 2442 4251 ex
2473 4200 2632 4253 corde
2655 4197 2994 4264 salutaverit,
3024 4200 3276 4268 amplius,
3303 4199 3498 4253 fortius
3519 4198 3794 4252 constrina

2224 4303 2400 4360 getur,
2429 4301 2484 4345 et
2513 4299 2718 4360 quanto
2739 4291 3142 4360 cmistringetur
3169 4291 3388 4358 fortius,
3418 4291 3680 4346 libentius
3711 4305 3796 4344 sa»

2225 4382 2433 4434 luttlbil.
2487 4379 2597 4442 Sic,
2647 4395 2762 4442 ure,
2807 4380 3028 4432 Domina
3063 4394 3204 4444 lima;
3233 4389 3292 4434 ει
3323 4395 3483 4435 amor
3513 4392 3702 4436 mutuo
3737 4393 3794 4436 se

543 4467 637 4522 ﬁlii
685 4471 760 4524 tui
808 4486 996 4526 amore
1043 4474 1302 4538 inebrias,
1331 4491 1451 4530 cum
1486 4494 1584 4531 nec
1616 4479 1729 4540 tibi,
1761 4493 1859 4532 nec
1885 4477 1984 4531 sibi
2011 4477 2112 4530 ali-
2149 4495 2193 4552 ι)
2223 4475 2514 4544 augebunt,
2565 4473 2736 4527 donec
2777 4487 2874 4527 cor
2921 4473 3208 4527 salutantis
3255 4473 3470 4527 deﬁciat
3513 4488 3622 4543 pra:
3675 4473 3792 4526 dul-

551 4563 680 4628 quid
710 4563 1020 4632 impendere
1063 4567 1368 4622 valeamus?
1416 4569 1552 4636 Quid
1597 4571 1692 4624 tibi
1735 4571 1952 4642 prodest
1992 4571 2110 4623 ani—

541 4665 752 4726 marum
804 4655 1053 4716 amatrix,
1107 4657 1252 4725 quod
1302 4667 1355 4714 te
1394 4669 1442 4712 et
1493 4659 1684 4714 Filium
1734 4669 1880 4714 tuum
1933 4669 2117 4714 nostro

541 4741 828 4812 diligamus
871 4749 1093 4801 amore?
1145 4747 1338 4804 Nonne
1390 4751 1630 4806 coelestia
1683 4753 1951 4806 sulliciunt
2001 4752 2114 4816 tibi,

541 4833 672 4900 quid
717 4843 898 4888 nostra
930 4839 1095 4893 corde
1129 4841 1384 4910 requiris,
1411 4857 1532 4896 cum
1563 4851 1742 4897 tamen
1775 4843 1884 4897 sint
1914 4843 2117 4896 l'etidis-

543 4921 678 4974 sima
708 4929 762 4974 et
799 4925 1055 4977 terrena?
1084 4927 1281 4998 Accipe
1315 4945 1399 4996 ea,
1431 4932 1733 4985 animarum
1763 4933 2028 4995 venatrix,
2063 4940 2116 4985 et

1210 5023 1271 5050 :M
1303 5032 1404 5050 ..ια-ιι
1455 5025 1584 5050 ,Ἰν-τη
1609 5025 1748 5050 Λ-ι;.-ς
1781 5033 1950 5050 psnlnnl
1985 5023 2086 5050 ινα--

944 5017 1061 5050 cinna
1090 5023 1271 5050 "lvu':m
1303 5032 1404 5050 ..ια-ιι
1455 5025 1584 5050 ,Ἰν-τη
1609 5025 1748 5050 Λ-ι;.-ς
1781 5033 1950 5050 psnlnnl

543 5011 728 5050 ιΨΓηυη
765 5027 824 5050 ηε)
863 5015 912 5050 in

2223 4580 2368 4619 core.
2398 4563 2442 4619 0
2475 4561 2711 4632 Virginis
2761 4579 2934 4626 :nnor,
2984 4562 3224 4616 divinum
3277 4564 3458 4618 reddis
3499 4573 3792 4626 amantem,

2221 4657 2516 4727 virginemn
2557 4655 2687 4709 facis
2723 4655 2836 4726 jam
2889 4654 3056 4708 multa
3108 4655 3271 4709 sorde
3313 4655 3594 4724 pollutum.
3653 4653 3794 4722 Ergo

2221 4763 2330 4810 ave,
2358 4745 2583 4798 Domina
2615 4745 2754 4808 inea,
2800 4743 2970 4797 Mater
3019 4758 3164 4808 mea,
3213 4745 3322 4799 imo
3356 4757 3450 4798 cor
3499 4757 3700 4809 meum,
3739 4751 3796 4798 et

2222 4839 2400 4892 anima
2433 4853 2548 4892 mea
2575 4839 2728 4909 virgo
2757 4836 2944 4891 Maria.

2291 4928 2346 4981 5.
2387 4927 2562 4981 Maria
2605 4929 2774 4997 virgo,
2803 4943 2894 4979 ave
2918 4940 2936 4979 :
2961 4928 3006 4983 0
3035 4943 3228 4982 nomen
3259 4926 3664 4988 suavissimum,
3697 4939 3793 4978 uo-

2259 5033 2342 5048 lo‘l‘
2389 5019 2760 5048 ..lllot:ﬂh:--IIII.‘I
2841 5035 3032 5048 κηοιιιΛυ.
3087 5019 3534 5046 εοεαε-...Ιῗηηῖω-ιηι
