4030 5354
231 359 324 415 58!

1473 357 1742 416 OPUSCU
1753 358 1834 413 LA
1874 358 2146 416 SPUlll.\.

3379 366 3483 423 582

231 484 285 528 et
322 473 555 542 gloriam
604 472 996 543 impetramus?
1035 472 1138 528 Per
1167 480 1242 539 te,
1263 473 1511 539 Domina,
1542 474 1797 541 frangun-
1830 483 1873 540 Α
1904 486 2075 545 potest
2100 478 2267 532 nubes
2281 478 2458 549 aliqua
2490 481 2777 553 interponi,
2803 481 2906 538 nisi
2929 481 3146 536 volenti.
3177 481 3221 536 0
3246 481 3482 537 Domina

242 577 327 620 tnr
344 563 598 627 vincula,
630 564 914 617 solvuntur
935 564 1152 628 delicta,
1184 565 1474 619 vincuntur
1511 566 1659 628 vitia,
1683 566 1810 620 soli-

240 658 440 710 dantur
479 653 776 713 confracta,
823 655 1163 724 reperiuntur
1209 656 1441 724 perdita,
1478 666 1811 711 renovantur

237 756 447 810 vetera,
499 746 826 800 roborantur
867 747 1100 811 inﬁrma,
1130 747 1542 816 magniﬁcantur
1565 749 1808 813 minima,

234 838 554 890 exaltantur
578 836 784 899 intima,
809 837 1038 907 inempta
1063 848 1469 906 promoventur,
1495 837 1810 906 imperfecta

234 927 617 996 perﬁciuntur,
646 927 880 995 perfecta
911 938 1382 992 consummantur,
1407 938 1668 998 purgatur
1693 943 1808 993 cor,

239 1018 469 1088 refulget
520 1032 709 1082 mens,
758 1027 812 1072 ct
867 1018 1081 1072 animus
1120 1016 1504 1082 inﬂammatur,
1562 1018 1810 1086 liquescit

241 1118 454 1178 pectus,
488 1109 776 1162 decoratur
799 1117 1072 1176 aspectus,
1122 1109 1477 1176 desponsatur
1505 1107 1808 1176 peregrina,

241 1198 549 1251 traducitur
575 1213 796 1266 sponsa,
825 1197 1114 1252 resolvitur
1139 1195 1402 1251 anima.0
1425 1197 1623 1250 anima!
1653 1196 1812 1250 habet

242 1290 338 1341 hoc
362 1303 460 1356 per
488 1298 560 1352 te,
589 1287 751 1358 Virgo
773 1287 959 1342 Maria.
1432 1360 1447 1369 μ

307 1377 363 1431 6.
401 1378 525 1440 Are,
565 1379 755 1431 Maria.
813 1377 951 1433 Vere
990 1377 1185 1444 Maria,
1217 1379 1367 1434 stella
1394 1380 1581 1445 maris,
1613 1380 1812 1436 mundo

244 1465 481 1520 totaliter
508 1466 964 1521 transformando.
994 1465 1238 1533 Domina,
1255 1483 1416 1538 super
1437 1485 1628 1523 omnes
1651 1485 1812 1539 ange-

243 1555 414 1609 lorum
441 1557 640 1610 choros
665 1557 732 1610 ad
774 1556 895 1612 Filii
924 1557 1205 1612 dexteram
1237 1559 1687 1614 transcendendo.
1741 1561 1811 1614 Es

241 1645 391 1699 stella
423 1648 594 1701 maris
647 1661 746 1701 nos
788 1647 1084 1718 dirigendo,
1126 1663 1370 1703 amarum
1404 1664 1551 1704 mare
1597 1665 1814 1720 compa-

244 1738 444 1793 tiendo.
479 1737 701 1792 Domina
731 1753 790 1795 es
820 1740 1167 1810 protegendo.
1218 1740 1385 1794 Stella
1410 1741 1574 1795 maris
1613 1755 1673 1796 es
1719 1743 1813 1796 ho-

1911 581 2052 629 mca,
2079 574 2130 619 tn
2168 567 2218 619 iu
2252 568 2354 623 hoc
2405 571 2539 624 mari
2589 589 2646 625 es
2692 573 2843 628 nobis
2877 573 3027 626 navis
3067 582 3376 627 sustentans
3428 585 3484 627 et

1910 665 2154 722 portans,
2179 659 2413 712 anchora
2438 661 2714 714 stabiliens
2734 672 2785 716 et
2810 662 3048 726 ﬁrmans,
3065 663 3485 732 gubernaculum

1911 744 2144 811 dirigens
2173 755 2227 800 et
2252 748 2768 814 rectiﬁeans,velum
2794 751 3066 805 deducens
3094 763 3145 804 et
3173 751 3484 812 obumbras.

1911 833 2059 888 stella
2095 833 2366 904 refulgens
2394 846 2449 890 et
2470 838 2659 892 salutis
2695 850 2906 907 portum
2940 841 3347 906 demonstrans;
3379 841 3487 894 imo

1912 921 2229 993 impetrans,
2255 940 2598 982 conservans.
2626 927 2757 995 Quis
2789 943 2921 999 ergo
2969 945 3074 984 non
3111 931 3340 986 libenter
3387 932 3488 985 hoc

1911 1029 2060 1068 mare
2120 1017 2553 1083 compunctionis
2589 1058 2604 1082 ,
2656 1020 2925 1088 passionis
2976 1029 3030 1074 et
3091 1021 3488 1090 compaSsionis

1911 1104 2156 1169 intrabit,
2184 1108 2273 1161 ubi
2306 1116 2358 1161 tu
2391 1109 2543 1163 nobis
2590 1111 2866 1175 subvenis,
2899 1119 2955 1165 et
2984 1111 3260 1165 ministras
3290 1112 3342 1165 in
3374 1127 3489 1166 om-

1913 1194 2110 1248 nibus?

1981 1286 2034 1336 7.
2075 1286 2184 1341 lmo
2211 1298 2269 1342 ut
2295 1287 2413 1356 plus
2439 1289 2620 1343 dicere
2657 1289 2906 1354 audeam,
2933 1298 2986 1344 tu
3025 1305 3082 1345 es
3109 1290 3299 1355 Maria,
3339 1307 3488 1344 ama-

1911 1391 2029 1430 rum
2062 1391 2209 1430 mare
2234 1376 2392 1441 facta,
2427 1388 2645 1446 propter
2672 1379 2791 1432 Filii
2820 1381 3122 1447 passionem
3167 1389 3222 1433 et
3271 1391 3486 1433 nostra-

1910 1481 2030 1519 rum
2074 1467 2417 1536 iniquitatum
2466 1470 2919 1538 compassioncm,
2953 1486 3058 1524 non
3097 1471 3239 1539 quod
3284 1469 3487 1540 aliquid

1910 1554 2176 1609 tristabile
2224 1556 2467 1625 patiaris,
2506 1557 2599 1610 sed
2643 1558 2926 1611 considero
2953 1567 3184 1612 mentem
3224 1568 3369 1612 tuam
3409 1574 3494 1612 se-

1909 1644 2141 1698 cundum
2166 1646 2308 1713 quod
2336 1647 2386 1698 in
2420 1647 2517 1699 hac
2548 1646 2653 1700 vita
2686 1647 2839 1716 juxta
2867 1661 3082 1700 crucem
3109 1649 3344 1703 vivebas.
3377 1647 3490 1702 lloc

1912 1750 2040 1803 ergo
2068 1735 2259 1804 duplex
2287 1735 2548 1790 intremus
2574 1752 2742 1798 mare.
2771 1737 2978 1791 scilicet
3005 1747 3094 1791 tuo
3137 1739 3272 1792 Filio
3299 1739 3481 1793 cruci-

245 1835 476 1890 nestate,
508 1843 693 1881 amara
732 1829 956 1897 pietate,
987 1830 1080 1883 sed
1126 1829 1350 1884 Domina
1375 1845 1432 1884 es
1459 1831 1813 1899 potestate.0
1844 1815 1889 1876 Β
1916 1823 2023 1878 ﬁxo
2069 1832 2123 1878 et
2173 1834 2265 1878 tuo
2302 1825 2449 1880 cordi
2493 1826 2594 1880 sibi
2641 1828 2852 1880 conﬁxo
2893 1825 3298 1894 compatiendo,
3329 1836 3382 1880 et
3428 1827 3494 1879 de

246 1918 469 1973 Domine
497 1917 640 1973 Deus
667 1934 840 1984 mens,
861 1920 988 1989 quid
1021 1919 1115 1974 tibi
1139 1921 1501 1976 retribuemus
1526 1936 1623 1990 pro
1642 1921 1816 1975 omni-

245 2010 471 2076 busquze
487 2009 677 2063 dedisti
703 2009 888 2075 nobis;
920 2013 1156 2080 autquid
1180 2012 1273 2066 tibi
1296 2011 1476 2066 facere
1500 2026 1809 2080 possumus,

244 2109 332 2152 ant
360 2101 492 2167 quid
521 2098 768 2164 facimus,
794 2103 958 2171 quod,
992 2103 1146 2158 nobis
1174 2103 1228 2156 in
1250 2103 1384 2156 mari
1416 2104 1594 2158 omnis
1619 2105 1816 2159 amari-

246 2190 442 2243 tudinis
491 2191 824 2257 constitutis,
861 2193 1093 2248 tenebris
1140 2194 1378 2262 undique
1421 2195 1811 2265 circumseptis,

245 2295 272 2333 a
303 2293 461 2350 portu
495 2282 689 2337 salutis
710 2285 935 2339 nimium
967 2285 1258 2355 elongatis,
1287 2286 1589 2340 turbinibus
1611 2296 1665 2341 et
1693 2303 1818 2356 pro-

243 2371 392 2425 cellis
423 2372 492 2425 ad
525 2373 864 2444 naufragium
895 2376 1140 2445 agitatis,
1165 2377 1272 2430 imo
1304 2384 1621 2447 tempestate
1652 2378 1814 2433 nimia

243 2476 382 2531 pene
429 2463 752 2530 submersis,
788 2473 896 2518 tam
955 2466 1133 2521 nobile
1185 2467 1459 2533 solatium,
1495 2477 1602 2523 tam
1663 2468 1816 2524 dulce

244 2554 598 2618 consortium,
629 2565 738 2610 tam
769 2555 957 2612 ellicax
995 2559 1276 2624 auxilium,
1324 2569 1432 2614 tam
1465 2561 1610 2630 pium
1641 2563 1816 2617 subsi-

244 2643 410 2705 dium,
465 2645 684 2716 Virgine
719 2646 883 2702 Maria
940 2649 1263 2714 irradiante,
1311 2650 1520 2706 stellam
1584 2653 1817 2708 dedisti?

247 2734 461 2790 Ocerte
487 2736 641 2791 beata
686 2754 813 2803 nox,
844 2749 898 2794 et
936 2739 1062 2795 felix
1090 2743 1334 2807 tenebra,
1366 2753 1420 2798 et
1448 2743 1681 2811 gloriosa
1730 2760 1818 2799 ca-

249 2829 372 2896 ligo,
406 2844 526 2896 quae
563 2829 651 2883 tali
687 2830 843 2884 stella
887 2833 1084 2887 meruit
1127 2833 1352 2900 radiari,
1375 2846 1522 2890 certe
1559 2838 1673 2891 haec
1714 2853 1820 2893 uo:

248 2921 565 2974 illuminatio
611 2939 724 2975 mea
766 2924 818 2975 in
863 2923 1062 2979 deliciis
1083 2926 1208 2980 meis
1243 2926 1416 2997 (Psal.
1462 2930 1748 2998 cxxxvut).
1773 2931 1818 2986 0

251 3009 480 3078 gloriosa
504 3011 685 3082 Virgo,
700 3013 743 3066 si
769 3028 829 3068 cs
852 3014 1019 3069 maris
1045 3015 1219 3079 stella,
1250 3033 1464 3087 semper
1492 3019 1544 3072 in
1578 3021 1677 3074 hac
1708 3021 1815 3074 vita

250 3099 367 3156 volo
397 3116 519 3156 esse
543 3101 596 3156 in
625 3104 785 3168 mari,
817 3113 876 3158 ιιι
899 3120 1112 3175 semper
1141 3107 1216 3162 sis
1247 3123 1363 3162 mea
1390 3109 1564 3164 stella.
1594 3110 1819 3181 Semper
1843 3145 1892 3208 Ο

249 3188 302 3241 in
334 3190 497 3252 mari,
531 3199 591 3244 ut
627 3207 842 3263 semper
870 3195 969 3247 sim
1019 3196 1270 3264 perfecta:
1321 3199 1720 3263 amaritudinis,
1753 3202 1818 3255 de

249 3280 488 3348 peccatis
542 3282 677 3336 meis
725 3284 1008 3352 gemeudo,
1049 3285 1267 3339 Christo
1314 3287 1574 3343 cruciﬁxo
1627 3289 1818 3343 intime

251 3373 650 3440 compatiendo,
682 3389 779 3442 pro
803 3375 1102 3428 animarum
1129 3378 1357 3433 miseriis
1383 3389 1435 3433 et
1460 3380 1602 3433 vitiis
1623 3381 1820 3434 conlo-

253 3463 428 3528 lendo,
461 3466 861 3534 compatiendo.
896 3465 1123 3537 Semper
1151 3469 1269 3524 volo
1295 3469 1346 3523 in
1377 3471 1478 3525 hoc
1502 3471 1694 3540 triplici
1727 3487 1822 3525 na-

254 3556 434 3623 vigare
465 3557 674 3626 pelago,
707 3567 764 3609 ut
800 3572 1010 3626 semper
1042 3559 1266 3613 habeam
1316 3559 1475 3628 hujus
1519 3562 1688 3617 stella:
1723 3563 1820 3617 du-

251 3657 449 3700 catum.
476 3646 566 3701 Va:
597 3649 700 3702 illis
747 3651 836 3717 qui
865 3651 1054 3704 suntin
1081 3652 1304 3715 deliciis,
1333 3661 1387 3706 ct
1409 3655 1681 3718 nesciunt,
1713 3656 1820 3710 imo

255 3734 440 3788 nolunt
474 3736 575 3789 hoc
601 3752 750 3790 mare
780 3738 1001 3802 intrare,
1035 3741 1154 3808 quia
1187 3741 1288 3794 hac
1318 3741 1626 3798 dulcissima
1665 3746 1819 3800 stella

255 3828 533 3882 carebunt.
566 3828 804 3883 Currant
843 3831 1076 3900 undique
1127 3833 1464 3897 tribulantes,
1503 3844 1557 3889 et
1608 3838 1822 3906 sepiant

256 3932 338 3969 me
369 3918 825 3974 amaritudinibus
850 3921 1124 3986 inauditis,
1147 3933 1324 3978 etnon
1354 3926 1822 3995 timebo,quoninm

254 4017 304 4060 tu
335 4025 536 4062 meum:
567 4025 619 4063 es
650 4008 820 4079 (l’sal.
861 4014 1016 4082 χιιι).
1042 4013 1152 4067 lmo
1187 4024 1312 4070 tunc
1343 4017 1472 4070 mihi
1505 4033 1630 4072 vere
1663 4018 1824 4073 reful-

253 4114 362 4167 ges,
401 4113 548 4151 cura:
611 4100 839 4154 vallatus
871 4105 1185 4173 angustiis,
1226 4121 1343 4160 sum
1389 4109 1533 4162 omni
1589 4109 1824 4165 humano

254 4187 453 4240 auxilio
483 4188 798 4251 destitutus,
827 4206 946 4244 eum
996 4193 1316 4248 intraverunt
1360 4214 1509 4266 aqua:
1549 4215 1708 4268 usque
1755 4199 1823 4251 ad

254 4279 483 4330 animum
512 4295 678 4346 meum
711 4278 884 4342 (Psal.
910 4284 1122 4352 uvm).
1161 4284 1438 4353 Abjcctum
1474 4296 1528 4341 et
1574 4289 1826 4358 repudia-

257 4376 362 4419 tum
391 4367 461 4420 ab
492 4370 746 4424 omnibus
777 4374 1042 4428 creaturis
1066 4391 1149 4429 me
1171 4387 1508 4446 peccatorcm
1556 4380 1824 4449 nequissi-

1917 1915 2122 1970 nostris
2189 1916 2606 1985 iniquitatibus,
2659 1932 2780 1987 qua:
2842 1926 3002 1970 tanta:
3047 1917 3194 1971 necis
3270 1916 3490 1971 fuerunt

1923 2005 2160 2070 occasio,
2209 2007 2396 2061 intime
2447 2007 2836 2072 contristaado,
2861 2007 2904 2061 si
2937 2007 3180 2061 vohnnus
3211 2021 3306 2060 cor
3344 2015 3491 2059 tuum

1922 2094 2130 2150 intrare
2169 2099 2310 2166 quod
2340 2097 2539 2152 factum
2573 2108 2659 2152 est
2705 2114 2853 2153 mare
2894 2114 3145 2169 magnum
3186 2107 3239 2151 et
3269 2099 3492 2154 nimium

1922 2187 2215 2256 Ipatiosum
2241 2187 2413 2255 (Psal.
2443 2189 2585 2256 cut).
2610 2188 2740 2254 Quis
2762 2203 2866 2241 non
2899 2187 3130 2241 libenter
3154 2202 3284 2256 ergo
3327 2187 3496 2241 intra-

1927 2273 2007 2326 bit
2057 2275 2158 2326 hoc
2205 2288 2372 2336 mare,
2399 2282 2457 2326 ut
2497 2275 2666 2342 possit
2706 2289 2800 2328 eor
2836 2273 3069 2344 Virginis
3111 2274 3371 2328 introire?
3430 2274 3494 2330 lli

1915 2370 2064 2419 certe
2103 2365 2237 2419 bene
2277 2364 2481 2418 intrant
2531 2379 2625 2418 eor
2672 2372 2844 2430 tuum,
2873 2374 2926 2418 et
2967 2373 3093 2418 sunt
3128 2365 3384 2418 continue
3437 2365 3489 2417 in

1915 2453 2076 2509 corde
2106 2463 2216 2518 tuo,
2233 2453 2322 2523 qui
2345 2453 2467 2507 Filii
2492 2453 2563 2507 tui
2582 2455 2851 2508 ruminant
2874 2454 3130 2508 continue
3160 2455 3490 2522 passionem.

1917 2543 2250 2612 lmpossibile
2289 2550 2372 2598 est
2413 2542 2581 2610 enim,
2611 2551 2783 2598 mater
2817 2543 3055 2612 piissima
3078 2582 3093 2606 ,
3126 2542 3243 2596 Filii
3289 2543 3363 2596 tui
3414 2543 3496 2596 iu-

1918 2645 2066 2690 trare
2107 2635 2346 2700 vulnera,
2376 2645 2432 2691 et
2483 2650 2586 2690 non
2620 2635 2822 2690 intrare
2871 2650 2965 2689 cor
3019 2646 3186 2701 tuum,
3221 2635 3347 2704 quia
3405 2633 3493 2687 illa

1917 2725 2143 2779 vulnera
2174 2734 2298 2779 sunt
2325 2727 2378 2780 in
2411 2727 2573 2782 corde
2603 2735 2695 2780 tuo
2735 2735 2993 2797 perpetuo
3033 2727 3311 2782 collocata.
3343 2727 3496 2783 Sient

1918 2816 2062 2868 enim
2100 2815 2185 2868 illa
2211 2817 2461 2886 stigmata
2494 2831 2708 2886 semper
2736 2827 2894 2870 erunt
2923 2817 2976 2868 in
3009 2816 3127 2869 Filii
3147 2817 3219 2870 ιιιί
3247 2831 3493 2886 corpore.

1919 2906 1996 2959 sic
2020 2917 2234 2976 Semper
2261 2915 2316 2962 et
2351 2907 2403 2960 in
2435 2907 2626 2962 Matris
2672 2917 2870 2962 mente.
2905 2907 3035 2974 Quis
3063 2923 3191 2977 ergo
3223 2909 3493 2962 tardabit?

1919 2995 2048 3061 Quis
2071 2995 2304 3065 amplius
2329 2997 2604 3066 pigritabit
2631 2998 2730 3051 hoc
2758 2998 3027 3067 navigium
3054 2999 3312 3052 introire?
3339 2998 3497 3051 dulce

1920 3096 2002 3140 est
2031 3088 2095 3141 de
2126 3096 2176 3140 te
2208 3089 2410 3154 audire,
2455 3089 2547 3142 sed
2578 3089 2784 3144 dulcius
2809 3091 2873 3144 de
2905 3100 2954 3143 te
3005 3090 3244 3160 cogitare
3295 3090 3498 3145 dulcis-

1937 3178 2129 3231 simum
2157 3187 2210 3232 et
2247 3179 2406 3233 nimis
2453 3180 2830 3234 suavissimum
2886 3196 2982 3250 per
3027 3182 3226 3234 Christi
3278 3181 3498 3234 vulnera

1925 3267 2130 3326 intrare
2161 3281 2255 3322 cor
2286 3279 2452 3324 tuum.
2502 3269 2618 3324 Non
2648 3271 2858 3324 recedat
2889 3271 3048 3326 homo
3080 3288 3108 3324 ιι
3139 3273 3336 3326 Christi
3367 3289 3502 3326 cou-

1897 3358 2137 3411 ~tnmclia
2170 3367 2223 3412 et
2248 3358 2489 3423 vulnere,
2522 3361 2565 3412 si
2599 3376 2703 3413 non
2741 3361 2854 3414 vult
2892 3362 2956 3415 de
2987 3372 3079 3414 tuo
3118 3363 3282 3416 corde
3325 3365 3494 3417 exire.

1920 3445 1996 3500 ibi
2026 3446 2085 3499 ﬁt
2107 3447 2266 3500 homo
2289 3455 2430 3501 totus
2452 3447 2747 3515 virgineus,
2783 3456 2924 3503 totus
2943 3450 3334 3513 sanctissimus,
3353 3459 3498 3505 totus

1921 3533 2499 3599 divinus,obliviscitur
2521 3536 2680 3591 homo
2696 3537 2801 3591 sui.
2835 3536 3016 3592 Solum
3049 3540 3356 3610 recogitans
3380 3556 3500 3609 quae

1923 3631 2050 3677 sunt
2082 3623 2268 3678 Matris
2295 3634 2347 3678 et
2377 3623 2520 3679 Filii.

1991 3730 2045 3784 8.
2072 3732 2193 3796 Are,
2221 3731 2410 3785 Maria.
2440 3732 2566 3788 Sine
2591 3749 2669 3788 va:
2692 3735 2884 3789 anima:
2903 3743 2955 3791 et
2983 3738 3258 3806 corporis;
3284 3740 3500 3806 animm,

1924 3823 2048 3891 quia
2078 3823 2194 3877 sine
2227 3839 2303 3877 va:
2347 3823 2700 3889 inﬁrmitatis,
2733 3834 2790 3880 ut
2829 3827 2974 3881 esset
3027 3829 3119 3882 tibi
3173 3829 3382 3886 difﬁcile
3437 3833 3503 3885 ad

1924 3912 2060 3967 bene
2094 3915 2392 3984 agendum;
2424 3916 2539 3970 sine
2589 3933 2667 3970 va:
2708 3918 3044 3988 ignorantim,
3073 3929 3130 3973 ut
3182 3937 3284 3975 non
3329 3924 3503 3992 possis

1925 4019 2276 4075 cognoscere,
2328 4007 2440 4061 sive
2494 4009 2692 4080 eligere
2743 4011 2940 4066 bonum
2972 4027 2999 4064 a
3034 4013 3205 4077 malo;
3257 4015 3373 4069 sine
3423 4030 3502 4068 va:

1925 4095 2164 4160 malitiae,
2190 4105 2248 4150 ut
2273 4111 2422 4152 esses
2452 4113 2617 4168 prona
2645 4100 2709 4152 ad
2741 4101 2963 4155 malum.
2995 4104 3262 4169 Quantum
3289 4107 3354 4159 ad
3379 4122 3504 4161 cor-

1926 4198 2046 4254 pus,
2069 4186 2186 4241 sine
2204 4203 2284 4242 va:
2305 4188 2506 4244 doloris
2534 4190 2586 4243 in
2617 4191 2902 4259 pariendo;
2937 4195 3055 4247 sine
3102 4209 3179 4248 va:
3210 4195 3502 4264 subjectio-

1926 4279 2032 4343 nis,
2059 4280 2253 4334 marito
2303 4293 2406 4334 non
2444 4282 2809 4351 obsequendo,
2842 4283 2934 4337 sed
2963 4284 3141 4352 potius
3186 4286 3297 4353 ipsc
3357 4285 3450 4340 tibi
3481 4303 3496 4350 ;

1927 4369 2042 4424 sine
2067 4385 2143 4424 va:
2171 4371 2506 4440 fatigationis
2529 4373 2580 4424 in
2624 4373 2757 4427 ﬁlios
2795 4375 3100 4428 nutriendo.
3145 4376 3320 4428 Maria
3348 4392 3367 4430 :
3391 4375 3503 4431 lloc

255 4472 418 4521 nuun,
448 4467 502 4512 et
532 4460 677 4513 omni
711 4461 850 4516 malo
890 4463 1262 4532 dignissimum
1315 4468 1618 4537 impugnet,
1641 4477 1695 4523 et
1727 4469 1819 4523 sti-

1931 4473 2123 4513 nomen
2153 4460 2535 4528 interpretatur
2571 4461 2720 4516 stella
2756 4464 2946 4528 maris,
2981 4479 3219 4516 amarum
3250 4479 3416 4531 mare,
3449 4475 3504 4520 et

255 4547 438 4608 mulct,
467 4551 715 4615 obsecro,
747 4559 856 4606 tota
895 4553 1049 4622 hujus
1097 4556 1279 4609 mundi
1305 4558 1572 4621 machina,
1607 4567 1670 4612 ut
1705 4574 1820 4615 me-

257 4649 373 4687 cum
414 4638 487 4691 sit
521 4640 679 4694 stella
719 4643 947 4695 marina.
976 4644 1019 4698 Ο
1050 4643 1200 4709 félix,
1229 4661 1351 4700 cum
1379 4646 1532 4702 fuero
1556 4663 1618 4702 ex
1648 4650 1826 4704 omni-

258 4723 354 4779 bus
388 4729 768 4796 exprobratus,
795 4733 1163 4798 conculcatus,
1201 4744 1256 4789 et
1282 4739 1652 4804 conturbatus,
1680 4749 1732 4794 et
1759 4741 1826 4794 ab

261 4819 356 4872 hac
388 4820 538 4873 stella
579 4824 890 4891 susceptus!
942 4823 1106 4878 Stella
1137 4833 1220 4879 est
1245 4827 1433 4890 maris,
1464 4836 1517 4882 et
1544 4828 1598 4882 in
1629 4830 1828 4884 amari-

263 4918 441 4971 tudine
479 4919 669 4987 positis
701 4920 812 4988 ipsa
847 4920 1068 4975 relucet.
1119 4921 1164 4976 Ο
1197 4937 1356 4991 quam
1395 4923 1572 4988 dulce,
1599 4934 1652 4979 et
1679 4925 1827 4980 dele-

261 5007 449 5062 ctabile
480 5011 651 5064 oculis
684 5011 821 5064 hanc
862 5011 1035 5066 lucem
1062 5012 1282 5068 videre!
1311 5014 1355 5069 Ο
1389 5031 1550 5084 quam
1596 5017 1734 5072 bona
1775 5026 1832 5073 et

263 5099 499 5154 amabilis
524 5101 900 5166 commutatio,
931 5118 1146 5157 omnem
1191 5107 1372 5160 mundi
1405 5109 1830 5166 consolationem

265 5189 566 5257 abhorrere,
582 5201 637 5247 et
659 5191 817 5263 longe
839 5209 868 5248 a
898 5209 956 5250 se
987 5194 1481 5263 irrecuperabilitcr
1505 5200 1708 5269 ejicere
1733 5217 1829 5272 pro

268 5278 566 5308 νηί..1ΑΑ-ιιξιι
597 5281 766 5308 nlullan
790 5284 980 5308 ...Α-ζει.
1018 5281 1141 5308 ..διε-Α
1167 5285 1304 5308 ..κιαι
1333 5303 1394 5308 ---ν
1415 5304 1426 5308 μ

1933 4548 2126 4602 dicitur
2153 4555 2206 4601 et
2233 4548 2409 4612 stella,
2447 4549 2686 4619 inquam,
2711 4552 2909 4616 maris,
2936 4551 2988 4604 in
3027 4552 3306 4606 nativitate
3348 4553 3498 4618 Filii;

1927 4651 2170 4689 amarum
2197 4652 2345 4692 mare
2373 4638 2426 4691 in
2448 4640 2700 4708 passione
2721 4639 2862 4694 Filii.
2887 4639 3019 4706 Quia
3043 4641 3182 4695 sicut
3207 4643 3272 4695 ad
3295 4643 3502 4697 stellam

1933 4725 2138 4780 ferrum
2172 4728 2397 4781 vertitur
2431 4737 2630 4783 tactum
2676 4731 2742 4782 ad
2799 4731 3171 4805 adamantem;
3203 4732 3282 4787 sic
3332 4735 3398 4786 ad
3453 4745 3505 4789 te

1928 4818 2090 4872 corda
2141 4830 2487 4888 peccatorum
2519 4820 2717 4885 ferrea,
2742 4821 2894 4891 quasi
2927 4821 3074 4875 circa
3131 4837 3189 4877 se
3235 4825 3502 4880 vertentia

1929 4909 1994 4963 ad
2021 4910 2236 4972 caelum,
2259 4912 2468 4966 scilicet
2519 4922 2830 4966 sanctorum
2853 4921 2905 4967 te
2939 4913 3297 4969 laudantium.
3338 4919 3506 4971 Ama-

1930 5015 2051 5054 rum
2103 5014 2258 5055 mare
2296 5010 2516 5070 propter
2569 5003 2869 5057 bonitatem
2917 5003 3057 5066 Filii,
3084 5015 3304 5073 propter
3342 5023 3510 5078 genus

1930 5093 2122 5146 mortis
2155 5090 2293 5159 ejus,
2328 5101 2548 5162 propter
2590 5091 2848 5150 visionem
2887 5096 3076 5149 mortis
3099 5095 3360 5164 ejusdem,
3406 5098 3482 5151 Do

1931 5181 2076 5237 mina
2103 5195 2230 5234 vero
2257 5179 2404 5237 fuisti
2427 5183 2636 5236 ratione
2661 5183 2955 5253 dignitatis.
2975 5186 3098 5256 quia
3128 5185 3299 5244 Mater
3329 5190 3509 5259 Regis,

2214 5271 2427 5306 ‘!;F'III:¢
2525 5273 2850 5306 nl:m:n1nn:n
2920 5277 3187 5306 διεκίνει-βιῶ
3231 5297 3242 5304 .
3309 5283 3514 5304 ..μιξμμη
