4030 5354
519 403 626 462 583

1600 396 1660 451 S.
1689 391 1990 450 ANSELMI
2022 384 2358 448 [Μίδεω
2399 376 2706 439 ΕΡΙΒΕΟΡῙ

3697 372 3800 430 584

519 520 829 587 Dominum,
855 519 945 590 qui
985 516 1101 587 ejus
1142 515 1499 573 humilitatem
1535 512 1770 582 respexit
1821 509 1975 582 (Luc.
2023 510 2099 579 1);
2134 512 2180 569 Α
2210 505 2318 570 do;
2362 519 2458 575 per
2487 500 2740 572 gratiam,
2769 494 2977 552 scilicet
3030 490 3333 590 inl‘usioni‘s,
3365 488 3699 590 operationis
3747 498 3802 590 et

519 624 787 686 quantum
826 612 893 666 ad
922 613 1163 683 angelus,
1196 610 1392 679 quibus
1417 607 1579 662 etiam
1616 613 1845 676 cognata
1876 601 2105 673 virgini-

521 717 638 772 tas,
670 715 728 760 et
763 712 1024 773 quantum
1076 702 1144 757 ad
1197 700 1463 761 homines,
1490 698 1688 767 quibus
1724 694 1891 751 edidit
1920 692 2108 748 Salva-

522 806 714 853 torem.
749 796 864 860 Vel,
886 798 1059 866 gratia
1082 797 1257 863 plena,
1289 792 1413 864 quia
1445 791 1605 860 Virgo
1636 798 1827 844 contra
1856 799 2104 849 carnem;

519 905 725 960 pauper
753 897 941 943 contra
988 886 1245 942 mundum
1274 902 1288 951 ;
1342 883 1563 938 humilis
1591 889 1783 937 contra
1812 876 2106 933 diabolum.

522 982 779 1036 Dominus
826 991 1017 1045 tecum,
1044 980 1187 1034 sicut
1216 987 1373 1048 pater
1422 992 1543 1030 eum
1589 974 1697 1028 ﬁlia
1736 969 2103 1043 gubernando,

520 1075 660 1129 sicut
693 1074 831 1127 ﬁlius
876 1087 999 1127 cum
1052 1081 1225 1125 matre
1255 1068 1578 1132 obediendo,
1615 1066 1755 1121 sicut
1783 1072 1967 1118 custos
1991 1060 2109 1130 ejus

524 1167 806 1220 thesauros
835 1163 1212 1227 custodiendo,
1247 1163 1387 1216 sicut
1414 1174 1546 1229 puer
1571 1173 1693 1211 eum
1720 1156 1950 1221 nutrice,
1970 1154 2110 1209 sicut

521 1267 755 1324 sponsus
785 1268 908 1307 cum
938 1268 1158 1322 sponsa,
1190 1252 1331 1306 sicut
1363 1265 1457 1305 rex
1486 1263 1611 1303 cum
1648 1248 1856 1316 regina.
1889 1245 1954 1298 Et
1987 1244 2112 1297 ulti-

522 1362 634 1411 mo,
684 1346 937 1400 Dominus
984 1356 1174 1409 tecum,
1200 1358 1294 1414 per
1351 1350 1620 1405 naturam,
1653 1354 1747 1409 per
1773 1336 2025 1409 gratiam,
2057 1342 2113 1389 et

525 1456 621 1509 per
649 1439 897 1511 gloriam.
945 1436 1049 1492 Per
1078 1445 1350 1500 naturam,
1379 1431 1710 1487 excellenter
1744 1427 2111 1489 subsistendo,

524 1530 935 1600 praesentialiter
975 1528 1387 1597 cognoscendo,
1419 1522 1786 1594 potentialiter
1817 1519 2113 1591 persistent-

2215 596 2589 659 revelationis;
2617 600 2670 648 et
2690 606 2786 661 per
2810 589 3065 658 gloriam,
3098 588 3227 659 quia
3277 587 3328 639 in
3370 584 3579 639 ratione
3630 584 3802 655 pleni~

2217 692 2346 745 tudo
2420 689 2592 751 lucis,
2636 686 2688 740 in
2768 683 3049 739 voluntato
3120 679 3397 751 plenitudo
3474 677 3675 746 pacis,
3747 677 3802 731 in

2214 781 2476 836 memoria
2556 776 2893 833 continuatio
2960 773 3305 829 aeternitatis.
3393 770 3680 825 Benedicta
3746 778 3803 823 tu

2214 875 2267 928 in
2321 871 2669 936 mulieribus,
2712 869 2841 940 quia
2914 869 2967 923 in
3017 877 3172 923 utero
3222 864 3602 932 sanctiﬁcata,
3673 861 3803 932 quia

2217 968 2270 1022 in
2322 966 2501 1020 anima
2547 981 2577 1018 a
2625 972 2849 1034 peccato
2896 967 3241 1032 prreservata,
3306 958 3431 1028 quia
3486 959 3539 1012 in
3592 966 3645 1010 te
3679 972 3806 1024 pec-

2215 1059 2321 1115 cati
2349 1057 2519 1113 fomes
2548 1057 2870 1120 exstinctus,
2907 1055 3032 1123 quia
3073 1053 3231 1108 bonis
3256 1051 3509 1108 omnibus
3541 1058 3595 1104 et
3622 1049 3800 1102 virtu—

2217 1150 2362 1203 tibus
2387 1148 2613 1218 repleta,
2643 1148 2771 1214 quia
2808 1152 2962 1200 utero
3011 1154 3101 1197 tuo
3129 1143 3489 1214 privilegiata,
3518 1141 3647 1210 quia
3680 1156 3808 1194 con-

2216 1239 2406 1310 cepisti
2440 1240 2558 1293 sine
2588 1237 2814 1302 semine,
2839 1236 3067 1306 portasti
3094 1234 3213 1289 sine
3260 1232 3515 1305 pondere,
3545 1232 3806 1302 peperisti

2218 1334 2335 1388 sine
2363 1331 2726 1400 dolore,~quia
2765 1329 2832 1383 ab
2859 1328 3112 1383 omnibus
3144 1326 3470 1382 Christianis
3493 1325 3808 1397 specialiter

2218 1423 2455 1487 laudata,
2484 1420 2609 1491 quia
2637 1420 2703 1473 ab
2733 1420 2847 1489 ipso
2875 1417 3114 1481 Christo,
3137 1425 3191 1470 et
3232 1416 3483 1470 omnibus
3527 1415 3733 1469 sanctis
3756 1422 3809 1469 et

2216 1512 2423 1584 angelis
2456 1512 2509 1565 in
2541 1518 2717 1565 morte
2746 1508 2986 1571 obviata,
3016 1516 3123 1560 etc.

535 1645 3808 1690 _____________________________________________.__._

1066 1965 1648 2049 MEDITATIO
1712 1962 2042 2044 SUPER
2101 1957 2429 2039 SALVE
2488 1955 2904 2049 REGINA,
2964 1953 3182 2033 ETC.

531 2107 767 2164 τειυιιιηι
797 2108 935 2162 hunc
963 2107 1236 2177 ρναιβπωη
1259 2102 1606 2177 habetcum
1631 2098 1719 2177 ειές
1760 2090 2458 2177 ρνωείναηαξελιιιςηιιίαηιυ,
2484 2105 2589 2177 re:
2622 2086 3299 2177 sic“..-arfactum:
3318 2085 3810 2177 ιεειθξμέιιτξξέςέίξξ

600 2153 930 2233 natea;
959 2153 1350 2247 δρεάῖηῑῑιᾱίιέ
1368 2153 1527 2247 alii
1549 2153 1634 2223 υ.
1669 2153 1943 2247 carnario
1978 2162 2227 2247 ,αιινεραίς
2259 2171 2417 2247 atque,
2442 2159 2720 2247 aereas
2743 2153 2916 2247 ,ορέτιγ
2948 2153 3544 2247 ,είέὶςξιξτξζείτῖίοβῖξι,ίῖέζνξ

602 2225 1437 2320 ἷιῖἐόᾰῑὲῖιῖἐὶεὶι
1470 2242 1563 2296 illa
1599 2237 1939 2320 contractior,
1973 2236 2075 2320 ista
2099 2232 2260 2300 duplo
2306 2225 2500 2312 major,
2525 2225 2715 2320 neutra
2739 2225 2912 2320 tginen
2946 2226 3558 2320 rapittabiturﬁdnselm‘i,
3584 2225 3639 2305 si
3666 2225 3802 2320 Bel:

599 2296 927 2383 eiEi-113315
940 2296 1231 2384 posterior,
1244 2296 1634 2384 postremailln
1665 2307 1865 2384 verb_q._
1886 2304 1931 2360 0
1962 2296 2228 2384 clemens,
2257 2314 2291 2354 ο
2321 2296 2426 2370 pia,
2459 2313 2493 2384 9
2521 2298 2696 2380 dulcis
2745 2297 2916 2384 rvi-rgo
2937 2296 3150 2384 Maria,
3196 2296 3629 2384 subjunferitin
3677 2296 3813 2384 Iuv-be

603 2366 1448 2458 55;;gaa'51ss')'mMum
1477 2380 1729 2458 nerine.
1760 2377 1865 2458 Atii
1893 2374 2113 2458 solemni
2136 2372 2280 2458 ιτέιιει
2309 2366 3176 2458 tif'ff‘ﬁifiéﬂﬁfecfi’iffi'i‘l‘stfz
3204 2366 3805 2458 resedisset??-

606 2437 1021 2529 'u'u‘JJé
1038 2437 1283 2510 lect-orent
1309 2437 1487 2507 monet
1512 2462 1567 2504 ut
1596 2437 1765 2503 videat
1789 2437 2431 2529 utrum.recte.‘Berrn:irdo
2456 2438 2739 2529 tribuatur;
2770 2437 2918 2529 Idﬁm
2945 2438 3177 2529 profecto
3208 2437 3376 2529 hujus.
3398 2446 3445 2491 et
3491 2439 3800 2504 prwceden-

604 2506 1486 2584 (vium‘wrr'tedi‘tvaiionunicensendus
1514 2531 1586 2576 est
1606 2528 1814 2584 auctor,
1848 2516 2075 2570 maxime
2084 2512 2226 2584 pius,
2268 2509 2456 2563 divinis
2482 2506 2895 2578 contemplandis
2918 2506 3176 2576 mysteriis
3204 2517 3465 2561 assuetus.

608 2793 661 2847 1.
691 2792 771 2846 Ad
802 2790 1141 2847 salutandam
1176 2791 1390 2846 beatam
1419 2786 1721 2856 Virginem,
1752 2782 1926 2854 primo
1952 2779 2119 2836 debes

536 2881 657 2950 ejus
679 2881 1108 2952 magnitudinem
1140 2869 1520 2942 considerare;
1553 2891 1653 2931 nec
1704 2875 1846 2929 enim
1889 2871 2121 2941 amplius

533 2972 681 3025 circa
735 2970 929 3024 Filium
982 2984 1141 3024 suum
1196 2968 1371 3039 potuit
1422 2966 1619 3021 elevari
1650 2980 1815 3037 quam
1844 2971 1902 3017 ut
1952 2961 2123 3015 Mater

539 3062 752 3118 Domini
784 3068 1090 3116 vocaretur.
1134 3059 1425 3114 Exsultans
1454 3074 1603 3128 ergo,
1627 3066 1681 3113 et
1707 3056 1981 3111 admirans
2012 3070 2124 3108 tua-

535 3152 905 3225 gniﬁcentiam
939 3150 1125 3205 Matris
1147 3157 1367 3214 nostrae,
1400 3150 1595 3204 devote
1614 3158 1669 3204 et
1694 3156 2029 3212 reverenter,
2060 3160 2122 3200 ac

544 3243 886 3298 conﬁdenter
908 3242 977 3297 ad
1008 3242 1183 3313 ipsam
1227 3241 1490 3297 accedens
1542 3240 1704 3295 dicito
1742 3256 1755 3292 :
1789 3235 1964 3295 Salve.
2011 3236 2124 3292 lloc

534 3334 684 3391 dicto
725 3335 935 3391 resilias
977 3335 1030 3390 in
1082 3343 1228 3389 tuam
1270 3334 1595 3404 parvitatem
1643 3348 1673 3387 a
1720 3331 2123 3403 magniﬁcentia

537 3427 723 3483 Matris
748 3427 861 3483 Dei.
901 3428 968 3483 Et
989 3427 1098 3494 die,
1128 3427 1447 3497 patientiam
1478 3427 1618 3481 habe
1643 3426 1695 3480 in
1733 3440 1838 3489 me,
1868 3424 2119 3487 Domina,

536 3522 665 3590 quia
702 3538 803 3592 ego
835 3521 1131 3577 vilissimus
1156 3523 1436 3577 hominum
1468 3520 1642 3574 audeo
1673 3518 1930 3573 assistere
1961 3526 2124 3571 tanta:

536 3616 866 3681 Domime,et
887 3617 1123 3671 salutare
1150 3625 1201 3671 te
1225 3631 1493 3685 prtesumo
1550 3614 1812 3683 Reginam
1832 3611 2120 3677 caelorum,

540 3706 827 3760 Dominam
866 3706 1205 3777 angelorum,
1238 3706 1459 3760 Matrem
1516 3704 1612 3759 Dei
1653 3706 1776 3767 mei,
1810 3704 1905 3759 sed
1937 3705 2003 3758 de
2031 3711 2122 3757 tua

540 3793 898 3863 benignitate,
928 3795 1178 3859 Domina,
1208 3794 1424 3859 humili,
1456 3807 1521 3848 ac
1556 3793 1863 3850 humilitate
1892 3793 2123 3863 benigna

540 3885 782 3947 conﬁdo,
801 3885 943 3953 quod
960 3901 1045 3939 me
1068 3885 1497 3955 indignissimum
1510 3884 1827 3939 sustinebis.
1856 3883 2123 3953 thuam-

542 3976 627 4028 vis
650 3975 724 4029 sis
751 3989 877 4028 arca
930 3976 1055 4039 Dei,
1094 3976 1211 4029 sine
1259 3975 1665 4045 comparatione
1717 3976 1945 4032 nobilior
1997 3992 2122 4032 arca

544 4065 760 4121 Veteris
781 4066 1141 4135 Testameuti,
1157 4075 1211 4120 et
1234 4082 1333 4137 ego
1356 4066 1522 4121 multo
1542 4067 1856 4137 ignobilior;
1882 4074 2121 4123 attamen

540 4174 668 4213 etun
696 4166 749 4212 te
784 4159 1008 4229 tetigero
1051 4158 1235 4224 corde,
1264 4175 1326 4213 ac
1352 4159 1660 4215 salutavere
1681 4174 1796 4225 ore,
1825 4176 1932 4216 non
1961 4160 2123 4216 credo

541 4248 778 4319 percuti,
802 4250 892 4303 sed
918 4258 1008 4305 tuo
1039 4263 1224 4305 amore
1247 4252 1425 4319 potius
1468 4250 1814 4317 inﬂammari,
1843 4261 1896 4307 et
1950 4268 1978 4306 a
2032 4261 2120 4307 tua

541 4340 746 4407 pietate
765 4337 1066 4409 largissime
1097 4340 1149 4393 in
1183 4342 1434 4396 omnibus
1459 4341 1721 4397 exaudiri.
1756 4343 1897 4413 Ergo
1948 4340 2122 4409 Salve,

544 4430 771 4501 Regina,
799 4434 896 4487 sub
943 4443 1035 4487 tuo
1067 4435 1349 4503 regimine,
1398 4435 1645 4501 Domina,
1677 4435 1741 4490 de
1766 4446 1967 4493 caetero
2006 4439 2125 4493 volo

544 4524 804 4589 militare,
833 4541 919 4581 me
947 4525 1191 4581 totaliter
1215 4528 1568 4584 dominationi
1597 4537 1701 4585 tuae
1735 4531 2037 4596 committo,
2068 4541 2125 4585 ut

547 4628 635 4665 me
674 4612 917 4681 plenarie
959 4630 1115 4686 regas
1143 4623 1197 4669 et
1227 4617 1515 4685 gubernes.
1550 4618 1664 4673 Non
1707 4635 1794 4676 me
1836 4620 2125 4691 permittas

548 4702 703 4763 mihi,
734 4702 859 4769 quia
897 4718 1014 4758 sum
1039 4706 1170 4760 mihi
1218 4707 1318 4775 ipsi
1361 4710 1609 4765 conscius
1634 4711 1819 4768 nimis.
1854 4712 2125 4783 Quidquid

541 4798 690 4852 enim
711 4798 840 4852 mihi
856 4799 1146 4867 dimiseris,
1162 4804 1376 4858 noveris
1398 4805 1701 4862 miserrimc
1712 4810 2120 4866 destruendum.

550 4886 656 4940 Sed
692 4902 816 4942 cum
847 4888 1037 4956 plenus
1066 4906 1185 4946 sum
1211 4894 1451 4959 miseria,
1482 4905 1536 4951 et
1571 4914 1599 4952 a
1632 4900 1812 4969 planta
1844 4902 1997 4971 pedis
2029 4918 2124 4955 us-

542 4995 654 5049 que
682 4981 749 5035 ad
785 4981 1044 5036 verticem
1075 4984 1413 5053 putrefactus
1474 4992 1817 5059 putredinem
1871 5009 2125 5063 generem

544 5082 604 5125 et
658 5072 961 5137 horrorem,
988 5076 1256 5143 quomodo
1291 5093 1378 5133 me
1415 5097 1601 5152 regere
1653 5085 1963 5155 dignaberis
2018 5096 2126 5139 tam

548 5163 746 5218 nobilis
773 5166 1057 5220 creatura?
1089 5165 1250 5221 Certe
1276 5169 1402 5237 quia
1452 5181 1506 5225 tu
1554 5189 1614 5229 es
1669 5176 1873 5245 Regina
1925 5175 2128 5230 miseri-

546 5254 760 5308 cardine.

2151 2759 2196 2818 Β
2223 2751 2545 2817 sericordiaz,
2571 2752 2697 2822 quia
2725 2767 2833 2806 non
2861 2761 2953 2807 est'
2971 2752 3024 2806 in
3057 2754 3159 2809 hac
3184 2755 3293 2810 vita
3332 2756 3411 2811 sic
3459 2756 3813 2828 desperatus,

2225 2845 2304 2900 sic
2325 2843 2615 2914 miser,cui
2633 2860 2737 2899 non
2764 2844 3021 2915 impetres
3043 2845 3332 2902 salutarem
3359 2848 3813 2915 misericordiam,

2224 2936 2272 2990 si
2304 2935 2426 3004 quis
2457 2934 2526 2988 ad
2581 2942 2735 2988 tuum
2779 2935 3132 2991 declinaverit
3183 2939 3441 3005 regimen.
3489 2941 3677 3005 Certe,
3710 2942 3817 2999 Do-

2230 3027 2395 3090 mina,
2414 3040 2536 3081 cum
2565 3033 2618 3079 te
2647 3025 2875 3095 aspicio,
2906 3043 3009 3081 non
3035 3028 3136 3081 nisi
3169 3028 3597 3084 misericordiam
3622 3046 3813 3087 cerno.

2224 3119 2360 3173 Nam
2386 3133 2485 3189 pro
2524 3118 2739 3173 miseris
2760 3129 2933 3175 mater
2971 3121 3063 3175 Dei
3089 3121 3227 3175 facta
3273 3137 3351 3177 es.
3385 3122 3814 3180 Misericordiam

2227 3210 2442 3265 miseris
2469 3214 2720 3281 genuisti.
2755 3211 3028 3282 Undique,
3056 3212 3304 3279 Domina,
3333 3216 3709 3272 misericordia
3759 3227 3815 3272 tn

2227 3304 2464 3368 vallaris,
2489 3307 2660 3363 solum
2690 3308 2933 3363 misereri
2965 3318 3222 3379 appetere
3258 3319 3309 3363 tn
3336 3311 3554 3367 videris.
3583 3312 3814 3368 Multum

2224 3411 2284 3452 es
2309 3397 2535 3453 sollicita
2564 3400 2631 3455 de
2676 3400 2907 3465 miseris,
2938 3403 3035 3456 hos
3068 3403 3121 3457 in
3160 3411 3281 3459 tuos
3329 3403 3467 3459 ﬁlios
3509 3404 3810 3475 adoptasti,

2226 3489 2324 3544 hos
2356 3504 2540 3561 regere
2569 3490 2807 3556 voluisti,
2834 3490 3082 3559 Domina,
3112 3503 3167 3548 et
3196 3494 3315 3549 ideo
3346 3494 3551 3566 Regina
3586 3498 3801 3551 miseri-

2225 3582 2422 3635 cordia:
2446 3582 2624 3637 debite
2648 3593 2702 3637 tu
2730 3585 2962 3638 vocaris.
2993 3583 3131 3650 Quid
3163 3601 3291 3657 ergo
3339 3572 3415 3643 de.
3456 3600 3677 3652 caetero,
3714 3590 3819 3645 Do-

2227 3673 2393 3738 mina,
2410 3673 2798 3729 formidamus?
2829 3675 2967 3742 Quid
2996 3677 3283 3734 timemus?
3305 3677 3444 3746 Quid
3467 3680 3534 3735 ad
3561 3688 3614 3735 te
3640 3683 3811 3752 gradu

2227 3765 2440 3820 concito
2463 3781 2569 3820 non
2600 3767 2878 3820 venimus?
2920 3767 2987 3821 Et
3038 3769 3159 3837 quis
3189 3785 3216 3822 a
3271 3778 3342 3834 te,
3386 3786 3508 3841 qnze
3562 3773 3813 3842 petierit,

2227 3870 2333 3909 non
2362 3856 2621 3911 habebit?
2648 3865 2797 3911 certe
2824 3859 3029 3923 nescio,
3053 3859 3153 3913 nisi
3186 3861 3277 3930 qui
3303 3876 3362 3914 se
3390 3862 3648 3916 miserum
3701 3880 3808 3918 non

2228 3947 2523 4014 cognoscit.
2554 3946 2687 4013 Quia
2728 3962 2832 4002 non
2864 3948 3052 4003 subest
3084 3950 3153 4003 de
3201 3950 3354 4004 nobis
3387 3958 3479 4005 tuo
3531 3953 3813 4023 regimini,

2229 4038 2332 4093 nisi
2376 4039 2564 4105 miser,
2598 4048 2689 4093 aut
2725 4040 2888 4094 etiam
2920 4041 3011 4110 qui
3041 4057 3099 4097 se
3133 4043 3412 4113 cognoscit
3450 4043 3735 4111 miserum,
3764 4057 3818 4103 et

2152 4117 2195 4179 C
2225 4128 2292 4183 de
2321 4136 2408 4183 tua
2434 4129 2804 4186 misericordia
2839 4132 3081 4187 conﬁdit.
3131 4133 3210 4188 llli
3256 4150 3383 4204 ergo
3411 4144 3644 4204 paveant
3690 4138 3813 4199 soli,

2223 4218 2397 4289 quise
2424 4220 2737 4275 existimant
2760 4219 2940 4286 justos
2975 4237 3116 4288 esse,
3145 4234 3200 4277 et
3235 4226 3451 4293 superbi
3475 4234 3529 4278 et
3550 4240 3819 4293 praesnti»

2225 4314 2424 4383 ptnosi,
2456 4314 2544 4383 qni
2587 4322 2678 4368 tuo
2710 4314 2961 4385 reg’mini
3011 4331 3115 4369 non
3149 4315 3397 4381 subsunt,
3422 4322 3477 4369 et
3521 4317 3690 4370 etiam
3741 4319 3814 4372 illi

2225 4407 2539 4476 ntiseri,qni
2574 4416 2718 4461 tuam
2751 4408 3173 4463 miscricordiam
3210 4425 3314 4462 non
3354 4410 3660 4478 requirunt.
3694 4411 3807 4464 Nos

2225 4510 2356 4567 ergo
2415 4496 2598 4551 miseri
2657 4506 2836 4551 tecum
2877 4498 2944 4551 de
2992 4509 3189 4551 caetero
3228 4498 3595 4564 consolemur,
3632 4510 3813 4556 tecum

2227 4587 2385 4643 modo
2428 4588 2655 4643 Domina
2684 4588 3021 4655 habitemus;
3054 4599 3105 4644 te
3134 4590 3332 4646 mentis
3361 4591 3666 4649 visceribus
3696 4610 3814 4649 am-

2227 4676 2545 4746 plectamur,
2573 4677 2698 4747 quia
2730 4687 2784 4733 tu
2806 4693 2867 4734 es
2910 4680 3036 4735 vita.

2297 4789 2352 4843 3.
2393 4786 2515 4843 Vita
2548 4804 2675 4845 vere
2707 4832 2722 4857 ,
2750 4807 2871 4862 qua:
2930 4800 3159 4848 mortem
3198 4795 3466 4863 superbiae
3508 4796 3815 4852 humilitate

2227 4878 2557 4948 vicisti,quae
2575 4880 2727 4934 nobis
2752 4882 2915 4961 vitam
2942 4882 3128 4950 gratia:
3154 4883 3478 4952 impetrasti,
3500 4901 3623 4955 qua:
3647 4888 3811 4942 vitam

2226 4968 2410 5038 gloria:
2433 4970 2688 5038 genuisti,
2721 4979 2776 5024 et
2807 4988 2913 5026 non
2938 4982 3020 5027 est
3042 4973 3265 5028 dubium
3289 4977 3429 5045 quod
3461 4977 3627 5030 vitam
3655 4988 3815 5032 natu-

2229 5059 2395 5116 ralem
2422 5076 2451 5114 a
2480 5060 2661 5115 multis
2704 5064 2956 5132 periculis
2992 5065 3262 5120 liberasti.
3301 5066 3354 5121 In
3380 5069 3630 5124 omnibus
3664 5072 3814 5126 enim

2229 5159 2280 5206 te
2311 5152 2475 5207 vitam
2503 5156 2660 5208 morti
2688 5157 3075 5225 opponis,cnm
3105 5158 3307 5213 videris
3326 5160 3599 5229 expedire.
3631 5161 3675 5218 Ο
3700 5163 3814 5217 vita

2230 5244 2512 5308 mirabilis,
2553 5260 2671 5308 quae
2705 5256 2948 5303 mortuos
3006 5248 3288 5306 viviﬁcare
3316 5251 3565 5307 conaris!
3596 5252 3701 5304 Per
3732 5262 3810 5308 te.
