4030 5354
223 272 325 326 585

1447 255 1807 317 OI’USCULA
1853 254 2126 307 SPUKIA.

3378 255 3485 311 586

213 385 255 438 ο
279 383 404 445 γεω,
430 377 682 436 ραι-πεῖθε
708 379 848 434 vim;
891 377 958 434 ad
1005 377 1234 431 nihilum
1268 373 1548 442 redigens!
1593 371 1636 425 0
1683 370 1786 424 vita
1823 371 1869 427 Α
1899 379 2082 417 nomen
2106 373 2249 416 tuum
2284 373 2555 430 noverunt,
2581 366 2828 434 quoniam
2861 382 2962 419 non
2993 365 3310 435 derelinquis
3331 385 3480 440 quir-

213 483 358 528 certe
386 471 664 526 contraria
681 469 871 526 mundi
904 469 1052 523 vitaz!
1089 467 1188 534 Qui
1209 467 1354 521 enim
1385 464 1497 518 vult
1523 473 1572 517 te
1596 462 1798 516 habere

210 581 264 621 se
308 561 526 634 adligat,
560 560 784 618 delicias
827 559 1342 633 respuat,.delicata
1390 569 1616 625 quaeque
1669 570 1797 609 con-

211 665 445 720 temnal;
483 664 540 709 et
568 653 660 723 qui
704 653 938 722 amplius
983 653 1348 708 mortilicatus
1391 649 1581 712 fuerit,
1603 660 1654 704 te
1682 664 1798 702 am-

206 749 344 816 plius
384 745 713 816 possidebit.
745 744 792 801 0
819 747 923 800 vita
948 745 1131 805 divina
1153 743 1456 800 lortilicans
1504 753 1794 818 potestate,

208 839 589 905 impetratione
613 836 851 892 divinam
887 837 1213 907 sapientiam
1237 837 1518 901 exhalans,
1541 845 1596 890 et
1616 836 1796 890 divina

206 944 461 1004 vegetans
501 935 767 990 bonitate.
809 933 868 990 Si
897 936 1009 988 vita
1042 949 1160 989 mea
1197 949 1278 999 es,
1315 949 1416 988 cur
1439 949 1546 988 non
1583 946 1798 1000 semper

207 1035 426 1096 vegetas
465 1025 634 1079 vitam
665 1025 883 1080 meam?
920 1024 1054 1092 Quis
1091 1024 1222 1078 mihi
1263 1024 1462 1078 tribuat
1498 1031 1555 1076 ut
1585 1037 1799 1091 semper

207 1114 469 1183 gaudeam
501 1113 768 1168 beneﬁcio
809 1112 970 1184 hujus
1001 1114 1162 1169 vitae?
1205 1113 1448 1166 dulcedo.
1494 1111 1631 1167 Vere
1685 1111 1798 1165 dul-

205 1205 378 1268 cedo,
428 1220 538 1275 qua
588 1207 1010 1260 amaritudinem
1062 1216 1410 1275 peccatorum
1459 1205 1798 1274 impetrando

207 1297 452 1366 expellis,
480 1314 600 1368 quae
638 1297 795 1353 nobis
833 1298 1111 1353 dulcorem
1143 1299 1332 1367 gratis:
1377 1297 1635 1366 acquiris,
1678 1312 1797 1365 qiue

205 1389 268 1442 ad
301 1389 632 1444 suavitatem
663 1390 854 1460 patriae
899 1387 1140 1444 caelestis
1171 1387 1600 1458 contemplantes
1629 1389 1797 1441 intro-

206 1481 378 1544 ducis,
412 1490 470 1535 et
500 1482 717 1536 demum
750 1481 815 1536 ad
848 1483 1020 1551 ipsam
1049 1480 1430 1550 possidendam
1478 1480 1722 1535 adducis.
1753 1479 1798 1533 0

205 1570 378 1623 dulcis
411 1569 662 1637 Domina,
690 1571 844 1643 cujus
873 1569 988 1624 sola
1027 1570 1288 1626 memoria
1314 1568 1569 1624 allectum
1603 1568 1790 1623 dulco-

208 1672 310 1724 rat,
346 1663 505 1732 cujus
533 1662 923 1732 magnitudinis
976 1661 1255 1716 meditatio
1308 1669 1544 1715 mentem
1599 1659 1792 1722 elevat,

1904 467 2070 510 rentes
2109 466 2180 521 te,
2211 457 2434 512 Domina
2463 455 2640 526 (Psal.
2668 459 2765 527 Ix).
2794 458 2950 514 Certe
2974 460 3064 527 qui
3091 471 3303 528 sperant
3331 462 3384 516 in
3410 473 3481 528 te,

1899 554 2178 607 mutabunt
2225 553 2608 622 fortitudinem,
2636 565 2904 609 assument
2953 571 3149 624 pennas
3179 566 3232 610 ut
3265 559 3483 627 aquilis,

1899 655 2110 698 current
2142 655 2190 698 et
2226 661 2328 698 non
2372 644 2702 708 laborabunt,
2729 647 2972 702 rotabant
3012 656 3061 701 et
3093 664 3196 703 non
3242 649 3487 718 deﬁcient

1901 733 2036 804 (Isa.
2065 734 2178 804 ιι).
2240 734 2374 801 Quis
2396 751 2500 790 non
2527 737 2768 806 sperabit
2819 737 2873 792 in
2905 746 2978 805 te,
3007 754 3127 809 quae
3164 748 3220 795 et
3261 741 3489 812 adjuvas

1901 823 2247 894 desperatos?
2267 826 2335 881 Et
2361 827 2482 896 quis
2504 842 2610 882 non
2633 829 2873 898 sperabit
2894 830 2948 885 in
2971 839 3044 895 te,
3068 840 3289 902 propter
3311 839 3480 904 ‘quam

1901 915 2170 971 exaudita:
2191 925 2319 971 sunt
2347 932 2538 987 preces
2561 926 2799 988 patrum,
2822 921 3040 975 oracula
3071 924 3482 992 prophetarum,

1898 1015 2169 1062 eteorum
2220 1009 2512 1079 adimpleta
2565 1013 2962 1082 promissa?Et
2989 1014 3120 1084 quid
3166 1025 3482 1086 potuerunt,

1899 1098 2244 1166 patriarcha,
2274 1109 2331 1154 et
2372 1101 2649 1171 propheta)
2695 1102 3026 1170 desiderare,
3056 1103 3306 1173 Domina,
3339 1111 3486 1178 quod

1900 1204 1997 1258 per
2027 1200 2079 1245 te
2116 1206 2222 1244 non
2251 1191 2455 1247 fuerint
2497 1195 2770 1248 assecuti?
2808 1195 2868 1250 Si
2899 1196 3109 1266 antiqui
3149 1212 3247 1266 per
3282 1209 3332 1254 te
3364 1200 3482 1255 haec

1899 1283 2083 1336 omnia
2118 1282 2448 1349 habuerunt,
2480 1288 2752 1357 quomodo
2790 1301 2910 1352 nos,
2941 1288 3033 1354 qui
3060 1304 3246 1344 sumus
3277 1289 3372 1344 lilii
3406 1293 3483 1346 tui

1899 1375 2162 1445 sanguine
2208 1377 2469 1448 unigeniti
2493 1377 2611 1447 jam
2650 1379 2939 1449 redempti,
2980 1396 3084 1434 non
3139 1382 3481 1449 habebimus,

1899 1468 2044 1536 quod
2070 1467 2402 1524 voluerimus
2427 1470 2744 1538 postulare?
2789 1469 2906 1524 Non
2935 1471 3120 1528 dubito
3158 1475 3303 1544 quod
3331 1475 3376 1530 si
3415 1476 3484 1530 al

1901 1559 2252 1624 tevenimus,
2285 1560 2606 1616 habebimus
2655 1562 2800 1630 quod
2842 1562 3109 1618 volumus.
3143 1565 3198 1618 lu
3253 1574 3304 1621 te
3350 1582 3483 1637 ergo

1899 1658 2102 1719 speret,
2122 1650 2213 1720 qui
2239 1650 2522 1719 desperat;
2554 1651 2646 1720 qui
2678 1651 2882 1718 delicit,
2915 1653 2983 1707 ad
3017 1663 3068 1708 te
3088 1664 3276 1710 currat
3313 1657 3487 1711 conli-

206 1756 358 1822 cujus
380 1711 736 1824 p‘ulchriti’tdo
760 1754 976 1808 oculum
1016 1754 1332 1808 interiorem
1378 1753 1672 1816 exbilarat,
1701 1766 1795 1805 cu-
1829 1711 1871 1768 Β
1900 1740 2124 1806 dem“;
2157 1740 2224 1795 ad
2262 1749 2315 1796 ιθ
2341 1741 2522 1796 veniat
2549 1742 2643 1811 qui
2675 1742 2790 1797 νιιΙῑ
2816 1743 3020 1813 aliquid
3068 1745 3361 1816 impetrare
3404 1749 3488 1802 di-

203 1844 292 1911 jus
321 1847 664 1903 ammnitatis
701 1846 1044 1902 immensitas
1071 1860 1166 1900 cor
1189 1844 1500 1899 meditantis
1528 1843 1788 1897 inebriat!

205 1937 249 1991 Ο
281 1937 532 2002 Domina,
566 1952 687 2008 qua:
716 1937 862 2007 rapis
917 1940 1080 1991 corda
1134 1935 1356 1991 dulcore
1407 1945 1518 1997 tuo,
1549 1942 1606 1988 et
1651 1948 1793 1988 nunc

205 2045 300 2083 cor
329 2044 536 2096 meum,
565 2029 812 2095 Domina,
845 2029 1098 2099 rapuisti;
1126 2036 1180 2084 et
1210 2029 1540 2098 ubi,qua:so,
1570 2026 1794 2096 posuisti

209 2121 357 2186 illud,
384 2129 443 2176 ut
470 2121 648 2190 ipsum
694 2121 900 2176 valeam
942 2121 1222 2176 invenire?
1273 2119 1524 2190 Nunquid
1584 2121 1638 2175 in
1674 2120 1795 2174 sinu

210 2223 320 2278 tuo,
345 2212 686 2282 utmeipsum
713 2213 1006 2278 inveniam,
1033 2213 1309 2269 collocasti
1326 2213 1351 2268 ?
1369 2212 1625 2282 Nunquid
1651 2211 1796 2266 inter

208 2313 295 2355 tua
347 2303 517 2358 ubera
559 2303 824 2373 posuisti?
873 2303 1105 2362 fortasse
1153 2303 1224 2360 ibi
1273 2305 1498 2375 posuisti
1556 2303 1706 2370 illud,
1737 2313 1797 2357 ut

207 2393 348 2461 quod
381 2393 669 2464 lrignerat,
698 2409 884 2450 amore
916 2403 1008 2450 tuo
1054 2410 1377 2451 succensum
1421 2393 1654 2460 calcliat,
1680 2403 1738 2448 ut
1765 2409 1794 2448 a

209 2493 260 2534 te
285 2491 522 2552 nequeat
551 2483 817 2553 separari.
839 2484 883 2537 Ο
923 2485 1126 2553 raptrix
1157 2485 1428 2540 cordium!
1456 2484 1681 2552 Quando
1714 2499 1799 2539 re-

209 2573 402 2629 stitues
435 2574 566 2629 mihi
594 2589 690 2630 cor
714 2575 929 2632 mourn?
955 2577 1135 2643 Quare
1164 2578 1242 2633 sic
1267 2581 1428 2633 corda
1473 2578 1796 2648 simplicium

210 2667 392 2737 rapis?
444 2667 628 2734 Quare
659 2668 997 2736 violentiam,
1030 2670 1138 2724 imo
1169 2670 1612 2726 benevolentiam
1664 2668 1800 2723 lacis

209 2759 435 2813 amicis?
459 2758 717 2828 Nunquid
748 2760 831 2815 vis
851 2760 1282 2829 ipsumtenere?
1310 2761 1448 2817 Cum
1500 2760 1632 2816 illud
1671 2776 1701 2814 a
1748 2769 1800 2814 te

209 2850 440 2917 postulo,
472 2851 605 2906 mihi
640 2851 882 2918 arrides;
909 2861 962 2906 et
985 2852 1169 2910 statim
1201 2861 1289 2907 tua
1335 2852 1622 2908 dulcedine
1671 2867 1801 2908 con-

211 2943 420 3012 sopitus
450 2944 694 3013 quiesco,
723 2958 846 2999 cum
885 2943 942 2999 in
995 2959 1081 2999 me
1125 2959 1394 3010 reversus,
1427 2945 1620 2999 iterum
1671 2943 1800 2999 illud

1897 1831 2071 1887 cendo
2101 1849 2114 1884 :
2144 1829 2322 1886 Salve.
2355 1831 2488 1899 Quis
2512 1847 2542 1887 a
2576 1842 2668 1888 tua
2717 1833 3046 1891 salutatione
3072 1837 3139 1892 de
3161 1847 3359 1894 cmtero
3389 1854 3489 1894 nos

1898 1921 2101 1990 poterit
2128 1919 2441 1990 prohibere,
2465 1938 2528 1977 ex
2588 1937 2696 1992 quo
2726 1924 2806 1979 sic
2834 1940 2895 1980 es
2944 1925 3117 1981 Mater
3147 1937 3202 1982 et
3232 1929 3483 1996 Domina,

1897 2011 2024 2075 vita,
2052 2010 2274 2065 dulcedo
2326 2021 2374 2066 et
2409 2029 2524 2080 spes
2571 2016 2790 2068 nostra?
2825 2014 2957 2082 Quis
2983 2031 3115 2087 ergo
3144 2032 3213 2072 ex
3241 2034 3348 2088 quo
3379 2021 3490 2075 Rc-

1896 2101 2021 2171 gina
2042 2116 2119 2166 es,
2151 2116 2182 2154 a
2213 2111 2304 2156 tua
2338 2105 2641 2158 reverentia
2691 2119 2789 2160 nos
2815 2106 3014 2174 poterit
3035 2107 3332 2178 impedire?
3368 2109 3490 2166 Non

1899 2194 2072 2251 solum
2112 2194 2383 2258 homines,
2432 2195 2528 2250 sed
2583 2197 2854 2252 universa:
2906 2197 3072 2252 etiam
3121 2209 3388 2255 creatura:
3433 2210 3488 2256 te

1898 2287 2230 2343 Genitricem
2258 2289 2355 2344 Dei
2385 2289 2644 2345 salutent.
2677 2289 2962 2355 Universa,
2996 2291 3248 2357 Domina,
3281 2309 3376 2363 per
3428 2303 3486 2348 te
3547 2278 3552 2283 ’

1900 2392 2028 2437 sunt
2060 2389 2388 2446 restaurata,
2420 2392 2474 2436 ct
2507 2398 2663 2436 suum
2685 2383 3034 2438 Conditorem
3066 2400 3164 2453 per
3191 2394 3241 2438 te
3265 2401 3493 2456 recupe-

1901 2487 2026 2531 raat
2069 2477 2341 2540 universa,
2372 2477 2560 2532 utsibi
2607 2477 2788 2532 debito
2819 2479 3012 2534 ordine
3068 2479 3180 2534 sint
3224 2481 3489 2550 subjecta.

1899 2567 2059 2624 Certe
2095 2570 2295 2624 mirum
2332 2570 2548 2625 videtur
2577 2572 2721 2640 quod
2779 2580 2922 2626 totus
2972 2572 3206 2627 mundus
3247 2583 3491 2629 cessata

1901 2670 1990 2716 tua
2015 2661 2363 2725 salutatione,
2382 2663 2509 2731 quin
2537 2676 2752 2733 semper
2777 2672 2828 2717 te
2849 2663 3029 2719 laudet
3050 2666 3198 2719 omni
3225 2675 3488 2736 tempore.

1901 2760 1953 2806 et
1984 2751 2204 2806 salutet.
2251 2751 2358 2806 Sed
2405 2751 2533 2820 quid
2563 2761 2648 2806 est
2678 2761 2730 2806 te
2773 2752 2859 2806 bis
2909 2752 3171 2818 salutare,
3203 2753 3306 2809 nisi
3350 2763 3404 2809 te
3431 2763 3493 2809 ut

1904 2843 2188 2898 Dominam
2214 2842 2530 2914 angelorum
2565 2852 2621 2898 et
2648 2844 2927 2899 hominum
2952 2846 3222 2900 revereri?
3267 2846 3334 2901 Et
3360 2847 3493 2916 quid

1905 2945 1988 2991 est
2016 2936 2246 2990 salutem
2301 2936 2586 3006 replicare,
2618 2937 2722 2993 nisi
2783 2937 2880 2992 tibi
2920 2938 3039 2992 sine
3079 2938 3188 2994 line
3231 2952 3490 2994 reveren-

212 3033 442 3102 postulo,
462 3049 552 3088 me
575 3035 1338 3104 amplexarie,dulcissima,et
1359 3036 1538 3092 statim
1562 3035 1801 3091 inebrior
1830 3051 1874 3111 (ς
1926 3028 2059 3082 tiam
2136 3029 2396 3084 exhibere
2436 3029 2459 3082 ?
2525 3029 2665 3096 Quid
2721 3039 2806 3084 est
2853 3038 2904 3085 te
2949 3029 3187 3085 salutare
3212 3040 3269 3085 et
3295 3031 3492 3086 iterum

217 3134 301 3179 tuo
325 3139 536 3180 amore.
563 3125 718 3182 Nunc
749 3141 845 3182 cor
875 3141 1054 3182 meum
1077 3144 1183 3183 non
1209 3128 1460 3185 discerno
1489 3145 1517 3183 a
1545 3138 1656 3184 tuo.
1685 3129 1797 3185 Nec

215 3215 356 3269 aliud
382 3224 572 3286 petere
589 3217 706 3273 scio
733 3232 763 3271 a
787 3227 840 3270 te
879 3217 982 3272 nisi
1014 3227 1187 3274 tuum.
1219 3219 1351 3285 Sed,
1379 3234 1447 3274 ex
1479 3235 1586 3289 quo
1615 3221 1695 3275 sic
1713 3228 1798 3275 est

214 3321 302 3359 COI'
333 3320 514 3359 meum
547 3315 642 3360 ιιιο
666 3321 854 3361 amore
885 3307 1236 3371 inebriatum,
1261 3319 1355 3364 tuo
1374 3323 1561 3364 amore
1601 3326 1796 3366 ροηδο-

215 3395 401 3464 pitum,
426 3397 670 3467 guberna
690 3413 813 3454 cum
855 3409 967 3463 tuo,
1004 3407 1058 3454 et
1086 3401 1141 3454 in
1187 3400 1452 3470 sanguine
1493 3403 1631 3470 Agni
1657 3416 1791 3458 con~

215 3502 364 3542 serva
394 3497 454 3543 et
481 3489 537 3543 in
559 3490 727 3545 latere
751 3490 842 3545 lilii
875 3491 948 3546 tui
970 3491 1200 3558 colloca,
1227 3501 1287 3547 ut
1314 3493 1487 3547 solum
1526 3509 1646 3563 quae
1679 3509 1798 3549 sen-

216 3582 282 3636 tis
309 3583 537 3649 sentiat,
571 3592 629 3638 et
678 3584 851 3640 solum
881 3585 1066 3656 diligat
1114 3601 1236 3656 quae
1289 3596 1346 3640 tu
1393 3602 1565 3652 amas,
1591 3603 1698 3641 non
1745 3589 1799 3642 in

217 3682 378 3737 terra,
421 3675 518 3729 sed
568 3676 622 3729 in
654 3676 792 3730 coelo
832 3677 904 3731 sit
947 3688 1144 3731 tecum.
1193 3676 1271 3733 ΟΞ
1322 3677 1540 3731 beatum
1572 3694 1668 3734 cor
1695 3688 1797 3744 est,

215 3767 296 3820 cui
317 3767 512 3838 datum
550 3777 634 3822 est
664 3783 899 3837 semper,
933 3769 1016 3824 vel
1057 3770 1211 3839 quasi
1258 3785 1488 3839 semper,
1519 3771 1799 3826 Dominam

216 3858 494 3923 meditari;
545 3859 632 3914 cui
681 3859 865 3915 datum
895 3869 982 3916 est
1025 3875 1238 3928 semper
1270 3862 1414 3916 inter
1441 3861 1668 3916 delicias
1697 3863 1801 3917 Do-

168 3970 178 3978 -
215 3950 340 4004 mini
366 3950 625 4021 gloriari;
657 3965 866 4006 necnon
890 3953 1124 4021 compati
1146 3951 1267 4006 Filii
1290 3952 1552 4022 passioni.
1583 3952 1803 4008 0min-

215 4044 332 4099 bilis
349 4055 404 4099 et
416 4043 672 4099 amabilis
695 4044 876 4100 cordis
898 4043 1243 4109 dulcedo,cui
1268 4054 1467 4100 caetera
1492 4053 1547 4099 et
1568 4055 1800 4116 patrem,

217 4145 510 4190 matr-emet
525 4134 775 4204 ﬁlios,vel
799 4150 862 4190 ea
885 4149 1006 4205 quae
1018 4134 1083 4189 ad
1099 4135 1243 4205 ipsos
1263 4144 1529 4205 spectant,
1548 4133 1804 4190 fetidissi~

217 4243 298 4282 ma
314 4237 368 4283 et
384 4243 576 4282 amara
607 4227 879 4282 videntur.
901 4225 947 4283 0
960 4226 1274 4293 dulcissima
1288 4225 1532 4286 Domina.
1553 4225 1804 4281 dulcissi-

218 4339 356 4377 mum
373 4322 613 4378 fructum
627 4321 1185 4386 habens,dulcissime
1195 4320 1360 4376 corda
1372 4319 1805 4384 attrahens,dul-

1905 3117 2193 3185 salutare,
2251 3120 2358 3174 nisi
2406 3120 2638 3174 salutem
2675 3161 2689 3184 ,
2733 3129 2790 3174 et
2859 3120 3052 3175 salutis
3105 3121 3410 3190 profectum
3460 3135 3493 3174 a

1902 3219 1974 3274 te,
2005 3212 2256 3273 Domina,
2302 3211 2608 3281 postulare?
2654 3210 2794 3277 Quid
2848 3211 3147 3265 salutamus
3183 3220 3240 3265 et
3293 3212 3491 3266 iterum

1901 3303 2221 3368 salutamus,
2266 3303 2370 3357 uisi
2402 3311 2460 3355 ut
2500 3311 2608 3356 tam
2646 3302 2873 3357 interius
2919 3317 3080 3371 quam
3123 3301 3365 3356 exterius
3395 3317 3492 3370 per

1904 3408 1980 3459 te,
2015 3395 2261 3459 Domina,
2292 3394 2584 3449 salubriter
2629 3394 3040 3449 custodiantur?
3079 3392 3219 3459 Quid
3268 3402 3372 3460 est,
3395 3409 3487 3448 sa-

1904 3486 2038 3550 luto,
2091 3495 2148 3540 et
2200 3486 2419 3544 iterum.
2452 3486 2649 3548 saluto,
2701 3485 2804 3538 nisi
2842 3485 2966 3554 quia
3018 3492 3124 3539 ture
3172 3485 3491 3546 reverentia:

1901 3587 2189 3646 utrumque
2216 3577 2489 3631 hominem
2519 3577 2776 3647 expono?
2808 3575 2876 3632 Ut
2902 3575 3028 3645 quid
3058 3591 3222 3647 porro
3267 3587 3319 3633 te
3345 3577 3490 3633 salu-

1904 3672 2035 3737 tavi,
2065 3681 2116 3725 et
2142 3671 2339 3725 iterum
2386 3671 2638 3737 salutavi,
2671 3671 2772 3724 nisi
2803 3678 2860 3723 ut
2889 3685 2986 3740 per
3008 3677 3059 3726 te
3099 3669 3267 3725 Deum
3290 3680 3346 3725 et
3393 3671 3492 3727 ho—

1902 3765 2245 3827 minem,nisi
2268 3775 2327 3819 ut
2356 3779 2452 3833 per
2480 3773 2532 3818 te
2553 3773 2705 3818 tuum
2733 3762 2927 3817 Filium
2946 3763 3318 3832 possiderem?
3347 3764 3488 3832 Quid

1903 3855 2132 3910 salutavi
2156 3865 2228 3915 te,
2253 3855 2357 3908 nisi
2389 3865 2448 3908 ut
2474 3855 2756 3910 redderem
2778 3854 2846 3909 ad
2870 3869 2988 3909 mea
3012 3863 3136 3909 vota
3163 3856 3487 3920 accinctam,

1903 3957 1958 4002 et
1990 3947 2186 4001 iterum
2225 3946 2478 4012 salutavi,
2509 3945 2612 4000 nisi
2655 3955 2714 3999 ut
2765 3962 2997 4015 propera
3029 3960 3179 4000 esses
3222 3947 3289 4000 ad
3327 3949 3550 4015 ματη-ο

1905 4037 2132 4094 eienda?
2162 4039 2272 4092 Aut
2324 4046 2476 4094 certe
2503 4039 2682 4108 primo
2731 4038 3001 4092 voluimus
3043 4037 3307 4102 salutare,
3341 4048 3400 4092 ut
3439 4049 3489 4092 te

1905 4131 2442 4196 commendaremus;
2493 4128 2734 4184 secundo
2764 4137 2824 4181 ut
2868 4137 2990 4196 post
3030 4128 3170 4180 hanc
3213 4128 3488 4181 miseriam

1908 4216 2034 4272 Filii
2065 4219 2141 4273 tui
2179 4219 2352 4290 gloria
2379 4220 2765 4288 gauderemus.
2810 4216 2998 4271 Primo
3026 4232 3110 4280 es,
3136 4217 3388 4283 Domina,
3412 4233 3492 4273 sa-

1905 4308 2150 4376 lutanda,
2185 4320 2244 4364 ut
2267 4325 2365 4380 per
2389 4319 2440 4363 te
2468 4308 2702 4378 gratiam
2735 4307 3110 4376 impetremus;
3141 4309 3399 4375 secundo,
3443 4324 3500 4364 ut

219 4415 427 4470 cissima
447 4416 588 4470 bona
602 4412 1184 4484 largiens,dulcisatma
1204 4425 1432 4482 quisque
1458 4410 1799 4479 promittens,
1834 4431 1880 4488 υ
1909 4414 2006 4470 per
2029 4410 2080 4456 te
2104 4400 2173 4454 ad
2199 4401 2425 4471 gloriam
2450 4398 2750 4454 veniamus.

219 4506 529 4561 dulcissima
553 4505 724 4560 corda
763 4515 821 4558 tu
860 4503 1062 4559 reddis.
1095 4503 1140 4558 0
1179 4517 1344 4571 quam
1375 4501 1554 4555 dulcis
1581 4515 1660 4563 es,
1697 4498 1802 4553 Do.

219 4598 352 4650 mina
375 4597 526 4651 mea!
559 4595 604 4651 0
630 4603 784 4651 certe
805 4609 971 4663 quam
999 4594 1193 4656 dulcis,
1221 4601 1276 4646 et
1295 4607 1462 4661 quam
1487 4591 1798 4646 dulcissima

219 4689 268 4742 in
314 4689 546 4754 deliciis,
601 4683 918 4743 dulcissima
967 4685 1171 4740 habens
1221 4685 1386 4740 ubera
1439 4682 1697 4753 pietatis,
1746 4693 1803 4734 et

222 4795 420 4834 suuuue
449 4777 765 4834 benedicta!
797 4774 953 4832 Tunc
980 4790 1239 4844 assequar
1267 4791 1387 4846 qua:
1415 4774 1655 4838 intendo,
1675 4783 1803 4832 ωηο

225 4874 497 4939 possidcbo
523 4873 670 4944 quod
691 4885 875 4942 spero,
901 4869 1031 4940 quia
1061 4877 1115 4922 tu
1140 4884 1200 4923 es
1245 4887 1358 4937 spes
1387 4865 1588 4924 noitra.

288 4961 470 5019 Nonne
499 4973 556 5019 tu
597 4978 659 5018 es
691 4958 920 5018 Domina
955 4957 1146 5030 regni?
1192 4975 1372 5014 nonne
1425 4969 1480 5014 tu
1527 4975 1587 5015 es
1632 4959 1804 5016 Mater

227 5055 440 5121 prazmii,
463 5055 679 5113 scilicet
719 5051 1064 5121 Christi,qui
1090 5061 1174 5105 est
1219 5053 1502 5122 praemium
1538 5054 1803 5108 bonorum

228 5164 284 5202 ac
312 5149 630 5205 beatorum?
660 5145 853 5203 Nonne
878 5157 933 5200 tu
957 5159 1153 5214 csqute
1175 5160 1272 5200 nos
1299 5152 1507 5201 tantum
1528 5146 1805 5202 desideras

227 5240 469 5297 exaltari?
493 5240 692 5297 Nonne
721 5239 840 5292 sine
890 5236 1302 5306 comparatione
1329 5238 1450 5308 plus
1477 5252 1581 5294 nos
1627 5237 1807 5309 diligis

768 5351 772 5354 .
816 5349 877 5354 ...-
968 5343 1081 5354 -Διμῼ
1106 5344 1262 5354 ηιιΔ-..
1308 5341 1413 5354 -.ι-..ι
1433 5347 1483 5354 --

1981 4494 2037 4548 5.
2080 4494 2158 4546 Ad
2183 4501 2254 4557 te,
2285 4492 2353 4548 ad
2389 4503 2441 4547 te
2481 4508 2629 4558 vere,
2663 4493 2790 4562 quia
2835 4503 2910 4558 tu,
2941 4494 3186 4561 Domina,
3221 4493 3394 4551 Deum
3445 4508 3498 4550 et

1906 4589 2176 4644 hominem
2225 4587 2491 4658 genuisti;
2553 4596 2607 4640 tu
2661 4586 2808 4650 sola,
2856 4587 3112 4650 Domina,
3178 4589 3492 4645 hazreticam

1906 4679 2228 4749 pravitatem
2277 4676 2632 4751 interemisti;
2679 4687 2733 4729 tu
2769 4676 2880 4730 sola
2922 4692 2982 4730 es
3033 4676 3260 4732 Domina
3309 4681 3488 4750 regni;

1908 4781 1965 4827 tu
2003 4770 2115 4826 sola
2159 4784 2216 4824 es
2260 4767 2612 4841 gubernatrix
2655 4769 2886 4836 prtemii.
2923 4767 3004 4821 Ad
3039 4779 3088 4822 te
3127 4780 3357 4826 matrem
3390 4789 3492 4827 no—

1907 4877 2100 4929 stram,
2145 4863 2210 4916 ad
2263 4871 2317 4918 te
2358 4862 2624 4916 nutricem
2672 4872 2936 4926 nostram,
2969 4861 3036 4915 ad
3075 4871 3130 4918 te
3171 4865 3492 4934 adjutricem

1909 4965 2177 5015 nostram,
2207 4953 2275 5006 ad
2306 4963 2358 5008 te
2387 4961 2555 5014 certe,
2586 4967 2706 5019 qua:
2746 4970 2848 5011 nos
2891 4953 3038 5008 lavas
3065 4955 3336 5011 alaecibus
3367 4971 3494 5025 pec-

1909 5056 2184 5105 catorum.
2229 5059 2352 5112 qua:
2396 5059 2495 5099 nos
2537 5044 2840 5104 consolaris
2875 5047 3038 5100 etiam
3071 5046 3122 5102 in
3155 5048 3500 5104 incunabulis

1908 5140 2210 5212 vagienteS.
2248 5135 2419 5194 laetas
2457 5136 2709 5208 parvulos
2743 5139 3077 5204 esurientes;
3117 5139 3224 5196 tuis
3260 5141 3500 5196 brachiis

1909 5235 2287 5292 sustentantur
2329 5230 2526 5286 inﬁrmi
2565 5231 2910 5300 deﬁcientes;
2956 5240 3009 5286 tu
3039 5247 3165 5286 vere
3194 5232 3500 5288 consolidas

1909 5326 2218 5354 “ulnas-nine
2297 5325 2363 5354 ηδ
2418 5322 2642 5354 οιιῘηοιιηὶ
2698 5324 2952 5354 κΑ-,Ιιιιιῖβ
2997 5332 3226 5354 ωηιιΛΙΛη
3290 5334 3338 5354 nl
3393 5339 3498 5354 “An
