4030 5354
520 349 622 406 ΞΞ8Ἱ

1535 343 1592 398 S.
1625 341 1922 398 ANSELMI
1949 337 2289 397 'LUCENSIS
2331 340 2640 398 EPISCOPI

3673 339 3778 396 588

519 468 728 529 deliciis
757 477 853 520 nos
883 461 1052 527 foves,
1085 467 1138 515 et
1166 459 1358 514 nutris.
1404 459 1482 510 Ad
1525 467 1572 511 te
1614 455 1922 510 clamamus.
1955 453 2100 522 Quo-
2127 457 2174 515 Α
2203 463 2447 524 quentes,
2479 453 2636 524 proni
2665 466 2850 507 sumus
2899 451 2968 507 ad
3009 451 3228 518 malum,
3257 426 3498 508 difﬁciles
3541 465 3672 506 vero
3717 451 3785 504 ad

519 563 680 620 modo
709 573 816 612 non
857 554 1236 616 clamarcmus,
1269 549 1514 611 Domina,
1549 547 1639 617 qui
1679 547 1896 600 vulnera
1939 543 2100 598 susti-

521 665 734 716 nemus,
774 648 960 718 plagas
1007 643 1291 708 sentimus,
1331 640 1420 710 qui
1466 639 1704 708 undique
1753 637 1820 691 ab
1869 635 2102 690 inimicis

521 745 922 804 circumdamur
981 749 1036 794 et
1083 737 1378 792 terremur!
1419 732 1752 797 Clamamus,
1809 730 2101 802 angustiati

521 849 576 894 et
601 837 837 894 miseriis
863 825 1685 900 infinitisoppressi.Clamamus
1714 823 1894 878 cordis
1917 822 2102 878 anxie-

521 941 654 998 tate,
678 925 947 986 stomachi
971 923 1262 986 vacuitate,
1291 919 1492 975 doioris
1519 917 1833 980 acerbitate,
1857 914 2103 970 autforto

522 1039 648 1094 erga
677 1028 726 1076 te
752 1017 955 1074 amoris
983 1014 1370 1070 immensitate.
1405 1010 1727 1066 Clamamus.
1751 1009 1828 1063 Ne
1851 1008 1945 1063 tibi
1972 1023 2103 1080 erga

525 1131 624 1170 nos
663 1107 1021 1168 somnolentia
1063 1105 1373 1169 inducatur,
1407 1115 1532 1172 quae
1569 1115 1666 1156 nos
1707 1101 1794 1155 die
1839 1107 2105 1168 nocteque

526 1205 786 1262 custodis.
826 1202 1005 1269 Quare
1041 1196 1342 1260 ohdormis,
1383 1193 1642 1248 Domina?
1681 1191 1876 1262 Surge,
1909 1191 2103 1258 adjuva

523 1313 641 1352 nos.
695 1293 1027 1356 Clamnmus,
1087 1288 1249 1344 etiam
1305 1293 1364 1340 ut
1415 1284 1793 1340 necessitatem
1859 1293 2104 1336 nosrram

523 1389 847 1460 paudamus,
885 1385 1010 1454 quia
1049 1383 1288 1438 clamare
1325 1394 1426 1434 nos
1469 1380 1767 1434 necessitas
1809 1374 2101 1445 compellit.

522 1479 742 1533 Necnon
781 1475 1069 1529 clamamus
1105 1481 1162 1526 ut
1198 1472 1263 1525 ad
1293 1468 1722 1539 compassionem
1753 1473 1826 1530 te,
1857 1465 2101 1530 Domina,

523 1572 860 1624 invocemus.
916 1563 1052 1618 Nam
1107 1569 1325 1632 propter
1379 1559 1525 1613 hunc
1577 1557 1872 1612 clamorem
1927 1567 2106 1609 raucze

523 1663 682 1717 facta:
723 1665 852 1713 sunt
899 1655 1082 1709 fauces
1135 1668 1288 1707 meae.
1323 1650 1462 1718 Quid
1508 1663 1638 1720 ergo
1671 1648 1900 1719 amplius
1943 1645 2104 1717 aflligi

523 1749 826 1820 permittis?
866 1745 922 1800 Si
969 1758 1098 1815 ergo
1132 1742 1358 1796 multum
1388 1740 1702 1800 tardaveris,
1733 1753 1920 1794 vocem
1949 1735 2108 1791 amit-

2205 545 2423 599 bonum.
2477 545 2543 598 Et
2571 545 2614 599 si
2679 544 2954 613 contingat
3011 543 3242 613 aliquem
3292 542 3459 598 tilium
3515 543 3784 598 bonorum

2204 649 2428 702 operum
2472 648 2764 705 generare,
2802 648 2930 690 cum
2975 634 3206 702 quodam
3245 631 3428 688 cordis
3467 631 3688 695 dolore,
3731 639 3790 686 et

2207 727 2425 780 tristitia
2455 726 2788 797 parturimus
2817 724 3110 790 multoties,
3143 725 3238 780 sed
3265 723 3464 780 malum
3495 739 3620 778 cum
3653 721 3791 776 laeti-

2207 819 2278 872 tia
2310 828 2706 890 perpetramus.
2753 816 2871 872 Non
2909 817 3070 882 nobis
3099 814 3370 872 sufficiunt
3397 815 3540 872 mala
3575 823 3806 890 nostra,_

2207 911 2302 966 sed
2329 911 2471 966 sicut
2500 911 2610 966 Eva
2635 911 2828 974 Adam,
2863 909 2937 964 ita
2981 917 3038 964 et
3077 923 3176 964 nos
3219 908 3427 978 aliquos
3464 907 3792 962 inclinamns

2207 1005 2274 1056 ad
2305 1002 2465 1056 maia.
2495 1001 2564 1058 Et
2599 1002 2738 1056 sicut
2781 1001 2894 1070 ipsa
2941 999 3236 1055 excusabat
3275 1013 3354 1066 se,
3387 999 3460 1054 ita
3501 1007 3558 1052 et
3593 1011 3694 1051 nos
3734 996 3788 1049 in

2207 1093 2412 1150 nostris
2445 1093 2745 1148 defectibus
2775 1107 3116 1158 excusamus,
3149 1100 3244 1146 aut
3279 1091 3491 1157 saltem,
3519 1091 3564 1146 si
3608 1089 3790 1161 possi-

2207 1199 2351 1250 mus,
2383 1185 2436 1238 in
2471 1184 2608 1240 alios
2641 1193 3037 1253 reterquemus.
3083 1181 3265 1238 Taedet
3305 1197 3406 1238 nos
3446 1181 3590 1238 vesci
3641 1181 3796 1251 ligno

2207 1277 2352 1343 vitae,
2381 1276 2654 1332 Christum
2685 1275 2997 1342 Dominum,
3029 1275 3238 1332 scilicet
3265 1275 3318 1330 in
3347 1291 3511 1334 cruce
3543 1283 3794 1330 contem—

2207 1366 2364 1437 plari,
2395 1377 2448 1421 et
2481 1381 2674 1422 manus
2703 1367 2770 1422 ad
2799 1366 3002 1437 lignum
3040 1369 3264 1422 vetitum
3295 1366 3644 1438 applicamus.
3671 1363 3792 1422 Non

2206 1471 2464 1512 curamus
2490 1471 2588 1527 per
2615 1455 3118 1527 contemplationem
3149 1456 3384 1526 paradisi
3415 1455 3626 1512 deliciis
3653 1469 3790 1510 con-

2208 1545 2395 1612 solari,
2425 1547 2522 1602 sed
2563 1547 2744 1616 potius
2785 1547 3034 1602 volumus
3081 1547 3134 1602 in
3179 1555 3524 1618 peccatorum
3569 1543 3794 1600 faecibus

2209 1637 2482 1704 habitare,
2507 1645 2562 1692 et
2599 1637 2894 1693 vanissima
2923 1651 3147 1707 qumque
3185 1645 3446 1704 tractare,
3471 1637 3582 1690 imo
3611 1644 3672 1690 ut
3696 1650 3794 1690 ve-

2210 1747 2330 1786 rum
2375 1730 2584 1794 dicam,
2621 1729 2944 1788 fetidissima
2985 1739 3226 1788 stercora
3275 1728 3601 1786 masticare?
3652 1727 3792 1788 Heu.

525 1795 634 1896 iam
666 1839 972 1902 clamando,
1003 1795 1062 1891 ei
1085 1834 1150 1888 ad
1185 1841 1236 1888 te
1263 1831 1492 1900 amplius
1533 1829 1816 1886 vociferari
1851 1828 2102 1898 nequibo.
2136 1795 2182 1855 Β
2210 1831 2412 1893 quanta
2441 1823 2669 1886 insania,
2701 1831 2756 1878 et
2783 1822 3016 1886 vanitas,
3041 1830 3097 1878 et
3121 1823 3340 1879 caecitas
3363 1821 3636 1878 inaudita!
3665 1819 3796 1874 Plus

527 1933 642 1987 iieu
673 1929 825 1992 mihi,
859 1927 986 1998 quid
1021 1933 1146 1980 tunc
1175 1923 1394 1988 faciam,
1422 1939 1542 1978 cum
1589 1937 1690 1976 nec
1728 1920 1992 1976 exaudire
2021 1933 2108 1973 me

524 2023 762 2094 poteris,
811 2035 912 2074 nec
960 2016 1182 2072 audire?
1221 2014 1372 2069 Tunc
1425 2014 1554 2084 quid
1593 2013 1807 2074 faciam,
1857 2011 2106 2078 Domina,

527 2129 650 2168 cum
677 2128 704 2167 a
730 2121 780 2166 te
805 2109 954 2164 fuero
980 2108 1192 2178 penitus
1213 2105 1538 2159 destitutus?
1561 2103 1713 2158 Tunc
1737 2102 1866 2172 quid
1891 2101 2105 2167 factam,

529 2217 652 2257 cum
678 2211 766 2256 tua
791 2201 953 2253 ubera
977 2211 1084 2251 non
1107 2194 1310 2266 poteris
1330 2193 1676 2249 ministrare?
1695 2192 1834 2258 Cito,
1863 2191 2108 2258 Domina,

439 2313 444 2320 ·
529 2290 818 2348 subvenias
847 2287 1122 2352 clamanti,
1157 2298 1224 2339 ne
1261 2285 1508 2340 manibus
1542 2281 1845 2352 subjaceam
1877 2281 2106 2336 inimici.

527 2381 721 2445 Curre,
763 2378 977 2440 festina,
1019 2377 1269 2441 Domina,
1302 2382 1454 2428 tuum
1493 2373 1884 2445 nequissimum
1931 2385 1996 2426 ac
2031 2372 2114 2426 iu-

526 2470 904 2524 ildclissimum
963 2481 1178 2522 servum
1231 2465 1299 2518 ad
1353 2475 1403 2519 te
1459 2463 1784 2520 clamantem
1841 2463 2111 2533 parcendo

527 2563 742 2631 adiuva,
784 2569 840 2616 et
878 2560 1027 2629 eripe
1073 2559 1140 2612 de
1187 2558 1437 2612 manibus
1479 2556 1686 2612 inimici
1713 2567 1770 2611 et
1796 2571 1825 2610 a
1859 2555 2114 2625 periculis

529 2657 606 2709 tui
643 2655 833 2710 hostis.
870 2651 926 2706 Si
967 2665 1076 2706 non
1121 2649 1286 2714 aliud,
1325 2649 1576 2714 Domina,
1609 2647 1832 2702 allicere
1869 2657 1920 2701 te
1951 2647 2114 2702 delic-

529 2756 635 2810 ret,
664 2747 765 2800 nisi
793 2746 920 2815 quia
945 2753 1068 2798 tuus
1093 2743 1262 2797 hostis
1285 2743 1446 2796 audet
1474 2757 1572 2796 nos
1595 2740 1836 2798 servulos
1859 2740 2113 2794 invadere

528 2837 923 2898 fraudulenter,
967 2833 1193 2888 deberes
1230 2832 1557 2902 quantocius
1601 2830 1880 2886 festinare.
1919 2830 2109 2896 Curre,

528 2938 584 2981 et
628 2928 797 2980 libera
850 2921 978 2991 nos,
1029 2923 1290 2988 Domina,
1321 2929 1543 2992 propter
1579 2937 1766 2977 eorum
1804 2921 2112 2992 superbiam

529 3017 952 3088 reprimendam.
999 3015 1172 3069 Curre
1205 3030 1273 3068 ne
1311 3012 1561 3068 inimicus
1615 3011 1872 3083 glorietur
1911 3011 1964 3066 in
2009 3012 2114 3066 tuis

2211 1914 2355 1970 enim
2387 1914 2542 1970 nobis
2571 1913 2766 1984 placet,
2810 1914 2867 1970 in
2907 1913 3092 1972 labore
3128 1914 3320 1978 nimio,
3346 1919 3402 1970 et
3435 1911 3636 1970 sudore
3665 1910 3794 1965 vilia

2212 2015 2265 2062 et
2289 2014 2518 2062 mortem
2549 2014 2790 2062 nostram
2822 2005 3108 2075 acquirere
3140 2021 3300 2074 quam
3334 2020 3455 2060 cum
3490 2003 3634 2060 omni
3671 2001 3796 2056 dul-

2213 2113 2340 2154 core
2375 2107 2431 2154 et
2479 2099 2747 2154 suavitate
2788 2098 2952 2154 vitam
2995 2113 3102 2152 non
3147 2097 3323 2154 solum
3361 2097 3666 2167 acquirere,
3699 2094 3796 2150 scd

2213 2191 2377 2246 etiam
2421 2191 2654 2262 quodam
2689 2191 2850 2246 modo
2889 2191 3166 2262 possidere
3209 2199 3488 2254 aeternam,
3517 2197 3573 2244 et
3607 2187 3798 2258 gloria:

2214 2284 2502 2340 Dominum
2561 2283 2868 2352 degustare.
2915 2281 2985 2336 Et
3033 2281 3164 2346 nisi,
3213 2279 3466 2346 Domina,
3501 2293 3602 2334 nos
3643 2277 3800 2346 adju-

2213 2374 2657 2442 vissesyfurtasse
2677 2374 2745 2430 ad
2766 2371 2962 2428 inferni
2985 2372 3401 2443 profundissima
3429 2370 3794 2426 venissemus.

2215 2469 2333 2524 Non
2377 2475 2482 2533 est,
2513 2467 2764 2532 Domina,
2793 2466 2936 2536 quod
2977 2479 3077 2522 nos
3117 2466 3298 2520 valeat
3339 2477 3630 2527 excusare,
3666 2461 3796 2530 quia

2217 2578 2320 2616 non
2353 2569 2425 2627 te,
2461 2559 2554 2615 sed
2586 2557 2754 2614 Evam
2793 2559 2846 2612 in
2874 2557 3124 2614 omnibus
3155 2557 3448 2622 imitamur,
3479 2555 3587 2609 imo
3615 2553 3800 2624 potius

2218 2653 2639 2710 transcurrimus
2667 2653 2721 2706 in
2753 2650 2928 2705 Illalis.
2957 2650 3024 2704 Et
3053 2649 3174 2706 ideo
3203 2649 3306 2704 hoc
3345 2663 3380 2701 a
3421 2657 3514 2702 tuo
3537 2645 3800 2702 elementi

2213 2745 2474 2815 suii'ragio
2523 2751 2942 2815 cognoscentes,
2993 2757 3090 2812 per
3135 2750 3208 2808 te,
3247 2739 3497 2805 Domina,
3529 2739 3599 2794 de
3649 2747 3798 2792 tanta

2219 2839 2437 2894 miseria
2485 2836 2754 2892 sublevari
2797 2847 3106 2904 sperantes,
3164 2841 3382 2904 propter
3422 2833 3558 2896 hoc,
3605 2831 3677 2884 ad
3726 2841 3798 2892 te.

2219 2929 2461 2992 Domina,
2489 2929 2835 2998 suspiramus,
2859 2927 3195 2996 suspiramus
3221 2933 3399 2982 autem
3419 2927 3485 2981 de
3503 2925 3662 2980 boum
3685 2939 3804 2978 ma—

2219 3021 2320 3076 tris
2339 3019 2794 3086 absentia,vcnire
2809 3018 2873 3074 ad
2897 3030 2968 3085 te,
2986 3018 3230 3084 Domina,
3245 3015 3802 3088 cupientes.Suspiru-

533 3109 807 3165 clientulis
839 3105 1129 3163 dominari.
1175 3105 1368 3170 Curre,
1401 3119 1470 3160 ne
1501 3105 1685 3160 dicant
1717 3122 1730 3158 :
1770 3103 1866 3158 Ubi
1903 3112 1986 3158 est
2021 3117 2113 3158 eo-
2141 3137 2185 3200 C
2220 3129 2355 3178 mus,
2384 3111 2452 3168 ad
2479 3121 2550 3178 te,
2583 3111 2826 3177 Domina,
2849 3111 3035 3167 videre
3057 3118 3210 3166 {unm
3237 3108 3432 3164 Filium
3457 3107 3802 3164 anhelantes.

535 3215 655 3254 rum
692 3199 951 3263 Domina,
999 3197 1066 3252 de
1107 3194 1259 3264 cujus
1295 3195 1584 3252 clementia
1624 3195 2002 3252 confidebant?
2035 3193 2112 3250 Nc

535 3290 782 3352 mireris,
833 3287 1090 3352 Domina,
1145 3287 1188 3342 si
1243 3285 1574 3351 clamamus,
1611 3285 1737 3355 quia
1785 3299 2028 3340 sumusa
2063 3295 2114 3342 te

536 3383 762 3437 nimium
791 3380 1046 3451 eiougati.
1071 3381 1127 3435 in
1158 3380 1376 3449 regione
1407 3379 1698 3448 longinqua
1731 3377 2116 3448 dissipavimtts

532 3482 744 3542 partem
771 3481 1036 3526 nostram.
1065 3469 1166 3536 Qui
1198 3471 1242 3525 si
1275 3485 1442 3540 prope
1480 3475 1724 3524 essemus
1755 3467 1964 3538 planius
1993 3483 2118 3538 pos-

535 3577 718 3618 semus
751 3561 929 3632 loqui,
959 3569 1016 3615 et
1055 3560 1174 3616 ideo
1211 3574 1482 3616 memores
1517 3560 1744 3613 uberum
1787 3567 2002 3613 tuorum
2048 3558 2116 3614 ad

535 3665 588 3709 te
633 3654 952 3708 cianmmus.
999 3653 1226 3708 Exsul“
1275 3668 1304 3706 a
1344 3652 1552 3723 patria,
1595 3651 1813 3706 exsules
1847 3667 1880 3706 a
1909 3650 2118 3706 visione

537 3745 750 3810 divina;
786 3759 887 3800 nec
926 3760 1030 3798 non
1069 3743 1286 3799 exsules
1325 3761 1354 3798 a
1402 3746 1596 3814 gratia,
1625 3743 1839 3799 exsules
1867 3759 1898 3798 a
1927 3757 2118 3798 conso-

537 3835 737 3888 latione
767 3837 1044 3889 materna!
1081 3835 1124 3890 0
1161 3837 1342 3890 anima
1383 3851 1526 3900 mea,
1555 3850 1655 3890 cur
1694 3851 1802 3892 non
1839 3849 1900 3890 es
1939 3835 2119 3904 potius

539 3936 789 3996 separata
827 3941 859 3980 a
906 3941 1132 3998 corpore
1165 3941 1324 3996 quam
1361 3941 1390 3980 a
1433 3937 1520 3981 tua
1563 3928 1787 3982 Domina
1829 3927 2118 3982 exsulata?

473 4019 598 4090 ,εἰ
629 4033 690 4073 es
712 4018 955 4073 exsulata
985 4033 1016 4072 a
1045 4027 1240 4084 matre,
1268 4017 1509 4074 exsulata
1539 4035 1598 4075 es
1621 4036 1651 4074 a
1687 4021 1866 4090 capite
1891 4019 2115 4075 Christi.

537 4109 606 4164 Et
649 4110 922 4180 quomodo
971 4119 1126 4181 potes
1179 4111 1346 4166 miser
1399 4113 1516 4166 sine
1574 4113 1746 4182 capite
1805 4111 2120 4168 ambulare?

539 4199 734 4258 Nonne
761 4201 878 4256 sine
921 4201 1098 4272 capite
1133 4201 1410 4258 ambulare
1451 4213 1594 4258 esset
1627 4204 1959 4259 monstrum?
2003 4204 2119 4259 Heu

541 4292 700 4358 mihi,
727 4307 826 4346 cur
853 4307 973 4348 sum
1011 4293 1065 4347 in
1115 4299 1224 4346 tam
1267 4291 1486 4364 longum
1525 4293 1776 4348 exsilium
1807 4292 2120 4364 relegatus?

539 4382 768 4450 Quando
785 4382 1166 4438 videbo-Deum
1192 4381 1524 4439 Salvatorem
1553 4384 1768 4440 meum?
1791 4392 1884 4440 aut
1906 4383 2119 4454 quando

2221 3203 2582 3275 Surpiramus,
2613 3213 2867 3272 tanquam
2901 3201 3110 3272 parvuli
3155 3203 3221 3256 ad
3257 3201 3421 3258 ubera
3457 3198 3798 3260 anhelantes.

2223 3303 2476 3366 tanqu-am
2519 3295 2635 3360 lilii,
2663 3303 2719 3350 et
2765 3295 2966 3364 indigni
3012 3295 3079 3349 ad
3123 3302 3244 3348 tuos
3287 3291 3611 3348 maternaies
3645 3305 3802 3346 com.

2221 3387 2410 3458 plexus
2437 3386 2734 3442 tendentes.
2760 3386 2842 3442 Ad
2871 3395 2924 3440 te
2957 3386 3284 3454 suspiramus
3315 3383 3606 3441 desiderio.
3633 3384 3716 3437 Ad
3750 3393 3806 3436 te

2221 3481 2543 3550 rarpiramua
2564 3493 2746 3534 amore
2767 3479 3004 3544 interno,
3029 3490 3118 3534 tuo
3139 3477 3299 3533 nimis
3318 3476 3568 3532 inebriati
3591 3489 3802 3530 amore.

2221 3571 2408 3627 Nullus
2431 3571 2713 3636 enim,nisi
2753 3579 2876 3626 tuus
2909 3585 3202 3640 amor,quo
3227 3585 3352 3642 erga
3391 3577 3446 3624 te
3471 3583 3660 3624 sumus
3715 3568 3802 3622 iu-

2221 3664 2439 3726 cbriati,
2463 3663 2708 3728 Domina,
2735 3663 3080 3728 intrinsecus,
3105 3663 3248 3732 cogit
3274 3678 3373 3717 nos
3393 3663 3462 3717 ad
3493 3673 3544 3716 te
3569 3661 3804 3716 Domino

2223 3754 2614 3827 [f.,desiderioj
2630 3756 2918 3825 suspirare.
2935 3756 3066 3822 Quis
3085 3756 3226 3810 enim
3243 3765 3292 3810 tc
3313 3771 3418 3811 non
3437 3755 3714 3823 diligat,et
3735 3753 3804 3807 ad

2225 3857 2278 3904 te
2289 3863 2394 3904 non
2409 3848 2656 3923 suspiret
2679 3847 2968 3914 desiderio,
2984 3850 3048 3903 ad
3062 3857 3112 3903 te
3123 3849 3522 3919 reparationem
3533 3847 3800 3909 omnium,

2221 3941 2424 3996 amoris
2443 3940 2738 4005 caminum,
2759 3939 3119 4010 pulchriorem
3143 3941 3276 4007 sole,
3299 3939 3596 3996 dulciorem
3621 3939 3804 4004 melle,

2221 4027 2480 4084 bonitatis
2529 4029 2873 4095 thesaurum,
2925 4031 3227 4086 honestatis
3271 4031 3578 4100 speculum,
3625 4031 3806 4085 omnis

2222 4119 2529 4176 sanctitatis
2595 4120 2936 4192 exetnplum?
2985 4123 3248 4178 Omnibus
3319 4124 3464 4178 enim
3529 4122 3804 4190 amabilis,

2222 4211 2471 4278 aﬂ‘abilis,
2515 4213 2772 4268 omnibus
2811 4213 3166 4270 deiectabilis.
3199 4215 3368 4271 Sedes
3399 4215 3461 4272 es
3499 4217 3802 4286 sapientite,

2221 4303 2414 4360 ﬂuvius
2456 4304 2777 4370 clementiae,
2809 4305 2992 4361 radius
3041 4307 3290 4375 deitatis;
3327 4323 3428 4362 nec
3473 4319 3578 4374 est,
3609 4309 3704 4378 qui
3745 4323 3804 4363 se

2224 4397 2520 4452 abscondat
2548 4412 2579 4452 a
2611 4397 2792 4453 calore
2823 4409 2938 4452 tuo.
2967 4399 3059 4453 Sic
3087 4414 3218 4471 ergo
3245 4399 3314 4455 ad
3349 4410 3400 4457 te
3429 4401 3704 4455 desiderio
3747 4411 3804 4456 et

541 4484 729 4544 potero
759 4468 950 4530 saltem
983 4489 1158 4528 meam
1185 4477 1468 4533 Dominam
1499 4477 1733 4532 intueri?
1761 4477 1875 4533 Non
1905 4476 2111 4544 dubito,

2222 4503 2407 4544 amore
2447 4488 2760 4545 medullitus
2805 4468 3174 4561 suspiratnus:
3205 4491 3550 4564 Suspiramus
3587 4507 3712 4561 nos,
3747 4502 3804 4550 et

545 4570 790 4634 Domina,
817 4568 959 4639 quod
987 4568 1032 4622 si
1059 4569 1124 4624 ad
1155 4577 1206 4624 te
1237 4577 1491 4640 tanquam
1518 4572 1735 4627 exsules
1758 4571 2115 4628 clamaremus

539 4661 726 4725 corde,
761 4667 814 4714 te
855 4669 908 4714 et
941 4661 1136 4716 Filium
1169 4671 1318 4716 tuum
1361 4663 1758 4732 possideremus
1793 4662 1970 4734 plene.
2009 4661 2120 4718 Cur

540 4767 670 4822 ergo
695 4750 942 4808 volumus
977 4753 1064 4807 hic
1101 4754 1380 4822 quiescere
1412 4763 1667 4824 tanquam
1696 4754 1860 4817 cives,
1885 4770 1982 4808 cur
2011 4769 2118 4808 non

543 4848 610 4900 ad
636 4845 866 4915 patriam
889 4845 1238 4906 anhelamus?
1275 4846 1384 4901 Cur
1412 4863 1520 4901 non
1551 4845 1864 4901 alfectamus
1893 4847 2121 4902 Matrem

541 4935 911 4991 dulcissimam
947 4935 1278 5004 amplexari?
1307 4935 1446 5002 Quid
1492 4951 1598 4990 non
1634 4934 2006 4994 desideramus
2039 4951 2120 4990 se-

541 5043 665 5082 cum
693 5035 896 5082 etcum
923 5025 1060 5080 Filio
1103 5041 1200 5080 suo
1242 5029 1603 5084 commorari?
1627 5028 1672 5084 0
1707 5029 1954 5093 Domina,
1993 5029 2118 5084 dum

543 5119 633 5173 hic
665 5133 852 5172 sumus
883 5117 1117 5184 exsules,
1147 5119 1446 5174 constituas
1487 5135 1584 5175 nos
1617 5136 1684 5175 ne
1721 5121 1826 5184 hic,
1865 5130 2119 5190 tauquam

2221 4581 2522 4637 vehementi
2536 4581 2740 4645 dolore;
2757 4597 2878 4636 nam
2893 4583 3130 4653 undique
3143 4601 3242 4640 nos
3253 4586 3514 4657 angustiae
3525 4597 3802 4656 premunt.

2219 4673 2498 4739 Quomodo
2524 4671 2534 4744 |
2547 4673 2610 4743 ι’..
2635 4673 2852 4746 amodo]
2864 4690 2994 4745 ergo
3015 4673 3082 4730 ad
3099 4685 3166 4742 te,
3183 4677 3430 4733 solatium
3451 4679 3800 4745 miserorum,

2225 4763 2490 4836 refugium
2520 4765 2886 4834 expulsorum,
2919 4767 3167 4824 liberatio
3209 4770 3566 4840 captivorum,
3600 4785 3802 4842 Sponsa

2223 4855 2560 4921 adulterum,
2601 4857 2806 4926 Regina
2849 4857 3217 4927 stellatorum,
3257 4862 3480 4916 Domina
3521 4863 3804 4918 universo-

2224 4961 2368 5010 rum,
2398 4947 2561 5000 etiam
2609 4947 2969 5014 inimicorum,
3003 4965 3108 5004 non
3149 4963 3232 5007 est
3269 4953 3357 5022 qui
3399 4962 3501 5008 tua:
3537 4955 3802 5012 voluntati

2221 5038 2397 5094 valeat
2439 5039 2680 5095 obviare.
2727 5040 2794 5094 Et
2843 5041 2961 5097 ideo
3005 5044 3084 5098 sic
3132 5044 3336 5110 aiiiicti,
3375 5045 3454 5099 sic
3496 5047 3708 5112 miseri,
3737 5047 3804 5101 ad

2225 5128 2384 5182 talem
2433 5137 2542 5184 tam
2586 5129 2820 5196 dulcem,
2861 5141 2965 5186 tam
3013 5147 3252 5200 suavem,
3284 5137 3336 5191 in
3371 5121 3806 5206 omnibus'adju—
