4030 5354
256 143 361 194 389

1420 153 1425 156 ·
1501 96 1864 198 υρυεευω
1903 140 2172 195 suum.

3419 146 3525 202 590

255 251 492 307 miseriis
527 251 739 317 ﬂemus,
773 252 826 306 in
871 252 1005 308 valle
1047 253 1406 324 lacrymarum
1441 255 1642 309 auxilio
1673 255 1836 309 desti-
1867 261 1913 314 Α
2011 255 2061 307 8.
2109 253 2173 307 Et
2201 253 2405 319 Iesum,
2437 255 2755 308 benedictum
2782 255 3009 324 fructum
3037 259 3222 312 ventris
3247 261 3344 326 tu',
3374 264 3524 317 nobis

253 345 348 398 tuti
379 345 674 414 gemimus,
709 343 888 398 Solem
920 343 1148 412 jnstitic
1175 360 1279 400 non
1328 346 1588 401 videntes.
1632 345 1846 400 Flemus

253 437 498 491 inimicis
553 438 757 492 nostris
809 437 1105 492 servientes
1188 437 1239 490 in
1293 436 1430 491 valle
1483 437 1844 508 lacrymarutn

248 547 469 595 sumus,
523 529 978 584 tunnnauxilium
1022 529 1378 599 postulantes.
1417 527 1541 583 lla-e
1574 537 1657 583 est
1702 537 1846 583 certe

249 627 404 682 vallis
417 626 790 697 lacrymarum
806 626 870 678 ad
883 641 1046 695 quam
1072 625 1252 680 omnia
1266 623 1632 696 lacrymabilia
1650 623 1843 687 ﬂuunt,

248 720 591 790 gemebunda
617 719 926 782 decttrrunt,
943 717 1007 770 ad
1024 731 1183 786 quam
1203 716 1398 771 flebilia
1414 723 1596 769 ruunt.
1610 714 1689 768 Ad
1707 715 1846 769 hanc

249 809 442 864 vallem
475 809 746 863 ﬂuxerant
777 807 1052 862 daemones
1083 806 1436 872 infernorum,
1468 806 1555 860 hic
1581 813 1664 858 est
1686 819 1846 874 paena

249 901 734 971 protoplastorum,
771 899 1002 953 miseriae
1042 896 1408 966 antiquorum.
1446 895 1585 962 Quid
1617 894 1848 962 amplius

249 993 462 1049 dicam?
494 1008 597 1048 nec
623 990 847 1058 sufﬁcio,
867 1006 966 1046 nec
998 991 1116 1045 scio
1147 988 1305 1058 hujus
1330 987 1486 1043 vallis
1509 985 1845 1042 detestabilia

249 1097 531 1138 enarrare.
581 1081 683 1135 Eia
729 1097 884 1150 ergo,
939 1080 1202 1133 Advocato
1244 1089 1423 1132 nostra
1440 1079 1460 1132 .'
1490 1073 1848 1133 01audabilis

249 1173 543 1228 clementia
592 1170 912 1238 Salvatoris,
958 1180 1012 1225 et
1044 1171 1272 1223 nimium
1325 1167 1595 1231 amabilis,
1630 1167 1721 1237 qui
1769 1167 1847 1221 sic

253 1266 467 1319 afﬂictis
507 1274 616 1318 tam
649 1263 826 1318 nobile
867 1261 1168 1317 subsidium
1205 1260 1456 1331 dignatus
1485 1269 1568 1313 est
1593 1257 1844 1328 elargiri!

251 1358 294 1412 0
317 1340 476 1412 certe
506 1355 601 1410 Dei
631 1354 800 1408 nostri
832 1353 968 1406 mira
1001 1351 1326 1423 benignitas,
1359 1366 1478 1420 qua:
1518 1350 1631 1405 suis
1660 1349 1767 1404 reis
1798 1360 1849 1403 te

253 1450 540 1507 Dominam
601 1447 790 1501 tribuit
823 1445 1180 1508 Advocatatn,
1213 1452 1272 1496 ut
1307 1459 1336 1497 a
1377 1443 1513 1496 Filio
1562 1452 1654 1496 tuo
1706 1441 1850 1495 inter

255 1559 354 1598 nos
382 1553 438 1598 et
471 1543 641 1597 Deum
671 1541 889 1596 Patrem
935 1537 1127 1592 Jttdice
1179 1537 1505 1600 constituto,
1554 1534 1698 1606 quod
1749 1549 1848 1602 pro

1947 354 2059 412 post
2093 345 2189 397 hoc
2227 345 2470 397 exsilium
2519 346 2747 398 ostende.
2790 345 2835 399 0
2885 357 3071 402 venter
3121 349 3402 415 mirabilis,
3430 353 3524 421 qui

1949 438 2123 507 potuit
2154 439 2394 508 recipere
2423 438 2769 493 Creatorem!
2805 439 2848 494 0
2877 451 3064 495 venter
3094 441 3401 512 laudabilis,
3435 446 3526 514 qui

1951 533 2144 586 meruit
2171 533 2454 601 concipere
2487 532 2939 602 redemptionem!
2971 533 3016 589 0
3045 544 3233 590 venter
3253 535 3528 591 desidera-

1948 624 2090 687 bilis,
2119 639 2148 676 a
2178 639 2285 693 quo
2311 624 2586 678 emanavit
2628 623 2958 678 desiderium
3005 627 3289 691 mentium,
3321 627 3527 698 gratia-

1951 732 2067 768 rum
2102 714 2310 778 ﬂuvius,
2337 715 2522 786 glorias
2547 716 2860 784 praemium!
2891 714 2936 772 0
2955 727 3163 783 venter,
3189 733 3293 780 non
3314 730 3526 783 venter,

1948 806 2041 861 sed
2071 821 2385 876 empyreum
2426 806 2659 861 cretum!
2701 807 2754 861 In
2788 807 2888 862 hoc
2919 817 3108 863 ventre
3149 807 3251 866 fuit
3291 810 3527 879 pretium

1948 895 2300 965 perditorum,
2324 894 2552 950 felicitas
2571 895 2876 962 beatorum,
2897 897 3154 954 Dominus
3189 899 3524 970 angelorum.

1949 986 1993 1043 0
2024 987 2179 1042 beata
2229 989 2425 1043 ubera!
2479 989 2524 1043 0
2563 989 2788 1044 Domina
2840 993 2991 1046 mea!
3033 991 3078 1047 0
3124 992 3246 1048 fons
3292 994 3530 1064 pietatis,

1951 1079 2100 1136 lacus
2157 1080 2496 1148 sanctitatis,
2554 1080 2748 1138 fluvius
2799 1082 3058 1138 bonitatis
3125 1094 3313 1140 venter
3376 1095 3530 1150 tuus,

1951 1172 2204 1227 Domina!
2237 1173 2281 1228 0
2307 1174 2435 1228 felix
2461 1182 2674 1241 venter,
2705 1176 2795 1246 qui
2821 1175 2998 1231 Solem
3029 1178 3282 1248 genuisti,
3316 1179 3538 1233 univer-

1951 1280 2068 1319 sum
2124 1266 2380 1320 tnundum
2427 1267 2719 1334 reparasti,
2764 1267 3042 1322 cmlestem
3094 1270 3327 1340 patriam
3367 1286 3529 1325 recu—

1949 1357 2173 1426 perasti,
2205 1358 2423 1428 insuper
2457 1358 2700 1412 donasti!
2736 1357 2780 1412 0
2822 1374 2984 1428 quant
3023 1360 3292 1429 pretiosus
3321 1370 3530 1427 venter,

1950 1450 2040 1516 qui
2091 1448 2315 1516 protulit
2369 1449 2693 1504 medicinam
2744 1449 3007 1515 infirmis,
3055 1451 3222 1505 vitam
3279 1452 3537 1518 mortuis,

1951 1540 2261 1612 paradisum
2297 1541 2487 1612 justis!
2522 1540 2565 1596 0
2606 1551 2795 1596 venter
2831 1541 3124 1606 eburneus,
3153 1551 3210 1598 et
3253 1543 3409 1598 sedes
3449 1559 3538 1598 sa-

255 1639 412 1692 nobis
445 1636 703 1699 volueris,
735 1634 1030 1703 impetrare
1070 1630 1272 1686 valeas.
1302 1627 1411 1685 Nec
1440 1629 1585 1684 enim
1626 1626 1846 1682 dubium
1877 1622 1924 1682 Β
1952 1633 2199 1704 ρίρηιὶωῐ
2236 1631 2280 1687 0
2327 1641 2517 1688 venter
2571 1632 2869 1698 tornatilis,
2918 1640 2972 1686 et
3016 1631 3279 1687 celsitudo
3321 1631 3538 1704 gloria)!

255 1730 359 1785 erit
395 1727 543 1800 quod
592 1742 698 1780 non
747 1735 856 1778 tam
902 1722 1187 1778 manifeste
1218 1720 1518 1786 damnabit,
1550 1734 1687 1788 quos
1719 1733 1848 1773 eon-

257 1828 436 1875 servat
489 1826 595 1873 tute
647 1813 931 1871 advocatio
972 1813 1222 1886 pietatis!
1256 1813 1300 1868 0
1345 1809 1684 1866 admirabilis
1719 1823 1850 1879 erga

259 1929 356 1968 nos
390 1908 777 1966 misericordia
821 1907 918 1962 Dei
962 1906 1155 1970 nostri,
1192 1905 1307 1975 qui,
1342 1919 1410 1960 ne
1440 1919 1468 1957 a
1500 1918 1594 1958 sua
1638 1901 1852 1972 fugere-

262 2021 379 2060 mus
413 2002 737 2066 clementia,
783 2014 890 2054 non
927 1997 1099 2053 solum
1133 1994 1537 2052 communicare
1568 1992 1850 2047 nobiscum

266 2099 316 2153 in
354 2095 566 2160 Iudice,
599 2105 660 2150 ut
687 2102 832 2149 esset
868 2093 1030 2154 Deus,
1061 2099 1115 2146 et
1144 2088 1328 2154 homo,
1358 2087 1409 2142 id
1444 2095 1549 2152 est,
1581 2084 1851 2147 Christus,

269 2207 297 2244 a
321 2205 430 2260 quo
456 2187 618 2242 debet
648 2184 917 2242 sententia
946 2181 1301 2254 promulgari,
1332 2180 1425 2235 sed
1451 2178 1620 2235 voluit
1646 2179 1855 2234 viscera

271 2281 677 2345 misericordiae,
711 2279 938 2334 Matrem
979 2291 1156 2342 suam,
1189 2273 1475 2329 Dominam
1522 2272 1728 2342 gloriae,
1760 2286 1858 2325 no-

273 2384 440 2430 stram
479 2374 813 2428 constituere
844 2370 1199 2432 Advocatum,
1228 2375 1287 2420 ut
1316 2365 1414 2430 rei,
1440 2379 1544 2418 non
1569 2361 1854 2432 judicium,

273 2464 366 2520 sed
407 2464 728 2527 subsidium,
772 2475 878 2516 non
909 2457 1258 2529 supplicium,
1290 2456 1382 2511 sed
1429 2465 1692 2509 aeternum
1723 2467 1858 2522 prm-

275 2559 442 2612 mium
474 2557 719 2612 invenire
744 2569 1047 2626 possemus.
1077 2552 1145 2606 Et
1171 2551 1292 2606 ideo
1320 2565 1425 2604 non
1455 2557 1536 2604 est
1561 2549 1856 2603 timendum

277 2650 406 2722 quin
438 2649 748 2704 miserearis
779 2647 1015 2711 miseris,
1039 2654 1095 2728 et
1122 2645 1190 2700 ad
1215 2643 1361 2698 illam
1391 2653 1596 2713 partem
1625 2642 1862 2697 declines

280 2741 602 2797 sententiam
651 2753 812 2808 quam
857 2736 1120 2802 defendis,
1153 2743 1207 2790 et
1245 2734 1400 2790 nobis
1449 2734 1705 2802 impetres
1746 2747 1864 2802 gra-

281 2834 410 2888 tiam
443 2848 608 2903 quam
639 2846 736 2902 pro
767 2830 921 2885 nobis
955 2829 1212 2900 precaris.
1247 2827 1372 2882 Scio
1401 2827 1539 2881 bene
1570 2826 1711 2896 quod
1742 2832 1865 2895 post

280 2923 606 2980 sententiam
646 2937 750 2976 non
779 2928 946 2975 restat
990 2917 1277 2989 appellatio
1305 2918 1372 2971 ad
1401 2916 1684 2986 majorem,
1713 2915 1862 2985 quia,

279 3017 380 3072 etsi
413 3015 586 3072 Judex
632 3015 704 3070 sit
745 3016 927 3077 homo,
969 3011 1122 3080 cujus
1149 3025 1209 3065 es
1243 3008 1437 3074 Mater,
1487 3016 1568 3062 est
1612 3017 1786 3060 tamen
1813 3003 1938 3062 etC

281 3113 442 3176 Deus,
477 3110 650 3166 Filius
685 3110 780 3165 Dei
827 3107 1022 3163 Patris.
1060 3105 1174 3160 Non
1221 3104 1366 3159 enim
1403 3101 1581 3165 video,
1616 3099 1864 3165 Domina,

283 3203 556 3275 quomodo
585 3202 680 3257 tibi
711 3200 910 3270 aliquid
941 3198 1117 3253 valeat
1147 3193 1424 3265 denegari,
1455 3203 1508 3248 et
1533 3193 1660 3262 quin
1691 3207 1787 3260 per
1817 3199 1868 3245 te

284 3297 563 3351 cmlestem
595 3294 826 3364 patriam
856 3276 1170 3346 habeamus.
1200 3288 1266 3341 Et
1287 3287 1403 3340 ιιωο
1428 3284 1591 3338 etiam
1621 3282 1868 3336 miranda

285 3387 370 3442 illa
399 3389 602 3458 pietas;
638 3387 740 3440 hoc
775 3393 858 3440 est
895 3393 1044 3438 certe
1089 3380 1232 3451 quod
1278 3378 1427 3448 cupit
1472 3376 1612 3431 Detts
1655 3369 1864 3438 noster;

287 3483 386 3537 hoc
415 3490 501 3536 est
527 3479 672 3548 quod
700 3477 1000 3539 desiderat;
1031 3475 1147 3530 hoc,
1163 3481 1264 3536 est,
1293 3486 1391 3541 pro
1417 3487 1524 3540 quo
1551 3480 1601 3524 te
1631 3477 1869 3523 nostram

287 3573 567 3629 constituit
594 3570 950 3624 Advocatam.
974 3565 1090 3620 Non
1117 3575 1288 3620 restat
1310 3578 1457 3634 ergo,
1491 3562 1740 3628 Domina,
1770 3561 1871 3614 nisi

289 3675 344 3720 ut
386 3665 506 3719 illos
545 3673 664 3716 tuos
709 3657 1066 3715 misericordes
1104 3654 1282 3710 oculos
1324 3654 1392 3706 ad
1439 3669 1532 3706 nos
1580 3661 1870 3705 convertas.

288 3757 400 3813 Non
450 3755 676 3820 dubito,
731 3751 987 3822 Domina,
1041 3746 1180 3819 quod
1238 3745 1280 3799 si
1337 3755 1550 3800 nostras
1598 3741 1875 3812 aspexeris

289 3847 559 3911 miserias,
605 3859 712 3898 non
746 3841 945 3912 poterit
977 3848 1067 3892 tua
1102 3835 1378 3892 miseratio
1407 3849 1563 3889 suum
1599 3831 1876 3887 retardare

291 3941 562 3998 effectum.
611 3935 908 3997 Mirabiles,
943 3947 1150 3987 necnon
1197 3927 1457 3983 amabiles
1497 3934 1624 3982 sunt
1663 3933 1876 3979 tuorum

294 4033 424 4088 radii
452 4029 760 4089 oculorum,
791 4024 988 4094 quibus
1017 4035 1115 4076 nos
1140 4018 1311 4072 allicis
1337 4017 1404 4072 ad
1435 4029 1696 4081 amorem,
1726 4024 1779 4068 et
1810 4013 1878 4068 ad

293 4125 502 4194 plenam
537 4119 693 4176 ducis
719 4117 972 4179 salutem,
1004 4127 1068 4167 ne
1111 4118 1403 4166 venenatos
1428 4106 1614 4164 oculos
1641 4104 1877 4160 basilisci

299 4216 604 4269 timeamus.
653 4213 698 4265 0
739 4208 862 4262 Eva:
904 4203 1043 4259 oculi
1086 4199 1357 4265 venenati,
1386 4214 1484 4254 cur
1527 4213 1630 4252 non
1675 4194 1880 4251 oﬂ‘ertis

297 4321 388 4360 vos
439 4303 618 4359 oculis
669 4298 940 4369 Virginis,
990 4294 1032 4349 si
1084 4293 1244 4346 vultis
1291 4289 1588 4360 pesfectam
1639 4288 1880 4355 recipere

1954 1723 1998 1780 0
2027 1732 2215 1778 venter
2263 1721 2541 1788 amabilis,
2592 1733 2646 1778 et
2699 1722 2926 1778 dulcedo
2970 1723 3194 1777 animae!
3229 1722 3273 1778 0
3307 1723 3540 1778 elevatio

1955 1817 2242 1882 mentium,
2273 1815 2564 1872 inebriatio
2612 1817 2882 1882 cordium,
2919 1825 2973 1872 et
3017 1816 3259 1871 suavitas
3293 1825 3545 1885 peccato-

1958 1910 2108 1963 rum!
2137 1907 2367 1964 Fructus
2393 1918 2539 1972 tuus,
2567 1909 2818 1973 Domina,
2844 1917 2990 1963 certe
3017 1919 3100 1963 est
3122 1907 3332 1962 fructus
3352 1907 3545 1963 beatus

1959 2019 1988 2056 a
2024 2001 2292 2072 principio
2318 2001 2398 2055 sui
2431 2011 2600 2056 ortus.
2628 1999 2727 2056 llic
2757 2007 2843 2054 est
2872 1999 3056 2065 Jesus,
3089 1999 3183 2054 Dei
3214 1999 3318 2053 vivi
3347 1999 3541 2054 Filius.

1959 2094 2058 2150 llic
2081 2104 2164 2148 est
2186 2093 2434 2148 Salvator
2456 2102 2663 2159 noster,
2688 2091 2939 2147 Christus
2961 2091 3244 2148 Dominus.
3276 2092 3332 2148 ln
3362 2092 3546 2148 dulce-

1961 2189 2087 2243 dine
2126 2185 2285 2256 hujus
2319 2187 2529 2242 fructus
2574 2187 2888 2241 sublevatur
2923 2185 3250 2252 intellectus,
3287 2185 3548 2240 dilatatur

1961 2282 2204 2348 affectus,
2233 2292 2282 2337 et
2331 2283 2610 2351 utriusque
2639 2283 2915 2352 quietatur
2943 2281 3234 2351 appetitus.
3279 2279 3549 2336 Clarescit

1964 2375 2136 2439 ratio,
2185 2373 2444 2430 dulcescit
2507 2372 2754 2437 affectio,
2809 2373 3131 2442 purificatur
3185 2369 3430 2427 intentio.
3490 2373 3547 2425 In

1965 2469 2248 2524 dulcedine
2301 2467 2508 2522 fructus
2559 2468 2632 2521 tui
2695 2475 2863 2520 totum
2921 2466 3171 2536 liquescit
3223 2480 3350 2529 cor,
3399 2474 3550 2519 tuum

1966 2558 2203 2614 fructum
2251 2559 2560 2628 degustans.
2606 2555 2759 2610 llune
2803 2555 3007 2619 Jesntn,
3043 2553 3384 2610 benedictum
3437 2553 3552 2608 fru-

1967 2662 2112 2707 ctum
2142 2650 2349 2704 ventris
2389 2650 2487 2714 tui,
2525 2649 2678 2703 nobis
2721 2658 2842 2718 post
2880 2648 2983 2702 hoc
3016 2646 3266 2702 exsilium
3299 2646 3550 2701 ostende.

1968 2741 2041 2797 Ut
2071 2741 2244 2808 ipsum
2276 2739 2528 2803 videndo,
2561 2738 2733 2807 ipsum
2767 2736 3085 2800 habeamus,
3119 2737 3292 2806 ipsutn
3324 2734 3554 2790 videndo

1968 2833 2302 2888 beatitudine
2365 2832 2705 2901 repleamur,
2764 2831 2938 2900 ipsum
2989 2830 3219 2885 videndo
3274 2828 3326 2882 in
3378 2828 3553 2896 ipsum

1972 2925 2266 2996 rapiantur,
2319 2924 2494 2993 ipsuttt
2547 2922 2778 2977 videndo
2833 2921 2886 2974 in
2943 2921 3115 2990 ipsum
3169 2916 3555 2978 diffundantur,

1973 3015 2148 3087 ipsum
2174 3015 2406 3070 videndo
2438 3015 2490 3068 in
2518 3014 2691 3084 ipsum
2720 3021 3120 3068 convertamur.
3155 3009 3225 3065 Ut
3254 3010 3334 3064 sic
3353 3007 3556 3072 deifici,

1972 3122 2078 3161 non
2102 3105 2273 3160 nostri
2298 3105 2487 3165 simus,
2512 3105 2605 3158 sed
2631 3103 2870 3158 totaliter
2892 3100 3261 3156 transforntati
3284 3100 3337 3154 in
3359 3100 3557 3168 ipsum.

1974 3196 2018 3250 0
2062 3194 2322 3249 clemens!
2387 3192 2431 3248 0
2484 3193 2606 3264 pia!
2652 3191 2696 3246 0
2745 3192 2916 3244 dulcis
2969 3189 3183 3242 Maria!
3231 3187 3276 3242 0
3322 3187 3563 3242 clemens

1976 3287 2368 3358 indigentibus,
2425 3287 2511 3356 pia
2555 3283 2942 3348 exorantibus,
2990 3281 3162 3335 dulcis
3215 3277 3557 3334 amantibus!

1975 3381 2019 3436 0
2049 3381 2288 3436 clemens
2335 3375 2744 3448 paenitentibus,
2790 3375 2876 3445 pia
2923 3373 3349 3444 proficientibus,
3389 3372 3566 3427 dulcis

1976 3471 2494 3541 contemplantibus!
2528 3467 2572 3523 0
2612 3467 2850 3523 clemens
2879 3465 3183 3529 liberanda,
3213 3465 3298 3532 pia
3326 3463 3561 3534 largien-

1975 3568 2067 3630 do,
2099 3565 2270 3620 dnlcis
2315 3573 2365 3618 te
2407 3561 2687 3618 donando!
2731 3559 2775 3616 0
2817 3558 3054 3613 clemens
3088 3556 3438 3620 consolando,
3472 3554 3559 3625 pia

1976 3655 2333 3720 consulendo,
2367 3653 2539 3708 dulcis
2572 3649 2927 3706 blandiendo!
2969 3646 3013 3704 0
3060 3647 3298 3702 clemens
3346 3646 3399 3700 in
3433 3659 3563 3698 con-

1978 3758 2188 3822 spectu,
2219 3748 2304 3818 pia
2338 3746 2390 3799 in
2417 3743 2632 3807 effectu,
2664 3740 2834 3796 dulcis
2865 3740 2918 3793 in
2947 3736 3179 3800 affectu!
3222 3737 3474 3793 Clemens
3509 3736 3562 3790 in

1979 3847 2266 3908 conceptu,
2313 3836 2399 3905 pia
2447 3835 2499 3889 in
2543 3841 2786 3903 aspectu,
2825 3829 2997 3885 dulcis
3047 3830 3100 3883 in
3145 3827 3423 3898 amplexu;
3460 3826 3572 3882 clec

1983 3947 2136 3987 mens
2184 3946 2243 3985 es
2291 3927 2532 3992 afﬂictis,
2571 3927 2658 3996 pia
2712 3923 3011 3987 derelictis,
3051 3921 3224 3977 dulcis
3274 3921 3326 3975 in
3382 3935 3572 3974 amore

1977 4024 2162 4094 justis.
2218 4020 2472 4076 Clemens
2521 4033 2580 4071 es
2629 4015 2922 4083 subjectis,
2984 4014 3072 4082 pia
3121 4011 3234 4081 jam
3287 4011 3570 4074 correctis,

1984 4112 2156 4168 dulcis
2204 4107 2549 4180 prtedilectis.
2605 4105 2856 4159 Clemens
2894 4118 2955 4157 es
3003 4101 3343 4171 petentibus,
3387 4099 3474 4169 pia
3520 4109 3574 4153 te

1985 4206 2373 4279 quaerentibus,
2405 4201 2577 4256 dulcis
2615 4207 2668 4253 te
2706 4196 3087 4266 pulsantibus;
3107 4193 3348 4248 clemens
3393 4189 3570 4246 admi-

1988 4300 2251 4360 rantibus,
2291 4297 2376 4365 pia
2420 4288 2841 4352 exsultantibus,
2891 4286 3062 4342 dulcis
3111 4293 3163 4338 te
3205 4282 3574 4353 gustantibus.

299 4393 652 4450 medicinam?
684 4405 810 4444 natn
840 4401 1060 4442 suorum
1107 4383 1244 4438 radii
1272 4382 1550 4437 oculorum
1577 4388 1632 4434 et
1661 4376 1881 4432 claritas
1913 4378 1958 4435 Ι)
1987 4391 2236 4445 Clemens
2278 4364 2338 4441 es
2373 4381 2736 4455 pauperculis,
2773 4379 2861 4448 pia
2895 4393 2954 4434 es
2983 4375 3270 4445 despectis,
3307 4371 3481 4428 dulcis
3513 4364 3586 4426 es'

302 4488 512 4561 expellit
558 4483 834 4543 tenebras,
882 4480 1185 4534 dtentonum
1224 4474 1426 4544 eﬂ‘ugat
1459 4482 1726 4532 catervas,
1753 4485 1880 4539 pur-

305 4592 386 4651 gat
435 4579 700 4634 mentium
745 4575 908 4636 vitia,
957 4570 1121 4624 corda
1168 4567 1445 4637 congelata
1497 4563 1774 4627 accendit,
1825 4571 1882 4616 et

309 4672 514 4727 demum
557 4669 625 4723 ad
670 4664 917 4722 coelestia
975 4660 1163 4716 trahit.
1195 4657 1240 4712 0
1277 4658 1440 4720 beati,
1469 4655 1720 4717 Domina,
1749 4668 1885 4721 quos

313 4766 527 4819 viderint
547 4763 690 4819 oculi
723 4759 828 4813 tui!
865 4757 973 4811 Hos
998 4770 1128 4825 ergo
1149 4751 1356 4814 oculos,
1379 4751 1610 4821 benigna
1637 4747 1885 4811 Domina,

318 4856 374 4907 ad
400 4871 492 4908 nos
517 4861 796 4908 converte.

321 4928 1974 4961 ,________________._____.————-———

1990 4481 2216 4538 devotis.
2271 4475 2522 4530 Clemens
2576 4488 2635 4527 es
2688 4469 2943 4532 elevatis,
3001 4467 3087 4536 pia
3137 4463 3576 4525 transformatis,

1989 4570 2160 4626 dulcis
2195 4564 2517 4636 liquefactis.
2548 4561 2592 4617 0
2617 4561 2883 4616 clemens!
2937 4555 2980 4613 0
3009 4555 3124 4625 pia!
3158 4554 3202 4610 0
3223 4553 3394 4609 dulcis
3422 4553 3574 4622 virgo

1991 4662 2179 4718 Maria.
2211 4662 2338 4724 Ave,
2373 4656 2566 4720 Maria,
2593 4653 2762 4724 gratia
2787 4649 2963 4720 plena,
2992 4649 3248 4701 Dominus
3278 4656 3468 4700 tecum.

1974 4899 3583 4940 Μ

1778 5023 1986 5142 IV.

631 5222 1423 5318 MEDITATIONES
1478 5222 1615 5300 DE
1671 5215 2048 5300 GESTIS
2123 5210 2218 5286 D.
2287 5208 2383 5286 N.
2462 5200 2710 5283 JESU
2792 5197 3252 5283 CHRISTI.
