4030 5354
316 351 420 408 5975
1583 371 1804 430 OPUSC
1814 373 1946 430 [ΗΑΛ
1975 372 2242 450 SPUitlA.

317 464 572 530 Audiens.
603 469 942 548 interrogans
973 481 1110 540 mira
1147 495 1501 554 secretorum,

246 569 248 572 ν
324 641 344 644 Α
385 555 512 622 Fiti,
554 561 728 633 inquit
757 567 1025 640 Genitrix,
1055 577 1184 644 quid
1223 577 1378 633 nobis
1407 581 1616 636 fecisti?

315 641 426 710 Sic,
455 645 606 716 Iesu,
638 669 756 722 quae
781 657 962 716 Patris
987 641 1134 730 sunt,
1171 677 1408 724 tractare
1437 674 1668 728 venisti?

313 733 583 800 Quaesitus
601 741 716 811 jam
747 749 944 817 triduo,
972 769 1071 810 cur
1095 758 1173 812 sic
1201 759 1443 815 latuisti?

311 824 428 881 Non
462 839 640 889 tamen
671 837 980 900 [nominibus
1009 847 1162 904 subdi
1197 853 1441 908 renuisti.

383 923 462 976 Ex
491 926 615 984 hinc
643 929 712 986 ad
741 933 1074 1002 trigesimum
1101 955 1301 998 annum
1331 943 1632 1002 Salvatoris

311 1009 478 1105 μίτοι·
501 1029 608 1084 quo
639 1033 698 1073 se
731 1025 1006 1080 transtulit
1034 1029 1276 1088 calamus
1302 1035 1603 1105 scriptoris.

311 1100 410 1158 llic
437 1104 618 1163 forsan
649 1116 956 1184 suggeritur
979 1121 1159 1178 animo
1189 1124 1428 1192 lectoris,

317 1193 395 1252 Ne
424 1212 484 1254 se
507 1200 674 1258 nimis
693 1205 966 1273 publicant
988 1222 1106 1268 acta
1131 1213 1382 1283 iunioris.

942 1301 1260 1374 Baptismus.

379 1377 692 1450 Baptizatus
719 1391 1059 1455 postmodum
1087 1394 1274 1464 culpas
1305 1407 1522 1454 nostras
1555 1400 1680 1455 lavit
1699 1445 1712 1464 ,

309 1466 476 1524 'l‘actu
505 1475 646 1528 sacri
681 1480 926 1547 corporis
957 1498 1126 1551 aquas
1155 1493 1516 1556 consecravit,

309 1555 478 1622 Quem
508 1561 842 1620 descendens
869 1567 1102 1639 Spiritus
1129 1587 1350 1630 sanctus
1380 1555 1669 1635 illustravit

309 1648 536 1720 Vosque
563 1652 740 1712 Patris
771 1658 964 1714 Filium
991 1665 1164 1733 palam
1199 1669 1512 1726 declaravit.

829 1749 868 1804 Ι
869 1751 920 1820 ej
925 1755 1104 1808 uuium
1143 1757 1356 1812 deserti.

369 1830 490 1900 ilic,
519 1833 648 1892 Jesu
677 1840 1012 1912 dulcissime,
1043 1864 1286 1906 eremum
1313 1855 1526 1922 subisti,

300 1921 486 1994 ibique
512 1927 734 1998 jejuniis
758 1949 952 2006 corpus
981 1939 1236 2006 alllixisti,

392 2031 513 2070 cum
541 2017 671 2074 feris
705 2023 954 2082 habitans
987 2029 1152 2086 Satan
1183 2035 1494 2104 confudisti,

303 2101 392 2157 Sic
420 2109 726 2178 exemplum
757 2113 944 2170 eiiieax
971 2123 1182 2178 cunctis
1220 2125 1508 2196 reliquisti.

783 2203 996 2262 Vocatio
1025 2215 1400 2280 apostolorum.

349 2281 607 2357 .Cumque
633 2297 722 2345 tua
751 2294 953 2364 placuit
983 2299 1122 2358 facta
1150 2305 1450 2374 declarare,

293 2373 470 2466 atque
495 2382 870 2448 penitentiam
899 2394 1100 2450 mundo
1128 2373 1446 2466 praedicare,

291 2465 488 2538 Incipis
510 2471 802 2545 discipulos
831 2490 1006 2538 tecum
1029 2465 1346 2560 aggregare,

291 2565 488 2642 Quales
509 2572 644 2630 solet
672 2579 924 2636 saeculum
952 2583 1082 2640 viles
1108 2599 1380 2657 reputare.

361 2659 592 2732 Rcspuis
626 2669 996 2743 philosophos,
1025 2693 1190 2736 vocas
1219 2683 1544 2752 piscatores,

289 2749 354 2804 Et
385 2768 520 2824 quos
553 2762 787 2818 mundus
815 2765 1072 2838 despicit,
1103 2749 1271 2830 etIicis
1299 2749 1566 2836 doctores.

293 2842 360 2897 Ut
383 2847 684 2906 confundas
714 2852 896 2923 fortia,
921 2855 1152 2932 dissipes
1181 2873 1442 2934 tumores,

289 2933 392 2991 Per
423 2939 524 2996 hos
549 2943 642 3000 tibi
671 2947 894 3018 subjicis
923 2961 1190 3014 terrarum
1219 2971 1483 3019 rectores.

947 3045 1231 3106 Miracula.

355 3119 492 3178 Hinc
516 3125 686 3196 signis
713 3130 956 3190 miriﬁcis
987 3140 1244 3195 mundum
1267 3143 1568 3210 illustrasti,

285 3211 606 3281 Approbans
630 3221 960 3294 conjugium,
983 3231 1198 3297 nuptias
1227 3233 1458 3290 intrasti.

289 3301 354 3393 lit
389 3304 440 3357 in
471 3307 653 3364 vinum
675 3313 937 3382 optimum
978 3333 1174 3388 aquam
1207 3331 1549 3382 commutasti
1571 3371 1584 3393 ,

283 3391 478 3451 Paucis
506 3399 670 3454 nmlta
700 3404 864 3460 millia
891 3409 1124 3478 panibus
1146 3413 1360 3470 cibasti.

351 3485 482 3541 Solo
513 3499 602 3544 tuo
629 3495 828 3549 mortui
858 3500 1025 3554 verbo
1053 3503 1402 3570 suscitantur,

281 3576 486 3634 (ictuictu
521 3585 692 3638 morbi
725 3600 925 3656 genera
955 3595 1200 3662 protinus
1231 3609 1514 3664 curantur,

283 3667 438 3738 Mari,
475 3679 650 3732 ventis
677 3679 932 3752 imperas,
966 3701 1065 3742 nec
1091 3689 1230 3744 ultra
1255 3693 1562 3760 turbantur,

282 3761 538 3838 Principis
565 3770 869 3842 dtemoniis,
893 3787 948 3834 et
970 3795 1091 3836 mox
1119 3782 1444 3855 eiiugantur.

761 3863 1082 3924 Prwdicatio
1105 3873 1383 3940 passionis.

347 3948 476 4005 Jesu
505 3951 916 4025 benignissime,
949 3971 1071 4031 post
1096 3973 1248 4034 gesta
1283 3975 1393 4022 tam
1425 3970 1572 4026 clara

279 4039 506 4099 Nuntias
533 4045 833 4118 discipulis,
867 4052 1088 4110 intimas
1112 4074 1322 4115 amara.

277 4133 592 4192 Turbantur
617 4156 744 4197 mox
767 4153 984 4213 pectora
1019 4149 1204 4206 talium
1233 4153 1444 4223 ignara,

274 4226 662 4308 hnmolandum
679 4233 896 4302 judicas
925 4247 975 4294 te
1005 4243 1184 4298 crucis
1215 4245 1266 4298 in
1301 4261 1416 4300 ara.

347 4317 542 4386 Urbes,
572 4331 750 4380 castra
780 4326 982 4385 circuis
1006 4335 1231 4402 populos
1253 4338 1524 4404 docendo;

275 4409 562 4486 Faligaris,
593 4417 794 4484 esuris,
821 4419 940 4477 sitis
970 4422 1349 4492 discurrendo;

275 4498 572 4560 Molestaris
599 4507 846 4566 crebrius
867 4527 1056 4582 aspera
1092 4516 1318 4573 ferendo

273 4591 446 4661 Atque
475 4596 648 4666 plebis
685 4599 908 4669 perﬁda:
931 4604 1070 4659 mala
1097 4607 1435 4664 sustinendo.

726 4690 1040 4764 Triumphus
1069 4693 1402 4754 Palmornm.

341 4777 526 4850 Pergis
559 4779 994 4856 Hierosolymam
1019 4789 1070 4842 in
1097 4790 1262 4848 asello
1293 4795 1506 4859 sedens,

275 4867 348 4924 Te
381 4871 528 4940 plebs
554 4875 794 4942 gaudens
823 4879 1070 4950 suscipit,
1100 4883 1312 4940 obviam
1335 4885 1666 4956 procedens;

277 4960 378 5015 lter
413 4967 611 5022 sternit
642 4969 899 5038 vestibus,
927 4972 1122 5042 palmae
1159 4991 1338 5035 ramos
1369 4979 1604 5048 credens,

277 5051 335 5106 Et
365 5071 556 5126 agmen
588 5058 872 5118 infantium
915 5072 968 5120 te
993 5063 1178 5119 laudat
1207 5068 1481 5126 incedens.

861 5157 998 5210 Acta
1026 5155 1078 5207 in
1107 5159 1250 5214 urbe.

341 5236 500 5272 ΙῚι-Ιιῖο
538 5241 697 5272 Anna:-
729 5248 1032 5272 ..-κατλιηιη
1061 5261 1236 5272 mu.-.“
1271 5269 1290 5271 __
1317 5269 1324 5271 Α
1368 5255 1400 5272 -.

1927 502 1970 554 Α
2007 491 2380 544 ltiachiuantur
2417 493 2678 548 immundi
2711 494 2926 548 modum
2951 509 3056 563 quo
3079 495 3359 565 prmdaris,

2005 581 2278 650 Spondent
2303 581 2453 636 Iuda:
2483 584 2738 652 pretium,
2770 595 2828 640 ut
2855 600 2918 638 eo
2941 586 3206 656 prodaris.

2705 695 2884 754 Cana.

2071 789 2291 844 Cmnam
2319 806 2440 844 cum
2471 792 2750 862 discipulis
2777 803 2894 862 post
2923 795 3034 850 haec
3059 795 3366 858 celebrasti,

2001 877 2146 942 Quos
2179 881 2254 934 tui
2285 883 2544 952 mysterio
2576 885 2822 954 corporis
2849 885 3064 948 cibasti.

1999 966 2171 1026 Pedes
2199 970 2388 1027 lavans
2417 973 2644 1044 singulis
2671 985 2721 1030 te
2750 976 3084 1039 humiliasti;

1999 1057 2148 1126 ipsos
2175 1069 2296 1128 post
2325 1062 2440 1118 haec
2459 1063 2656 1132 pabulo
2684 1065 2830 1120 verbi
2861 1066 3146 1122 roborasti.

2555 1176 2740 1232 Oratio
2771 1181 2822 1232 in
2852 1181 3020 1234 horto.

2069 1267 2220 1322 Tunc
2250 1268 2426 1337 palam
2457 1269 2733 1339 discipulis
2759 1281 2988 1328 mortem
3013 1273 3330 1343 prtedixisti,

1996 1359 2063 1416 Et
2089 1369 2364 1414 auctorem
2397 1361 2642 1416 criminis
2663 1361 2855 1418 Judam
2887 1367 3194 1432 ostendisti,

1995 1451 2277 1522 Oransque
2307 1467 2404 1522 pro
2427 1454 2676 1510 omnibus
2705 1457 2905 1524 gratias
2937 1459 3118 1528 egisti,

1995 1543 2060 1597 Et
2090 1559 2342 1614 egressus
2363 1545 2614 1614 protinus
2650 1547 2864 1602 hortum
2893 1549 3151 1604 introisli.

2064 1633 2266 1689 Lucem
2293 1650 2400 1688 nox
2423 1633 2792 1704 praecluserat,
2819 1653 3010 1694 omnes
3035 1641 3242 1704 exiere,

1993 1723 2276 1794 Cmpitque
2305 1739 2426 1780 cum
2457 1726 2616 1782 taedio
2645 1727 2801 1784 Jesus
2833 1745 3050 1800 pavere,
3095 1765 3098 1768 ι

1917 1835 1964 1892 ῃ
1993 1815 2280 1888 Monetque
2307 1819 2606 1889 discipulos
2637 1821 2912 1891 paululum
2943 1825 3155 1890 sedere,

1996 1905 2063 1960 Ut
2087 1907 2276 1962 orandi
2313 1910 2548 1977 spatium
2579 1911 2756 1966 valeat
2785 1913 3008 1969 habere.

2061 2000 2198 2056 Ecce
2227 1999 2388 2056 Jesus
2413 2001 2616 2074 legitur
2643 2019 2848 2073 pavens
2873 2007 3218 2072 contristari;

1989 2089 2106 2146 Non
2135 2105 2431 2161 praesumat
2457 2094 2621 2165 igitur
2643 2097 2874 2166 quisque
2903 2098 3189 2168 indignari,

1989 2181 2046 2236 Si
2081 2183 2354 2238 tristatum
2389 2186 2696 2256 quempiam
2735 2187 2934 2244 viderit
2968 2191 3196 2252 turbari,

1987 2274 2082 2330 Pic
2109 2275 2280 2346 magis
2306 2279 2522 2332 studeat
2544 2277 2694 2333 illum
2731 2280 3022 2334 consolari.

2544 2387 2722 2445 Sudor
2749 2393 3036 2461 sanguinis.

2053 2477 2205 2532 Tunc
2233 2477 2545 2547 prmcedens
2571 2481 2840 2534 modicum
2873 2481 3037 2535 humo
3070 2497 3126 2536 se
3149 2484 3464 2551 prostravit,

1983 2569 2050 2622 Et
2079 2569 2364 2624 transferri
2389 2571 2612 2626 calicem
2641 2587 2668 2624 a
2700 2587 2758 2626 se
2789 2573 3108 2642 postulavit;

1983 2658 2090 2714 Sed
2120 2659 2302 2715 Patris
2331 2661 2560 2716 arbitrio
2585 2661 2712 2716 illud
2737 2667 3174 2720 commendavit:

1980 2749 2119 2806 Ecce
2147 2767 2272 2807 mox
2307 2754 2636 2825 sanguineus
2673 2755 2838 2812 sut‘lor
2873 2759 3162 2812 emanavit.

2051 2843 2185 2910 Quis
2217 2861 2453 2915 unquam
2487 2849 2798 2903 mortalium
2826 2850 2894 2906 ob
2920 2851 3111 2906 mortis
3139 2851 3424 2908 horrorem

1979 2935 2210 2990 Auditur
2239 2939 2594 3008 sanguineum
2621 2939 2824 2995 fudisse
2851 2941 3140 2998 sudorem?

1979 3025 2054 3080 Ex
2092 3027 2194 3082 hoc
2223 3028 2402 3084 forsan
2432 3031 2652 3086 instruit
2679 3033 2960 3102 Scriptura
2989 3034 3247 3091 lectorem

1900 3179 1942 3233 Γ
1978 3115 2055 3168 llli
2081 3132 2353 3186 nunquam
2379 3121 2611 3176 similem
2641 3123 2808 3178 fuisse
2839 3123 3099 3179 dolorem.

1923 3219 1944 3238 ³
2647 3241 2898 3312 Captum.

2047 3329 2211 3386 Adest
2239 3333 2422 3388 statim
2447 3335 2713 3402 proditor,
2739 3337 3030 3407 multisque
3057 3338 3310 3404 vallatur,

1975 3421 2044 3476 Ut
2077 3423 2366 3494 impiorum
2399 3427 2648 3482 manibus
2674 3428 2933 3484 innocens
2965 3430 3228 3494 tradatur,

1972 3514 2039 3572 Et
2069 3518 2310 3574 salutans
2339 3520 2562 3575 subdole
2585 3519 2766 3576 Jesum
2796 3521 3094 3587 osculatur,

1973 3609 2080 3664 Sed
2105 3610 2260 3666 Jesus
2287 3613 2656 3668 blandissimis
2683 3615 2861 3668 verbis
2887 3614 3029 3668 hunc
3053 3614 3268 3668 aiiatur.

2043 3703 2123 3758 Ad
2152 3705 2312 3772 quod,
2343 3705 2516 3774 inquit
2549 3704 2828 3770 Dominus,
2858 3707 3050 3772 amice,
3081 3707 3307 3760 venisti?

1971 3794 2108 3850 Num
2139 3807 2196 3850 ut
2223 3799 2404 3854 tradas
2430 3800 2614 3854 osculo
2645 3815 2802 3870 quem
2827 3799 2941 3870 jam
2964 3799 3294 3856 vendidisti?

1973 3887 2276 3944 Stevierunt
2303 3890 2550 3958 protinus
2583 3899 2801 3946 ruentes
2831 3890 3088 3950 ministri.

1969 3977 2081 4034 Nec
2103 3988 2358 4034 verentur
2383 3979 2496 4034 ﬁeri
2527 3990 2895 4052 peremptores
2923 3980 3145 4038 Christi.

2039 4069 2172 4138 Quis
2202 4072 2386 4126 mirari
2417 4071 2614 4127 suliicit
2641 4073 2694 4128 in
2727 4073 2828 4128 hoc
2850 4071 3206 4138 Salvatorem,

1971 4163 2210 4234 Ejusque
2245 4164 2536 4221 miriﬁcum
2569 4167 2806 4235 pectoris
2835 4166 3146 4242 dulcorem?

1925 4257 1942 4262 ’
1967 4253 2046 4306 En
2071 4255 2306 4310 amicum
2331 4256 2578 4310 nominat
2605 4255 2850 4310 hostibus
2873 4256 3133 4326 pejorem,

1965 4344 2271 4402 Admittens
2303 4347 2366 4402 ad
2398 4346 2642 4402 osculum
2671 4346 2820 4415 pacis
2847 4347 3192 4416 proditorem.

2037 4433 2080 4489 0
2107 4433 2244 4488 Juda
2278 4435 2600 4498 miserrime,
2633 4443 2691 4488 ut
2713 4434 2838 4504 quid
2863 4435 2939 4490 sic
2965 4433 3158 4505 egisti?

1886 4537 1936 4594 1)
1966 4524 2164 4580 Osculo
2189 4525 2474 4594 paciﬁcum
2505 4526 2621 4580 neci
2652 4526 2943 4580 tradidisti.

1965 4617 2142 4684 Quare
2167 4617 2442 4672 beneﬂciis
2469 4619 2546 4672 sic
2573 4621 2798 4672 abutens
2822 4605 3042 4681 Christi,

1963 4707 2124 4762 Bonis
2153 4709 2286 4763 ntala
2319 4711 2542 4764 reddere
2575 4725 2679 4766 non
2707 4708 3002 4766 erubuisti?

2035 4799 2266 4854 Ministri
2297 4801 2578 4856 mitissima
2611 4816 2738 4855 voce
2769 4801 3020 4872 postulati

1962 4893 2132 4960 Quem
2161 4904 2411 4964 quaerant
2431 4934 2447 4960 ,
2474 4894 2734 4948 continuo
2765 4901 3026 4952 corruunt
3055 4893 3328 4966 prostrati,

1963 4983 2101 5038 ilinc
2129 4995 2357 5052 pensent
2385 4999 2544 5052 quam
2573 4998 2766 5054 aspera
2795 4987 2899 5042 erit
2924 4999 3026 5038 vox
3052 4985 3176 5040 irati

1961 5073 2126 5142 Cujus
2154 5077 2318 5132 verba
2343 5075 2518 5130 dulcia
2545 5077 2910 5146 nequiverunt
2935 5077 3067 5144 pati.

2033 5167 2466 5237 Compreheusus
2492 5171 2723 5240 denique
2749 5173 3000 5245 nequiter
3022 5179 3300 5232 tractatur,

3479 383 3542 436 59
3553 388 3578 436 ι
