4030 5354
520 401 622 457 593
1550 393 1608 450 S.
1638 395 1934 452 ANSELMI
1977 393 2312 452 LUCENSIS
2337 390 2642 448 EPISCOPl

1021 511 1172 585 Fuga
1204 512 1594 583 discipulorum.

591 603 684 656 Eia
717 620 861 659 nunc
886 619 992 676 quo
1017 605 1222 675 fugitis,
1249 606 1334 660 vel
1363 605 1616 670 talitatis,

522 695 621 764 Qui
648 713 817 768 nuper
843 713 966 752 cum
993 698 1222 752 Domino
1250 711 1347 751 vos
1373 697 1508 750 mori
1532 697 1786 765 iactatis?

525 786 632 842 Sed
657 788 802 858 prior
827 803 926 858 pro
961 787 1211 843 omnibus
1235 795 1461 843 mortem
1493 788 1638 842 subit
1663 787 1854 857 gratis,

529 880 607 936 Ne
631 896 728 951 pro
749 880 863 951 ipso
895 881 1236 950 postmodum
1271 882 1408 936 mori
1439 880 1693 935 timeatis.

1115 975 1262 1030 Petri
1290 975 1516 1046 negatio.

593 1069 837 1138 Sequens
859 1069 1051 1124 Petrus
1076 1070 1233 1140 longe
1255 1071 1455 1124 atrium
1477 1068 1719 1130 intravit.

524 1160 628 1216 Sed
665 1162 730 1214 ad
757 1177 942 1216 vocem
977 1161 1190 1218 feminae
1211 1163 1394 1218 Jesum
1423 1171 1508 1216 ter
1546 1161 1778 1232 negavit,

521 1253 692 1318 Quem
717 1252 844 1307 dum
867 1253 1052 1308 Jesum
1080 1255 1330 1324 respicit,
1354 1253 1530 1308 ﬂendo
1561 1253 1873 1324 suspiravit,

521 1341 589 1397 Et
611 1343 811 1396 amaris
837 1344 1091 1415 lacryxiis
1116 1344 1302 1414 culpas
1333 1343 1588 1413 expiavit.

1058 1432 1218 1490 Iudae
1248 1436 1560 1505 desperatio.

596 1527 794 1582 Videas
823 1537 948 1597 post
985 1529 1100 1584 bzec
1125 1528 1372 1598 proditor
1397 1529 1538 1599 quod
1565 1528 1724 1584 .lesus
1755 1527 2071 1591 damnatur,

520 1617 724 1672 Detulit
757 1631 1042 1690 argenteos
1075 1622 1270 1690 quibus
1301 1622 1660 1687 vendebatur,

521 1711 590 1766 Et
623 1712 899 1773 recedens.
935 1713 1124 1783 laqueo
1145 1715 1312 1770 miser
1337 1715 1662 1781 suffocatur;

523 1799 614 1858 Sic
645 1803 892 1859 mercede
917 1819 1152 1876 congrua
1179 1805 1316 1862 latro
1347 1807 1679 1876 praemiatur.

1087 1899 1285 1954 Christi
1321 1900 1554 1970 injuriae.

593 1989 710 2045 Nox
735 1992 1000 2048 insomnis
1027 1991 1209 2063 itaque
1238 2002 1346 2048 tota
1385 1993 1703 2056 ducebatur.

523 2076 677 2132 Nulla
705 2095 928 2149 prorsus
954 2083 1312 2151 requiesJesu
1342 2085 1720 2154 przestabatur.

525 2168 898 2226 Ministrorum
925 2172 1092 2243 impia
1122 2173 1274 2242 plebs
1304 2174 1628 2242 iujuriatur;

525 2259 712 2330 Alapis
743 2272 796 2317 et
827 2263 1070 2334 colaphis
1099 2262 1362 2322 innocens
1387 2275 1672 2322 tractatur.

1057 2354 1252 2428 Iniqua
1297 2359 1582 2412 accusatio.

599 2447 761 2513 Falsi,
792 2448 941 2517 Jesu,
968 2459 1158 2506 contra
1184 2458 1234 2506 te
1260 2459 1425 2506 testes
1449 2451 1798 2514 inducuntur,

529 2537 846 2610 Tacensque
876 2542 1184 2598 dissimulas
1210 2552 1406 2598 cuncta
1435 2559 1554 2614 quae
1586 2545 1880 2608 dicuntur,

525 2632 684 2688 Mane
708 2633 853 2689 facto
877 2635 1132 2691 manibus
1161 2636 1376 2692 vincula
1405 2646 1719 2700 nectuntur,

527 2725 612 2781 Ad
649 2726 885 2782 Pilatum
923 2728 1176 2788 traheris.
1213 2729 1508 2798 hostesque
1537 2737 1860 2798 sequuntur.

601 2818 898 2874 Accusaris
927 2820 1200 2890 nequiter,
1227 2822 1322 2875 sed
1348 2820 1482 2876 nihil
1511 2821 1806 2890 probatur;

529 2909 836 2978 Finguntur
863 2912 1168 2978 mendacia,
1198 2929 1398 2968 verum.
1416 2914 1742 2977 occultatur,

535 3003 646 3057 Nec
673 3001 872 3062 latebat
897 3002 1137 3072 judicem
1165 3007 1306 3076 quod
1343 3007 1492 3062 fraus
1521 3017 1798 3078 operatur.

533 3093 660 3148 Ideo
693 3103 746 3150 te
772 3096 1000 3164 perdere
1025 3111 1228 3166 praeses
1253 3098 1564 3154 verebatur.

605 3185 834 3241 Herodis
861 3187 1170 3256 aspectibus
1199 3197 1322 3258 post
1343 3189 1464 3244 haec
1487 3198 1882 3259 ριτιεεθηιειῑιιεἸ

533 3274 822 3347 Multisque
850 3278 1191 3334 sermonibus
1229 3287 1412 3334 tacens
1443 3281 1739 3351 rogitatus;

534 3367 612 3422 Te
637 3383 732 3422 rex
756 3383 877 3424 cum
909 3369 1150 3424 exercitu
1183 3370 1390 3440 sprevit
1412 3371 1719 3442 indignatus
1738 3387 1770 3436 ;_

531 3457 754 3514 Praesidi
783 3458 1064 3515 reduceri‘s
1093 3469 1242 3516 veste
1264 3461 1602 3517 candidatus.

603 3545 776 3605 Judmi
805 3558 928 3607 tunc
957 3552 1138 3608 acrius
1163 3552 1365 3608 instant
1391 3561 1732 3618 accusantes,

533 3639 766 3700 Herodis
789 3657 853 3698 ac
877 3645 1123 3712 przcsidis
1155 3643 1362 3701 foedere
1393 3643 1672 3708 laetantes.

537 3733 813 3798 Patienter
838 3739 1035 3792 toleras
1057 3751 1220 3791 canes
1245 3736 1582 3793 oblatrantes

535 3827 606 3881 Et
633 3825 831 3895 iniquis
859 3828 1038 3883 verbis
1068 3836 1118 3882 te
1145 3828 1431 3884 laniantes.

609 3915 900 3971 Taceulem
932 3917 998 3970 ad
1024 3917 1202 3972 omnia
1228 3918 1392 3988 judex
1433 3918 1756 3982 admiratur,

536 4005 620 4061 Ab
659 4005 788 4075 ipsis
819 4006 1030 4074 eripere
1055 4005 1236 4063 Jesum
1271 4017 1628 4064 conconatur.

541 4095 650 4150 Sed
675 4096 938 4152 tumultus
967 4097 1150 4167 populi
1178 4098 1367 4170 ingens
1397 4101 1730 4164 suscitatur,

539 4187 608 4242 Et
634 4187 809 4258 plebis
832 4203 936 4244 vox
967 4189 1182 4246 insonat
1213 4202 1274 4247 ut
1296 4193 1666 4264 crucifigatur.

613 4281 658 4336 Ο
682 4297 815 4353 gens
849 4283 1264 4350 nefandissima,
1295 4301 1465 4356 quare
1496 4288 1574 4342 sic
1606 4287 1818 4358 egisti?

541 4371 878 4429 Salvatorem
913 4375 1212 4447 abnegans,
1247 4377 1469 4448 impium
1497 4375 1697 4448 petisti,

539 4464 608 4520 Et
637 4465 904 4522 latronem
937 4465 1141 4537 eligens
1167 4465 1442 4523 Christum
1473 4471 1782 4540 perdidisti;

542 4559 634 4615 Sic
657 4562 724 4616 ab
753 4575 818 4615 co
847 4561 1046 4632 despici
1072 4560 1196 4628 jure
1223 4563 1490 4617 meruisti.

1097 4654 1270 4726 Impia
1302 4656 1576 4710 sententia.

615 4742 816 4799 Videas
839 4745 1004 4812 judex
1035 4745 1266 4816 denique
1295 4759 1352 4801 se
1381 4745 1454 4800 nil
1482 4745 1772 4815 prmvalere
1791 4788 1804 4809 ,

546 4835 654 4891 Sed
687 4836 858 4907 magis
887 4837 940 4890 in
972 4839 1171 4907 populo
1203 4837 1487 4894 tumultum
1521 4853 1738 4910 augere,

549 4923 816 4980 'udicavit
843 4926 958 4982 fieri
987 4927 1128 4996 quod
1160 4929 1212 4983 bi
1246 4930 1468 5000 petiere.

545 5011 792 5072 Exsultat
819 5031 953 5089 gens
981 5019 1218 5090 perfida;
1245 5021 1326 5074 sui
1361 5020 1600 5075 doluere.

1167 5109 1504 5181 Flagellatio.

616 5203 873 5246 Tradimu-
901 5202 1180 5246 militibus.
1213 5202 1444 5246 vi‘nmrlic
1467 5213 1708 5246 nrt-Inmr-

2127 522 2170 575 Α
2737 505 2894 558 Varia
2934 501 3230 574 opprobria.

2271 599 2399 652 Post
2423 595 2728 652 conﬂictum
2761 593 3043 649 verberum
3073 593 3192 647 vide
3219 590 3348 662 quid
3375 599 3566 661 agatur
3589 608 3602 644 :

2201 690 2443 758 Purpura
2477 689 2738 751 induitur,
2767 687 2938 758 spinis
2963 693 3280 742 coronatur.

2203 784 2425 836 Arundo
2455 783 2506 835 in
2537 782 2839 843 dexteram,
2872 778 3022 848 quasi
3053 785 3347 846 sceptrum,
3375 776 3555 840 datur,

2203 872 2271 926 Et
2301 871 2512 935 illusus,
2540 870 2766 941 genibus
2791 868 2962 932 ﬂexis,
2995 868 3272 921 adoratur.

2275 964 2570 1018 Adoratum
2601 971 2904 1030 conspuunt
2930 959 3121 1014 faciem
3154 957 3441 1012 credentes.

2206 1056 2430 1111 Feriunt
2454 1055 2721 1110 arundine
2750 1063 2933 1126 caput,
2967 1053 3080 1107 haec
3105 1052 3346 1106 dicentes
3373 1067 3396 1102 εν

2205 1145 2586 1215 Prophetando
2619 1145 2796 1198 indica
2822 1154 2874 1200 te
2901 1143 3294 1213 percutientes;

2208 1239 2427 1293 Talibus
2457 1236 2706 1291 ludibriis
2735 1236 2938 1290 instant
2967 1234 3269 1288 illudentes.

2277 1329 2322 1385 Ο
2347 1344 2507 1399 quam
2537 1327 2754 1396 longum
2782 1325 2992 1397 singula
3025 1325 3166 1380 foret
3195 1337 3474 1390 enarrare,

2209 1421 2317 1476 Sed
2348 1435 2509 1488 quam
2541 1417 2642 1472 fuit
2681 1418 2894 1488 longius
2925 1427 3072 1471 tanta
3107 1415 3374 1470 tolerare?

2209 1510 2419 1566 Lethali
2449 1509 2650 1564 duritia
2677 1517 2891 1563 constat
2923 1508 3172 1562 laborare

2211 1602 2312 1669 Qui
2338 1611 2609 1656 amantem
2639 1601 2820 1657 taliter
2849 1602 3070 1672 negligit
3096 1615 3300 1655 amare.

2283 1692 2422 1746 Ecce
2455 1699 2574 1762 post
2605 1693 2883 1763 angustias
2911 1700 2990 1746 tot
3021 1690 3341 1760 injuriarum

2213 1779 2400 1836 Oritur
2427 1781 2698 1836 acerbitas
2723 1781 2901 1836 denuo
2929 1795 3244 1853 poenarum,

2141 1861 2188 1926 Β
2219 1873 2397 1940 Quare
2420 1873 2850 1943 sicisupplicium
2877 1875 3119 1928 noscitur
3140 1887 3411 1938 amarum,

2217 1966 2354 2031 Dum
2385 1965 2527 2037 quod
2555 1975 2676 2036 post
2699 1976 2880 2022 actum
2907 1975 2989 2022 est
3021 1973 3302 2036 reputatur
3330 1963 3558 2035 parum?

2746 2055 3018 2125 Bajulatio
3053 2048 3246 2109 crauis.

2289 2147 2422 2203 Nam
2454 2163 2552 2220 per
2578 2148 2729 2203 urbis
2767 2148 3002 2203 medium
3032 2147 3188 2203 Jesus
3217 2145 3564 2218 procedebat,

2221 2241 2456 2311 Suisque
2481 2240 2778 2311 patibulum
2813 2241 3056 2296 humeris
3087 2240 3314 2306 ferebat,

2219 2332 2300 2386 Ad
2331 2331 2499 2396 fores,
2532 2331 2597 2386 ad
2624 2333 2762 2389 ostia
2794 2331 3020 2403 populus
3052 2330 3274 2394 ﬂuebat,

2221 2425 2460 2496 Ejusque
2493 2424 2740 2480 confusio
2769 2423 2996 2494 singulis
3021 2423 3262 2493 patebat.

2294 2517 2535 2573 Occurre
2560 2533 2724 2583 nunc,
2757 2517 2960 2583 anima,
2985 2517 3201 2572 intuens
3234 2523 3506 2570 amantem

2221 2612 2441 2668 Gratias
2475 2611 2542 2666 ad
2565 2609 2868 2682 patibulum
2897 2599 2996 2682 pro
3025 2617 3075 2664 te
3106 2617 3506 2680 properantem,

2224 2704 2494 2774 Sponsum
2527 2715 2676 2760 tuum
2699 2704 2909 2775 respice
2933 2717 3152 2760 crucem
3179 2701 3532 2772 bajulantem,

2225 2795 2338 2852 Tua
2375 2801 2490 2854 suis
2511 2799 2738 2854 crimina
2770 2799 2946 2869 pinnis
2970 2787 3320 2868 eipiantem.’

2297 2891 2586 2962 Triplicem
2617 2891 2831 2946 intueor
2856 2891 3064 2945 turbam
3103 2899 3156 2945 te
3178 2897 3518 2960 sequentem,

2224 2985 2463 3050 Scilicet,
2497 2985 2811 3040 carnificum
2843 2984 3070 3054 primam
3098 2993 3150 3038 te
3177 2990 3538 3052 prementem,

2222 3079 2530 3134 Judaaorum
2553 3078 2777 3132 alteram
2804 3092 3029 3146 prorsus
3061 3075 3396 3139 irridentem,

2149 3211 2193 3272 Β
2226 3170 2537 3224 Amicorum
2571 3169 2784 3224 tertiam
2809 3167 2969 3222 anxie
2997 3167 3289 3238 lugentem.

2870 3257 3178 3325 Cruciﬁxio.

2297 3351 2537 3407 Tandem
2566 3351 2632 3405 ad
2657 3349 2918 3406 Calvarire
2941 3349 3116 3403 locum
3145 3355 3528 3410 transmealur,

2225 3449 2294 3503 Et
2321 3447 2517 3502 ibidem
2549 3447 2789 3501 vestibus
2819 3444 2976 3499 Jesus
3005 3443 3287 3514 spoliatur,

2227 3539 2300 3595 Ut
2329 3539 2454 3594 hinc
2479 3537 2710 3608 quisque
2736 3535 2968 3590 militum
3007 3543 3217 3604 partem
3241 3535 3500 3590 sortiatur
3533 3551 3548 3586 :

2228 3629 2357 3683 Post
2386 3630 2501 3683 haec
2535 3629 2588 3680 in
2613 3626 2855 3697 patibulo
2883 3625 3066 3682 crucis
3093 3633 3422 3681 coarctatur.

2296 3720 2377 3774 Ad
2407 3719 2624 3791 pudoris
2649 3719 2943 3782 cumulum,
2968 3717 3096 3774 Jesu
3125 3718 3221 3784 mi,
3253 3717 3496 3782 nudaris,

2229 3815 2302 3872 Ut
2330 3816 2510 3870 ventis
2540 3830 2604 3868 ac
2633 3813 2817 3885 frigori
2855 3813 3029 3867 nudus
3055 3811 3346 3882 exponaris
3371 3827 3388 3864 :

2229 3909 2492 3963 innocens
2529 3921 2651 3962 cum
2685 3905 2863 3975 impiis
2893 3904 2946 3958 in
2972 3919 3132 3960 cruce
3163 3901 3475 3974 damnaris,

2229 4001 2296 4058 Et
2334 3999 2486 4070 quasi
2513 3999 2622 4054 dux
2649 3997 2897 4054 criminis
2927 3998 2980 4051 in
3009 3995 3188 4052 medio
3213 3993 3430 4048 locaris.

2301 4091 2461 4146 Stant
2489 4106 2518 4145 a
2549 4089 2707 4160 longe
2733 4089 3000 4159 proximi;
3033 4104 3060 4140 a
3095 4085 3241 4142 nullo
3273 4083 3605 4148 consolaris;

2232 4183 2339 4240 Sed
2368 4183 2630 4237 assistunt
2659 4179 2897 4249 undique
2921 4193 3018 4248 per
3043 4193 3181 4248 quos
3207 4175 3498 4239 cruciaris;

2229 4275 2274 4328 Δ
2306 4273 2552 4344 malignis
2581 4271 2787 4342 perfide
2815 4271 2986 4325 servis
3013 4267 3426 4338 blasphemaris,

2233 4367 2298 4420 Et
2328 4365 2470 4434 quod
2503 4378 2640 4433 pene
2669 4362 2822 4432 pejus
2849 4371 2951 4426 est,
2979 4376 3007 4416 a
3036 4359 3143 4414 tuis
3170 4357 3454 4414 desolaris.

2304 4457 2412 4511 Cor
2441 4468 2652 4511 tumens
2677 4454 2953 4525 superbia,
2979 4454 3125 4507 disce
3151 4466 3258 4505 non
3297 4447 3494 4512 inflari,

2158 4557 2206 4617 ιδ
2233 4550 2343 4605 Nec
2375 4559 2446 4613 te,
2472 4564 2677 4618 quaeso,
2709 4547 2890 4619 pigeat
2917 4545 3100 4601 Jesum
3125 4543 3353 4608 imitari,

2232 4645 2402 4710 Quem
2427 4642 2645 4711 indigne
2667 4639 2936 4710 conspicis
2961 4637 3140 4692 viliter
3165 4635 3409 4698 tractari,

2234 4737 2334 4804 Qui
2367 4751 2478 4803 pra:
2510 4735 2722 4790 cunctis
2751 4735 2949 4788 meruit
2974 4745 3190 4802 semper
3220 4727 3495 4784 honorari.

2305 4827 2466 4882 Disce
2494 4825 2680 4879 lalsam
2713 4839 2971 4895 spernere
3001 4823 3230 4893 gratiam
3261 4819 3480 4876 honoris

2233 4917 2553 4986 Laudcsque
2583 4923 2932 4970 contemnere
2962 4911 3180 4968 humani
3220 4911 3442 4970 favoris.

2233 5011 2372 5064 Dum
2403 5017 2454 5064 te
2485 5009 2646 5062 vilem
2679 5016 2894 5075 reputat
2922 5006 3086 5061 homo
3113 5006 3306 5060 videns
3333 5001 3482 5066 furis,

2235 5103 2314 5156 Tu
2344 5111 2396 5156 te
2430 5100 2591 5154 vilem
2619 5097 2791 5153 oculis
2813 5112 3008 5169 penses
3035 5097 3332 5152 Creatoris.

2305 5191 2376 5246 Ut
2405 5191 2533 5246 quid
2566 5203 2694 5246 eruo
2724 5203 3094 5246 murmurans.
3127 5189 3316 5246 miser.
3349 5183 3662 5246 indignaris.

3709 383 3784 438 96
