4030 5354
344 240 449 296 597
1620 240 1983 300 OPUSCULA
2013 242 2140 299 Sl’U
2155 244 2288 298 nu.

417 354 542 418 Sed,
576 369 643 410 ne
673 353 811 410 desit
846 355 1122 426 quidpiam
1151 357 1218 412 ad
1251 357 1442 412 mortis
1472 357 1774 425 horrorem,

345 445 571 501 Ferrum
603 448 765 519 pedes
795 458 1087 518 penetrans
1123 450 1363 505 cumulat
1397 449 1662 516 dolorem,

345 538 523 609 Atque
550 539 628 594 sic
657 550 929 596 exacuunt
949 541 1099 612 impii
1131 540 1394 606 furorem,

344 629 737 701 l’ostponentes
765 633 1013 701 nequiter
1047 631 1256 688 Domini
1289 633 1559 688 timorem.
1588 686 1591 688 _

414 719 710 775 horrorem
741 721 1013 777 incutiunt
1039 720 1219 777 mallei
1249 731 1525 786 sonantes,

341 809 652 880 Cutemque
669 826 797 868 cum
824 811 1078 867 carnibus
1106 821 1272 868 totam
1302 813 1661 880 terebrantes,

343 901 551 957 Nervos
573 918 696 957 cum
727 904 1015 959 subtilibus
1043 905 1197 960 venis
1220 903 1542 970 lacerantes,

345 993 408 1046 Et
443 1008 732 1064 compages
761 996 964 1050 ossium
991 995 1150 1052 simul
1181 996 1528 1068 dissipantes.

415 1084 670 1139 Fundunt
697 1085 844 1141 rivos
874 1086 1154 1156 sanguinis
1184 1085 1359 1143 fontes
1383 1086 1683 1143 Salvatoris

344 1173 651 1244 Properans
676 1175 782 1231 huc
806 1177 988 1232 anima
1017 1186 1203 1233 currat
1223 1179 1547 1248 peccatoris,

346 1265 574 1321 Hauriat
610 1267 698 1324 hic
727 1269 1004 1340 quidpiam
1029 1270 1230 1326 sacrati
1253 1269 1501 1340 liquoris,

344 1357 460 1425 Quo
484 1358 800 1431 frequenter.
818 1360 972 1418 liniat
995 1361 1218 1418 vulnera
1244 1362 1466 1418 doloris.

905 1453 1089 1508 Oratio
1122 1456 1176 1509 in
1205 1471 1378 1509 crure.

415 1543 657 1615 Denique
695 1545 951 1600 melliflua
983 1547 1148 1602 verba
1181 1547 1484 1611 cliaritatis,

343 1635 551 1690 Promit
572 1636 750 1702 Iesus,
782 1637 995 1692 veniam
1023 1647 1216 1709 petens
1239 1638 1538 1700 sceleratis,

340 1727 387 1783 0
416 1738 677 1798 quantum
703 1730 967 1786 exuberat
997 1730 1138 1785 unda
1166 1731 1411 1801 pietatis!

344 1819 459 1874 Non
487 1820 739 1892 desperet
767 1822 961 1878 amodo
987 1823 1274 1892 quisquam
1299 1837 1399 1893 pro
1426 1823 1685 1892 peccatis.

413 1911 771 1986 Crucitigunt,
802 1914 1032 1980 laniant,
1058 1928 1249 1985 poenas
1278 1913 1624 1976 cumulando,

344 2005 450 2060 Sed
480 2006 734 2076 rependis
761 2007 991 2077 gratiam
1019 2023 1117 2078 pro
1135 2009 1215 2064 eis
1239 2007 1469 2071 orando,

346 2096 456 2152 Non
489 2097 1002 2169 dillldat-pmnitens
1017 2100 1305 2170 quisquam
1335 2098 1664 2168 aliquando,

344 2189 613 2245 Salutaris
642 2191 832 2262 gratia:
852 2192 1065 2262 copiam
1098 2181 1398 2262 pensando.
1427 2245 1430 2248 .

731 2310 733 2312 ·
788 2282 1066 2339 Conversio
1097 2284 1217 2338 boni
1243 2284 1484 2339 latronis.

415 2375 460 2428 0
488 2374 806 2430 admiranda
834 2376 1010 2446 pietas
1037 2376 1296 2432 bonitatis
1331 2375 1555 2439 Cbristi,

347 2466 423 2518 Ad
453 2476 505 2520 te
534 2466 598 2519 de
629 2467 870 2537 patibulo
897 2469 1137 2522 clamans
1165 2483 1296 2524 voce
1319 2469 1459 2523 tristi

348 2557 510 2613 Latro
531 2559 663 2628 petit
691 2561 925 2626 veniam,
945 2571 1002 2615 et
1025 2576 1147 2616 mox
1182 2561 1467 2624 indulsisti,

347 2649 462 2715 Quo
487 2665 638 2720 spem
671 2651 1060 2721 paenitentibus
1088 2653 1257 2708 veniae
1288 2653 1504 2708 dedisti.

417 2741 667 2807 Pinnem,
705 2758 868 2812 quam
894 2745 1171 2810 sustinuit,
1197 2745 1403 2800 crimen
1433 2745 1705 2814 exigebat,

350 2834 419 2887 At
450 2844 736 2905 postquam
765 2837 818 2890 in
845 2837 994 2892 exitu
1020 2837 1146 2891 vitae
1173 2837 1490 2908 pmnitebat,

352 2925 572 2982 Veniam
605 2929 954 3000 consequitur
981 2930 1166 2985 statim
1203 2945 1366 3000 quam
1391 2929 1627 2999 petebat,

349 3019 414 3076 Et
444 3036 736 3090 perennem
769 3021 995 3094 gloriam
1033 3021 1189 3078 lmtus
1219 3022 1516 3078 obtinebat.

908 3134 1040 3190 Ecce
1073 3134 1244 3190 Mater
1269 3145 1380 3190 tua.

420 3227 553 3281 Post
582 3228 697 3284 hac
723 3227 949 3283 Matrem
988 3229 1204 3283 intuens
1231 3226 1390 3284 Jesus
1419 3227 1726 3292 advocavit,

353 3318 592 3388 Eamque
619 3319 884 3391 discipulo
907 3322 1072 3375 cliaro
1094 3320 1510 3385 commendavit,

355 3408 741 3480 Virginemque
765 3410 960 3480 virgini
995 3411 1219 3480 pulchre
1245 3409 1493 3473 sociavit,

355 3498 431 3552 Ex
473 3509 602 3555 tunc
641 3501 781 3555 hanc
818 3499 1113 3570 discipulus
1140 3507 1199 3553 ut
1227 3507 1454 3554 matrem
1478 3498 1748 3554 servavit.~

425 3589 471 3646 0
497 3605 658 3660 quam
686 3588 852 3661 Virgo
879 3593 1119 3662 graviter
1144 3592 1290 3646 intus
1330 3590 1629 3655 cruciatur,

357 3679 490 3734 Cum
521 3680 714 3735 orbata
743 3679 881 3738 Filio
912 3679 1001 3735 alii
1029 3679 1472 3744 commendatur;

358 3768 488 3824 Mira
524 3771 880 3826 commutatio
905 3771 1098 3826 merito
1128 3770 1418 3841 probatur,

358 3860 489 3916 Cum
518 3876 708 3918 servus
733 3878 832 3933 pro
853 3864 1085 3920 Domino
1107 3863 1264 3919 Matri
1293 3870 1675 3921 commutatur.

1075 3977 1227 4033 Sitio.

429 4068 678 4140 Loquens
705 4069 862 4127 lesus
888 4072 1071 4126 denuo
1096 4089 1108 4124 :
1141 4070 1298 4134 Sitio,
1330 4067 1563 4134 diccbat,

361 4158 427 4216 Et
453 4171 666 4217 acetum
693 4164 942 4233 protinus
973 4162 1095 4218 felle
1121 4163 1244 4234 quis
1273 4162 1559 4226 miscebat,
1595 4221 1599 4225 ,

361 4251 437 4304 Ac
473 4251 710 4308 infusum
735 4254 974 4323 spongia:
995 4255 1075 4309 ori
1102 4253 1443 4324 porrigebat;

363 4344 514 4408 Quod
541 4344 840 4416 degustans
870 4345 1167 4415 paululum,
1197 4344 1386 4400 bibere
1419 4344 1656 4399 nolebat.

432 4436 566 4503 lleu,
592 4436 720 4494 Iesu
752 4435 997 4501 mirifice,
1035 4437 1163 4507 quid
1193 4447 1277 4492 est
1301 4437 1442 4506 quod
1469 4436 1696 4506 agebas?
1725 4453 1727 4456 ‘

364 4526 441 4581 Tu
468 4529 534 4584 de
561 4528 654 4584 siti
683 4527 1057 4600 conquereris,
1091 4529 1157 4584 de
1183 4544 1346 4584 cruce
1376 4527 1592 4583 silebas.

365 4617 494 4674 Puto
521 4621 665 4691 quod
699 4634 1024 4690 magnopere
1046 4629 1231 4691 potum
1257 4635 1364 4676 non
1391 4621 1636 4691 petebas,

367 4710 469 4767 Sed
497 4711 729 4768 salutem
759 4712 940 4780 potius
963 4720 1205 4767 nostram
1244 4711 1489 4767 sitiebas.

865 4826 1104 4881 Christus
1142 4829 1444 4896 exsanguis.

430 4914 609 4974 Venas
633 4917 750 4986 jam
782 4918 1153 4974 exbauserant
1181 4918 1338 4972 rivuli
1371 4917 1606 4984 cruoris,

369 5007 652 5067 Evanescit
679 5009 892 5080 pristini
919 5009 1130 5082 species
1165 5009 1408 5075 decoris;

374 5095 578 5158 Vultum
615 5103 771 5156 tabes
795 5112 1022 5174 occupat
1049 5098 1200 5154 lividi
1229 5103 1457 5167 cruoris,

375 5190 456 5240 Sic
483 5192 785 5240 triumnhat.
814 5193 876 5240 de.
901 5193 1029 5240 ,Ιρςιι
1068 5189 1154 5240 nia
1185 5191 1267 5240 vis
1300 5194 1522 5240 amni-ig-

1947 366 1996 422 Δ
2697 359 2916 413 Moritur

2103 450 2298 505 Vocem
2327 466 2580 521 promens
2609 452 2871 518 ultimam,
2901 454 3116 508 l’atiem
3151 453 3432 516 invocasti;

2030 543 2399 612 Spiritumque
2427 543 2674 598 manibus
2703 543 2820 612 ejus
2847 544 3237 600 commendasti
3256 562 3268 586 τ

2028 634 2162 690 Cum
2195 635 2435 690 clamore
2466 635 2644 691 valido
2675 637 2887 691 tandem
2919 638 3197 707 cxpirasti,

2030 724 2123 782 Sic
2148 725 2339 784 salutis
2362 728 2605 784 omnium
2633 743 2768 799 Opus
2798 731 3206 784 consuminasti.

2594 817 2686 873 Sol
2725 820 3054 872 obscuratur.

2100 904 2240 961 Dum
2257 905 2511 964 Salvator
2540 907 2766 977 patitur,
2791 907 2914 962 cmli
2947 907 3327 971 obscurantur,

2034 992 2226 1051 Velum
2259 997 2442 1066 templi
2473 998 2765 1063 scinditur,
2797 999 2994 1053 tumbae
3021 1009 3348 1060 reserantur,

2035 1085 2233 1141 Scissis
2261 1087 2430 1157 petris
2457 1101 2683 1156 corpora
2710 1086 2875 1140 multa
2907 1088 3259 1151 suscitantur,

2033 1174 2096 1230 Et
2128 1185 2336 1230 natura:
2367 1177 2652 1232 Dominum
2681 1179 2790 1246 pati
2825 1186 3212 1246 protestantur.

2093 1264 2137 1323 0
2163 1277 2424 1337 quantum
2455 1269 2732 1325 Judaicam
2758 1279 2968 1342 gentem
2995 1286 3098 1326 nox
3133 1272 3428 1341 premebat,

2035 1355 2165 1423 Quae
2194 1365 2340 1412 tanta
2366 1359 2630 1414 miracula
2662 1361 2849 1416 videns
2874 1376 2979 1416 non
3007 1361 3292 1416 credebat!

2037 1449 2143 1506 Sed
2175 1467 2336 1521 quem
2370 1468 2468 1505 vox
2499 1452 2808 1522 prepbetica
2840 1468 2962 1508 cum
2992 1453 3160 1522 signis
3184 1453 3466 1522 promebat

2036 1542 2197 1598 Morti
2231 1544 2449 1600 tradens
2475 1546 2637 1615 impie
2668 1545 2916 1615 nequiter
2950 1544 3258 1615 spernebat.

2556 1637 2808 1694 Planctus
2849 1638 3100 1709 Virginis.

1960 1706 2010 1767 Β
2109 1731 2266 1784 Astat
2294 1730 2457 1800 Virgo
2481 1730 2751 1800 virginum
2782 1731 2927 1785 cruci
2944 1706 3311 1794 'Salvatoris,

2036 1823 2158 1878 Stat
2197 1823 2454 1877 transfixa
2485 1823 2664 1893 gladio
2697 1823 2869 1876 intimi
2895 1821 3124 1885 doloris,

2037 1912 2159 1969 Nati
2191 1927 2382 1983 poenas
2405 1913 2647 1975 intuens,
2673 1923 2726 1968 et
2758 1913 2904 1968 rivos
2931 1913 3143 1967 cruoris

2036 2006 2185 2061 Intus
2218 2006 2305 2061 illa
2337 2007 2571 2061 sustinet
2597 2007 2738 2075 quod
2771 2007 2858 2060 hic
2888 2006 3009 2060 tulit
3039 2004 3191 2060 foris.

2107 2099 2308 2153 Astans
2358 2097 2712 2168 Unigenitum
2732 2096 2982 2152 Cenitrix
3022 2097 3289 2166 deplorat,

2035 2192 2155 2258 Quo
2184 2207 2242 2247 se
2272 2201 2449 2247 vertat
2473 2191 2656 2255 anxia,
2687 2191 2822 2259 proh
2853 2189 3034 2244 dolor!
3067 2189 3278 2259 ignorat
3313 2205 3326 2239 :

2037 2287 2191 2344 Nunc
2221 2289 2442 2360 plangit,
2472 2303 2613 2342 nunc
2634 2287 2818 2358 ejulat,
2850 2299 2991 2340 nunc
3017 2299 3238 2354 gemens
3264 2283 3470 2344 adorat,

2037 2379 2143 2435 Sed
2171 2389 2355 2449 gestus
2381 2379 2654 2449 virgineos
2687 2377 2842 2432 dolor
2878 2391 2980 2430 non
3012 2373 3258 2429 deﬂorat.

2109 2470 2266 2526 Vultu
2295 2470 2464 2525 Mater
2489 2470 2650 2524 anxio
2679 2467 2896 2536 reSpicit
2925 2467 3265 2535 pendentem,

2037 2564 2368 2636 Sanguinem
2399 2562 2714 2618 vulneribus
2745 2559 2967 2629 largiter
2999 2557 3336 2618 fundentem,

2036 2654 2158 2710 Nati
2189 2655 2364 2709 cernit
2395 2653 2590 2708 faciem
2622 2653 2676 2706 iu
2703 2660 2876 2708 morte
2903 2649 3217 2720 pallentem,

2036 2745 2304 2801 Nimirum
2333 2746 2412 2801 sic
2442 2745 2614 2799 laniat
2644 2759 2795 2799 suam
2837 2741 2990 2798 dolor
3019 2749 3298 2796 mentem-.-

2108 2835 2261 2891 Nune
2289 2834 2526 2904 reposcit
2552 2832 2794 2888 debitum
2829 2839 2981 2886 atrox
3013 2832 3106 2898 jus
3139 2836 3352 2884 naturae
3384 2861 3388 2864 -

2036 2925 2188 2992 Quod
2214 2924 2316 2978 sibi
2346 2924 2576 2978 detinuit
2605 2922 2732 2982 olim
2757 2923 2786 2956 “
2811 2935 3078 2992 pressura:
3105 2934 3119 2972 :

2037 3017 2344 3087 Ptenasque
2375 3031 2498 3071 cum
2528 3016 2715 3070 tenore
2748 3021 3073 3082 extorquent
3109 3025 3306 3070 usurae,

2043 3107 2174 3174 Quae
2197 3106 2469 3161 communi
2508 3105 2772 3160 matribus
2798 3103 3136 3160 debebantur
3153 3100 3300 3170 jure.

2115 3199 2318 3257 Denuo.
2337 3195 2646 3266 parturiens
2675 3194 2942 3265 experiris
2972 3208 3136 3256 vere,

2049 3288 2222 3355 Quam
2253 3289 2326 3342 sit
2351 3287 2507 3342 Matri
2537 3287 2818 3357 proprium
2847 3295 2974 3346 nato
3001 3283 3322 3350 condolerc;

2045 3379 2178 3433 Nam
2209 3392 2424 3434 amaros
2454 3376 2686 3448 gemitus
2715 3375 2896 3430 cordis
2921 3384 3204 3430 extorsere

2045 3471 2289 3537 Dolores,
2319 3484 2456 3540 quos
2489 3468 2688 3528 Filium
2716 3466 2896 3522 cernis
2925 3465 3218 3522 sustinere.

2115 3561 2308 3619 Gladio
2337 3559 2674 3631 transﬁgcris
2703 3557 2906 3614 doloris
2940 3571 3150 3620 revera,

2045 3651 2224 3708 Tensa
2255 3652 2444 3707 videns
2476 3650 2595 3706 Filii
2620 3649 2846 3706 brachia
2881 3661 3132 3720 procera,

2046 3743 2295 3800 Pendens
2322 3757 2519 3812 corpus
2545 3742 2754 3813 regium
2777 3739 2925 3796 velut
2951 3739 3004 3794 in
3034 3745 3258 3795 statera.

2049 3836 2399 3908 Membraque
2425 3834 2704 3892 fundentia
2736 3831 3055 3903 sanguinem
3083 3831 3318 3886 sincera.

2611 3926 2811 3981 Vulnus
2841 3923 3078 3980 laterale.

2119 4019 2307 4089 Cujus,
2339 4032 2543 4090 quaeso,
2573 4016 2751 4072 valeat
2781 4030 2934 4071 mens
2957 4023 3050 4069 aut
3077 4013 3257 4083 lingua
3291 4010 3396 4067 fari

2047 4112 2321 4180 Quantum
2351 4108 2516 4180 Virgo
2543 4108 2786 4165 creditur
2813 4107 2956 4162 intus
2983 4105 3235 4170 cruciari,

2050 4205 2188 4259 Dum
2219 4204 2396 4259 cernit
2415 4201 2530 4271 jam
2562 4201 2762 4256 mortui
2793 4199 2936 4254 latus
2962 4196 3254 4260 vulnerari,
3291 4251 3300 4258 ,

2049 4295 2227 4365 Atque
2253 4294 2367 4349 nati
2396 4292 2603 4348 viscera
2633 4289 2821 4346 lancea
2840 4288 3070 4349 rimari?
3103 4343 3109 4349 ,

1969 4402 2028 4461 ι)
2506 4381 2680 4443 Exivit
2708 4381 2924 4452 sanguis
2946 4388 2993 4433 et
3017 4395 3176 4450 aqua.

2123 4476 2332 4544 Corpus
2355 4473 2573 4544 quidem
2599 4480 2872 4529 montuum
2898 4469 2972 4530 nil
2989 4469 3102 4540 jam
3125 4467 3430 4533 sentiebat;

2053 4567 2159 4624 Sed
2185 4577 2489 4623 maternum
2518 4565 2708 4621 lancea
2737 4571 2925 4634 pectus
2958 4558 3331 4631 transfigebat,

2056 4661 2231 4728 Quam
2263 4660 2424 4716 lixam
2450 4659 2506 4714 in
2529 4657 2652 4713 Filii
2679 4657 2850 4712 latere
2879 4653 3122 4720 videbat,

2057 4753 2178 4821 Quo
2207 4761 2258 4809 et
2289 4767 2444 4820 aquae
2473 4761 2529 4808 et
2557 4749 2840 4819 sanguinis
2869 4747 3047 4817 liquor
3073 4745 3362 4804 ellluebat.__

2133 4845 2408 4909 Miserere,
2436 4841 2689 4905 Domina,
2718 4840 2941 4898 miseris
2966 4837 3206 4908 dignare,

2072 4935 2208 5003 Quos
2235 4935 2390 4992 Jesus
2427 4933 2695 4990 redimere
2727 4932 2984 5005 dignatur
3013 4939 3126 4987 tam
3150 4945 3308 4994 care,“

2064 5027 2294 5099 Ipsaque
2325 5035 2377 5082 te
2398 5023 2570 5096 pietas
2593 5031 2756 5091 cogat
2791 5040 2891 5082 nos
2923 5019 3156 5086 salvere,
3193 5078 3196 5081 .

2065 5118 2198 5185 Qua:
2221 5128 2279 5178 .te
2305 5116 2417 5186 pati
2447 5109 2707 5184 compulit
2733 5128 2952 5183 pennas,
2981 5111 3366 5182 contemplare.

2141 5212 2313 5240 αιικηη
2363 5219 2578 5240 ιΑ-ηηηο
2608 5205 2787 5240 onirnn
2847 5218 3040 5240 Λνηουια
3071 5204 3322 5240 vnnilnlic

1961 3050 2007 3110 ϐ

3486 267 3589 322 598
