4030 5354
462 318 565 375 599
726 340 728 342 ⁷
1526 323 1582 378 S.
1613 321 1912 378 ANSELMI
1953 313 2285 375 LUCENSIS
2311 310 2613 368 EEISCOPI

463 432 536 487 Ut
559 433 774 494 liuentis
802 441 1074 512 quidpiam
1111 443 1332 498 haurias
1357 441 1613 498 dulcoris.

459 525 630 594 Aquae
657 526 784 583 inde
812 527 1088 586 lavacrum
1115 530 1347 601 pretium
1374 529 1608 591 cruoris,

461 615 600 671 Hine
627 618 702 672 tui
729 622 939 676 curatio
963 622 1194 691 profluat
1220 623 1512 692 languoris.

532 705 578 761 0
606 707 744 761 mira
773 709 1014 778 dignatio
1039 713 1110 781 pii
1146 711 1466 776 Salvatoris,

463 796 508 852 0
535 812 662 853 vere
689 799 915 855 miriﬁca
949 803 1122 870 pietas
1150 803 1370 864 amoris,

467 887 670 956 Expers
701 890 869 959 culpae
897 893 1158 958 nasceris,
1193 893 1339 958 Jesu,
1371 890 1468 946 flos
1494 891 1727 955 decoris,

463 981 572 1050 Ego
603 981 700 1046 tui,
735 985 865 1052 proh
897 983 1082 1039 dolor!
1118 1000 1278 1040 causa
1310 1001 1428 1040 sum
1458 985 1677 1039 doloris.

534 1073 665 1142 Ego,
695 1076 828 1129 heu!
865 1079 1137 1146 superbio,
1165 1087 1220 1133 tu
1247 1079 1581 1133 humiliaris!

470 1163 578 1232 Ego
609 1166 794 1236 culpas
825 1179 1097 1238 perpetro,
1133 1181 1188 1225 tu
1217 1185 1378 1240 penna
1415 1171 1689 1235 multaris;

465 1253 572 1324 Ego
602 1253 755 1310 fruor
783 1257 1050 1324 dulcibus,
1087 1269 1141 1315 tu
1171 1260 1299 1317 felle
1332 1263 1535 1332 petaris
1555 1279 1582 1328 ;«

463 1343 574 1414 Ego
600 1355 724 1414 peto
749 1349 948 1414 mollia,
983 1360 1038 1404 tu
1069 1353 1202 1408 dure
1241 1355 1514 1408 tractaris.

531 1435 614 1490 Ad
642 1446 716 1504 te,
747 1437 926 1505 Pater,
956 1441 1131 1512 dirigo
1155 1435 1592 1513 Propitiatorem,

465 1528 694 1599 Propter
723 1545 812 1587 me
841 1533 932 1602 qui
961 1534 1238 1602 proprium
1269 1534 1458 1589 effudit
1482 1551 1752 1590 cruorem.

463 1617 647 1684 Pater,
681 1635 751 1675 ne
785 1621 1074 1692 despicias,
1110 1638 1311 1693 quaeso,
1343 1632 1708 1692 peccatorem,

464 1709 570 1762 Pro
595 1725 704 1778 quo
733 1726 948 1779 passum
977 1713 1160 1784 gravia
1191 1714 1330 1768 nosti
1362 1713 1798 1784 Redemptorem.

542 1800 658 1855 Tua
689 1802 846 1858 docet
873 1805 1075 1873 passio,
1105 1803 1348 1868 Christe,
1375 1806 1625 1862 dolorosa

467 1895 710 1948 Creatori
739 1895 1053 1965 vitiaquam
1077 1897 1184 1950 sint
1208 1897 1418 1960 odiosa,

421 2005 424 2008 λ
468 1984 668 2039 inferni
701 1987 959 2056 supplicia
995 2005 1155 2058 quam
1183 1990 1290 2044 sint
1325 1990 1650 2059 lacrymosa,

467 2079 646 2145 Atque
670 2079 790 2132 εωΙί
816 2080 1009 2148 gaudia
1035 2081 1198 2148 quam
1223 2083 1330 2136 sint
1356 2083 1632 2152 gaudiosa.

541 2171 702 2238 l-liuc,
739 2191 772 2228 o
803 2175 974 2230 lector
999 2175 1244 2246 diligens,
1277 2177 1436 2232 facile
1460 2179 1766 2247 perpendis,

468 2263 653 2318 .lcsum
685 2281 904 2336 passum
933 2269 1151 2323 intuens
1175 2285 1273 2338 pro
1304 2269 1478 2339 culpis
1505 2269 1769 2334 delendis,

467 2357 646 2426 Atque
672 2374 770 2428 pro
809 2360 1088 2430 suppliciis
1113 2362 1266 2417 nobis
1295 2363 1627 2426 auferendis,

471 2445 752 2518 Simulque
783 2465 880 2519 pro
913 2452 1125 2522 gaudiis
1153 2453 1278 2508 cceli
1306 2452 1666 2508 conferendis.

541 2535 586 2592 Ο
613 2553 784 2607 quam.
805 2541 1149 2598 admirabilis
1175 2557 1332 2598 amor
1360 2543 1768 2612 comprobatur,

471 2627 604 2682 Cum
631 2629 792 2685 .lesus
814 2647 915 2701 pro
943 2634 1089 2688 vitiis
1111 2636 1318 2691 nostris
1348 2636 1678 2701 immolatur,

469 2719 536 2774 Et
557 2737 656 2791 pro
684 2724 858 2792 pmnis
885 2724 1081 2779 debitis
1103 2727 1260 2782 nobis
1281 2728 1572 2791 cruciatur,

473 2810 707 2880 Suisque
733 2813 1013 2870 doloribus
1048 2817 1244 2886 gaudia
1277 2827 1572 2872 mercatur.

545 2903 688 2972 Ergo
711 2905 836 2969 tuis,
870 2907 1074 2971 anima,
1105 2907 1312 2960 viribus
1341 2922 1544 2962 conare

473 2991 626 3048 lianc
657 2997 856 3050 amoris
886 2997 1120 3065 gratiam
1145 2998 1307 3067 digne
1333 3013 1726 3067 compensare,

473 3085 630 3142 llunc
657 3090 785 3143 totis
816 3091 1130 3160 praecordiis
1159 3092 1400 3162 gaudens
1427 3092 1756 3161 amplexare,

473 3178 678 3232 Praeter
707 3180 882 3249 ipsum
911 3184 1124 3252 penitus
1155 3184 1232 3238 nil
1261 3183 1394 3238 velis
1423 3199 1631 3240 amare.

547 3269 698 3339 Jesu,
736 3276 918 3332 cordis
945 3278 1224 3348 gaudium,
1257 3285 1312 3332 et
1340 3277 1568 3333 dulcedo
1601 3277 1816 3342 mentis,

471 3363 682 3420 Animae
709 3367 958 3423 solatium
995 3371 1046 3424 in
1085 3378 1136 3425 te
1161 3368 1506 3435 conﬁdentis,

476 3453 809 3530 Tebeuigne
835 3461 1096 3530 deprecor
1123 3462 1374 3532 precibus
1399 3465 1640 3526 attentis,

476 3544 577 3601 Mei
609 3564 818 3608 menter
851 3553 1078 3623 singulis
1105 3563 1290 3610 custos
1318 3555 1394 3610 sis
1425 3557 1754 3618 momentis.

865 3641 1134 3713 Depositio
1165 3643 1362 3699 Christi
1393 3661 1458 3699 ea:
1487 3663 1659 3700 cruce.

546 3725 591 3782 Ο
614 3727 764 3794 Jesu,
794 3746 952 3799 quem
982 3737 1131 3788 curia
1155 3736 1286 3790 coeli
1315 3746 1630 3802 veneratur,

478 3819 651 3872 Tuum
680 3837 842 3891 quam
875 3824 1104 3882 mirifice
1133 3843 1269 3896 opus
1296 3831 1737 3884 consummatur!

477 3907 596 3961 .l-am
631 3911 696 3965 de
727 3927 886 3968 cruce
915 3923 1130 3985 tempus
1155 3927 1240 3972 est
1271 3927 1330 3972 u-t
1361 3933 1556 3989 corpus
1587 3920 1825 3986 tollatur,

477 3999 547 4052 Et
576 4000 748 4056 labori
781 4005 997 4073 requies
1021 4022 1086 4061 ex
1117 4007 1219 4063 hoc
1244 4011 1598 4065 concedatur.

553 4091 876 4151 Nicodamus
904 4106 957 4151 et
986 4095 1184 4170 Ioseph
1215 4109 1338 4170 post
1367 4101 1482 4158 hazc
1509 4101 1803 4170 affuerunt,

479 4186 582 4253 Qui
611 4203 951 4259 nequaquam
983 4190 1195 4248 Domini
1232 4193 1350 4250 neci
1380 4207 1793 4263 consenserunt,

475 4282 542 4336 lli
573 4283 768 4350 pedum
800 4299 864 4340 ac
893 4303 1149 4342 manuum
1182 4289 1366 4346 clavos
1396 4291 1719 4356 eduxerunt,

475 4380 656 4442 Atque
686 4378 752 4433 de
773 4381 1016 4448 patibulo
1056 4398 1253 4452 corpus
1278 4385 1632 4439 sustulerunt.

547 4465 703 4523 Nunc
731 4471 995 4525 accedens
1017 4487 1250 4542 propera
1279 4471 1524 4527 Gruitrix‘
1565 4475 1776 4537 orbata,

468 4559 564 4612 Pia
593 4551 704 4613 nati
737 4559 961 4617 vulnera
995 4572 1141 4635 terge
1170 4573 1472 4628 cruentata,

475 4649 671 4703 Oscula
707 4651 1023 4708 vulneribus
1053 4655 1370 4724 imprimens
1399 4657 1578 4718 beata,

475 4742 776 4811 Sanguinis
803 4743 1060 4800 libamina
1091 4747 1283 4817 collige
1313 4756 1546 4801 sacrata.

547 4833 736 4904 Cujus,
771 4837 1010 4908 inquam,
1050 4840 1261 4910 integre
1285 4857 1380 4896 cor
1411 4841 1734 4912 excogitavit

479 4927 688 4992 Quanto
715 4929 884 4985 Mater
910 4932 1088 4988 studio
1115 4933 1338 4988 vulnera
1369 4935 1642 4997 tractavit,

475 5015 544 5070 Et
581 5021 867 5077 tractando
893 5023 1146 5096 lacrymis
1179 5035 1388 5096 tergere
1413 5026 1640 5090 curavit,

482 5113 652 5140 (ἴε--.ιιι
701 5117 824 5140 -..λι
836 5117 876 5140 ..2

2072 443 2116 496 Α
2151 431 2254 485 Sed
2281 439 2340 482 ut
2366 426 2647 496 discipulis
2676 423 2860 477 furtim
2889 435 2997 478 non
3025 405 3261 482 tollatur,

2145 521 2373 574 M;litum
2401 515 2642 574 custodia
2675 515 2914 570 tumulus
2947 511 3193 566 valletur.

2215 607 2527 678 Magdalena
2558 605 2792 676 denique
2817 604 2996 658 locum
3019 597 3370 662 observabat,

2146 702 2275 770 Quae
2302 700 2440 756 Jesu,
2458 698 2730 768 praecipuo
2759 709 2946 752 amore
2973 692 3255 764 ﬂagrabat,

2149 789 2380 860 Pervigil
2411 795 2714 843 aromatum
2743 793 3018 854 unguenta
3045 782 3293 852 parabat,

2148 882 2358 950 Quibus
2387 880 2503 935 haec
2535 891 2842 949 perungere
2863 872 3044 929 Iesum
3079 870 3390 925 festinabat.

2641 963 2965 1020 Reaurrectia
3003 959 3215 1016 Christi.

2217 1060 2379 1129 Atqui
2409 1059 2529 1113 luce
2561 1055 2864 1117 Dominiea,
2891 1052 3024 1106 dum
3054 1053 3172 1106 lucc
3195 1048 3508 1119 peragebat,

2149 1153 2411 1208 Dominus
2439 1151 2506 1206 ab
2533 1147 2722 1204 inferis
2751 1146 2923 1201 victor
2952 1144 3288 1213 resurgebat,

2150 1246 2287 1300 lline
2315 1243 2558 1312 captivos
2581 1255 2795 1305 eruens,
2827 1250 2966 1308 quos
2987 1235 3201 1306 lymbus
3229 1232 3482 1296 habebat,

2150 1338 2216 1391 Et
2249 1337 2437 1391 tumba
2466 1349 2589 1390 cum
2615 1332 2797 1387 linteis
2835 1343 3036 1384 vacans
3065 1323 3378 1398 apparebat.

2221 1427 2587 1482 Terraemotus
2613 1423 2914 1479 vehemens
2945 1420 3128 1474 factus.
3145 1428 3230 1473 est
3255 1425 3500 1486 repente,

2155 1519 2222 1574 Et
2249 1516 2530 1574 descendit
2555 1513 2802 1584 angelus,
2827 1513 3056 1566 Domino
3086 1520 3371 1580 surgente;

2155 1611 2308 1666 Tune
2337 1609 2590 1664 custodes
2615 1605 2824 1677 vigiles,
2854 1603 3185 1658 consternati
3211 1609 3410 1663 mente,

2155 1702 2318 1756 Fiunt
2342 1699 2489 1754 velut
2519 1697 2716 1753 mortui
2753 1705 2898 1750 metu
2924 1702 3265 1765 perurgente.

2080 1795 2127 1853 B
2227 1793 2576 1849 Postmodum
2607 1807 2636 1846 a
2671 1789 2879 1844 tumulo
2917 1789 3090 1844 territi
3127 1785 3418 1856 fugerunt,

2156 1883 2223 1937 Et
2247 1881 2446 1937 ludmis
2469 1881 2666 1936 seriem
2699 1879 2780 1935 rei
2818 1877 3140 1942 retulerunt,

2155 1972 2300 2039 Quos
2325 1971 2402 2026 illi
2433 1970 2679 2040 pecuniis
2707 1969 2892 2024 multis
2929 1977 3311 2038 corruperunt,

2159 2063 2226 2122 Et
2262 2062 2532 2118 sublatum
2565 2061 2812 2116 dicerent
2837 2060 3024 2116 furtim
3053 2066 3362 2114 suaserunt.

2223 2153 2269 2208 Ο
2295 2167 2457 2222 quam
2487 2153 2624 2206 mira
2649 2151 2870 2208 caecitas
2895 2149 3110 2207 Judteos
3127 2145 3456 2219 premebatt

2155 2243 2328 2310 Quam
2361 2257 2501 2297 caeca
2535 2240 2803 2311 cupiditas
2827 2241 3030 2296 milites
3057 2239 3313 2310 urgebat!

2157 2335 2248 2390 Sic
2276 2335 2397 2390 hinc
2425 2335 2550 2390 inde
2582 2337 2783 2390 veritas
2807 2334 3023 2390 occulta
3054 2334 3258 2387 latebat
3284 2350 3299 2388 :

2158 2427 2262 2482 Sed
2295 2427 2398 2482 hoc
2426 2428 2516 2482 diu
2547 2427 2660 2482 fieri
2689 2427 2982 2483 Jesusinon
3015 2425 3249 2481 sinebat.

2577 2519 2774 2574 Mulier
2803 2520 2874 2575 ad
2901 2525 3314 2572 monumentum.

2233 2614 2387 2668 Mane
2413 2614 2589 2683 prima
2618 2608 2840 2668 Sabbati
2871 2609 3146 2682 surgentis
3173 2619 3386 2662 aurorae

2161 2706 2477 2778 Magdalena
2505 2703 2658 2758 aﬂ'uit
2687 2713 2926 2758 aestuans
2953 2714 3158 2764 amore,

2162 2797 2268 2850 Sed
2303 2798 2428 2850 dum
2459 2795 2634 2850 cernit
2663 2793 2924 2848 tumulum
2951 2793 3155 2861 absque
3179 2786 3487 2850 salvatore,

2157 2887 2320 2952 lf‘leus
2347 2885 2513 2956 gemit
2541 2895 2598 2942 et
2621 2885 2789 2956 ejulat
2815 2885 2976 2940 anxia
3007 2883 3213 2938 dolore.

2617 2999 2830 3066 Mulier,
2873 3015 3022 3071 quem
3059 2993 3275 3070 quieris.

2223 3093 2422 3149 Astans
2452 3094 2516 3148 ad
2545 3093 2660 3148 iure
2689 3096 2870 3164 specie
2897 3093 3158 3149 Dominus
3183 3094 3388 3163 ignota,

2087 3171 2131 3229 Β
2165 3181 2317 3238 llanc
2349 3183 2544 3238 aifatur
2575 3183 2824 3248 dulciter,
2859 3193 3038 3238 metus
3063 3180 3115 3237 vl
3145 3183 3394 3237 submota
3429 3198 3440 3232 ε

2164 3277 2334 3342 Quem
2363 3276 2566 3346 quaeris
2593 3277 2676 3332 sic
2699 3276 3034 3348 lacrymans,
3065 3273 3258 3328 mulier
3283 3272 3514 3328 devota?

2163 3369 2423 3424 Promere
2447 3383 2515 3423 ne
2538 3369 2730 3423 timeas
2759 3369 2940 3423 cordis
2971 3365 3048 3420 tui
3074 3375 3219 3421 vota.

2243 3459 2593 3515 Secretorum
2623 3457 2903 3531 Cognitor,
2933 3459 3027 3528 qui
3051 3457 3216 3514 corda
3249 3455 3539 3517 scrutaris,

2165 3556 2244 3620 Tu
2274 3567 2465 3608 causas
2493 3553 2730 3608 tristitiae
2757 3567 2925 3622 quare
2957 3549 3342 3622 percontaris?

2169 3646 2254 3700 An
2289 3643 2528 3698 amantis
2557 3643 2812 3714 lacrymis
2840 3641 2925 3711 pie
2955 3640 3266 3706 delectaris,

2163 3734 2327 3805 Cujus
2355 3731 2684 3788 desiderium
2715 3732 2896 3788 cordis
2926 3741 2981 3787 tu
3005 3729 3298 3801 probaris?

2231 3827 2346 3893 llla,
2373 3825 2520 3888 Jesu,
2551 3833 2748 3896 prteter
2773 3833 2824 3878 te
2853 3823 2926 3882 nil
2957 3837 3182 3893 prorsus
3211 3819 3511 3890 quarebat,

2164 3918 2240 3972 Te
2272 3917 2458 3982 corde,
2489 3926 2538 3970 te
2567 3916 2722 3971 labiis
2751 3914 2922 3970 solum
2953 3913 3194 3978 sitiebat,

2163 4007 2270 4062 Pro
2297 4017 2345 4062 te
2371 4022 2532 4062 sexus
2565 4007 2848 4060 immemor
2879 4019 3030 4059 arma
3061 4019 3168 4058 non
3198 4003 3444 4064 timebat.

2164 4097 2271 4152 Pro
2304 4107 2354 4152 te
2381 4112 2600 4169 gemens
2622 4095 2807 4162 anxie,
2835 4111 2932 4164 pro
2955 4106 3008 4150 te
3033 4093 3170 4148 ﬂens
3193 4092 3430 4147 dolebat.

2237 4187 2594 4242 Hortulanum
2623 4188 2804 4260 itaque
2829 4189 2944 4242 haec
2974 4186 3159 4241 Iesum
3191 4183 3437 4254 putabat.

2166 4281 2271 4336 Sed
2302 4281 2382 4335 sic
2413 4280 2771 4352 spiritualiter
2793 4295 2900 4334 non
2935 4276 3159 4333 multum
3189 4275 3432 4340 errabat,

2165 4371 2300 4426 Nam
2330 4381 2512 4426 sentes
2547 4372 2789 4442 perﬁdia:
2809 4369 2924 4438 jam
2955 4369 3289 4433 eradicahat,

2167 4462 2340 4530 Atque
2373 4461 2534 4520 ﬂores
2563 4462 2688 4517 fidei
2712 4462 2961 4532 plantare
2985 4459 3233 4522 curabat.

2090 4513 2140 4572 Β
2237 4553 2389 4608 Tunc
2417 4566 2602 4608 vocem
2629 4552 2910 4622 piissimus
2939 4548 3190 4605 Salvator
3213 4547 3463 4610 mutavit,

2163 4644 2231 4698 Et
2257 4658 2401 4709 eam,
2427 4659 2492 4698 ex
2521 4642 2737 4697 nomine
2767 4640 3012 4704 Mariam,
3051 4635 3306 4692 vocavit:

2162 4735 2226 4789 At
2264 4734 2377 4789 lucc
2397 4742 2517 4804 post
2539 4735 2750 4803 Aguum
2777 4732 3018 4804 gaudens
3054 4730 3324 4792 adoravit,

2163 4828 2521 4898 Aderansque
2563 4826 2762 4897 gaudio
2793 4825 2961 4880 multo
2995 4823 3310 4880 exsultavit.

2547 4940 2816 5013 Frequens
2849 4942 3041 4996 Christi
3074 4939 3352 5010 apparitio.

2236 5033 2335 5097 Tu,
2363 5033 2513 5099 Jesu,
2545 5033 2878 5106 dulcissime,
2911 5041 3196 5104 postquam
3226 5030 3558 5103 surrexisti,‘

2166 5123 2198 5140 ΙΊ

3617 275 3740 338 600.
