4030 5354
217 141 340 219 σοι’
1487 170 1801 228 ovesea.

1487 170 1843 228 orescrm
1879 171 2177 243 διιωιιΑ.⁵

218 276 413 333 Mter-or
439 279 492 334 in
523 280 764 336 laetitiam
792 279 928 339 mire
963 266 1375 342 commutatum

218 369 345 452 Dum
375 385 523 427 mors
550 372 875 429 invincihilis
905 376 1045 430 victa
1075 384 1406 439 coarctatnr,

216 459 277 513 Et
304 460 519 516 devicto
549 463 681 518 vitio
707 465 878 519 virtus
903 471 1258 520 restaurator.

281 548 387 604 Sed
421 551 469 604 si
502 552 616 608 viso
653 553 897 624 discipuli
923 556 1160 623 gaudent
1187 555 1485 620 Salvatore,

214 642 323 708 Qua
355 654 518 712 putas
542 644 726 699 laetitia
755 647 952 716 gaudet
977 645 1242 717 ampliore

218 731 335 787 Viso
362 749 463 789 suo
493 734 738 790 Ccnitrix
770 737 1008 791 redivivo
1038 737 1190 802 tione,

243 894 1716 923 Mm

1597 1009 1797 1157 ..ν’

1818 296 1861 348 Λ
1895 286 2065 352 Quem
2095 276 2420 341 exstinctum
2454 271 2665 340 viderat
2691 301 2862 355 nuper
2891 285 2940 340 in
2981 284 3258 341 mmrore‘l

1967 377 2040 430 Ex
2075 378 2175 431 hoc
2201 375 2364 446 Virgo
2387 377 2590 446 poteris
2619 391 2809 431 secure
2838 378 3071 444 gaudere

1894 465 2012 519 Tihi
2040 467 2228 535 nequit
2257 466 2453 521 amodo
2483 466 2636 521 dolor
2659 467 2972 536 praevalere,

1896 555 2002 610 Sed
2030 572 2128 612 nec
2155 557 2296 611 ultra
2327 556 2540 625 corpori
2575 556 2716 611 valet
2746 572 2892 612 mors
2925 572 3141 612 nocere.

1896 646 1988 701 Pia
2017 647 2173 703 nobis
2211 649 2374 703 icitur
2403 648 2575 703 Mater
2603 649 2882 704 miserere.

2596 745 2606 754 '
2653 741 2842 794 Amen.

2540 905 2761 918 ———

1250 1254 1907 1332 MEDlTATlON
1927 1255 2038 1332 ES
2099 1259 2150 1332 A
2172 1259 2262 1335 [Α
2281 1261 2386 1336 ιλΕ.

539 1434 626 1488 DE
653 1433 900 1512 GESV'l'lS
938 1434 1171 1492 DOBHNI
1201 1435 1450 1492 NOSTRI
1489 1437 1653 1492 JESU
1683 1437 1978 1502 CHRISTI,
2008 1438 2097 1493 ET
2139 1439 2407 1496 MAXIME
2446 1441 2534 1496 DE
2559 1442 2894 1498 PASSIONE
2921 1442 3164 1501 lPSlliS.

593 1721 920 1775 Introductio
953 1720 1022 1773 ad
1049 1719 1427 1773 meditationes.

276 1811 398 1866 Jesu
425 1811 628 1865 Christi
657 1811 818 1867 celeri
849 1810 1223 1874 miseratione,

198 1901 274 1955 εει
299 1902 483 1957 Maria:
508 1901 734 1970 virginis
765 1900 1154 1956 intercessione

198 1977 379 2063 'Spero
408 1995 553 2064 quod
584 1993 698 2049 haec
721 1993 988 2047 meditans
1016 2006 1082 2046 ex
1110 1990 1430 2054 intentione,

212 2085 488 2156 Lacrymis
511 2086 745 2155 plorabit
770 2101 828 2140 se
858 2099 924 2141 ex
953 2085 1348 2154 compassione.

277 2177 353 2230 En
381 2177 540 2232 verba
565 2176 810 2246 Apostoli
835 2177 1087 2232 omnibus
1112 2183 1439 2239 promuntur
1469 2188 1482 2224 :

212 2269 608 2340 Congregantes
621 2269 708 2340 [f.,
724 2266 1142 2340 conregnantes]
1157 2275 1278 2320 sunt
1291 2267 1377 2334 qni
1395 2263 1817 2334 compatiuntur,

210 2362 305 2428 Qui
337 2371 553 2416 certant
577 2360 837 2431 legitime,
870 2359 922 2414 hi
948 2359 1379 2421 coronabantur,

213 2452 276 2506 Et
299 2453 389 2522 qui
421 2468 480 2508 se
509 2452 810 2522 dijudicant
842 2467 948 2506 non
971 2450 1379 2518 iudicabuntur.

278 2543 422 2614 Ergo
461 2543 663 2598 Christi
695 2543 919 2596 vulnera
953 2542 1109 2596 decet
1134 2556 1232 2594 nos
1268 2553 1518 2609 pensare,

209 2633 554 2688 Condolendo
579 2633 768 2688 intime
790 2632 1052 2702 plorando
1081 2645 1284 2694 amare,

210 2724 300 2780 Dei
339 2723 611 2794 adjutorio
639 2725 820 2780 hostes
841 2739 1118 2795 superare,

211 2815 570 2886 Discussaque
593 2817 824 2871 crimina
856 2815 1035 2870 flendo
1069 2816 1310 2886 expiare.

275 2909 504 2972 Idcirco,
538 2910 628 2978 qui
661 2909 796 2979 legis
822 2909 1148 2976 subscripta,
1181 2908 1404 2978 dignam

212 3000 433 3071 Vigores
455 2999 741 3054 affectuum
772 2999 930 3054 simul
960 3014 1313 3070 congregare,

212 3090 490 3144 Yanitates
514 3091 733 3144 studeas
763 3091 958 3166 mentis
983 3089 1260 3159 clongare,

212 3183 528 3253 Legensque
553 3181 852 3236 mortaliter
886 3181 995 3235 noli
1031 3181 1312 3235 festinare.

279 3275 335 3330 Si
364 3273 550 3331 Iesum
583 3276 663 3329 vis
691 3274 889 3343 swpius
916 3274 970 3328 in
1000 3274 1083 3328 his
1112 3274 1374 3342 cogitare,

211 3363 322 3418 Non
357 3364 428 3420 sit
457 3379 594 3434 opus
623 3362 828 3434 jugiter
857 3371 1028 3420 totum
1059 3363 1314 3428 recitare,

213 3456 316 3512 Sed
342 3456 436 3511 ubi
461 3465 515 3511 te
536 3455 699 3510 citius
729 3455 906 3526 possis
937 3454 1200 3518 excitare,

212 3547 273 3600 Et
298 3548 553 3602 devotum
581 3547 820 3607 animum
852 3546 1063 3602 dulcius
1089 3547 1292 3602 cibare.

277 3639 370 3694 Sic
406 3641 634 3711 legendo
673 3639 893 3704 habeas,
925 3639 1117 3704 lector,
1146 3648 1291 3693 tuam
1317 3645 1552 3693 mentem

212 3730 370 3796 Quasi
403 3733 591 3787 Jesum
619 3733 835 3788 intuens
864 3747 1089 3802 puerum
1121 3731 1433 3797 lactentem,

212 3821 308 3877 l’er
327 3833 518 3879 aetates
549 3823 786 3895 singulas
807 3822 1064 3893 juvenem
1091 3833 1452 3890 crescentem,

211 3915 333 3979 Item
363 3933 561 3973 cernas
589 3916 859 3988 Virginem
889 3918 963 3973 illi
993 3901 1364 3974 famulantem.

275 4002 609 4065 Pendentem
638 4011 921 4074 miracula,
954 4021 1183 4067 mortem
1221 4011 1516 4081 patientem

209 4095 344 4153 Pene
368 4100 611 4170 undique
643 4109 696 4155 et
721 4116 936 4170 semper
963 4101 1138 4171 ipsum
1171 4102 1471 4164 imitantem

209 4187 295 4242 Sni
325 4203 520 4259 pmnas
546 4190 670 4244 Filii
701 4191 902 4246 acriter
929 4191 1258 4262 plorantem,

208 4277 610 4352 Tormentaque
643 4282 852 4354 singula
887 4292 1067 4340 mente
1093 4283 1430 4339 tolerantem.

273 4372 533 4439 Quamvis
558 4374 704 4429 enim
731 4375 928 4446 pagina
960 4391 1062 4430 non
1086 4375 1300 4430 videtur
1327 4375 1470 4430 clare

210 4460 439 4534 Virginis
461 4465 739 4520 tumstitia:
767 4466 985 4520 modum
1017 4466 1316 4529 declarare,

214 4553 408 4611 Tamen
435 4557 565 4612 inde
597 4557 854 4613 convenit
883 4573 981 4612 nos
1008 4557 1301 4629 pensitare,

213 4643 273 4698 Et
310 4647 360 4701 in
388 4648 556 4704 corde
585 4649 784 4718 sacpius
811 4649 967 4704 avide
998 4657 1254 4704 tractare.

175 4739 182 4761 ³
446 4739 754 4810 Deploratio
793 4741 1104 4810 ignorantia:
1140 4741 1404 4794 humanm.

279 4830 318 4884 0
340 4831 500 4902 homo
527 4834 858 4898 miserrime,
887 4834 1013 4903 quid
1045 4833 1122 4888 sis
1150 4846 1457 4887 memorare
1484 4876 1496 4896 ,

217 4916 418 4976 Necnon
455 4924 520 4978 ad
552 4925 685 4996 quid
716 4925 893 4979 factus
919 4929 991 4980 sis
1028 4938 1245 4992 semper
1279 4926 1585 4989 recordare,

219 5008 420 5074 Qualem
451 5016 593 5072 Deus
623 5016 756 5072 fecit
784 5025 857 5080 te,
893 5017 1074 5082 miser,
1109 5015 1394 5074 meditare.

219 5102 320 5161 lleu
344 5111 552 5179 qualem
583 5111 764 5170 fecisti
795 5120 844 5165 te
871 5114 1054 5182 nequis
1081 5109 1330 5178 cogitare
1354 5116 1364 5166 ι

281 5201 472 5261 Βοηιιιη
500 5208 636 5261 satis
662 5205 792 5261 fecit
821 5215 890 5269 te,
919 5207 1005 5276 qui
1031 5212 1234 5261 cuncta
1266 5210 1488 5270 creavit,

218 5292 286 5346 Ac
314 5310 446 5354 saepe
474 5298 664 5352 refecit
693 5305 765 5354 te.
797 5310 950 5354 quem
981 5301 1266 5354 peccatum
1311 5302 1502 5352 stravit

1818 4330 1868 4387 D

1639 1579 2012 1597 ψ

1826 1701 1871 1759 Β
1901 1701 2422 1790 ΙτιιοίιιιιιοίευρίιΙθ.
2451 1719 2747 1789 fornicans,
2780 1723 2988 1793 guloso,

1897 1807 2149 1872 Mendax,
2180 1811 2352 1880 piger,
2379 1812 2675 1883 negligens,
2703 1813 3002 1877 detractor,
3028 1814 3232 1879 dolose,

1896 1899 2084 1956 Omnis
2111 1904 2234 1958 mali
2261 1921 2450 1960 servus
2477 1921 2559 1971 es,
2582 1907 2744 1962 nimis
2769 1908 2984 1961 vitiose'

1971 1993 2263 2064 Itesipisre,
2295 1998 2549 2066 pessime,
2582 1999 2708 2052 dum
2735 2008 2785 2053 te
2813 2009 2970 2055 vocat
2999 2001 3160 2062 Dens,

1898 2084 1974 2140 Ne
2001 2087 2082 2139 die
2103 2086 2292 2156 judicii
2323 2089 2566 2158 puniaris
2596 2105 2739 2156 reus,

1898 2176 2014 2231 Non
2055 2179 2299 2249 ingratus
2329 2195 2574 2246 maneas,
2603 2190 2660 2236 ut
2689 2181 2855 2238 falsus
2876 2181 3120 2246 Indicus;

1899 2266 2004 2322 Sed
2029 2268 2200 2322 clama
2229 2271 2525 2339 smpissime
2554 2288 2565 2322 :
2597 2271 2782 2331 Parce,
2819 2273 2960 2326 Dens
2987 2288 3162 2326 mens.

1971 2359 2264 2422 Erubesce,
2295 2362 2475 2415 anima
2499 2363 2684 2431 impia,
2713 2363 2948 2430 ingrata,

1899 2452 2042 2506 lleu!
2071 2468 2169 2507 cur
2189 2469 2296 2508 non
2327 2454 2673 2509 consideras?
2703 2469 2802 2508 cur
2825 2470 2885 2508 es
2909 2455 3212 2508 ohdurata?

1897 2547 2102 2602 Flendo
2127 2547 2192 2601 da
2216 2547 2472 2616 suspiria,
2507 2562 2770 2616 gemequc
2796 2557 3086 2616 prostrata,

1899 2639 1968 2695 Ut
2011 2647 2102 2692 tua
2135 2639 2527 2706 Cunctipotens
2564 2638 2741 2697 deleat
2768 2649 3012 2708 peccata.

1970 2731 2088 2784 lleu
2124 2745 2209 2785 me
2232 2739 2434 2800 quanta
2463 2739 2546 2785 est
2572 2729 2766 2784 anima:
2795 2729 3090 2784 hebetndol

1900 2823 2070 2889 Quam
2100 2822 2312 2876 diverse
2333 2828 2565 2891 occupat
2587 2836 2728 2890 saepe
2755 2820 3050 2888 turpitudo,

1898 2913 1993 2967 Cui
2025 2912 2398 2967 sanctimoniae
2426 2912 2580 2966 deest
2605 2910 2888 2975 habitudo,

1821 2987 1866 3048 C
1899 3003 2010 3056 Nisi
2047 3003 2170 3057 ficta
2201 3000 2429 3056 forsitan
2461 3002 2547 3055 vix
2572 2998 2900 3055 similitudo!
2939 3014 2942 3018 '

1967 3094 2116 3148 Raro
2149 3109 2208 3149 se
2231 3108 2368 3162 opus
2394 3092 2542 3146 videt
2563 3093 2650 3147 vix
2679 3092 2951 3146 recordari
2977 3107 2991 3144 :

1895 3186 1994 3239 Vix
2020 3194 2073 3239 ut
2101 3193 2241 3248 oret,
2269 3184 2488 3247 misera,
2517 3189 2696 3252 potest
2723 3181 2981 3236 excitari:

1893 3276 2096 3347 Legere
2117 3275 2393 3332 desiderat
2417 3275 2585 3344 magis
2614 3288 2775 3343 quam
2803 3272 3038 3342 precari,

1894 3368 2025 3428 Sed.
2064 3367 2196 3424 heu!
2233 3367 2565 3422 vanitatibus
2592 3365 2780 3434 nequit
2805 3364 3019 3419 satiari.

1961 3457 2098 3513 Nam
2127 3458 2254 3512 dum
2281 3456 2618 3512 Altissimum
2641 3471 2809 3512 orans
2832 3454 3157 3522 deprecatur

1892 3551 2035 3605 Pene
2064 3548 2278 3603 inutilia
2309 3563 2452 3617 saepe
2489 3547 2800 3609 meditatur,

1823 3689 1831 3699 .
1893 3641 2036 3697 lleu!
2070 3657 2216 3696 ream
2249 3655 2372 3697 esse
2399 3656 2458 3695 se
2481 3655 2578 3695 nec
2606 3639 2942 3702 recordatur,

1893 3734 1998 3789 Sed
2025 3734 2336 3789 discurrens
2362 3732 2599 3801 undique
2621 3747 2758 3786 vane
2781 3740 3124 3802 pervagatur.

1962 3825 2239 3897 Apparere
2266 3824 2456 3880 nititur
2484 3842 2510 3879 a
2546 3824 2678 3879 foris
2699 3824 2918 3893 agnina,

1892 3916 1998 3972 Sed
2024 3902 2204 3971 manet
2229 3915 2480 3978 interius,
2508 3915 2644 3984 proh
2671 3915 2850 3970 dolorl
2887 3913 3124 3982 vulpina,

1894 4008 2080 4064 Debita
2109 4008 2324 4064 servitia
2355 4008 2483 4062 dum
2515 4008 2625 4077 agit
2649 4007 2850 4070 divina,

1893 4101 2121 4170 Semper
2148 4101 2204 4155 in
2240 4099 2508 4155 volvendo
2535 4108 2639 4161 est,
2679 4105 2737 4150 ut
2761 4107 2886 4151 sunt
2909 4095 3238 4150 molendina.

1969 4189 2013 4245 Ο
2039 4191 2254 4260 quoties
2282 4203 2420 4260 opus
2446 4203 2476 4241 a
2509 4196 2560 4241 te
2584 4187 2774 4241 faciem
2806 4185 3027 4246 avertit,

1897 4283 1962 4337 Et
1989 4285 2053 4338 ad
2084 4298 2242 4337 curas
2267 4281 2460 4335 noxias
2488 4279 2599 4334 cito
2629 4293 2687 4333 se
2715 4277 3011 4332 convertit!

1897 4378 2026 4443 Quae
2054 4376 2278 4430 deberet
2306 4373 2487 4427 facere
2518 4387 2626 4426 non
2657 4371 3064 4434 animadvertit,

1896 4469 2000 4523 Sed
2034 4483 2092 4522 se
2117 4466 2256 4520 male
2284 4480 2556 4535 occupans
2583 4463 2814 4534 seipsam
2845 4461 3123 4532 pervertit.

1965 4555 2168 4627 Nempe
2205 4556 2386 4612 carnis
2414 4555 2554 4610 labia
2579 4561 2782 4610 canunt
2813 4553 2977 4608 verba
3017 4550 3156 4609 vine.

1897 4652 1962 4706 Et.
1989 4651 2236 4706 adoravit
2261 4650 2456 4720 smpius
2484 4663 2680 4719 corpus
2702 4649 2981 4716 quoddam
3013 4643 3115 4699 rite
3145 4662 3159 4697 :

1895 4745 1999 4800 Sed
2030 4744 2131 4798 hoc
2161 4741 2362 4798 malum
2390 4743 2584 4796 animae
2610 4747 2695 4795 est
2724 4739 2821 4794 Dei
2851 4739 3056 4798 oblitre.

1898 4833 2064 4889 Nuda:
2095 4832 2447 4896 bonitatibus,
2483 4829 2626 4884 vitiis
2654 4827 2878 4887 attritte.

1964 4926 2010 4982 Ο
2037 4927 2219 4981 cordis
2249 4924 2466 4979 vesania
2498 4921 2724 4976 multum
2755 4919 3129 4983 abhorrentia,

1892 5021 2145 5080 Graviter
2172 5037 2200 5074 a
2235 5019 2460 5074 Domino
2481 5019 2626 5088 juste
2655 5018 2962 5088 punienda;

1895 5115 1939 5170 0
1977 5110 2157 5165 cordis
2187 5108 2452 5165 discursio
2476 5106 2682 5178 iugiter
2709 5108 2984 5176 deﬂenda,

1899 5206 1965 5261 Et
1988 5202 2212 5272 jnvante
2242 5200 2470 5255 Domino
2497 5216 2527 5255 a
2560 5202 2771 5256 cunctis
2802 5200 3130 5274 plangenda.

1966 5293 2011 5348 Ο
2040 5293 2223 5347 cordis
2253 5292 2489 5354 vacatio,
2519 5307 2550 5346 ο
2581 5292 2931 5354 inquietudo!

3374 167 3481 225 602
