4030 5354
571 315 674 372 6ῡῖ
1635 313 1692 370 S.
1733 311 2026 368 ANSELMI
2063 312 2412 372 LUCENSIS-
2439 315 2736 375 EPISCOPI
3469 339 3488 365 ι
3737 324 3844 380 604

647 433 788 489 Deus
820 449 1000 506 mens,
1023 454 1150 494 sana
1185 457 1267 496 me
1293 455 1387 499 tua
1416 439 1702 506 medicina,
2187 447 2232 501 Α
2269 441 2436 495 "orno
2463 441 2588 495 olim
2621 442 2880 512 perditus,
2909 457 3068 511 quem
3093 443 3304 500 daemon
3329 441 3558 512 decepit,

573 527 828 598 Corporis
857 540 910 585 et
938 527 1132 590 anima:
1160 535 1378 608 dignum
1409 543 1583 590 morte
1613 533 1736 590 bina
1769 554 1782 588 :
2271 533 2402 586 ltum
2431 549 2494 588 ex
2527 543 2578 587 te
2601 532 2912 590 Altissimus
2943 542 3191 588 naturam
3219 535 3480 604 suscepit,

579 619 846 676 Salutaris
876 623 1096 680 calicem
1129 626 1260 684 mihi
1292 641 1416 682 mox
1447 627 1696 697 propina,
2267 623 2332 678 lit
2370 624 2795 680 misericorditer
2817 640 2916 680 nos
2931 623 3126 693 juvare
3151 626 3338 695 erepit.

577 709 645 764 Et
672 713 739 766 ad
761 712 1062 781 juvandum
1092 732 1199 786 me,
1230 718 1516 790 deprecor,
1547 719 1762 774 festina.
2561 716 2912 788 Exprobratio
2939 719 3251 788 ignorantia:
3279 719 3554 774 humanm.

650 801 822 858 Parce
852 820 957 859 una
988 804 1252 876 Trinitas,
1281 809 1571 880 unitasque
1601 810 1760 868 trina.
2336 809 2588 880 Majestas
2609 809 2873 866 altissima
2897 825 2957 866 se
2985 811 3320 876 exinanivit,

579 889 759 960 Pater,
791 893 918 962 Fili,
949 895 1201 966 Spiritus,
1237 898 1488 968 Majestas
1515 899 1694 956 divina
1730 917 1742 952 :
2265 899 2332 955 Et
2361 901 2414 956 in
2453 912 2505 957 te
2525 901 2816 972 purissima
2843 917 3009 958 carne
3029 917 3089 958 se
3114 902 3354 964 vestivit“,

581 981 750 1040 Parce
777 986 867 1055 qui
897 989 1092 1044 creasti
1123 1003 1232 1056 me,
1265 1007 1332 1046 ne
1362 991 1511 1047 fraus
1539 991 1850 1060 sei-pentina
2265 993 2440 1049 Cursu
2469 1009 2662 1051 novem
2693 995 2958 1051 mensium
2983 995 3252 1064 completo
3275 995 3533 1066 predivit,

580 1076 664 1132 Me
689 1079 1000 1136 credentem
1027 1083 1298 1153 opprimat
1331 1087 1520 1140 mortis
1556 1085 1736 1138 ruina.
2267 1084 2398 1142 Sine
2423 1102 2554 1142 voce
2577 1087 2855 1157 parvulus,
2880 1087 2970 1157 qui
3009 1087 3307 1144 immensus
3337 1087 3486 1142 vivit.

653 1171 829 1238 Pater,
863 1183 915 1230 te
943 1189 1042 1246 per
1071 1175 1264 1231 Filium
1295 1177 1556 1248 deprecor
1581 1175 1825 1232 Messium
2339 1177 2417 1230 En
2439 1186 2700 1246 quantum
2725 1177 3081 1247 Omnipotens
3109 1193 3208 1248 pro
3242 1188 3295 1232 te
3328 1177 3640 1241 inclinatur,

586 1262 654 1316 Ut
685 1272 738 1317 te
767 1263 940 1320 solum
969 1266 1212 1338 diligam,
1244 1267 1330 1324 fac
1362 1277 1418 1324 et
1445 1277 1504 1324 ut
1533 1284 1618 1324 me
1647 1269 1848 1332 sciam;
2267 1266 2333 1322 Et
2355 1267 2550 1334 adhuc,
2581 1267 2665 1322 vir
2693 1266 2882 1334 felide,
2907 1283 3003 1323 cor
3035 1278 3184 1322 tuum
3213 1265 3474 1322 inﬂatur?

578 1354 819 1426 Cogitem
850 1359 1104 1414 continue
1131 1361 1448 1431 passionem
1473 1361 1640 1424 diam,
2271 1361 2431 1426 Deus,
2461 1361 2553 1416 Dei
2579 1360 2746 1416 Filius
2772 1375 2872 1432 pro
2896 1369 2949 1416 te
2971 1360 3326 1431 lacrymatur,

577 1445 808 1504 llumilis
839 1450 892 1504 in
921 1451 1094 1506 oculis
1123 1451 1303 1508 cordis
1334 1468 1432 1524 ego
1464 1453 1604 1507 liam.
2270 1453 2335 1508 Et
2363 1453 2539 1510 adhuc
2569 1455 2622 1510 in
2645 1455 2841 1510 risibus
2866 1469 2961 1510 cor
2989 1463 3138 1509 tuum
3167 1453 3420 1509 laetatur?

645 1537 874 1610 Propter
902 1541 1128 1597 Matrem
1159 1543 1434 1614 Virginem
1467 1559 1620 1614 rogo,
1653 1543 1779 1600 Jusu
1811 1545 1972 1609 boue,
2813 1545 3010 1600 Christi
3037 1545 3301 1600 nativitns.

580 1630 646 1686 Ut
679 1647 774 1686 cor
805 1647 986 1689 meum
1012 1635 1267 1690 vulneres
1299 1645 1386 1690 tua
1418 1636 1694 1706 passione,
2342 1637 2483 1693 Deus
2511 1653 2716 1709 pauper
2742 1637 3001 1700 nascitur,
3031 1647 3084 1692 et
3111 1647 3165 1691 tu
3198 1638 3279 1692 vis
3309 1637 3514 1692 ditari?

579 1725 703 1779 Inde
723 1724 841 1796 jugi
871 1727 1117 1796 perfruar
1145 1721 1516 1794 meditatione,
2201 1798 2232 1802 _
2271 1730 2500 1784 Ponitur
2529 1731 2581 1786 in
2613 1731 2862 1802 prmsepi,
2891 1739 2946 1784 tu
2978 1731 3059 1786 vis
3091 1729 3384 1785 honorari?

581 1817 645 1871 Et
677 1817 858 1874 Mariae
885 1820 1111 1892 virginis
1141 1836 1206 1875 ex
1239 1821 1632 1890 coinpassione.
2197 1798 2242 1858 Β
2273 1824 2316 1880 Ο
2344 1823 2516 1880 fetens
2537 1798 2809 1892 superbia,
2841 1823 2989 1877 disce
3021 1837 3126 1876 non
3151 1819 3367 1884 fatuari,

653 1909 814 1976 Deus,
844 1922 1041 1967 sancte
1061 1911 1318 1982 Spiritus,
1349 1915 1527 1986 quiin
1562 1915 1782 1969 deitate-
2271 1915 2406 1982 Quia
2443 1917 2582 1972 idem
2607 1914 2767 1985 jussit
2799 1931 2896 1969 nos
2921 1915 3094 1984 ipsum
3119 1913 3340 1968 imitari;

581 2001 644 2055 ΕΙ
675 2001 786 2074 [θεῖ
812 2019 1040 2073 Persona
1073 2009 1252 2069 tertia.
1287 2009 1444 2078 plena
1473 2010 1701 2078 pietate:
2007 2067 2020 2076 _
2343 2008 2522 2080 Inops,
2549 2008 2677 2063 etin
2705 2005 2904 2076 frigore
2929 2007 3170 2061 nascitur
3193 2005 3245 2060 in
3279 2003 3363 2058 via

580 2093 819 2151 0‘;seero
849 2099 1141 2167 propitium
1175 2101 1305 2155 mihi
1335 2117 1553 2172 semper
1581 2101 1646 2156 da
1678 2109 1754 2165 te,
2272 2103 2442 2170 Quem
2473 2101 2712 2157 lactatet
2739 2101 2954 2156 balneat
2983 2109 3038 2156 et
3062 2100 3232 2158 nutrit
3255 2099 3442 2162 Maria,

581 2187 689 2243 Fac
721 2205 926 2246 memor
953 2191 1154 2247 Christi
1186 2193 1287 2248 sim
1320 2195 1589 2264 passionis
1617 2204 1788 2264 grate.
2273 2195 2497 2251 Molesta
2522 2208 2626 2249 non
2657 2207 2912 2264 spernere
2934 2193 3092 2248 docet
3117 2208 3215 2247 nos
3239 2193 3326 2246 hic
3355 2191 3465 2261 pia,

1129 2285 1260 2341 'Dei
1283 2285 1548 2357 beneﬁcia.
2275 2288 2414 2344 Dum
2439 2285 2552 2352 llet,
2589 2285 2725 2350 sitit,
2751 2285 2923 2338 esurit
2951 2283 3221 2350 Christus,
3251 2279 3428 2353 proles
3460 2283 3570 2337 dia.

657 2373 819 2438 Dens,
841 2383 1043 2444 quanta
1075 2375 1247 2433 debeo
1277 2378 1461 2447 pietati
1485 2379 1597 2442 isti,
2347 2379 2528 2436 Infans
2555 2377 2821 2448 piissime,
2845 2377 2950 2431 mei
2983 2377 3243 2431 miserere

581 2465 682 2532 Qui
713 2484 798 2522 me
822 2469 890 2522 ad
917 2469 1205 2539 imaginem
1245 2480 1388 2524 tuam
1415 2470 1698 2526 condidisti
2274 2471 2406 2526 Peto
2433 2486 2531 2541 pro
2565 2469 2840 2540 obsequiis
2867 2468 3057 2524 Matris
3083 2473 3187 2522 tam
3217 2454 3450 2530 sincere,

582 2559 752 2622 Quem
781 2558 940 2614 vilem
969 2560 1322 2618 vermiculum
1349 2561 1530 2616 facere
1550 2560 1772 2630 quivisti
1794 2602 1809 2624 ,
2277 2563 2424 2616 Dona
2453 2561 2584 2616 mihi
2609 2559 2875 2631 laerymas
2907 2557 3190 2614 charitatis
3220 2572 3382 2620 verre,

582 2647 628 2701 0
663 2663 824 2717 quam
851 2649 1016 2704 multa
1047 2664 1272 2705 munera
1299 2651 1402 2705 huc
1423 2665 1595 2720 usque
1625 2650 1846 2704 auxisti.
2277 2655 2349 2710 Ut
2375 2655 2481 2710 tuis
2505 2651 2782 2711 doloribus
2812 2649 3370 2722 possim-condolcre._

655 2742 712 2795 In
735 2743 972 2812 peccatis
997 2744 1240 2814 genitum
1268 2744 1536 2814 baptismo
1563 2743 1857 2806 mundasti,
2888 2743 3252 2799 Circumcisio.

588 2831 776 2885 Victus
808 2833 1110 2888 necessaria
1140 2847 1354 2904 semper
1377 2833 1722 2897 ministrasti,
2347 2838 2484 2904 Heu,
2513 2853 2611 2892 cur
2639 2851 2746 2890 non
2775 2833 3080 2906 compatior
3107 2833 3408 2904 respuendo
3441 2831 3580 2886 risus
3599 2872 3614 2896 ,

588 2921 867 2988 Formam,
891 2939 1092 2979 census
1117 2926 1349 2994 copiam,
1384 2925 1618 2980 honores
1639 2925 1851 2979 donasti
1873 2966 1887 2988 ,
2277 2929 2340 2983 Et
2373 2927 2575 2982 amaris
2603 2925 2858 2996 lacrymis
2885 2923 3152 2979 abluendo
3183 2923 3350 2988 visus,

589 3011 656 3067 Et
683 3014 734 3068 in
765 3013 884 3071 loco
910 3013 1022 3086 (60)
1047 3017 1254 3086 optimo
1287 3033 1371 3072 me
1403 3031 1544 3072 nunc
1565 3016 1868 3072 coltoeasti.
2278 3021 2412 3075 Dum
2444 3032 2576 3089 puer
2602 3015 2926 3072 tenerrimus
2957 3015 3101 3070 dolet
3127 3013 3503 3076 circumcisus,

1069 3107 1314 3164 flaminia
1349 3111 1694 3179 ingratimdo.
2203 3141 2250 3205 ρ
2281 3111 2452 3180 Quem
2485 3125 2607 3166 cum
2638 3111 2805 3165 choro
2828 3107 3020 3164 caelico
3045 3106 3226 3163 laudat
3251 3105 3539 3176 paradisus
3569 3103 3593 3154 ‘.'

665 3195 809 3251 lleu!
839 3197 924 3254 bis
945 3199 1102 3255 donis
1127 3200 1377 3254 euntibus
1405 3201 1520 3255 scio
1547 3217 1632 3254 me
1657 3202 1947 3272 ingratum,
2208 3195 2250 3205 “
2773 3201 3026 3255 Adet-alio
3049 3215 3344 3270 magorum.

591 3287 727 3352 Quia
756 3304 862 3342 non
891 3291 1136 3346 custodio
1164 3290 1372 3347 Domini
1403 3291 1726 3345 mandatum
2351 3293 2538 3366 Angeli
2575 3292 2888 3365 pastoribus
2915 3301 2964 3346 te
2987 3291 3395 3355 nuntiaverunt,

593 3377 700 3433 Sed
733 3379 1254 3451 negligentissimum
1295 3380 1464 3436 reddo
1501 3380 1817 3436 famulatum
1843 3399 1858 3433 ε
2281 3388 2360 3442 Ac
2389 3385 2528 3455 magi
2557 3383 2870 3440 muneribus
2899 3391 2950 3438 te
2975 3382 3384 3446 adoraverunt,_

558 3525 562 3529 .
591 3476 770 3544 Atque
794 3475 956 3530 nimis
981 3491 1184 3546 pronus
1203 3490 1328 3530 sum
1353 3476 1419 3528 ad
1441 3489 1604 3530 omne
1630 3483 1932 3543 peccatum.
2283 3477 2518 3533 Perdere
2545 3485 2597 3532 te
2619 3475 2808 3546 perfidi
2829 3490 2958 3530 mox
2985 3481 3404 3545 proposuerunt.

665 3565 711 3622 Ο
735 3565 912 3630 dolor,
937 3581 970 3621 ο
995 3567 1250 3636 gemitus,
1287 3565 1418 3637 quid
1447 3573 1532 3620 est
1557 3565 1700 3635 quod
1729 3563 1841 3636 (61)
1867 3579 1967 3636 ego
1993 3563 2141 3619 fecit?
2285 3567 2393 3624 Sed
2426 3575 2605 3624 tecum
2631 3583 2660 3621 τι
2683 3567 2860 3636 patria
2882 3573 3138 3637 parentes
3164 3563 3439 3635 fugerunt.

593 3656 652 3710 ιιι
684 3666 940 3728 quantam
977 3658 1272 3713 versutiam
1305 3673 1391 3712 me
1415 3658 1588 3728 ipsum
1627 3655 1842 3724 dejeei?
2799 3655 2951 3728 Fuga
2979 3659 3036 3711 in
3061 3655 3365 3727 Egyptum.

596 3747 712 3803 Non
739 3757 824 3803 est
857 3749 1056 3804 malum
1086 3748 1311 3820 aliquid,
1333 3749 1486 3818 quod
1505 3765 1606 3818 ego
1640 3763 1744 3804 non
1779 3748 1903 3812 feci,
2357 3751 2401 3808 Ο
2429 3752 2551 3822 quis
2575 3766 2680 3807 non
2712 3749 3042 3820 compatitur
3070 3747 3278 3802 tantillo
3310 3745 3502 3802 infanti

601 3838 744 3892 lleu!
781 3839 835 3892 in
858 3839 1012 3893 bonis
1038 3840 1290 3894 omnibus
1319 3855 1422 3892 non
1445 3849 1530 3893 est
1554 3840 1696 3909 quod
1727 3838 1946 3910 perfeci.
2289 3844 2422 3899 Tam
2446 3843 2555 3898 cito
2583 3840 2808 3896 insidias
2840 3839 2948 3909 pati
2977 3835 3278 3903 inehoanti,

675 3928 810 3992 lleu,
835 3929 962 3998 quid
997 3937 1122 3999 aget
1150 3929 1328 3982 anima
1361 3930 1442 3984 sic
1473 3929 1525 3982 in
1555 3929 1711 3984 malis
1741 3937 1935 3992 strata,
2294 3935 2534 3990 Lahm-es
2566 3933 2774 3988 itineris
2801 3931 2958 4001 hujus
2985 3931 3256 3992 toleranti.

601 4022 734 4089 Quae
759 4021 890 4076 fetet
916 4022 970 4076 in
991 4021 1140 4076 vitiis
1165 4021 1312 4076 velut
1336 4022 1620 4092 reprobata
1653 4039 1672 4075 :-

2288 4027 2466 4097 Atque
2494 4025 2647 4081 Matri
2682 4024 2886 4096 Virgini
2921 4025 3094 4095 ipsum
3119 4022 3415 4091 bajulauti?

605 4115 766 4170 Certe
796 4114 884 4169 hic
907 4115 1140 4186 petenda
1171 4123 1256 4170 est
1279 4125 1338 4168 ut
1357 4115 1428 4169 sit
1460 4115 1762 4178 Advocata.
2359 4115 2494 4172 Nam
2517 4115 2763 4180 Matrem,
2782 4129 2902 4186 quae
2923 4114 3110 4186 egredi
3125 4114 3350 4167 domum
3385 4111 3468 4164 vix
3501 4109 3734 4172 solebat,

605 4205 735 4272 Qua:
761 4221 902 4278 saepe
928 4207 1194 4277 refugium
1223 4215 1307 4263 est
1331 4208 1436 4263 reis
1463 4207 1711 4277 probata.
2291 4210 2447 4266 Modo
2474 4223 2636 4266 casus
2663 4207 2796 4263 Filii-
2818 4208 2869 4261 in
2897 4215 3108 4261 tantum
3135 4204 3380 4275 cogebat,

905 4298 1210 4370 Deprecatio
1237 4300 1305 4354 ad
1346 4297 1616 4370 Virginem
1639 4297 1892 4353 Mariam.
2291 4305 2446 4373 Quod
2471 4319 2500 4358 a
2523 4318 2619 4358 sua
2647 4302 2821 4372 patria
2855 4309 3012 4355 nocte
3031 4295 3308 4368 fugiebat,

677 4389 722 4446 0
754 4391 1140 4447 misericordiae
1169 4391 1339 4446 Mater
1365 4401 1420 4447 et
1441 4392 1670 4462 Regina,
2291 4399 2426 4455 Cum
2463 4406 2712 4454 recenter
2739 4393 2907 4459 edito,
2941 4407 3098 4462 quem
3127 4406 3308 4446 secum
3335 4387 3578 4460 gerebat.

607 4481 834 4552 Ssmper
865 4481 1028 4555 Virgo
1051 4498 1401 4554 permanens,
1425 4481 1672 4538 Genitrix
1707 4483 1903 4546 divina,
2215 4487 2270 4550 ι)
2365 4493 2410 4548 ο
2451 4490 2576 4547 Jesu
2600 4487 2861 4560 piissime,
2885 4501 2918 4540 ο
2940 4501 3074 4556 puer
3103 4483 3314 4548 tenella,

611 4571 865 4629 Miserere
887 4575 1099 4638 aninne,
1129 4589 1249 4644 quae
1270 4571 1414 4642 jacet
1446 4575 1660 4645 supina,
2299 4588 2405 4642 pro
2434 4597 2618 4641 amore
2645 4583 2872 4638 obsecro
2899 4577 3082 4634 Maria:
3110 4576 3320 4647 puellae,

609 4663 876 4732 υνντοεεει
909 4665 1187 4736 ιηιιιιίβίίοί
1219 4664 1424 4735 Ρθοθθιί
1453 4665 1686 4720 εθηίίηθε
2297 4677 2486 4734 Oumis
2511 4685 2614 4731 tua:
2643 4672 2789 4742 reple
2815 4685 2901 4726 me
2929 4667 3195 4740 passionis
3218 4666 3363 4728 felle,

683 4755 800 4811 Tibi
829 4773 926 4827 ρνο
951 4757 1062 4814 θθο
1090 4758 1352 4828 supplico,
1377 4773 1474 4828 Pe"
1495 4773 1657 4828 (ιιιειιι
1690 4758 1837 4812 νυηίι
1868 4758 1996 4821 "ita,
2298 4769 2489 4839 Meque
2523 4766 2616 4821 tibi
2637 4763 2843 4836 iugiter
2871 4761 3074 4817 servire
3101 4758 3381 4830 compelle.

617 4848 783 4919 cuius
809 4860 892 4905 εει
926 4850 1210 4907 Clementia
1239 4850 1468 4906 υῦίιίῧθι
1497 4851 1626 4918 Sila.
2369 4859 2413 4916 Ο
2449 4859 2612 4929 Virga
2639 4855 2940 4920 fructifera,
2970 4868 3003 4909 o
3039 4852 3136 4907 flos
3165 4851 3520 4912 feminarum,

615 4942 721 4998 Ρθτ
749 4957 911 5012 (Nam
942 4951 1027 4998 εει
1055 4944 1252 4999 “milia
1281 4943 1542 4999 ἀπηιοηίε
1572 4943 1822 5007 comma:
2300 4951 2624 5024 Augelorum
2651 4949 2898 5013 Domina,
2925 4956 2981 5002 et
3007 4945 3154 5000 orbis
3184 4953 3468 5004 terrarum,

617 5035 689 5091 Ut
717 5037 828 5092 nati
855 5035 1068 5107 iustitia
1091 5053 1187 5108 per
1213 5046 1264 5092 te
1297 5037 1366 5093 sit
1397 5037 1584 5094 lenita.
2298 5043 2480 5099 Pande
2511 5041 2664 5106 mihi,
2700 5039 2966 5111 supplico,
2996 5035 3260 5106 quidquid
3291 5035 3362 5090 sit
3383 5047 3628 5087 amarum
