4030 5354
184 335 188 337 ‘
265 354 365 406 eos
1571 359 1930 418 orrscuu
1970 358 2241 416 serata.

331 465 521 532 Poma,
555 483 728 534 rosas,
754 469 886 536 lilia,
929 471 1118 526 vellem
1148 471 1443 544 collegisse,

263 555 320 610 Et
354 557 620 629 quidquid
647 560 870 629 puerulo
909 573 1086 630 posset
1121 565 1416 632 placuisse;

262 646 395 711 lleu,
431 663 530 703 cur
555 666 660 703 nun
689 651 840 705 licuit
865 653 993 706 mihi
1027 661 1080 708 te
1107 654 1324 720 vidisse,

256 737 318 790 Et
354 740 586 809 parvulo
613 741 978 811 pulcherrimo
1004 745 1256 813 praedicta
1293 745 1524 801 fecisse?

329 829 516 894 Forte,
538 831 626 900 pie
649 832 890 900 parvule,
922 848 1008 888 me
1034 851 1137 888 non
1172 835 1482 904 repulisses,

255 919 359 974 Sed
391 935 575 974 meum
601 919 832 976 oilicium
854 933 1006 994 grate
1037 928 1372 996 accepisses,

255 1013 328 1066 Ac
360 1027 524 1069 servo
551 1013 784 1070 sollicito
810 1015 1050 1071 clemens
1077 1016 1375 1084 arrisisses,

254 1098 359 1154 Nec
383 1116 492 1157 non
524 1102 912 1174 indulgentiam
943 1108 1183 1176 precanti
1218 1107 1480 1163 dedisses.

736 1215 1034 1286 Disputatio
1063 1221 1115 1273 in
1144 1221 1354 1290 templo.

322 1307 458 1362 Dum
483 1321 619 1378 puer
647 1310 926 1365 duodecim
954 1328 1222 1368 annorum
1247 1324 1492 1370 moratur

255 1395 308 1451 in
341 1399 544 1468 templo
567 1398 890 1464 Jerusalem,
923 1402 1091 1457 Mater
1118 1405 1506 1469 coatristatur;

253 1489 421 1556 Quem
450 1492 576 1546 dum
602 1509 848 1562 qnmrens
879 1496 1100 1565 reperit,
1123 1512 1246 1551 cum
1283 1496 1483 1566 Joseph
1507 1498 1757 1562 miratur,

221 1581 350 1647 'Qni
383 1582 574 1638 doctos
610 1584 911 1650 interrogat
941 1594 996 1640 et
1020 1587 1282 1658 stupenda
1313 1587 1472 1642 fatur.

319 1675 363 1730 0
393 1677 518 1746 quis
542 1678 689 1731 novit
713 1678 944 1748 gemitus
978 1680 1214 1750 Virginis
1244 1680 1509 1746 dolentis,

253 1767 418 1823 Suum
458 1770 793 1840 unigenitum
826 1771 1006 1827 triduo
1027 1773 1340 1842 quaerentis,

250 1857 354 1913 Cur
384 1859 467 1914 sic
488 1859 578 1915 ille
611 1859 806 1916 fecerit
845 1861 933 1932 pie
955 1861 1380 1933 conquerentis?

249 1945 358 2004 Hoc
385 1948 571 2004 dolore
596 1950 872 2018 vulneres,
891 1951 1041 2019 Jesu.
1076 1967 1170 2008 cor
1191 1952 1436 2024 legentis.

313 2039 358 2095 0
384 2056 547 2110 quam
578 2057 721 2112 saepe
750 2044 978 2109 aestimo,
1010 2043 1146 2102 dixit
1175 2043 1348 2100 Mater
1370 2043 1612 2112 Christi,

248 2131 386 2187 lien!
422 2148 601 2190 meum
627 2135 906 2190 solatium!
939 2151 1038 2190 cur
1068 2151 1154 2192 me
1179 2135 1488 2207 reliquisti?

247 2223 382 2291 Quo,
410 2225 483 2279 mi
510 2234 635 2282 nate
659 2227 838 2292 unice,
863 2228 994 2282 heu!
1025 2243 1132 2298 quo
1155 2227 1296 2283 ivisti
1321 2229 1343 2282 ἳ

246 2313 401 2382 ltcdi,
433 2333 648 2387 precor,
680 2318 755 2373 fili
786 2320 879 2386 mi,
906 2322 1019 2376 redi
1050 2324 1208 2378 matri
1252 2324 1416 2380 tristi.

313 2406 532 2464 Utinam
560 2420 683 2482 post
706 2412 888 2469 Jesum
913 2413 992 2469 sic
1014 2429 1110 2470 cor
1139 2431 1318 2470 meum
1352 2416 1654 2487 langueret,

242 2498 306 2555 Et
331 2501 625 2569 quaerendo
643 2501 847 2573 jngiter
871 2503 1059 2560 intime
1081 2505 1287 2560 doleret
1311 2507 1322 2559 l

242 2589 398 2646 Forte
427 2591 884 2650 clementissimus
915 2594 1045 2649 mihi
1069 2604 1376 2666 appareret,

242 2682 314 2736 Ac
342 2697 455 2737 sua:
476 2682 777 2740 clementia:
799 2684 1013 2741 firmam
1037 2702 1187 2757 spem
1212 2689 1498 2758 prmberet.

306 2773 439 2838 Sed,
465 2774 598 2830 heu!
619 2775 768 2836 Jesu.
799 2792 895 2832 cor
923 2793 1099 2832 meum
1126 2779 1226 2833 hoc
1257 2788 1409 2832 caret
1430 2778 1708 2847 languore,

240 2862 380 2921 Raro
403 2865 549 2921 enim
572 2867 766 2936 quaerit
794 2876 866 2930 te,
892 2884 992 2924 nec
1019 2877 1144 2924 tunc
1174 2887 1295 2926 eum
1326 2871 1566 2936 fervore;

241 2957 354 3011 Tibi
383 2957 536 3023 illud,
570 2955 695 3013 Jesu
729 2959 824 3023 mi,
859 2960 1077 3015 retrahe
1101 2961 1313 3026 timore,

241 3047 427 3114 Quieta
464 3048 769 3114 dulcedine,
797 3050 1059 3120 restringe
1092 3066 1297 3105 amore.

305 3137 566 3194 Subzleris
590 3139 930 3209 parentibus,
959 3157 1152 3210 regens
1178 3143 1458 3207 universa;

242 3227 333 3282 Cui
359 3237 555 3284 cuncta
587 3230 853 3296 serviunt,
885 3232 1059 3286 servis
1089 3233 1207 3286 vice
1238 3248 1411 3288 versa.

240 3323 281 3380 0
305 3323 485 3380 divina
513 3325 776 3394 cbaritas,
807 3326 967 3380 nimis
986 3341 1046 3380 es
1072 3325 1313 3396 dispersa
1331 3366 1347 3391 ,

243 3415 368 3472 Dum
393 3433 491 3488 pro
517 3417 672 3474 nobis
697 3418 911 3474 miseris
936 3419 1172 3473 sustines
1202 3419 1427 3474 adversa

857 3507 1178 3578 Baptismus.

307 3600 617 3671 Baptizatus
643 3601 910 3673 promeris
939 3616 969 3656 a
1007 3617 1138 3656 voce
1167 3612 1389 3672 paterna
1409 3641 1423 3665 ,

241 3685 604 3746 Descendente
629 3687 792 3761 sup'er
816 3699 866 3746 te
892 3690 1138 3746 columba
1169 3707 1423 3761 superna.

239 3781 292 3836 In
323 3784 535 3839 deserto
559 3785 756 3848 esuris,
789 3798 822 3838 ο
851 3783 1036 3839 Virtus
1067 3794 1297 3851 aeterna,

244 3875 390 3932 Victo
413 3878 568 3934 hoste
597 3892 896 3948 congregas
919 3877 1135 3948 agmina
1167 3877 1427 3932 fraterna.

764 3968 911 4039 Aqua
939 3967 1082 4037 facta
1114 3970 1311 4023 vinum.

302 4061 539 4118 Vocatus
564 4062 630 4116 ad
657 4062 876 4132 nuptias
902 4061 1170 4132 incoepisti
1201 4061 1374 4130 signa.

237 4149 398 4208 Matre
433 4153 760 4208 admonente
791 4162 842 4208 te
877 4153 1127 4208 omnibus
1155 4153 1403 4224 benigna.

238 4242 278 4297 0
299 4261 393 4299 cur
415 4245 832 4314 reprehenditur
856 4245 1100 4302 Genitrix
1135 4255 1244 4300 tam
1276 4247 1456 4316 digna,

237 4332 358 4398 Qua:
382 4333 513 4389 nulli
544 4345 704 4406 negat
728 4350 838 4390 sum
857 4334 1072 4405 pietatis
1099 4335 1277 4406 signa!

301 4421 504 4479 Tamen
539 4424 682 4494 quod
715 4431 1076 4494 suggesserat,
1116 4423 1298 4477 statim
1330 4421 1595 4487 faciebas;

237 4513 362 4581 Quia
391 4515 522 4570 nihil
543 4523 760 4587 poterat
787 4515 890 4570 nisi
919 4518 1061 4586 quod
1092 4515 1338 4581 volebas;

237 4603 360 4660 Nam
393 4606 446 4662 in
469 4607 657 4664 vinum
687 4606 956 4678 optimum
987 4622 1182 4676 aquam
1213 4607 1598 4669 eonvertehas,

239 4696 299 4750 Et
318 4715 415 4768 per
437 4699 540 4754 hoc
565 4697 867 4769 discipulos
897 4699 964 4752 ad
995 4697 1155 4754 [idem
1193 4698 1466 4753 trahcbas.

302 4789 343 4844 0
371 4790 530 4863 Virgo
559 4791 851 4862 purissima
880 4790 1034 4860 plena
1060 4789 1289 4845 summis
1324 4790 1504 4854 bonis,

239 4879 377 4936 Ditas
396 4896 583 4937 omnes
614 4883 850 4938 miseros
883 4882 988 4936 tuis
1021 4881 1190 4936 sacris
1222 4881 1378 4936 donis
1414 4903 1425 4937 :

238 4971 393 5042 lieple
422 4976 547 5031 vino
575 4977 786 5046 Optimo
810 4990 907 5029 nos
937 4973 1262 5038 devotionis,

242 5060 454 5120 Unicum
485 5066 752 5137 irriguum
781 5065 848 5119 da
878 5065 1331 5136 compnuctionis.

303 5157 436 5213 Heu!
463 5157 857 5228 benignissima
886 5157 1054 5212 Mater
1080 5157 1388 5223 benedicta,

243 5246 290 5299 ln
321 5250 469 5305 nobis
507 5250 728 5306 devotio
754 5263 856 5302 non
879 5260 962 5305 est
991 5247 1100 5305 nisi
1138 5246 1256 5300 ﬁcta
1283 5264 1296 5300 :

246 5336 402 5354 huu-
578 5349 587 5354 -
723 5349 732 5354 -
926 5342 937 5354 u
1205 5338 1324 5354 mo.

1869 487 1913 538 Α
2019 475 2151 529 Nam
2176 474 2228 529 in
2261 471 2532 528 exercitiis
2559 478 2609 526 te
2637 469 2941 540 exemplum
2975 469 3169 533 dando,

1945 567 2096 633 Quod
2128 581 2227 620 nos
2258 567 2422 620 doces
2452 565 2651 628 facere,
2687 562 2876 632 imples
2900 562 3268 632 pernoctando

1943 659 1996 711 In
2023 657 2378 721 orationibus,
2405 667 2458 711 et
2481 657 2536 711 in
2579 654 2874 726 vigilando,

1940 749 2223 820 Patigaris,
2255 749 2452 815 esuris,
2478 747 2598 804 sitis
2623 748 2938 803 laborando.

2588 837 2869 891 Miracula.

2009 931 2197 1000 Villas,
2219 941 2399 988 castra
2422 926 2642 1000 circuis',
2665 947 2889 1003 regnum
2918 931 3260 1000 praedicando
3287 948 3301 959 ε

1937 1025 2161 1092 Surdos,
2195 1036 2392 1092 mutos,
2420 1027 2724 1100 languidos,
2749 1042 3031 1097 caecosque
3055 1024 3317 1090 curando,

1935 1119 2261 1190 Expellendo
2293 1120 2582 1186 daemones,
2616 1134 2857 1175 mortuos
2885 1120 3134 1184 levando,

1934 1210 2184 1268 Pluribus
2214 1213 2310 1268 das
2334 1214 2544 1267 veniam
2563 1221 2788 1282 peccata
2819 1213 3084 1285 laxando.

2005 1307 2341 1377 Disputando
2367 1305 2530 1362 etiam
2561 1306 2754 1361 diceris
2784 1305 3036 1369 lassatus,

1931 1397 1974 1451 A
2002 1396 2202 1453 Juda:is
2231 1398 2363 1468 ipsis
2390 1412 2529 1469 smpe
2551 1397 2892 1468 reprobatns,

1930 1487 1974 1541 Α
2003 1489 2199 1558 quibus
2221 1489 2495 1543 multoties
2517 1503 2575 1544 es
2598 1487 2908 1557 injuriatus,

1931 1577 2147 1633 Necnon
2173 1579 2457 1648 aliquoties
2490 1580 2556 1633 ab
2587 1580 2669 1634 his
2692 1579 3114 1649 blasphematus.

2002 1669 2108 1724 Pro
2132 1684 2217 1724 me
2241 1679 2442 1740 quanta
2472 1671 2729 1748 sustines,
2761 1685 2793 1724 ο
2821 1669 3094 1724 beatitudo
3119 1671 3132 1722 l

1932 1763 2034 1819 Pro
2058 1779 2144 1819 me
2168 1764 2232 1818 [is
2259 1773 2316 1818 ut
2337 1763 2551 1829 debilis,
2575 1765 2666 1819 Dei
2693 1764 2971 1819 fortitudo.

1856 1835 1904 1894 η
1933 1857 2037 1911 Pro
2073 1874 2157 1913 me
2187 1857 2310 1913 vilis
2332 1858 2444 1913 visa
2477 1874 2555 1923 es,
2578 1872 2701 1912 vera
2723 1857 3072 1928 pulchritudo
3098 1875 3113 1910 ι

1927 1948 1994 2002 Et
2031 1948 2093 2003 tis
2115 1949 2270 2019 quasi
2298 1949 2565 2018 indigens,
2607 1964 2816 2003 summa
2841 1948 3140 2018 plenitudo.

1996 2036 2102 2092 Pro
2137 2053 2222 2093 me
2255 2047 2540 2109 angustata
2570 2054 2647 2104 es,
2684 2039 2839 2110 longa
2869 2039 3118 2104 latitudo,

1924 2127 2030 2183 Pro
2056 2144 2141 2184 me
2162 2127 2404 2184 breviata
2430 2144 2509 2194 es,
2539 2128 2644 2183 lata
2671 2129 2969 2200 longitudo,

1923 2220 2028 2274 Pro
2060 2236 2146 2276 me
2176 2221 2432 2276 inclinata
2459 2239 2536 2289 es,
2572 2240 2763 2294 magna
2797 2223 3044 2288 altitudo,

1921 2311 2027 2367 Pro
2054 2328 2142 2367 me
2163 2327 2330 2382 prona
2356 2313 2629 2379 inunines,
2659 2315 2765 2368 alta
2799 2313 3132 2384 magnitudo.

1992 2401 2101 2456 Cur
2127 2410 2204 2456 tot
2225 2403 2357 2456 dura
2383 2404 2642 2469 sustines,
2671 2412 2815 2459 tanta
2849 2401 3149 2458 celsitudo?

1922 2492 2042 2546 Tibi
2065 2492 2229 2547 nimis
2253 2503 2399 2547 recta
2430 2503 2511 2548 est
2537 2505 2624 2548 tua
2652 2494 2940 2549 rectitude.

1919 2583 2066 2652 Ergo
2093 2600 2177 2638 me
2205 2593 2283 2639 tot
2313 2601 2595 2642 munerum
2620 2587 2800 2640 vincat
2826 2583 3139 2648 multitudo,

1921 2675 1989 2731 Ut
2017 2678 2068 2731 in
2096 2694 2180 2732 me
2206 2679 2277 2733 sit
2303 2695 2428 2749 erga
2462 2689 2511 2735 te
2540 2695 2751 2750 semper
2782 2678 3074 2748 gratitudo.

2282 2769 2600 2840 Triumphus
2642 2769 3149 2840 Hierosolymorum.

1987 2858 2374 2914 Consummato
2405 2868 2649 2929 tempore
2679 2859 3107 2929 przedicationis;

1927 2950 2019 3006 Sic
2049 2968 2209 3022 super
2239 2953 2471 3018 asinum,
2503 2953 2593 3023 qui
2632 2952 2788 3008 sedes
2819 2953 2874 3006 in
2905 2952 3116 3006 thronis

1919 3042 2186 3112 Properas
2220 3041 2544 3107 Jerusalem,
2583 3060 2744 3098 causa
2775 3041 3084 3114 passionis?

1922 3133 2118 3189 Turba:
2139 3150 2327 3190 vocem
2358 3143 2616 3191 resonant
2641 3133 3025 3190 venerationis.

1843 3195 1887 3255 Ο
1989 3223 2144 3279 Nunc
2175 3225 2387 3290 festina,
2420 3225 2616 3289 anima,
2635 3239 2792 3280 curre
2819 3224 2935 3279 sine
2959 3240 3106 3279 mora
3135 3242 3148 3276 :

1921 3316 2080 3382 Quia,
2114 3325 2171 3370 ut
2203 3317 2540 3380 consideras,
2570 3330 2697 3370 ecce
2721 3315 2868 3369 venit
2897 3316 3052 3369 hora.

1921 3405 2205 3459 Dominum
2229 3421 2349 3460 cum
2380 3405 2594 3462 caeteris
2623 3405 2936 3462 collaudans
2967 3405 3160 3468 adora,

1922 3494 1989 3550 Ut
2020 3510 2200 3549 secum
2234 3504 2285 3549 te
2311 3495 2541 3551 deducat
2572 3497 2638 3550 ad
2665 3511 2883 3550 crucem
2918 3494 3164 3564 implora.

1994 3583 2038 3640 0
2067 3593 2329 3654 quantum
2355 3586 2524 3658 gavisi
2562 3595 2688 3640 sunt
2721 3584 2890 3638 Mater
2917 3594 2969 3638 et
2993 3582 3174 3648 amici,

1923 3680 2223 3734 Cernentes
2253 3695 2282 3734 a
2304 3678 2500 3750 populo
2530 3676 2714 3733 Jesum
2745 3675 3013 3740 benedici,

1926 3771 2162 3832 Christo.
2198 3771 2365 3826 David
2397 3770 2552 3835 Filio,
2587 3769 2948 3839 Hosannaque
2978 3767 3122 3822 dici!

1925 3863 2208 3931 Sed,heu!
2243 3864 2367 3920 inde
2398 3864 2636 3919 invident
2671 3863 2789 3934 ejus
2814 3861 3040 3916 inimici.

1992 3956 2036 4013 0
2063 3973 2182 4012 mea
2211 3957 2427 4024 fiducia,
2461 3956 2708 4012 Genitrix
2735 3956 2918 4022 beata,

1921 4051 1978 4104 In
2008 4050 2164 4104 laude
2187 4049 2261 4103 tui
2289 4048 2412 4104 Filii
2445 4049 2596 4104 valde
2615 4047 2934 4116 jncundata,

1922 4143 2035 4197 Heu
2065 4145 2078 4198 !
2113 4151 2316 4214 quanta
2351 4141 2570 4196 tristitia
2601 4141 2712 4196 eris
2743 4139 3006 4204 cruciata,

1922 4232 2087 4288 Paulo
2110 4241 2232 4303 post
2257 4247 2376 4287 cum
2407 4231 2608 4285 videris
2630 4238 2824 4284 cuncta
2850 4229 2967 4282 haec
2989 4233 3190 4281 mutata
3214 4224 3252 4277 ?l

1968 4375 1969 4378 η
2450 4321 2689 4375 Christus
2710 4319 2972 4373 venditur.

1992 4415 2128 4470 Nam
2157 4416 2209 4470 in
2237 4427 2425 4468 necem
2454 4410 2576 4466 Filii
2600 4410 2871 4480 principes
2895 4409 3128 4478 majores

1919 4507 2111 4562 Ineunt
2146 4504 2458 4568 consilium,
2479 4500 2614 4572 legis
2645 4509 3103 4569 transgressores,

1918 4597 2227 4654 Constituto
2252 4593 2448 4666 pretio,
2467 4590 2692 4663 pessimi
2721 4598 2992 4659 emptores

1920 4687 2250 4743 Permittunt
2281 4696 2340 4738 se
2374 4681 2487 4738 tieri
2513 4679 2662 4737 Iudae
2691 4679 2979 4734 debitores.

1993 4779 2143 4833 Heu!
2176 4777 2311 4831 heu!
2346 4790 2464 4830 mea
2498 4773 2748 4836 Domina,
2782 4771 2949 4840 Virgo
2971 4767 3290 4840 singularis;

1921 4869 2188 4924 Venditus
2213 4875 2296 4923 est
2318 4865 2502 4928 Filius,
2529 4872 2584 4920 et
2605 4863 2782 4917 adhuc
2809 4859 3048 4917 laataris?

1924 4961 2040 5016 Heu
2068 4962 2082 5014 !
2117 4975 2216 5015 cur
2249 4957 2586 5029 unigenitum
2618 4955 2765 5010 clare
2790 4971 2898 5011 non
2923 4953 3190 5023 precaris,

1929 5050 1999 5108 Ut
2029 5050 2339 5119 priusquam
2370 5062 2562 5116 passus
2587 5046 2677 5109 sit,
2701 5045 2819 5112 ipsa
2859 5043 3156 5101 moriaris?

1999 5139 2078 5194 Tu
2112 5147 2222 5194 nati
2248 5138 2534 5207 praesentia
2565 5137 2798 5193 multum
2827 5134 3140 5198 delectaris,

1925 5237 1997 5294 Et
2029 5234 2223 5287 affectu
2251 5230 2490 5285 maximo
2519 5233 2692 5301 ipsum
2725 5230 2966 5288 imitaris
2991 5242 3005 5278 :

1929 5327 2043 5354 IInn
2071 5325 2084 5354 '
2118 5323 2182 5354 t'n
2211 5330 2299 5354 “In
2332 5321 2508 5354 nn‘nnn
2548 5323 2724 5354 m‘nnc
2756 5317 3038 5354 mn.l:lnl':¢

1843 4549 1893 4609 1)

3413 357 3509 412 60(
