4030 5354
542 343 643 398 ὕΠ
1621 331 1676 386 S.
1722 325 2019 384 ANSELMI
2055 317 2390 380 LUCENSIS
2407 319 2738 390 ,EPISCOPI
3717 299 3841 354 ΕΗΒ

613 453 760 516 Jesu,
794 451 878 506 cui
905 449 1040 514 nihil
1071 461 1155 508 est
1183 449 1398 519 penitus
1421 444 1694 504 occultum
1717 485 1730 506 ,
2151 444 2195 498 Α
2297 434 2439 490 lleu!
2471 435 2629 499 mihi,
2657 431 3000 496 charissima,
3027 429 3161 484 heu!
3189 426 3380 481 dilecta
3412 439 3550 482 mea.

547 513 840 611 Usqiiequu
869 542 946 596 sic
973 513 1208 596 sustine;
1232 551 1408 594 tecum
1435 537 1626 592 Iudam
1657 535 1926 592 stultum?
2224 522 2365 579 Laus
2400 513 2707 578 sanctorum
2730 521 2993 582 omnium,
3024 531 3300 586 nunquam
3325 513 3492 570 semel
3523 525 3616 565 rea

545 609 670 698 Qui,
695 609 818 684 dum
847 631 941 685 tibi
973 631 1191 684 exhibet
1221 628 1534 682 simulatum
1561 626 1790 688 cultum,
1845 651 1848 656 -
2225 616 2444 672 Utinam
2483 615 2747 670 existeres
2781 613 2996 666 nuncin
3023 609 3270 672 Galilaea,

547 719 806 789 Tempus,
835 721 886 774 in
910 735 1018 788 quo
1046 721 1224 773 tradat
1255 727 1326 782 te,
1355 725 1508 788 optat
1539 716 1701 770 niniis
1731 713 1976 768 multum.
2222 705 2300 760 Ne
2325 706 2534 760 videres
2565 703 2760 757 Filium
2787 717 3004 772 passum
3033 702 3086 756 in
3111 699 3322 754 Judzea!

622 809 774 864 Tunc
799 810 975 864 missis
1001 808 1278 878 discipulis
1297 823 1418 864 cum
1455 807 1612 878 signo
1637 805 1856 875 lagonae,
2295 795 2390 850 Pie
2423 795 2571 878 Iesu,
2595 794 2838 864 supplico
2861 807 2959 862 pro
2981 791 3168 844 Matris
3196 801 3400 852 amore,

551 901 737 971 Pergis
767 901 832 954 ad
861 877 1154 969 hospitium
1183 910 1498 970 prasparata:
1515 877 1690 954 coena:
1716 917 1728 952 :
2227 889 2396 958 Reple
2425 877 2518 942 me
2540 886 2866 957 gravissimo
2897 895 2988 939 tuo
3011 897 3154 938 nunc
3175 881 3380 944 dolore,

551 991 702 1047 Tunc
724 993 878 1046 sedes
901 991 952 1045 in
976 992 1156 1046 medio
1193 977 1361 1046 turbte
1386 992 1668 1056 duodenm,
2227 979 2297 1035 Ut
2321 980 2414 1034 tibi
2442 979 2774 1047 compatiens
2805 976 3042 1031 maxime
3068 973 3301 1036 fervore,

548 1082 774 1136 Mandas
805 1091 863 1135 ut
897 1097 956 1138 se
984 1081 1213 1138 invicem
1244 1083 1468 1154 diligant
1491 1097 1700 1138 serene.
2229 1070 2562 1148 Snspirando
2591 1069 2799 1140 rugiam
2825 1065 2954 1122 ﬂetu
2977 1065 3232 1135 largiore.

1237 1165 1440 1230 (lauat.
2299 1160 2529 1216 Cernam
2553 1159 2736 1214 cordis
2759 1157 2931 1213 oculis
2963 1165 3012 1210 te
3037 1163 3292 1224 tanquam
3325 1156 3684 1223 prmsentcm,

621 1264 772 1318 Tunc
803 1272 876 1328 te,
905 1271 964 1319 ut
989 1265 1344 1336 praedixeras,
1377 1266 1510 1321 dicis
1539 1267 1884 1332 moriturum,
2047 1247 2054 1254 ’
2239 1252 2528 1306 Passioncs
2551 1251 2788 1320 singulas
2813 1263 2911 1321 pro
2945 1263 3032 1303 me
3057 1246 3426 1310 suﬂerentem;

549 1351 620 1404 Et
645 1367 713 1406 ex
738 1353 816 1406 eis
845 1369 1006 1407 unum
1041 1363 1092 1408 te
1119 1353 1236 1410 fore
1263 1355 1620 1420 traditurum;
2232 1344 2400 1398 Tuam
2431 1343 2655 1398 Matrem
2678 1342 2834 1410 juxta
2870 1351 2921 1395 te
2951 1341 3046 1394 tibi
3073 1337 3470 1398 condolentcm,

553 1443 863 1514 Eorumque
891 1445 1188 1514 quemlibet
1213 1462 1244 1501 a
1275 1456 1325 1501 te
1350 1445 1670 1516 fugiturum,
2231 1437 2312 1491 Ad
2347 1443 2612 1496 tormenta
2638 1433 2847 1504 singula
2873 1432 3026 1503 quasi
3053 1433 3395 1486 morientem.

554 1533 662 1588 Sed
692 1541 748 1588 et
767 1533 990 1590 Petrum
1018 1545 1174 1591 nocte
1211 1537 1312 1592 hac
1335 1545 1417 1592 ter
1440 1547 1493 1594 te
1515 1549 1854 1609 negaturum.
2303 1527 2469 1596 Virgo
2499 1525 2589 1580 Dei
2613 1525 2882 1586 GenilriX.
2913 1539 3024 1594 prae
3051 1521 3262 1578 cunctis
3291 1522 3472 1584 beata.

627 1623 672 1680 Ο
705 1624 878 1692 dolor,
909 1641 942 1681 ο
969 1627 1220 1696 gemitus,
1257 1637 1520 1697 quantum
1553 1629 1910 1684 turbabantur
1938 1631 1958 1682 ε’

1728 1638 1910 1684 tantur
1938 1631 1958 1682 εδ
2235 1616 2338 1671 Pro
2368 1613 2744 1670 misericordia
2772 1627 2968 1683 precor
2995 1625 3060 1666 ex
3094 1619 3146 1666 te
3170 1622 3319 1674 nata,

553 1716 634 1768 Ac
658 1715 724 1770 de
748 1723 896 1770 tanto
923 1717 1128 1772 scelere
1159 1733 1348 1774 omnes
1379 1717 1758 1784 tristabantur,
2239 1708 2422 1764 Pande
2451 1707 2582 1761 mihi
2618 1707 2852 1775 qualiter
2875 1705 3020 1760 fuisti
3055 1715 3299 1775 gravata.

491 1821 494 1824 ‘
557 1804 783 1872 Quando
811 1807 952 1863 nolle
977 1809 1162 1881 fugere
1185 1825 1243 1866 se
1279 1809 1672 1880 pollicebantur
1697 1813 1708 1865 !
2172 1786 2212 1844 Β
2243 1800 2354 1854 Tua
2383 1800 2534 1870 prole
2557 1814 2740 1854 coram
2773 1807 2825 1852 te
2848 1806 3057 1851 tantum
3081 1795 3341 1868 cruciata.

563 1898 631 1952 Et
659 1899 782 1969 quis
807 1909 954 1956 esset
984 1901 1233 1966 traditor,
1267 1917 1392 1958 mox
1416 1904 1852 1960 sciscitabantur.
2315 1892 2457 1958 Mea,
2483 1906 2599 1946 mea
2625 1889 2879 1956 Domina,
2907 1889 3062 1960 plena
3091 1888 3407 1958 gratiarum,

865 1991 875 1998 ’
1171 1991 1339 2050 Pedes
1362 1997 1523 2052 lavat.
2243 1983 2392 2038 Dona
2423 1983 2576 2046 mihi,
2603 1981 2850 2046 obsecro,
2883 1990 3030 2034 tuum
3058 1995 3153 2034 cor
3174 1993 3442 2036 amarum.

629 2079 947 2151 Exemplum
978 2081 1181 2138 interea
1208 2084 1304 2140 das
1333 2087 1678 2153 humilitatis,
2243 2073 2312 2126 Et
2336 2072 2830 2128 abundantissimus
2857 2071 3004 2124 rivos
3027 2070 3420 2140 lacrymarum,

562 2170 912 2228 Subdilorum
939 2177 1163 2244 pedibus
1188 2191 1218 2229 a
1246 2184 1412 2233 temet
1445 2177 1638 2234 lavaris
1663 2198 1676 2232 ;
2247 2165 2314 2222 Ut
2340 2175 2550 2220 tuarum
2576 2164 2805 2219 sentiam
2836 2163 2944 2216 vim
2967 2161 3360 2232 angustiarum.

564 2261 672 2317 Sed
703 2272 757 2318 et
783 2277 978 2334 corpus
997 2267 1277 2336 proprium
1303 2267 1399 2322 das
1421 2267 1475 2322 in
1507 2269 1686 2326 cibum
1709 2271 1880 2340 gratis
2321 2256 2532 2310 Utinam
2565 2271 2632 2310 ex
2661 2269 2884 2310 munere
2912 2261 3023 2318 ίυο.
3057 2252 3183 2307 Iesu
3218 2249 3435 2306 Chrisle

561 2355 694 2422 Illis,
726 2365 888 2434 atque
918 2359 1168 2416 omnibus
1193 2361 1254 2416 in
1289 2369 1340 2416 te
1365 2361 1676 2431 baptizuiis,
2247 2347 2518 2429 Torqueat
2547 2359 2631 2400 me
2664 2345 2904 2414 quotidie
2927 2345 3089 2398 nimis
3119 2343 3272 2396 dolor
3307 2343 3429 2405 iste,

1009 2447 1402 2506 Euc/tarisiiam
1437 2429 1690 2508 insumit,
2248 2440 2399 2494 Sicut
2431 2435 2615 2492 Matris
2639 2435 2879 2505 Virginis
2901 2449 2996 2489 cor
3025 2433 3316 2502 torquebat
3345 2429 3560 2494 triste”

634 2539 678 2594 Ο
699 2541 829 2610 quid
857 2556 956 2614 ego
983 2539 1200 2610 faciam,
1221 2561 1402 2598 massa
1428 2555 1800 2618 peccatorum,
2249 2531 2382 2584 Dum
2416 2539 2467 2585 te
2499 2529 2888 2584 cruciﬁxerant
2914 2525 3159 2582 crudeles
3198 2523 3433 2580 lanisue!

565 2633 822 2688 Omnium
847 2635 1186 2691 miserrimus
1211 2637 1301 2706 qui
1331 2651 1449 2692 sum
1477 2639 1826 2703 miserorum,

2241 2677 2246 2682 .
2321 2621 2463 2676 Deus
2491 2621 2676 2687 homo,
2711 2620 2832 2688 quis
2855 2619 2920 2674 de
2947 2627 2997 2674 te
3019 2617 3218 2690 cogitet
3245 2617 3471 2680 intente,

565 2727 702 2779 Dum
736 2735 788 2780 tu
813 2725 988 2782 ﬂectis
1011 2744 1206 2799 genua,
1239 2729 1354 2784 Rex
1382 2732 1757 2786 universorum
1777 2771 1794 2798 ,
2249 2711 2305 2766 ³η
2336 2711 2498 2765 “imis
2533 2709 2777 2780 9335mm
2805 2723 3032 2777 (ὌτροΓο
3061 2713 3336 2766 mamme-

567 2817 647 2870 Ac
675 2816 824 2871 lavas
851 2819 1074 2889 vestigia
1099 2827 1316 2874 tuorum
1342 2835 1623 2876 servorum
1645 2823 1667 2874 ’ξ
2249 2805 2416 2861 Passo
2441 2801 2518 2860 tet
2541 2803 2816 2874 angustias
2837 2816 3064 2873 corpore
3085 2809 3140 2855 et
3165 2805 3366 2858 mente,

639 2907 764 2962 Iesu
794 2908 1237 2976 clementissime,
1271 2911 1390 2966 fons
1417 2914 1619 2968 amoris
1640 2914 1793 2978 casti,
2252 2899 2318 2954 Εῑ
2348 2909 2490 2954 lotus
2515 2899 2570 2953 ἱιὶ
2602 2897 2870 2968 lacrymas
2893 2913 2996 2950 non
3028 2895 3155 2948 ﬂual
3191 2889 3446 2962 repente?

572 2997 652 3050 Tu
684 2999 943 3054 mortales
969 3001 1216 3056 homines
1241 3003 1293 3056 in
1321 3011 1528 3058 tantum
1553 3005 1773 3068 amasti,

2321 2989 2473 3056 Quis,
2495 3005 2527 3044 0
2557 2989 2647 3043 Dei
2675 2987 2943 3046 Geuitrix.
2963 2993 3140 3056 potest
3168 2981 3437 3044 meditari,

571 3089 724 3152 Quod
755 3099 804 3144 te
827 3090 999 3160 ipsum
1031 3089 1267 3146 credulis
1291 3091 1344 3146 in
1371 3093 1550 3147 cibum
1574 3093 1808 3154 donasti,
2184 3141 2224 3160 η
2256 3079 2334 3136 Τθ
2363 3080 2590 3136 deﬂellle
2619 3079 2812 3134 Filium
2845 3077 3018 3148 pinnis
3047 3075 3304 3138 οιίιεῖειτίν

571 3179 641 3234 Et
675 3188 732 3234 ut
759 3141 1130 3237 tuirmemores
1155 3191 1206 3237 te
1227 3193 1478 3251 sumant,
1505 3188 1798 3256 mandasti.
2183 3141 2226 3201 ε
2259 3173 2335 3227 Ac
2360 3173 2524 3226 tantis
2552 3170 2945 3240 angustiisjam
2965 3168 3078 3238 jam
3103 3165 3340 3237 fatigari,
3365 3235 3370 3238 _

643 3269 1296 3342 Cbriste’benignissime,
1325 3273 1426 3328 Fili
1450 3253 1648 3330 summi
1684 3275 1798 3340 Dei,
2262 3263 2324 3318 Et
2357 3278 2461 3316 "0"
2495 3259 2870 3338 ροιοειευωιο
2901 3259 2965 3314 ad
2999 3255 3184 3311 Πθίιηη
3211 3253 3446 3308 "muri?

571 3361 773 3418 Precor
805 3365 1215 3434 indignissimus
1239 3368 1502 3422 miserere
1529 3369 1660 3430 mei,
2330 3353 2471 3408 l-leu!
2510 3352 2638 3406 mihi
2665 3349 2953 3406 durissimo
2983 3363 3082 3402 cur
3101 3361 3202 3416 ego
3233 3361 3338 3399 non
3367 3343 3647 3412 completo
3669 3343 3694 3394 ?

576 3451 807 3507 Tantum
838 3433 1120 3510 cliaritatis
1148 3455 1241 3517 da,
1265 3457 1388 3512 ﬁdei
1417 3468 1579 3528 atque
1609 3460 1746 3528 spei,
2259 3444 2404 3498 llcu!
2437 3453 2496 3500 ut
2530 3444 2656 3513 quid
2687 3453 2794 3496 tam
2823 3441 2992 3495 durus
3021 3455 3170 3502 smn,
3203 3437 3330 3492 dum
3363 3445 3413 3490 te
3439 3435 3666 3490 Matrem
3698 3449 3797 3487 oio
3827 3433 3850 3485 ?

575 3543 647 3598 Ut
672 3543 830 3613 digne
859 3547 1176 3616 mysterium
1201 3563 1410 3602 sumam
1437 3557 1600 3604 ιειηιω
1629 3551 1729 3604 περὶ,
2261 3535 2487 3591 Domina
2511 3535 2844 3590 circumdata
2875 3545 3232 3601 supernorum
3261 3529 3452 3590 choro.

649 3635 790 3702 Quid
823 3637 948 3692 hinc
973 3636 1193 3692 reddam
1222 3640 1435 3710 gratiae,
1461 3641 1553 3710 qui
1578 3655 1665 3695 me
1691 3642 1770 3696 sic
1796 3642 1989 3696 dotasti
2014 3641 2035 3694 ?
2260 3633 2552 3703 Lacrynias
2579 3631 2879 3685 uberrimas
2907 3627 2972 3680 da
3003 3625 3153 3688 mihi,
3185 3633 3236 3678 te
3261 3621 3508 3692 imploro.

577 3728 681 3795 Qui
707 3738 798 3783 tuo
824 3731 1083 3800 mysterio
1109 3739 1257 3784 tanto
1283 3731 1550 3800 deputasti
1573 3732 1593 3783 ’1
2835 3720 2965 3774 Orat
2999 3719 3052 3773 in
3082 3719 3268 3774 horto.

580 3820 659 3874 Ac
683 3817 964 3889 indignum
999 3819 1260 3874 miserum
1285 3835 1499 3890 semper
1524 3819 1782 3885 tolerasti,
2335 3819 2472 3874 Audi
2501 3815 2708 3879 Iesum,
2735 3813 2936 3876 anima,
2962 3810 3108 3864 velut
3131 3823 3275 3862 nunc.
3301 3813 3620 3874 prmsenlein
3653 3821 3666 3855 :

579 3907 648 3961 Et
673 3921 794 3961 eum
821 3907 925 3961 tuis
953 3906 1170 3962 famulis
1194 3925 1414 3964 manere
1437 3909 1652 3965 donasti
1677 3914 1698 3964 ?
2266 3910 2495 3981 Surgite,
2529 3924 2708 3961 cantus
2738 3905 2877 3966 hinc,
2917 3901 3175 3955 fratribus
3203 3899 3494 3958 dicentem,

653 3999 768 4055 lleu
793 4001 805 4052 !
837 4001 967 4054 mihi
994 3999 1124 4070 quid
1147 4001 1364 4064 faciam.
1387 4019 1424 4058 .0
1448 4019 1656 4058 summa
1689 4004 1952 4060 dulcedo?
2265 4003 2343 4058 Ac
2373 4001 2636 4071 responde
2663 3997 2874 4052 concito
2899 3994 3198 4064 deprecans
3223 3989 3536 4060 loquentem
3563 4003 3576 4048 ;

583 4093 693 4146 tiur
721 4092 799 4148 sic
837 4093 1119 4147 indevotus
1141 4109 1286 4160 sum,
1311 4095 1436 4150 dum
1468 4105 1520 4153 te
1550 4097 1724 4168 ipsum
1750 4098 1892 4152 edo?
2267 4093 2376 4148 Fac
2402 4088 2840 4162 mc,Jesu,sequi
2876 4099 2925 4140 te
2947 4088 3014 4141 ad
3047 4093 3276 4140 mortem
3305 4093 3632 4150 pergentem.

585 4185 726 4240 lleu!
769 4185 930 4240 nimis
951 4185 1255 4255 culpabilis,
1284 4197 1339 4243 et
1378 4187 1546 4244 durus
1569 4191 1771 4244 accedo
1797 4209 1809 4244 :
2801 4177 2966 4233 Sudat
2994 4176 3320 4245 sanguinem.

583 4280 726 4336 llen!
763 4279 871 4334 illic
897 4279 1064 4335 durus
1096 4297 1236 4348 sum,
1266 4282 1541 4351 durusque
1569 4280 1786 4337 recedo.
2340 4274 2476 4330 Vide
2507 4275 2649 4328 hunc
2675 4269 2968 4340 discipulos
2991 4279 3152 4322 orare
3182 4271 3514 4322 monentem,

654 4372 699 4428 Ο
722 4373 870 4438 Iesu,
896 4373 1024 4444 quid
1053 4367 1248 4430 faciam
1271 4377 1473 4430 vermis
1503 4385 1558 4430 et
1584 4374 1853 4446 putredo?
2271 4372 2336 4426 Et
2365 4369 2571 4425 orando
2591 4367 2805 4421 Patrem
2837 4373 2918 4418 ter
2943 4361 2996 4416 in
3025 4369 3223 4416 terram
3255 4365 3521 4416 ruentem,

584 4465 748 4534 Cujus
775 4477 1009 4524 mentem
1031 4470 1288 4538 ouprimit
1319 4469 1523 4538 peccati
1549 4469 1790 4540 nigredo,
2201 4497 2244 4552 υ
2273 4465 2502 4518 Carnem
2535 4461 2586 4514 in
2616 4457 2884 4529 angustia,
2917 4453 3148 4514 tristem,
3181 4459 3234 4505 et
3265 4459 3570 4519 paventem,

586 4559 670 4614 Me
699 4560 1004 4615 ministrum
1038 4561 1258 4632 dignum
1287 4561 1396 4625 fac,
1427 4561 1586 4624 Deus,
1611 4562 1663 4614 in
1691 4577 1850 4630 quem
1879 4561 2041 4614 credo
2061 4601 2073 4618 ,
2201 4541 2238 4552 ν
2274 4559 2348 4612 Ac
2378 4555 2631 4610 sudorem
2663 4547 2946 4620 sanguinis
2967 4546 3035 4599 ab
3058 4545 3174 4615 ipso
3204 4541 3476 4596 ﬂuentem.

586 4649 694 4708 Pro
719 4666 903 4706 amore
933 4631 1176 4722 Virginis
1207 4651 1394 4705 Matris
1415 4651 1710 4706 intercede.
2342 4646 2480 4714 Quid
2513 4644 2646 4700 facis
2677 4641 2996 4702 fortissime,
3027 4637 3126 4692 Fili
3157 4634 3252 4690 Dei
3279 4631 3385 4686 vivi
3411 4631 3433 4684 ?

659 4742 852 4798 Mirum
873 4753 955 4800 est
977 4721 1284 4812 certissime
1309 4745 1454 4813 quod
1488 4751 1540 4800 te
1565 4745 1899 4798 comedendo
2275 4738 2521 4810 Nunquid
2556 4746 2610 4792 tu
2635 4746 2740 4789 tam
2771 4732 2941 4788 tristis
2963 4747 3021 4786 es
3047 4737 3106 4783 ut
3132 4729 3166 4782 ii
3197 4725 3438 4797 pandunt
3463 4721 3604 4775 rivi?

585 4833 784 4890 Anima
814 4851 918 4890 non
957 4835 1206 4906 liquescit
1237 4851 1368 4904 pure
1393 4834 1666 4905 diligendo
1693 4853 1706 4888 :
2280 4833 2352 4887 De
2381 4839 2526 4886 tanta
2554 4825 2802 4899 angustia
2834 4820 3237 4894 nunquamjam
3273 4816 3470 4906 audivi,

592 4927 720 4996 Sed,
749 4929 876 4984 heu!
913 4928 1117 4994 esurio,
1149 4929 1674 4998 duraquerependo,
2279 4924 2342 4977 Et
2367 4931 2544 4976 tamen
2573 4929 2632 4974 ut
2659 4917 2840 4978 debui,
2873 4913 3026 4978 ﬂere,
3056 4911 3190 4967 heu!
3225 4905 3460 4998 nequivi.

589 5019 699 5052 Nm.
735 5019 931 5052 manu:
959 5018 1114 5052 unlon
1135 4995 1410 5052 mutui"...
1435 4995 1684 5052 ,ιξιηηηιιη
2347 5013 2482 5052 num
2515 5011 2558 5052 ei
2588 5024 2706 5052 mna
2739 5007 2959 5052 i'mmina
2987 5007 3098 5052 haec
3129 5015 3364 5052 praesens
3393 4995 3633 5052 vidisset.
