4030 5354
174 353 266 407 liii!)
1493 351 1854 408 OI‘USCULA
1887 356 2158 412 sr-Uttht.

171 467 223 518 Et
246 465 440 518 Iudam
476 464 855 530 falsissimum,
885 471 1066 520 Jesum
1106 465 1458 526 osculantem,

168 555 234 609 Ad
260 555 388 624 quid
415 554 596 611 Judas
636 566 857 611 venerat
881 556 1004 610 audi
1035 556 1422 618 sciscitantem,

168 646 221 698 Et
247 645 394 700 illum
429 648 829 716 nequissimum
853 649 1085 702 amicum
1111 656 1416 702 vocantem.

225 738 378 793 Tunc
400 754 548 795 voce
577 740 854 796 lenissima
885 740 1116 796 Domino
1140 741 1354 795 dicente

165 829 234 882 Ad
255 844 350 883 eos
382 847 395 882 :
428 829 610 895 Quem
632 832 908 900 quaritis.‘
932 839 1194 887 corruunt
1232 839 1473 901 repente.

162 921 291 987 Quid
324 920 540 977 facturi
573 933 734 977 erunt
765 933 893 978 tunc
924 923 1049 979 Jesu
1078 923 1331 978 veniente

161 1013 341 1068 iudice
371 1014 616 1070 terribili
643 1014 1101 1085 illisapparente?

221 1103 265 1158 0
291 1105 422 1174 quis
449 1107 576 1160 sine
607 1106 808 1176 gemitu
843 1114 1020 1176 potest
1053 1105 1294 1177 cogitare

160 1193 274 1247 Illos
303 1193 671 1264 impiissimos
702 1205 756 1251 te
784 1196 966 1252 .lesum
996 1195 1186 1268 ligare,

159 1281 465 1351 ﬂauusque
494 1285 872 1340 sanctissimas
901 1295 1012 1339 tam
1044 1286 1178 1340 dure
1203 1296 1439 1347 arctare,

162 1371 304 1428 Heu!
340 1389 451 1429 cur
481 1389 585 1446 ego
615 1376 884 1445 pessimus
907 1391 1115 1445 nequeo
1142 1377 1402 1445 plorare?

666 1464 891 1519 Ducitur
908 1469 976 1519 ad
1005 1466 1227 1520 Annam.

225 1553 381 1610 Tunc
411 1571 608 1610 omnes
637 1558 886 1626 discipuli
917 1565 1061 1611 metu
1093 1557 1384 1628 fugientes,

164 1643 299 1697 lleu!
331 1646 518 1700 solum
550 1647 861 1717 relinquunt
885 1657 938 1703 te
962 1646 1105 1702 inter
1131 1649 1436 1704 smvientcs.

162 1738 313 1792 Certe
345 1739 522 1794 nimis
547 1739 666 1794 duri
699 1749 828 1795 sunt
853 1742 1039 1807 corde,
1069 1743 1341 1796 intuentes

164 1826 233 1882 Te
264 1831 334 1884 ad
372 1831 596 1886 Annam
626 1832 841 1897 deduci,
869 1833 914 1887 si
953 1848 1060 1888 non
1088 1842 1212 1888 sunt
1231 1833 1492 1888 dolentes.

701 1921 935 1994 Fugiunt
959 1924 1223 1993 disripuli.

228 2019 272 2072 Ο
300 2019 486 2074 sancti
519 2019 788 2088 discipuli,
813 2035 846 2075 ο
874 2021 977 2075 mei
1017 2020 1256 2090 patroni!

165 2111 270 2164 Cur
293 2127 404 2166 non
432 2111 593 2166 tidem
625 2109 806 2166 facitis
831 2121 1026 2167 vestrae
1049 2112 1368 2182 sponsioni?

168 2201 271 2256 Sel
314 2217 506 2258 sermo
531 2204 850 2258 verissimus
877 2213 962 2259 est
997 2203 1235 2274 Magistri
1268 2203 1416 2265 boni,

172 2293 300 2346 Dum
337 2296 408 2348 ad
443 2293 619 2364 fugam
645 2294 910 2349 concitam
942 2294 1078 2351 estis
1105 2294 1176 2348 ita
1203 2295 1376 2362 proni.

234 2383 492 2438 Attamen
527 2383 768 2454 intelligo
792 2384 1021 2438 multum
1049 2398 1143 2438 vos
1174 2384 1396 2446 tristari,

169 2473 228 2526 Et
259 2475 312 2527 in
345 2483 532 2530 mente
559 2475 803 2545 graviter
831 2475 976 2529 intus
1004 2473 1256 2530 cruciari.

172 2563 272 2617 Sed
303 2575 435 2634 peto
469 2564 761 2634 dignemini
792 2562 978 2619 Jesum
1004 2564 1306 2632 deprecari,

176 2654 239 2708 Ut
261 2656 397 2710 mihi
419 2655 730 2710 maestitiam
759 2655 849 2710 det
882 2656 1068 2710 cordis
1097 2655 1290 2709 amari.

666 2745 962 2801 Crudeliter
986 2755 1264 2800 tractatur.

238 2839 283 2893 0
306 2840 474 2910 Virgo
503 2840 864 2905 sanctissima,
889 2841 936 2894 si
961 2849 1015 2895 tu
1038 2854 1280 2910 praesens
1309 2849 1494 2894 natum

177 2928 440 2984 Cerneres
467 2933 536 2984 ab
570 2931 752 3000 impiis
780 2939 888 2984 tam
921 2931 1109 2986 stricte
1139 2930 1384 3002 ligatum,

176 3015 235 3068 Et
263 3019 669 3088 despicabiliter
700 3020 771 3073 ab
801 3019 905 3074 illis
937 3027 1252 3086 tractatum,

180 3107 310 3164 Vere
333 3109 735 3164 amarissimum
767 3109 927 3166 dares
956 3111 1236 3181 eiulatum.

746 3202 914 3272 Alapa
934 3203 1172 3257 creditur.

240 3293 490 3364 Nunquid
515 3304 571 3349 tu
602 3310 708 3350 non
739 3296 980 3350 somnias
1002 3294 1240 3364 qualiter
1265 3304 1350 3349 est
1371 3294 1527 3349 Jesus

176 3384 371 3456 Captus
399 3401 430 3440 a
459 3385 760 3450 malevolis,
785 3385 1122 3455 vinculisque
1155 3385 1358 3439 laesus?

177 3475 313 3532 lleu!
341 3495 440 3534 cur
465 3494 618 3534 meus
641 3479 853 3532 animus
885 3486 1169 3548 permanet
1191 3477 1409 3541 illaesus,

177 3567 303 3624 Dum
331 3570 580 3626 Christus
605 3579 686 3625 est
713 3570 866 3638 alapa
889 3570 1029 3640 apud
1059 3568 1270 3623 Annam
1305 3569 1514 3623 caesus?

240 3659 534 3730 Usquequo
556 3660 797 3731 piissima
823 3659 1004 3715 diiiers
1028 3659 1318 3714 vulnerare

174 3753 344 3809 Meum
375 3769 472 3810 cor
507 3756 773 3826 angustiis
807 3765 912 3811 tua:
950 3756 1116 3825 prolis
1150 3755 1361 3811 charge?

172 3845 212 3898 Ο
237 3863 356 3900 mea
389 3847 606 3909 ﬁducia,
640 3848 880 3917 supplico
909 3848 1134 3919 dignare

171 3936 393 3991 Dulures
414 3945 468 3990 et
493 3936 712 3991 vulnera
737 3938 844 4007 pati
871 3938 1002 3992 mihi
1024 3937 1184 3994 dare!

236 4026 642 4095 Coutemplare,
658 4028 866 4093 anima,
889 4026 1076 4084 Jesum
1099 4030 1434 4099 destitutum,

171 4115 230 4169 Et
261 4117 314 4171 in
347 4118 498 4174 duris
525 4120 757 4175 vinculis
779 4129 928 4175 arcte
950 4122 1326 4182 constitutum.

171 4203 221 4257 lu
254 4223 422 4276 pravo
447 4208 680 4264 concilio
711 4210 1016 4279 principum
1040 4218 1328 4276 statutum,

172 4293 314 4351 More
335 4297 458 4368 agni
487 4298 752 4368 simplicis
777 4299 850 4354 nil
876 4315 998 4356 esse
1027 4300 1286 4356 locutum.

643 4387 872 4442 Mittitur
897 4390 967 4443 ad
989 4389 1267 4460 Caipham.

233 4479 506 4535 Conﬁtere
529 4495 797 4536 venerans
818 4481 951 4537 false
978 4490 1314 4547 accusatum,

171 4571 414 4627 Derisum
438 4587 468 4626 a
499 4573 724 4642 Caipha,
750 4584 805 4628 et
837 4574 1251 4647 interrogatum,

169 4663 268 4718 Sed
299 4665 436 4720 bene
466 4664 711 4736 intelligo
733 4681 949 4721 rursum
975 4665 1340 4736 reprobatum,

171 4754 229 4808 Et
254 4757 488 4812 futurum
513 4756 750 4825 iudicem
775 4757 956 4814 Jesum
983 4772 1103 4814 esse
1132 4757 1336 4813 datum.

231 4847 450 4904 Christe
479 4850 884 4919 benignissime,
914 4851 1004 4920 qui
1041 4865 1100 4905 es
1133 4851 1464 4907 adventurus

173 4933 222 4988 lu
247 4937 330 4992 die
360 4939 656 4994 novissimo
687 4955 786 4994 nos
799 4940 1157 5009 iudicaturus,

173 5025 328 5084 Justis
354 5030 716 5094 delectabilis,
746 5045 840 5086 eos
867 5031 1197 5094 salvaturus,

175 5117 374 5187 lujustis
398 5123 685 5186 terribilis,
723 5136 815 5176 eos
839 5121 1212 5189 damnaturus,

236 5213 481 5283 Obsecro,
517 5213 786 5286 piissime,
817 5215 886 5269 ob
913 5227 1164 5269 cruorem
1192 5215 1430 5286 dignum.

178 5300 324 5346 illlam
346 5303 523 5346 f'mlieti
569 5309 793 5346 nrnnlnr
821 5320 904 5346 nu:
931 5316 1096 5346 etmer
1117 5307 1290 5346 rrnni:
1311 5308 1516 5346 limmm

1784 484 1832 540 Α
1862 471 1961 536 Qui
1992 488 2132 525 nunc
2159 487 2318 542 super
2347 474 2540 544 impios
2561 485 2721 547 atque
2748 480 2866 548 pios
2889 481 3048 551 pluis,

1930 558 1975 614 0
2008 562 2130 631 quis
2159 564 2276 618 sine
2299 563 2554 635 lacrymis
2575 577 2754 636 potest
2781 572 3051 635 meditari,

1857 653 2007 718 Jcsu,
2044 655 2170 725 quid
2202 665 2253 711 te
2279 658 2591 726 permiseris
2622 669 2826 716 tantum
2857 666 3122 731 tribttluri,

1778 738 1780 741 ’
1858 746 2237 815 Blasphemum
2270 762 2299 800 a
2326 747 2401 801 Ca
2427 749 2530 818 pha
2565 761 2613 804 te
2635 750 2893 819 judicari,

1856 838 1937 892 Ad
1963 848 2194 895 mortem
2223 841 2589 910 turpissimam
2615 857 2643 896 a
2677 845 2858 912 pravis
2889 845 3135 900 damnari

2333 927 2613 997 Irridetur,
2642 934 2964 1003 conspuitur.

1930 1016 2059 1071 Post
2082 1018 2196 1072 haec
2224 1017 2334 1072 fere
2356 1017 2551 1090 singuli
2579 1021 2631 1074 in
2669 1029 2720 1078 te
2757 1023 3048 1086 irruentes.

1859 1105 1914 1160 In
1941 1107 2256 1176 praeclaram
2297 1107 2489 1164 faciem
2531 1113 2760 1180 turpiter
2785 1121 3061 1182 spnentes,

1858 1197 2055 1267 Alapas
2086 1207 2142 1252 et
2169 1199 2428 1267 colaphos
2461 1200 2698 1270 undique
2721 1203 3040 1272 prmbentes,

1859 1287 1943 1340 Ad
1973 1286 2261 1356 lugendum
2293 1289 2532 1344 excitant
2557 1301 2858 1346 amatorum
2889 1305 3117 1350 mentes.

1929 1377 2126 1432 Dolens
2147 1392 2331 1444 cerne,
2358 1371 2566 1445 anima,
2590 1379 2724 1436 istos
2757 1383 3059 1449 sevientes,

1859 1467 2005 1523 lleu!
2041 1469 2264 1538 capillos
2285 1471 2502 1541 capitis,
2533 1482 2589 1526 et
2610 1472 2789 1528 barb:e
2813 1474 3088 1541 vellentes,

1857 1561 1936 1614 Ac
1960 1561 2188 1615 velatam
2219 1560 2412 1616 faciem
2438 1563 2631 1633 palmis
2657 1564 2934 1631 ferientes,

1858 1652 2029 1706 Simul
2053 1653 2314 1724 quidquid
2342 1664 2612 1727 poterant,
2637 1656 2765 1712 mali
2795 1658 3072 1715 facientes.

2491 1749 2806 1822 Soliloquia.

1788 1857 1830 1915 η
1931 1837 1974 1893 Ο
2003 1837 2177 1905 dolor,
2210 1854 2242 1892 0
2267 1840 2528 1910 gemitus!
2574 1857 2742 1910 quare
2771 1842 2937 1896 miser
2964 1859 3063 1913 ego

1858 1928 2047 1984 intime
2077 1945 2182 1985 non
2211 1930 2384 1996 doleo,
2409 1931 2535 1986 dum
2568 1932 2683 1986 haec
2714 1933 2852 1986 tnala
2885 1934 3050 2004 lego?

1859 2017 1972 2072 Nisi
1995 2019 2117 2088 quia
2155 2019 2326 2073 malus
2348 2035 2489 2085 sum,
2518 2029 2572 2075 et
2604 2020 2707 2077 hoc
2745 2022 2917 2091 ipsum
2952 2033 3091 2092 lego,

1859 2107 1945 2173 Et,
1982 2109 2116 2162 heu!
2149 2109 2439 2179 aliquoties
2462 2100 2543 2165 sic
2575 2126 2662 2166 me
2684 2126 2805 2166 esse
2833 2128 2992 2183 nego.

1929 2199 2164 2253 Delicata
2191 2199 2356 2255 facies
2384 2201 2476 2256 Dei
2508 2201 2632 2256 Jrsu
2667 2201 2889 2268 Christi,

1860 2287 1993 2344 Vide
2021 2305 2106 2345 me
2135 2291 2221 2346 his
2247 2291 2416 2346 oculis
2450 2293 2646 2362 quibus
2675 2296 2963 2364 respexisti

1859 2380 2074 2436 Petrum
2093 2391 2177 2436 ter
2206 2394 2494 2454 negantem
2519 2398 2588 2448 te,
2612 2387 2751 2441 sicut
2781 2387 3100 2456 praedixisti,

1862 2470 1928 2525 Ut
1955 2470 2049 2525 tibi
2077 2473 2383 2541 compatiar
2411 2488 2512 2543 pro
2543 2489 2627 2528 me
2656 2474 2819 2530 nimis
2851 2476 3009 2530 tristi.

1925 2562 1970 2618 0
1994 2561 2162 2618 Judaei
2197 2563 2343 2634 impii
2373 2565 2590 2635 superbi
2616 2574 2668 2620 et
2701 2565 2846 2627 vani.

1857 2652 2037 2720 Quare
2064 2654 2310 2708 insanitis
2331 2655 2430 2719 sic,
2462 2655 2622 2709 veluti
2651 2655 2873 2710 vesani?

1858 2745 2020 2807 Deus,
2054 2744 2146 2799 Dei
2173 2745 2342 2800 Filius
2363 2753 2467 2811 est,
2494 2761 2526 2800 ο
2549 2747 2713 2802 nimis
2743 2747 2976 2816 profani,

1857 2837 2025 2903 Quem
2052 2851 2148 2893 vos
2175 2837 2256 2893 sic
2276 2836 2511 2908 amigitis
2539 2838 2686 2894 velut
2711 2839 3012 2894 inhumani.

1923 2927 2049 2983 Jesu
2069 2929 2465 2998 potentissime,
2497 2931 2597 2985 Fili
2630 2931 2723 2986 Dei
2754 2932 2889 2994 veri,

1855 3018 2034 3084 Quare
2061 3019 2145 3074 vis
2176 3035 2274 3088 pro
2305 3020 2520 3076 miseris
2546 3029 2655 3075 tam
2680 3021 2801 3076 vilis
2824 3021 3036 3076 videri?

1853 3111 2012 3164 Certe
2037 3110 2199 3166 nimis
2224 3110 2415 3180 plenus
2441 3127 2501 3168 es
2525 3115 2726 3168 amoris
2759 3114 2986 3178 sinceri,

1780 3213 1825 3275 ο
1858 3199 1990 3254 Dum
2015 3215 2044 3255 a
2076 3200 2208 3255 viris
2233 3202 2413 3271 impiis
2447 3212 2654 3258 tantum
2690 3204 2771 3259 vis
2797 3206 3058 3272 torqueri.

1923 3291 1968 3346 0
1996 3293 2040 3348 si
2067 3306 2184 3347 mea
2213 3295 2438 3349 Domina
2465 3304 2516 3349 te
2548 3295 2758 3349 videret
2789 3305 3045 3358 stantem,

1851 3385 1929 3439 Ac
1956 3391 2132 3438 tantas
2159 3385 2436 3452 angustias
2459 3385 2544 3452 pie
2569 3384 2912 3449 tolerantem,

1854 3476 2088 3542 Nullum,
2119 3485 2180 3531 ut
2199 3477 2426 3541 aestimo,
2459 3477 2581 3546 quis
2601 3476 2732 3530 vidit
2753 3477 2832 3531 sic
2858 3477 3182 3545 plorantem,

1854 3565 2005 3622 Sicut
2034 3581 2153 3621 eam
2184 3575 2452 3632 cerneret,
2486 3581 2549 3622 ac
2587 3568 2697 3637 pati
2729 3577 3028 3636 optantem.

1925 3655 2066 3711 Heu!
2097 3656 2226 3726 quid
2247 3655 2454 3710 factura
2478 3668 2583 3722 est,
2617 3673 2650 3713 o
2678 3657 2838 3727 digna
2869 3658 3150 3728 maiestas,

1853 3748 2040 3813 Maria,
2069 3763 2190 3817 qua:
2217 3748 2348 3802 aluit
2380 3757 2450 3816 te,
2481 3765 2690 3804 summa
2721 3758 2983 3818 potestas,

1852 3839 1986 3893 Cras
2015 3853 2136 3893 cum
2159 3848 2344 3896 cernet
2369 3847 2423 3895 te
2455 3839 2652 3894 cadere
2681 3853 2775 3909 per
2810 3854 3001 3893 manus
3025 3838 3267 3902 infestas,

1853 3930 1918 3985 Et
1947 3932 2176 3987 virtutes
2196 3934 2444 4003 corporis
2465 3941 2698 3996 arentes,
2734 3941 2794 3987 ut
2819 3933 3022 3988 testas?

1922 4025 1966 4079 0
2003 4040 2124 4079 mea
2152 4024 2372 4088 fiducia,
2392 4026 2448 4080 .si
2477 4034 2660 4080 uatum
2686 4025 2942 4080 dilectum

1852 4114 2031 4170 Multis
2060 4115 2426 4179 contumeliis,
2455 4124 2509 4169 et
2538 4115 2713 4185 poenis
2746 4115 2998 4170 affectum

1851 4206 2215 4277 BlaSphemari
2242 4221 2494 4262 cerneres
2521 4208 2572 4261 iu
2609 4222 2826 4262 crucem
2855 4218 3117 4270 ereczum,

1851 4297 1986 4351 Eum
2016 4313 2136 4353 esse
2166 4299 2375 4354 diceres
2400 4298 2624 4351 nimium
2655 4297 2941 4351 directum.

1921 4388 2064 4444 lleu!
2096 4389 2228 4445 heu!
2259 4405 2376 4444 mea
2409 4388 2661 4451 Domina,
2687 4387 2900 4456 qualem
2931 4386 3087 4442 dabis
3117 4386 3314 4442 luctum

1851 4479 2016 4536 Paulo
2043 4491 2164 4552 post
2185 4497 2305 4536 cum
2332 4480 2532 4534 videris
2556 4480 2760 4534 ventris
2784 4480 2856 4535 tui
2887 4479 3144 4543 fructum,

1776 4565 1825 4624 ι)
1851 4573 1932 4628 Ad
1966 4581 2230 4628 tormenta
2258 4572 2443 4642 gravia
2472 4587 2502 4626 a
2531 4572 2802 4642 perversis
2829 4573 3069 4631 ductum,

1850 4663 1928 4716 Ac
1954 4671 2153 4716 tortum
2181 4662 2431 4728 deﬁcere,
2455 4663 2608 4734 quasi
2639 4661 2748 4731 jam
2776 4661 3150 4718 destructum?

1923 4752 1966 4809 Ο
1991 4751 2138 4817 Jesu,
2171 4754 2263 4823 qui
2294 4753 2436 4808 Deus
2472 4769 2551 4819 es,
2578 4761 2633 4807 et
2665 4753 2826 4807 homo
2853 4749 3147 4821 perfectus,

1849 4842 2025 4909 Quare
2053 4843 2136 4897 vis
2160 4851 2266 4896 tam
2293 4844 2470 4898 viliter
2495 4845 2683 4898 sedere
2705 4843 3012 4912 despectus,
3146 4844 3151 4852 '

1850 4934 1992 4990 lleu!
2021 4949 2119 5005 pro
2146 4936 2302 4991 nobis
2328 4937 2540 4990 miseris
2570 4946 2678 4990 tam
2713 4951 2834 4994 esse
2859 4935 3162 5004 subjectus,

1849 5027 1956 5082 Pro
1986 5027 2141 5082 nobis
2163 5026 2378 5090 irrisus,
2400 5036 2453 5081 et
2483 5029 2698 5097 penitus
2729 5031 3016 5101 abiectus?

1918 5118 2118 5174 Videns
2145 5132 2244 5186 pro
2265 5136 2322 5176 se
2343 5119 2633 5174 Dominum
2660 5121 2876 5196 indigna
2903 5122 3109 5191 subire,

1846 5211 1978 5280 Quis
2005 5219 2087 5266 est
2120 5208 2358 5270 fidelium
2385 5213 2479 5282 qui
2517 5213 2714 5271 audeat
2739 5219 2980 5280 ambire,

1851 5308 1943 5346 Ant
1978 5305 2044 5346 alo
2072 5301 2180 5346 ιιιίς
2198 5305 2354 5346 tinnis
2381 5306 2610 5346 amuli-Ic
2635 5313 2918 5346 οηηονιιῖω

3336 369 3439 425 610
