4030 5354
548 293 648 350 tut
709 281 724 288 '
905 259 911 264 “
1655 283 1713 340 s.
1744 282 2044 339 ANSELMI
2075 281 2139 336 LI

1655 283 1713 340 S.
1744 282 2044 339 ANSELMI
2075 279 2412 337 LUCENSIS
2441 281 2745 338 EI‘lSCOPl

612 406 768 461 Absit
793 420 921 474 ergo
949 403 1114 458 altum
1139 401 1266 472 quid
1294 401 1360 455 de
1385 399 1538 454 nobis
1562 397 1784 460 sentire,

544 499 708 553 Dulce
725 497 796 553 sit
818 497 1027 567 injuria:
1050 510 1331 551 sermones
1359 491 1572 555 audire;

545 589 637 643 Pio
661 590 826 644 corde
842 586 1046 657 jugiter
1072 585 1258 639 demus
1289 582 1464 636 locum
1491 580 1602 644 irre,

543 680 868 734 Studeamus
899 672 1308 731 omnibusrbene
1338 669 1582 726 obedire.

614 771 754 825 lleu!
786 769 915 824 mihi
946 766 1278 838 nequissimo
1309 762 1511 818 amanti
1537 760 1772 823 laudari,

542 861 666 928 Qui,
695 860 819 914 licet
843 856 1147 934 culpabilis,
1173 869 1340 909 renuo
1368 853 1598 923 culpari,

529 957 618 1018 iAc
641 968 781 1023 sche
804 949 1130 1006 laudabilem
1151 963 1236 1004 me
1260 961 1530 1019 praxsumo
1552 944 1676 1008 lari,

528 1046 655 1101 'lleu
679 1047 691 1098 ε
723 1043 874 1106 mihi,
898 1042 1022 1111 quis
1048 1039 1282 1110 pessimo
1310 1047 1491 1108 potest
1537 1036 1844 1105 comparari
1867 1036 1887 1087 ?

608 1133 653 1188 0
680 1131 806 1187 Jesu
834 1130 1101 1201 piissime,
1127 1129 1218 1199 qui
1248 1142 1307 1184 es
1339 1143 1461 1183 vera
1490 1127 1635 1190 vitis,

541 1224 688 1278 Fove
712 1237 796 1276 me
829 1231 887 1276 ut
910 1220 1208 1290 palmitem,
1239 1229 1293 1274 et
1323 1218 1406 1273 lac
1429 1226 1485 1271 ut
1509 1217 1609 1272 sim
1638 1215 1784 1270 mitis
1813 1233 1827 1280 ;

542 1313 670 1368 Mihi
697 1313 766 1368 sit
787 1311 1016 1384 iustitia:
1044 1325 1399 1380 perseverans
1423 1308 1565 1371 sitis,

541 1404 651 1461 Oro
679 1414 870 1460 auctor
895 1417 1170 1472 nunquam
1198 1401 1322 1468 sim,
1354 1401 1446 1455 sed
1473 1399 1694 1454 sedatur
1717 1397 1844 1451 litis.

616 1493 789 1548 Mater
818 1491 936 1556 Dei,
963 1491 1188 1545 obsecro
1209 1498 1357 1544 tuam
1390 1489 1644 1560 pietatem

543 1585 618 1642 Ut
638 1585 769 1638 mihi
795 1582 1136 1637 verissimam
1169 1581 1263 1636 des
1289 1579 1648 1635 humilitatem
1674 1597 1687 1634 :

545 1675 1156 1748 Expellasinvidiamet
1198 1672 1567 1742 asperitatem,
1669 1663 1682 1677 '

543 1770 604 1824 Et
633 1767 928 1837 perfectam
962 1765 1221 1834 impetres
1251 1764 1380 1818 mihi
1411 1764 1753 1818 cliaritatcm.

617 1861 661 1916 Ο
691 1874 808 1914 mea
835 1858 1052 1922 ﬁducia,
1078 1858 1250 1911 Mater
1272 1857 1572 1922 Creatoris,

546 1954 665 2009 Jam
691 1968 777 2007 me
810 1951 904 2006 tibi
933 1950 1124 2015 oll‘cro,
1154 1949 1337 2004 nutrix
1369 1948 1770 2019 Redemptoris,

551 2045 633 2101 Me
657 2045 966 2117 gubernans
990 2042 1204 2113 adjuva,
1231 2057 1448 2112 precor,
1477 2041 1687 2096 cunctis
1717 2040 1886 2104 horis,

550 2139 658 2192 Fac
689 2153 776 2190 me
802 2136 880 2219 tui
909 2148 1204 2189 memorem
1228 2131 1390 2202 gladii
1422 2131 1644 2185 doloris.

620 2229 772 2284 Licet
805 2241 983 2292 nemo,
1015 2225 1266 2290 Domina,
1293 2223 1464 2294 possit
1493 2222 1648 2293 plene
1673 2222 1773 2276 lari

548 2323 772 2377 Dolores
791 2335 928 2392 quos
950 2333 1106 2390 passa
1143 2332 1203 2372 es
1227 2325 1399 2371 morte
1425 2316 1537 2370 nati
1567 2316 1718 2370 cbari
1749 2334 1763 2379 ς

549 2417 754 2472 Tamen
785 2415 908 2468 inde
934 2413 1091 2467 decet
1115 2425 1215 2465 nos
1235 2424 1378 2479 sepe
1405 2408 1677 2475 meditari,

545 2509 623 2562 Ac
651 2504 912 2576 plorando
948 2502 1139 2556 intime
1169 2510 1346 2556 tecum
1383 2499 1717 2556 contristari.

620 2599 840 2658 Idcirco,
869 2595 1137 2666 piissima,
1163 2593 1430 2662 supplico,
1468 2592 1718 2662 dignare,

550 2693 679 2747 Inde
709 2705 894 2745 verum
927 2688 1146 2757 aliquod
1177 2685 1327 2741 cordi
1367 2700 1486 2740 meo
1516 2684 1668 2748 dare,

549 2784 764 2852 Facque
795 2796 881 2835 me
904 2781 956 2835 id
984 2779 1166 2841 taliter
1187 2778 1474 2833 scribendo
1500 2779 1715 2846 signare
1741 2793 1754 2840 ;

555 2875 627 2930 Ut
656 2875 784 2928 illud
808 2881 1058 2927 amantes
1087 2879 1138 2924 te
1162 2869 1333 2940 possit
1361 2869 1621 2922 excitate.

1035 2964 1192 3019 Jesus
1233 2963 1437 3018 sistitur
1459 2959 1656 3016 Pilato.

625 3061 732 3116 Sed
757 3074 900 3114 nunc
936 3059 1080 3122 vide,
1107 3057 1311 3120 anima,
1344 3054 1462 3110 illos
1487 3054 1810 3116 invidentes,

550 3152 860 3207 Judaeorum
885 3149 1158 3220 principes
1182 3149 1235 3203 in
1262 3146 1538 3202 Christum
1570 3144 1885 3209 frementes,

555 3243 807 3296 Vinctum
838 3239 1106 3294 derisorie
1130 3253 1227 3308 per
1251 3238 1398 3292 vicos
1427 3237 1723 3300 trahentes,

553 3334 633 3388 Ad
664 3332 896 3388 Pilatum
921 3331 1205 3402 prmsidem
1227 3346 1349 3384 eum
1382 3321 1731 3387 deducclttcs.

624 3423 840 3490 OJesu,
873 3425 964 3494 qui
998 3423 1251 3493 nequiter
1283 3438 1381 3493 pro
1419 3435 1507 3476 me
1544 3435 1605 3475 es
1643 3420 1861 3491 ligatus,

554 3517 730 3573 Falsis
753 3517 1077 3572 testimoniis
1109 3531 1207 3585 pro
1240 3531 1322 3570 mc
1350 3523 1658 3579 accusatus,

557 3608 661 3661 Scal
696 3618 750 3662 et
787 3623 911 3664 cum
940 3607 1239 3663 latronibus
1271 3622 1370 3676 pro
1397 3621 1482 3660 me
1512 3605 1824 3675 deputatus,

559 3697 627 3752 Ut
655 3698 751 3751 tibi
773 3700 1082 3768 compatiar
1107 3698 1239 3752 mihi
1271 3699 1338 3752 da
1367 3697 1628 3766 ploratus.

629 3789 954 3853 Precor,fac
981 3805 1068 3844 me
1090 3790 1334 3844 nuntiam
1359 3803 1490 3843 mea:
1517 3787 1824 3852 Salvatrici,

558 3881 766 3951 Virgini
798 3880 1075 3951 piissimae,
1103 3889 1208 3934 tuae
1233 3879 1497 3936 Genitrici
1525 3897 1539 3933 :

560 3972 841 4036 Quatenus
865 3984 988 4022 mox
1019 3969 1200 4023 veniat
1227 3968 1360 4036 ipsa,
1385 3976 1441 4022 et
1463 3968 1648 4032 amici,

561 4059 628 4113 Et
661 4067 907 4130 spectent
925 4073 1044 4127 quae
1067 4056 1272 4112 faciunt
1293 4057 1385 4111 tibi
1411 4057 1638 4112 inimici.

632 4149 867 4219 Propera
893 4164 1060 4212 nunc,
1095 4146 1299 4210 anima,
1326 4147 1572 4216 quamvis
1602 4163 1706 4202 non
1739 4147 1986 4212 libenter,

560 4241 860 4295 Euuntians
885 4241 999 4294 hate
1028 4239 1287 4303 Dominae,
1311 4247 1363 4292 et
1399 4236 1482 4292 fac
1511 4249 1842 4304 reverenter,

555 4334 964 4403 Circumspecte
983 4331 1148 4387 iacias
1175 4330 1336 4387 simul
1363 4341 1414 4388 et
1444 4332 1758 4401 prudenter,

556 4426 633 4480 Nc
660 4426 771 4496 ipsa
801 4424 1032 4494 accipiat
1062 4424 1164 4478 hoc
1195 4422 1558 4492 impatienter.

628 4517 782 4573 Nunc
818 4516 973 4587 quasi
1006 4515 1260 4586 przesenti
1289 4513 1375 4569 dic
1399 4530 1528 4570 voce
1555 4515 1820 4583 luctuosa,

555 4611 698 4666 Laus
722 4611 814 4664 tibi
839 4625 1125 4682 puerpera,
1151 4607 1312 4678 Virgo
1339 4609 1606 4679 speciosa,

557 4700 801 4756 Obsecro
832 4700 1098 4769 piissima,
1137 4697 1308 4753 Mater
1338 4697 1596 4768 gratiosa,

557 4790 683 4846 llaec
705 4790 799 4844 tibi
825 4806 942 4859 qua:
967 4789 1142 4846 refero
1170 4805 1237 4845 ne
1259 4789 1369 4844 sint
1398 4804 1651 4844 onerosa.

633 4881 775 4935 Bene
799 4880 964 4945 nosti,
996 4879 1242 4946 Domina,
1271 4881 1398 4952 quia
1424 4880 1737 4936 incarnatus

558 4975 652 5030 Est
689 4975 740 5029 in
775 4984 826 5028 te
850 4971 1226 5044 Omnipotens,
1249 4986 1303 5029 et
1325 4977 1379 5030 in
1410 4976 1610 5031 mundo
1639 4987 1819 5041 natus,

559 5067 626 5120 Et
650 5082 772 5120 cum
802 5065 1184 5135 peccatoribus
1209 5067 1298 5121 diu
1325 5080 1700 5136 conversatus,

571 5157 640 5214 Ut
669 5173 769 5214 nos
795 5157 910 5230 ipse
935 5157 1190 5224 redimat,
1216 5173 1314 5227 pro
1334 5159 1488 5215 nobis
1515 5160 1861 5217 humauatus.

629 5250 710 5305 0b
734 5249 859 5314 hoc,
881 5257 1144 5319 quantum
1181 5249 1461 5318 prtevales,
1491 5250 1600 5307 noli
1631 5255 1963 5320 conturbari,

2156 400 2200 452 Α
2232 391 2414 447 Jesuut
2450 403 2598 448 tuum
2629 393 2819 459 lilium,
2853 392 2935 447 vel
2967 407 3090 447 eum
3113 407 3178 447 eo
3213 386 3334 451 fari.

2234 485 2335 551 Qui
2361 499 2458 554 pro
2495 485 2651 540 nobis
2679 485 2867 555 incipit
2894 484 3038 538 Patri
3062 483 3347 538 inunolari.

2308 579 2460 634 Tunc
2485 580 2600 648 ipsa
2631 579 2936 649 intelligens
2963 585 3176 647 captum
3204 591 3359 631 suum
3385 584 3596 638 natum,

2235 672 2298 726 Et
2324 672 2536 726 demum
2570 671 2621 724 in
2646 670 2874 724 vinculis
2902 668 3122 723 ductum
3145 667 3214 722 ad
3235 666 3500 730 Pilatum,

2237 764 2426 817 Moxin
2459 762 2856 817 amarissimum
2888 760 3087 816 deﬂuet
3115 760 3405 830 ploratum,

2238 855 2302 910 Et
2324 870 2522 926 corpus
2552 855 2604 909 in
2646 863 2845 908 terram
2871 853 3116 908 concidit
3145 858 3500 922 prostratum.

2309 948 2414 1002 Sed
2442 947 2550 1001 nati
2576 946 2880 1002 charissimi
2913 944 3190 1015 compulsa
3219 957 3425 1007 amore,

2235 1040 2414 1095 Consu
2425 1055 2582 1109 rgens
2601 1039 2923 1108 quantocius
2959 1038 3180 1107 profusa
3203 1035 3433 1106 pallore,

2238 1131 2498 1200 Properat
2519 1130 2584 1183 ad
2615 1129 2810 1184 Filium
2841 1127 3088 1183 confecta
3113 1141 3370 1190 maerore,

2240 1223 2494 1283 ltugitum
2525 1222 2770 1292 virgineo
2793 1221 3162 1291 comprimens
3189 1218 3417 1289 pudore.

2309 1313 2461 1366 Tunc
2480 1312 2734 1382 iuvantes
2763 1311 3049 1365 Dominam
3082 1309 3253 1379 ipsius
3281 1320 3519 1368 sorores,

2239 1403 2318 1455 Ad
2354 1401 2560 1468 Jesum,
2592 1415 2752 1470 quem
2777 1400 3025 1470 diligunt,
3054 1408 3288 1470 pergunt
3311 1397 3524 1452 ociures

2240 1493 2601 1548 Ostendentes
2627 1493 2884 1564 lacrymis
2908 1493 3076 1555 animi
3104 1491 3320 1547 dolores
3339 1507 3362 1555 ;.

2243 1588 2349 1643 Sed
2372 1587 2477 1642 illis
2503 1586 2815 1658 Magdalena
2847 1585 3025 1641 reddit
3053 1584 3335 1654 largiores.

2319 1677 2580 1742 Doniinm,
2611 1675 2739 1745 quid
2767 1673 2947 1729 facitis
2971 1673 3194 1744 provide
3232 1672 3424 1726 videte.

2169 1783 2216 1841 Β
2249 1771 2508 1836 Obsecro,
2540 1784 2570 1822 a
2594 1766 2807 1822 ﬂetibus
2827 1766 3106 1838 paululmn
3132 1764 3311 1828 silete,

2244 1861 2541 1930 Lacrymas
2578 1858 2865 1929 detergite,
2907 1857 2990 1910 vel
3027 1856 3113 1910 hic
3142 1860 3436 1914 remanete,

2245 1954 2322 2008 Ne
2348 1952 2530 2008 Jesum
2559 1952 2816 2007 crucietis
2843 1950 3032 2005 ﬂentes
3057 1947 3375 2003 indiscrete.

2313 2046 2390 2098 Ae
2419 2043 2523 2098 illae
2549 2043 2617 2098 ad
2643 2042 2946 2105 Dominum,
2981 2041 3090 2095 cito
3119 2039 3416 2096 venient-cs,

2243 2145 2300 2199 In
2336 2149 2488 2197 tanto
2507 2136 2802 2208 opprobrio
2827 2139 3000 2204 ipsmu
3039 2135 3334 2194 intuentes,

2243 2233 2604 2291 Condolentes
2629 2228 2798 2283 multo
2827 2225 2968 2296 plus,
2996 2225 3306 2297 largiusque
3340 2221 3552 2285 ﬂentes,

2262 2328 2343 2381 Ad
2371 2323 2610 2378 dolorem
2647 2329 2939 2392 provocant
2965 2333 3153 2373 omnes
3173 2317 3475 2387 diligentes.

2315 2419 2468 2473 'l‘unc
2499 2417 2715 2472 vidente
2742 2415 2966 2470 Domina
2994 2413 3168 2467 solum
3196 2426 3353 2466 suum
3383 2418 3598 2473 natum,

2245 2512 2536 2582 Plusquam
2568 2508 2742 2563 furem
2769 2505 3003 2574 aliquem
3028 2517 3153 2560 esse
3188 2500 3526 2564 tribulatum,

2246 2602 2352 2657 Cor
2375 2598 2722 2656 inell'abiliter
2748 2595 2866 2665 ejus
2893 2604 2978 2651 est
3005 2593 3304 2654 turbatum,

2247 2692 2314 2746 Et
2337 2691 2416 2746 sic
2440 2688 2596 2759 quasi
2629 2696 2839 2743 mortua
2869 2686 2956 2740 vix
2991 2684 3217 2740 retinuit
3239 2682 3444 2736 (latum.

2316 2784 2386 2838 At
2405 2781 2564 2837 Jesus
2590 2794 2688 2850 pro
2720 2777 2938 2847 Virgine
2965 2775 3138 2848 magis
3161 2784 3246 2830 est
3272 2774 3541 2839 turbatus,

2247 2872 2538 2943 Plusqnam
2571 2870 2744 2941 |)(Bllls
2772 2869 3010 2940 propriis
3035 2883 3132 2938 pro
3161 2881 3223 2920 ea
3253 2865 3522 2925 tristatus_

2246 2965 2360 3020 lleu
2388 2969 2399 3017 !
2438 2962 2570 3017 heu!
2606 2960 2757 3025 Jesu,
2781 2959 3017 3029 undique
3045 2968 3099 3012 tu
3132 2971 3191 3014 es
3219 2954 3514 3018 cruciatus,

2247 3055 2397 3110 lutus
2424 3064 2479 3109 ct
2499 3052 2740 3108 exterius
2771 3050 2933 3107 nimis
2959 3064 3019 3104 es
3047 3057 3327 3120 gravatus.

2170 3144 2218 3207 C
2323 3147 2464 3202 lleu!
2503 3153 2707 3200 tantam
2743 3143 3056 3200 maestitiam
3092 3141 3268 3195 nullus
3296 3152 3530 3208 unquam
3558 3138 3743 3202 scivit,

2253 3239 2364 3294 Nec
2396 3250 2502 3293 tam
2532 3251 2724 3309 graves
2743 3235 2976 3305 gemitus
3005 3231 3200 3302 aliquis
3225 3231 3452 3297 audivit,

2252 3329 2364 3385 Nec
2393 3339 2475 3384 est
2503 3327 2770 3391 mirabile,
2801 3340 2924 3381 nam
2961 3324 3055 3395 qui
3084 3338 3296 3394 semper
3323 3322 3452 3378 vivit

2254 3421 2501 3475 Dolorem
2528 3417 2879 3488 multiplicem
2914 3416 3111 3473 ibidem
3142 3415 3368 3470 subivit.

2323 3509 2659 3578 Contempla!
2673 3523 2726 3572 e,
2741 3508 2941 3572 anima,
2960 3506 3144 3562 Jesum
3177 3506 3487 3576 diligenter,

2249 3601 2384 3656 Cum
2423 3600 2620 3670 iniquis
2647 3601 2878 3668 positum
2906 3611 3012 3655 tam
3040 3599 3426 3660 irreverenter,

2251 3691 2427 3758 Quem
2462 3706 2664 3760 przeses
2688 3690 3031 3761 interrogans
3050 3689 3257 3744 Pilatus
3287 3688 3572 3758 frequente

2250 3782 2563 3838 Admiratur
2595 3783 2842 3850 tacitun'i,
2870 3792 3094 3852 stupens
3124 3782 3493 3836 vehementer.

2322 3875 2473 3940 Jesu,
2504 3875 2592 3944 qui
2624 3891 2728 3928 non
2765 3883 2984 3944 poteras
3008 3873 3156 3943 loqui
3179 3873 3476 3928 falsitatem

2251 3966 2319 4020 Et
2350 3975 2528 4022 tamen
2557 3967 2796 4032 tacebas,
2827 3965 2994 4022 silens
3024 3965 3341 4030 veritatem,

2254 4059 2330 4115 Ne
2353 4062 2500 4116 sinas
2531 4076 2615 4116 me
2641 4060 2836 4116 cadere
2859 4076 2952 4130 per
2985 4059 3396 4129 loquacitatem,

2255 4152 2362 4208 Sed
2396 4153 2690 4208 discretam
2720 4151 2853 4208 mihi
2884 4151 2950 4207 da
2977 4150 3426 4206 taciturnitatem.

2323 4247 2368 4302 Ο
2405 4244 2556 4312 Jesu,
2586 4245 2716 4299 mihi
2750 4246 2815 4300 da
2852 4259 2949 4300 cor
2977 4243 3236 4314 pensandi
3265 4243 3590 4297 instructum

2253 4339 2542 4394 Oculorum
2569 4336 2804 4408 Virginis
2829 4336 3130 4405 planctum,
3155 4341 3322 4404 atque
3350 4332 3554 4386 luctum

2253 4434 2488 4502 [Erupere
2513 4431 2850 4502 sequentium
2881 4441 2932 4484 te
2967 4429 3034 4484 ad
3060 4427 3326 4484 llerodem
3353 4425 3600 4491 ductum,

2173 4509 2227 4568 Ῑ)
2257 4528 2322 4582 Et
2350 4536 2498 4582 veste
2529 4525 2580 4578 in
2619 4523 2847 4580 candida
2880 4531 3144 4592 spretura,
3174 4527 3230 4574 et
3261 4519 3566 4574 reductum.

2326 4619 2370 4674 Ο
2400 4618 2582 4688 Virgo,
2619 4632 2779 4686 quam
2811 4615 2994 4670 obruit
3023 4612 3269 4667 dolorum
3293 4617 3610 4679 tempestas,

2260 4711 2410 4766 Unde
2434 4711 2553 4778 tibi,
2583 4709 2832 4772 Domina,
2857 4707 2926 4762 sit
2965 4707 3067 4761 ista
3106 4703 3380 4774 potestas?

2254 4802 2368 4868 Qua
2401 4802 2478 4856 sic
2503 4799 2652 4870 sequi
2679 4807 2898 4870 poteras
2928 4798 3026 4852 has
3057 4805 3246 4868 gentes
3279 4793 3537 4851 scelestas
3571 4811 3584 4844 :

2259 4892 2393 4949 Vere
2434 4908 2588 4949 amor
2616 4890 2708 4946 lilii
2736 4890 2859 4945 vicit
2893 4905 2978 4944 res
3008 4889 3287 4944 molestas.

2323 4985 2368 5040 Ο
2401 5001 2518 5040 mea
2547 4983 2766 5049 ﬁducia,
2786 4996 2905 5053 qua:
2936 4995 3044 5036 non
3070 4980 3240 5036 habes
3267 4992 3476 5049 parem,

2251 5078 2413 5132 Certe
2433 5075 2787 5132 libentissime
2819 5086 2998 5130 tccnm
3022 5072 3380 5137 ambularem,

2254 5169 2320 5224 Et
2345 5184 2411 5222 ex
2437 5167 2561 5223 lletu
2592 5167 2822 5223 debilem
2844 5166 3017 5220 libens
3047 5173 3427 5223 sustentarem,

2258 5261 2348 5316 Vel
2373 5259 2601 5345 sidares
2623 5258 2889 5328 lacrytnas
2916 5257 3111 5313 saltem
3141 5264 3201 5309 ut
3227 5255 3513 5325 plorarem.
