4030 5354
167 217 260 277 (ἥδ
1443 201 1804 262 ΟῐδυὸϐυιιΑ
1845 199 2110 255 διιυιιιΑ.

167 335 226 388 Et
257 334 394 402 juste
413 331 750 401 eompassiva
783 343 900 398 quae
931 327 1038 396 iam
1063 327 1404 395 inﬂiguntur-

165 423 304 477 Juste
325 437 452 492 ergo
475 421 722 476 homines
751 419 946 490 ingrati
973 419 1230 472 dicuntur

167 515 258 580 Qui
282 513 404 568 Jesu
431 513 728 582 saepissime
751 528 856 566 non
887 511 1306 580 compatiuntur.

233 601 378 657 Nune
397 613 448 656 te
471 602 645 672 ipsam
679 617 947 672 prtepara,
981 599 1162 654 anima
1195 599 1408 662 devota,

169 695 328 764 Super
349 693 532 748 Jesum
553 694 848 750 eondoleas
881 694 1018 748 dans
1041 693 1116 746 illi
1141 699 1284 757 vota,

167 785 444 856 Lacrymas
471 785 837 856 multiplicans
871 787 948 841 sis
975 786 1061 856 pie
1083 785 1212 848 lota,

167 878 216 932 lu
243 894 382 942 eum,
409 879 454 935 si
478 879 678 944 valeas,
709 879 955 950 liqueﬂas
987 887 1118 934 tota.

231 969 362 1024 Ecce
394 979 658 1040 quantum
692 979 840 1026 amat
859 980 912 1026 te
939 971 1188 1026 Christus
1213 968 1373 1024 nimis
1401 969 1590 1034 chare;

173 1061 290 1114 Nam
319 1069 370 1116 te
396 1077 496 1117 suo
522 1064 788 1133 sanguine
803 1073 956 1134 optat
981 1063 1218 1129 salvare,

173 1153 242 1205 Ae
264 1161 432 1208 morte
459 1153 718 1210 vilissima
745 1163 802 1211 te
837 1157 916 1211 sic
944 1155 1199 1220 liberare,

175 1239 310 1306 Quod
335 1251 388 1295 tu
415 1233 634 1314 semper
655 1245 900 1315 negligis,
935 1261 1033 1301 nec
1065 1245 1146 1300 vis
1177 1249 1482 1310 redamare,

234 1329 274 1383 0
293 1329 414 1386 Jesu
443 1332 712 1402 piissime,
735 1347 1054 1390 succurrere
1079 1333 1340 1404 poscenti,

177 1417 240 1472 'l‘e
261 1437 438 1476 amare
465 1439 637 1494 usque
667 1439 810 1480 nunc
839 1426 970 1480 mihi
1003 1425 1316 1496 negligenti,

175 1507 259 1572 Ar,
283 1512 420 1578 quod
447 1514 619 1569 multo
644 1513 816 1584 pejus,
843 1515 1046 1585 plurics
1077 1517 1301 1578 nolenti,

175 1595 304 1652 lleu!
334 1609 384 1654 et
403 1605 796 1659 contemnendo
829 1616 880 1659 te
907 1619 1048 1674 saepe
1076 1603 1386 1660 oﬂ’emleuti.

237 1685 750 1756 llisericordissime,
779 1694 996 1762 ignosce
1027 1693 1242 1758 fatenti,

177 1775 314 1831 Salva
337 1789 389 1832 et
407 1779 535 1848 juva
570 1797 675 1846 me,
703 1785 932 1854 teipsum
963 1785 1030 1838 da
1057 1785 1342 1855 quaerenti,

177 1869 400 1942 Filioque
423 1877 650 1946 prodigo
677 1878 830 1932 tarde
859 1879 1178 1944 revertenti,

177 1966 242 2020 Tu
262 1982 502 2032 occurre,
533 1969 696 2025 Pater
719 1971 815 2037 mi,
837 1980 890 2026 et
917 1987 1078 2041 parce
1099 1974 1324 2044 petenti.

235 2057 378 2125 Jesu,
406 2061 500 2130 qui
533 2062 770 2132 repletus
797 2077 860 2120 es
887 2065 1254 2132 miseratione,

177 2151 452 2208 Vulnerare
485 2155 620 2210 velis
641 2171 728 2210 me
753 2165 840 2212 tua
871 2159 1138 2228 passione,

179 2240 236 2293 Ut
264 2242 350 2296 tibi
376 2247 676 2314 compatiar
706 2263 770 2301 ex
797 2247 1110 2316 dilectione,

177 2332 314 2388 Velut
335 2351 482 2390 nunc
513 2345 568 2392 te
597 2339 812 2396 intuens
833 2342 886 2396 in
926 2342 1236 2400 atﬂictione.

229 2423 272 2478 Ο
291 2428 412 2495 quis
440 2436 620 2496 potest
647 2445 871 2488 cernere
898 2432 1022 2488 illos
1057 2437 1432 2508 malignantes,

171 2513 288 2570 Sine
323 2521 626 2576 reverentia
661 2531 732 2588 te,
755 2523 904 2589 Jesu,
931 2527 1213 2592 nudantes,

167 2605 236 2658 Ad
257 2606 560 2665 columnam
581 2615 854 2683 nequiter,
879 2615 1027 2684 Jesu,
1049 2619 1356 2692 alligantes,

168 2696 328 2754 Tuum
357 2705 698 2762 atrocissime
721 2723 920 2779 corpus
949 2713 1316 2770 verberantes.

695 2798 729 2852 J
733 2815 850 2853 esus
877 2801 1177 2871 ﬂagellatur

229 2881 487 2942 Tremens
509 2903 693 2954 cerne,
725 2891 930 2958 anima,
966 2895 1242 2949 ministros
1265 2897 1532 2964 sedi-mes,

165 2973 384 3032 Carnem
413 2979 556 3034 hanc
576 2983 926 3038 tenerrimam
953 2983 1178 3056 ﬂagellis
1207 2987 1532 3052 scindente-5,

167 3065 389 3124 Vulnera
411 3072 724 3129 vulneribus
747 3075 838 3130 tibi
873 3075 1194 3148 indigentes,

168 3157 378 3219 Livores
405 3165 664 3222 livcribus
687 3171 1208 3240 superimponentes.

229 3251 355 3319 Quis
367 3270 476 3312 non
503 3269 698 3315 mmret
718 3261 1007 3330 speculans
1028 3265 1416 3333 gubernantem
1451 3268 1728 3336 mundum,

170 3341 250 3399 Sic
277 3347 552 3415 perfusum
577 3353 841 3423 sanguine
867 3355 1032 3410 veluti
1061 3357 1420 3422 immundum,

169 3435 366 3508 Corpus
388 3441 490 3498 hoc
513 3445 912 3502 sanctissimum
937 3455 1107 3502 totum
1134 3448 1568 3516 tremebundum,

171 3527 460 3602 Pectusque
483 3535 788 3606 piissimum
825 3545 997 3594 totum
1031 3541 1449 3610 gemebundmn.

229 3621 629 3693 Contemplare,
657 3628 862 3695 anima,
887 3629 1068 3696 tibias,
1094 3629 1324 3686 lacertos

172 3709 336 3782 Plagis
369 3715 762 3786 multiplicibus
790 3721 1030 3791 undique
1060 3721 1311 3787 refertos,

173 3797 360 3858 Omnes
387 3815 538 3861 artus
563 3810 810 3878 corporis
831 3811 1093 3881 sanguine
1109 3821 1348 3882 opertos,

177 3887 476 3950 Deﬂuentcs
497 3897 700 3952 rivulos
723 3901 932 3956 cruoris
958 3911 1189 3972 apertos.

230 3981 274 4038 Ο
300 3997 502 4055 corpus
529 3989 934 4046 sanctissimum
967 3993 1033 4048 ad
1059 3993 1366 4049 colmnnam
1391 3997 1664 4066 striclmn,

175 4069 266 4129 Pro
293 4090 382 4131 me
407 4079 770 4135 amarissimis
789 4079 1018 4154 ﬂagellis
1047 4082 1328 4150 aﬂlictum,

177 4163 600 4242 Circumquaque
623 4187 783 4229 roseo
815 4189 1010 4232 cruore
1039 4177 1314 4241 amictum,

177 4258 325 4316 Aufer
349 4277 382 4316 a
412 4277 520 4330 me,
547 4264 798 4332 obsecro,
823 4267 1104 4338 quodlibet
1129 4269 1405 4324 delictum.

231 4352 421 4408 Anima
445 4358 786 4413 sanctissima
811 4374 908 4430 pro
931 4375 1018 4416 me
1049 4370 1156 4416 tam
1186 4373 1428 4432 gravata,

179 4437 408 4500 Maximis
445 4445 728 4503 doloribus
751 4465 848 4519 pro
877 4465 964 4504 me
998 4451 1272 4514 tribulata,

180 4529 435 4605 Deprecor
465 4553 564 4608 per
593 4537 890 4610 Virginem,
921 4557 1044 4613 quae
1075 4553 1158 4598 est
1183 4544 1250 4598 de
1275 4555 1326 4600 te
1355 4546 1587 4612 tristata,

181 4623 360 4685 Cuncta
387 4647 508 4687 mea
533 4633 738 4705 iugiter
759 4635 902 4692 dilue
923 4647 1167 4708 peccata.

234 4718 332 4776 Sed
365 4721 534 4778 Maria
555 4735 731 4781 mater
759 4727 875 4782 haec
895 4743 1016 4786 sese
1039 4729 1322 4800 aﬂligcudo

183 4807 452 4885 Lacrymas
475 4816 802 4888 multiplicat
823 4818 1028 4892 jugiter
1057 4820 1322 4888 deﬂendo,

185 4901 278 4958 Alta
305 4909 398 4962 dat
419 4909 651 4979 suspiria
673 4925 856 4968 amare
884 4914 1169 4984 gemendo,

187 4992 474 5070 ltteslisque
493 5000 818 5072 singultibus
840 5017 1032 5076 pectus
1061 5009 1414 5065 conterenda.

239 5089 276 5145 0
298 5092 420 5161 quis
444 5092 566 5148 sine
585 5092 788 5163 gemitu
815 5109 992 5165 potest
1025 5105 1079 5152 te
1109 5095 1291 5153 videre

187 5176 644 5249 luconsolabiliter,
671 5200 706 5240 ο
732 5183 918 5258 Mater,
949 5187 1176 5258 lugere!
1332 5190 1334 5192 '

190 5267 346 5330 Probe
369 5278 500 5332 mihi
523 5276 810 5347 lacrymas,
841 5282 924 5340 l‘ac
949 5297 1042 5338 me
1075 5288 1254 5334 tecum
1283 5281 1429 5352 ﬂere,
1483 5303 1490 5310 '

1757 323 1802 376 Α
1833 313 1910 367 Ae
1937 323 2038 366 tum
2069 313 2332 382 angustiae
2363 313 2481 383 plus
2513 313 2738 384 plusque
2767 325 3143 370 concrescunt.

1905 401 2032 457 Post
2059 411 2386 457 tormentum
2417 405 2702 458 verberum
2727 411 2834 458 tam
2865 406 3214 466 malitiosum.

1833 493 2052 546 Cunctis
2077 491 2422 563 diligentibus
2447 494 2604 550 valde
2633 495 2960 561 luctuosum,

1835 581 2092 650 Sequitur
2116 598 2238 636 mox
2269 583 2414 637 aliud
2439 597 2604 652 grave
2633 593 2686 640 et
2715 585 3054 655 probrosum,

1831 669 1938 726 lsto
1965 669 2131 726 multo
2155 671 2386 744 amplius
2405 667 2879 741 contumeliosum,

2477 765 2749 820 "luditur.

1903 851 2040 908 Nam
2079 853 2356 909 cohortem
2383 854 2578 910 milites
2601 865 2768 912 totam
2792 855 3126 927 colligentes,

1833 944 2015 1000 Mitem
2043 943 2224 1000 Jesum
2251 947 2496 1002 ambiunt
2517 949 2730 1017 probris
2761 949 3044 1004 illudentcs

1831 1035 2120 1093 lnhoneste
2143 1039 2338 1094 iterum
2359 1055 2484 1094 eum
2505 1051 2786 1106 ementes,

1833 1127 1900 1184 Et
1919 1139 2070 1186 veste
2099 1145 2372 1201 purpurea
2408 1131 2581 1201 ipsum
2615 1134 2917 1188 induentes.

2367 1221 2542 1292 Spinis
2575 1233 2878 1280 coronatur.

1906 1312 2058 1367 Tunc
2082 1327 2338 1369 coronam
2369 1315 2614 1386 spineam
2645 1317 2926 1372 molestam
2951 1317 3265 1388 plectentes,

1833 1405 1901 1460 Et
1931 1405 1986 1460 in
2019 1404 2146 1460 Jesu
2178 1407 2354 1478 capite
2383 1408 2651 1478 profunde
2687 1407 2932 1479 ligentes,

1835 1496 1942 1552 Pro
1967 1509 2184 1570 sceptro
2214 1501 2534 1556 arundinem
2569 1501 2621 1556 in
2665 1501 2855 1555 dextra
2883 1511 3164 1572 ponentes,

1835 1587 2152 1658 Genuﬂexo,
2180 1607 2274 1646 aue
2303 1591 2544 1646 clamant
2569 1593 2877 1649 irridentes.

1760 1679 1808 1739 Β
1905 1681 2142 1739 Merene
2167 1699 2352 1748 cerne,
2384 1685 2586 1752 anima,
2615 1685 2895 1742 ministros
2918 1689 3198 1750 callentes,

1839 1775 2056 1830 Faciem
2083 1777 2505 1848 pulcherrimam
2543 1777 2752 1832 Domini
2779 1789 3052 1849 spuentes,

1838 1867 2010 1938 Caput
2035 1883 2158 1923 cum
2187 1869 2452 1924 arundine
2479 1870 2598 1924 dire
2629 1869 2909 1936 ferientes,

1833 1957 1882 2017 0
1908 1975 2076 2029 quare
2101 1977 2208 2017 non
2235 1962 2443 2016 cruciet
2467 1962 2570 2017 iste
2598 1961 2754 2018 dolor
2775 1964 3018 2018 mentes?
3109 2011 3122 2018 _

1905 2051 1950 2108 0
1975 2061 2136 2124 caput
2155 2053 2516 2120 Dominicum,
2545 2055 2796 2110 omnibus
2823 2056 3126 2122 colendum,

1835 2144 2172 2212 Cruentaris,
2195 2146 2470 2218 punget-is,
2501 2145 2710 2216 angelis
2733 2147 3094 2211 tremendum,

1836 2237 2092 2303 Cmderis,
2125 2237 2462 2308 couspueris,
2487 2239 2692 2294 sanctis
2719 2239 3096 2304 reverendam,

1837 2328 1975 2386 Vere
2005 2341 2060 2386 tu
2091 2345 2150 2386 es
2179 2330 2370 2386 intime
2395 2329 2606 2386 devotis
2627 2330 2941 2386 dolendum.

1904 2424 1949 2478 Ο
1977 2422 2234 2494 praeclara
2259 2420 2430 2478 facies
2461 2422 2660 2478 ictibus
2697 2421 2916 2490 amicta,

1833 2513 1976 2570 lleu!
2001 2515 2175 2585 sputis
2197 2523 2248 2570 et
2269 2513 2534 2585 sanguine
2571 2523 2680 2570 tota
2701 2529 2761 2570 es
2789 2515 3027 2587 depicta,

1832 2607 1950 2663 Jam
1983 2623 2014 2662 a
2045 2607 2158 2664 Deo
2192 2607 2428 2664 inimicis
2456 2607 2612 2678 quasi
2637 2607 2916 2674 derelicta,

1831 2699 1974 2756 Proh
2002 2701 2182 2758 dolor!
2217 2701 2318 2756 hoc
2339 2707 2510 2754 totum
2539 2699 2744 2754 faciunt
2769 2715 2887 2755 mea
2917 2701 3110 2757 delicta

1903 2793 2074 2859 Bone,
2105 2795 2243 2849 boue
2275 2792 2524 2856 Domine,
2549 2807 2650 2846 cur
2675 2791 2850 2861 poenis
2881 2801 2990 2847 tam
3019 2795 3170 2850 duris

1833 2885 2110 2940 Permittis
2139 2887 2380 2954 torqueri
2413 2893 2464 2938 te
2487 2901 2584 2954 pro
2611 2884 2768 2938 nobis
2798 2884 3060 2953 impuris?

1835 2977 2004 3032 Parce
2030 2977 2225 3047 pcenis,
2259 2977 2506 3043 Domine,
2531 2990 2696 3047 parce
2727 2974 2808 3030 vel
2837 2974 3054 3042 futuris,

1759 3039 1804 3100 Ο
1835 3071 2004 3127 Parce
2028 3039 2144 3136 iibi,
2177 3070 2470 3142 deprecor,
2497 3039 2584 3124 vel
2617 3067 2808 3122 Matris
2841 3069 3128 3138 pressuris.

1905 3165 2052 3220 lnter
2077 3164 2192 3218 haec
2213 3161 2578 3231 nequissimus
2603 3159 2792 3214 exiens
2811 3157 3038 3224 Pilatus,

1835 3255 1913 3310 Ne
1939 3253 2120 3309 Jesum
2145 3253 2474 3324 peritnercnt
2495 3251 2708 3320 plebem
2729 3233 2816 3303 Est
2845 3249 3122 3314 hortatus;

1835 3346 1973 3402 Nam
1997 3345 2176 3400 nullus
2207 3343 2460 3398 inventus
2491 3348 2575 3395 est
2603 3339 2656 3394 in
2685 3339 2802 3409 ipso
2823 3347 3028 3402 reatus,

1837 3438 1944 3496 Sed
1967 3452 2254 3510 perversus
2277 3434 2503 3506 populus
2525 3447 2592 3488 ex
2622 3433 2854 3488 adverso
2881 3439 2965 3487 est
3003 3431 3168 3486 fatus.

2153 3529 2446 3585 Contraria:
2475 3525 2642 3580 Pilatt'
2671 3533 2720 3580 et
2745 3526 2924 3596 populi
2945 3541 3110 3580 vara.

1909 3624 2064 3680 Tunc
2096 3621 2348 3694 produxit
2377 3621 2552 3676 Deum
2585 3617 2810 3688 ﬂagellis
2843 3627 3205 3683 cruentatum,

1837 3715 1907 3772 Et
1942 3714 2080 3771 dixit
2111 3733 2126 3768 :
2153 3711 2395 3782 Accipite
2421 3711 2596 3780 ipsum
2625 3708 2988 3763 emendatum.

1840 3807 1949 3865 Sed
1975 3807 2115 3880 pleni
2146 3806 2372 3878 perﬁdia
2397 3811 2594 3875 negant
2618 3811 3025 3874 praesentatum,

1837 3901 2136 3958 Pascentes
2154 3915 2183 3954 ει
2203 3897 2388 3968 judice
2417 3897 2592 3952 virum
2619 3895 2964 3952 sceleratum.

1909 3993 2085 4049 Judex
2113 4007 2181 4048 ne
2215 3991 2296 4046 sic
2325 3989 2555 4054 faceret,
2588 3986 2764 4042 adhuc
2797 3985 3100 4047 laborabat,

1841 4085 2124 4154 Cruciﬁge,
2151 4081 2380 4153 populus
2403 4098 2434 4136 e
2462 4089 2650 4136 contra
2679 4077 2948 4132 clamabat
2982 4093 2996 4128 :

1842 4175 1996 4230 Tunc
2018 4174 2250 4245 iniustus
2269 4171 2552 4228 Dominum
2579 4167 2738 4222 morti
2771 4165 3070 4236 judicabat,

1843 4266 1908 4321 Et
1933 4266 2086 4337 plebs
2107 4263 2494 4320 nelandissima
2517 4259 2586 4315 ob
2608 4259 2710 4313 hoc
2730 4255 3060 4312 exsultabat.

1767 4391 1818 4450 Β
1916 4357 2178 4427 Quamvis
2209 4352 2490 4444 horribilia
2529 4353 2640 4406 sint
2667 4350 2766 4404 ista
2792 4347 3138 4450 prophetam,

1844 4453 2047 4506 'l’anten
2074 4449 2140 4504 ad
2169 4437 2447 4517 sequentia
2491 4457 2660 4515 parva
2689 4449 2818 4496 sunt
2849 4437 3064 4494 collata.

1843 4544 1985 4598 l‘leu!
2019 4549 2276 4612 quantum
2299 4548 2384 4595 est
2407 4534 2650 4592 Gcnitrix
2675 4535 2728 4588 in
2757 4533 2843 4588 his
2868 4529 3156 4585 tribulata!

1843 4637 2010 4700 Pene,
2037 4635 2173 4690 sicut
2194 4633 2423 4694 mstimo,
2451 4639 2532 4683 est
2558 4628 2892 4684 exanimata.

1912 4723 2318 4794 Contemplare,
2354 4721 2565 4785 anima,
2599 4731 2759 4787 quam
2791 4717 2861 4772 sit
2889 4727 3180 4769 onerosum

1845 4819 2004 4874 Matri
2031 4824 2192 4887 caput
2221 4813 2316 4868 lilii
2343 4827 2574 4870 cernere
2597 4807 2899 4879 spinosum,

1844 4916 1922 4970 Ac
1952 4927 2061 4982 pne
2091 4908 2230 4964 natis
2257 4905 2538 4962 hominum
2565 4903 2738 4958 forma
2769 4900 3074 4973 speciosum

1849 5003 2045 5058 Videre
2068 4997 2388 5056 horribilem
2413 4996 2588 5066 magis
2613 5007 2780 5062 quam
2812 4995 3106 5063 leprosum.

1917 5094 2058 5148 Heu!
2089 5105 2251 5161 quam
2282 5095 2504 5162 gravata
2529 5103 2609 5152 cs,
2633 5085 2896 5142 caelorum
2921 5083 3148 5151 Regina,

1845 5189 2112 5258 Spectaus
2141 5192 2294 5238 tuum
2327 5183 2496 5237 lilium
2523 5189 2842 5238 coronatum
2871 5175 3058 5249 spina!

1845 5282 2007 5336 Certe
2035 5277 2086 5330 in
2125 5283 2179 5328 te
2208 5273 2366 5328 irruit
2397 5285 2557 5343 paena
2593 5275 2903 5342 repentina,

3304 203 3408 258 οτι
