4030 5354
573 47 592 73 ι

480 174 582 227 ϐΙό
1552 175 1607 227 S.
1643 174 1945 229 ANSELMI
1977 176 2311 232 LUCENS‘IS
2337 175 2651 236 ΕΙῚὸΕοΡῖ

493 287 599 339 Sed
633 287 771 340 hanc
810 287 987 341 mitms
1019 297 1271 357 reputant
1299 288 1494 342 Christi
1533 289 1757 343 inimici.

909 380 1209 450 [inponitur
1237 379 1446 434 Christo
1485 397 1637 435 crux.

558 469 673 521 Mox
703 471 940 539 perversi
979 471 1176 526 milites
1206 485 1426 525 crucem
1456 479 1816 535 assumentes.

487 561 623 614 Eam
647 577 809 631 super
834 563 1118 619 humerum
1148 563 1363 619 Domini
1391 573 1675 634 ponentes,

489 643 672 706 Jesum
696 669 792 722 per
811 653 1109 709 Jerusalem
1135 655 1337 711 ducunt
1369 655 1680 722 illudentes,

491 745 682 800 Crucis
704 747 1053 817 ignominiam
1083 749 1294 808 eunetis
1319 749 1694 804 ostendentes.

567 837 718 891 Nune
749 839 988 904 attende,
1028 841 1233 907 anima,
1261 839 1442 896 Iesum
1470 842 1633 897 nimis
1661 848 1895 913 gratum,

495 927 644 995 Ligui
671 928 848 982 crucis
874 930 1111 999 pondere
1143 947 1239 1000 pro
1273 942 1324 987 te
1348 942 1657 998 oneratum,

495 1019 792 1074 Delicatum
825 1021 1109 1076 humerum
1149 1024 1290 1079 scias
1321 1024 1684 1088 vulneratum,

496 1112 557 1166 Et
586 1113 770 1168 Jesum
802 1129 832 1168 a
862 1115 1059 1185 populo
1089 1131 1253 1186 pravo
1283 1118 1700 1173 subsannatum.

907 1203 1218 1262 Portuntem
1245 1208 1399 1262 turba
1424 1209 1676 1277 sequitur.

571 1295 714 1350 lleu!
743 1296 895 1363 Jesu,
919 1297 1206 1354 considero
1236 1315 1350 1355 rem
1375 1299 1538 1354 nimis
1561 1300 1862 1364 molestam,

498 1385 731 1442 Turbam
763 1390 856 1445 tibi
878 1390 1178 1460 proximam
1211 1392 1441 1447 militum
1469 1392 1748 1459 infestam,

496 1477 804 1536 Jadmorum
828 1483 1062 1538 maxime
1086 1484 1278 1540 deinde
1309 1484 1618 1549 scelestam,

496 1574 808 1630 Amicorum
833 1591 861 1630 a
891 1576 1048 1648 longe
1072 1577 1212 1631 ultra
1239 1577 1460 1633 modum
1493 1579 1772 1634 nuestam!

573 1668 713 1722 Heu!
748 1679 896 1724 tanta
926 1671 1204 1741 processio
1234 1685 1339 1726 non
1381 1680 1469 1728 est
1498 1671 1844 1726 laudabunda

499 1757 632 1812 Nam
668 1760 721 1814 in
747 1770 798 1815 te
820 1763 992 1831 prima
1017 1777 1142 1832 pars
1165 1772 1247 1817 est
1274 1772 1383 1817 tota
1416 1763 1793 1825 tremebunda,

501 1851 605 1903 Sed
636 1853 786 1921 pejor
807 1863 891 1908 est
919 1855 1087 1910 altera
1117 1856 1272 1924 quasi
1297 1855 1624 1912 furibunda!

499 1940 643 1996 lleu!
687 1959 784 2014 pro
807 1955 858 2000 te
882 1956 964 2002 est
989 1948 1148 2002 tertia
1181 1955 1289 2001 tota
1320 1949 1686 2018 gemebunda!

963 2039 1137 2094 Mater
1176 2051 1222 2094 et
1251 2041 1352 2108 pia
1380 2041 1646 2095 mulieres.

572 2128 741 2184 Mater
765 2129 967 2186 Christi
988 2132 1178 2188 videns
1198 2133 1334 2198 haec,
1363 2143 1602 2190 tremens
1623 2150 1735 2204 prae
1757 2135 1937 2191 delere

500 2219 661 2275 lrruit
689 2221 743 2276 in
772 2223 1048 2284 tristitiam
1076 2226 1365 2282 morientis
1388 2241 1556 2293 more,

499 2315 543 2368 0
573 2314 696 2384 quis
718 2316 818 2371 ista
847 2318 1090 2387 cogitans
1116 2335 1221 2374 non
1252 2318 1341 2376 llet
1367 2336 1478 2391 prae
1509 2335 1765 2384 nunrorc,

500 2407 662 2461 Certe
688 2407 850 2463 nimis
872 2410 1036 2465 durus
1062 2421 1171 2474 est.
1203 2412 1285 2465 vel
1315 2421 1466 2467 caret
1487 2415 1700 2467 amore!

573 2499 680 2554 Sed
702 2515 922 2557 sorores
945 2504 1186 2560 Domina:
1214 2521 1336 2560 eam
1371 2505 1728 2568 sustinentes,

505 2591 795 2648 Ambulant
829 2603 952 2664 post
979 2596 1266 2652 Dominum
1287 2597 1491 2652 acriter
1522 2597 1790 2668 lugentes.

502 2683 754 2754 Undique
777 2687 1120 2757 conspiciunt
1149 2688 1334 2744 Jesum
1361 2699 1750 2758 persequentes

501 2773 751 2831 Clamose
780 2777 1085 2834 maleficum
1113 2779 1268 2833 illum
1293 2787 1715 2849 perstrepentes.

930 2868 1171 2924 Christus
1192 2869 1425 2938 prohibet
1453 2871 1656 2940 fletum.

571 2959 723 3016 Tunc
750 2975 1043 3024 conversus
1065 2961 1325 3019 Dominus
1352 2963 1518 3034 carpit
1545 2963 1833 3033 prohibere

502 3051 655 3108 Filiis
677 3052 976 3110 Jerusalem
1003 3071 1167 3126 super
1191 3070 1249 3111 se
1276 3054 1488 3124 lugere,

503 3146 612 3200 Sed
649 3147 844 3202 debere
867 3163 1030 3218 super
1052 3163 1111 3204 se
1139 3157 1194 3204 et
1225 3163 1389 3219 super
1407 3163 1536 3203 suos
1562 3147 1712 3213 ﬂere,

503 3238 813 3293 Praedicens
843 3239 1083 3295 heaudas
1113 3231 1212 3294 has
1234 3255 1352 3309 qua:
1374 3256 1478 3293 non
1511 3255 1765 3310 genuere.

575 3326 618 3382 0
640 3329 762 3396 quis
784 3328 900 3383 sine
927 3329 1127 3398 gemitu
1161 3338 1339 3398 potest
1375 3329 1648 3393 meditari,

504 3417 604 3484 'lc,
635 3417 800 3490 Virgo
835 3433 1123 3489 puerpera,
1164 3419 1245 3474 sic
1270 3419 1602 3490 angustiari!

503 3511 706 3565 Omnes
736 3512 1020 3583 diligentes
1054 3521 1106 3568 te
1134 3520 1342 3568 tantum
1375 3512 1692 3581 lacrymari,

504 3602 583 3651 Ad
616 3599 790 3652 locum
822 3600 1084 3656 Calvaria:
1106 3601 1290 3656 Jesuut
1316 3603 1395 3656 sic
1427 3602 1673 3656 tractari.

577 3689 622 3744 0
646 3689 816 3744 Mater
837 3706 934 3745 cur
960 3705 1220 3761 praperas
1251 3708 1374 3747 cum
1393 3692 1523 3748 Jesu
1547 3696 1616 3749 ad
1640 3709 1855 3751 crurem
1871 3697 1891 3748 ‘3

506 3780 758 3850 Nunquid
799 3783 881 3836 vis
902 3798 1024 3836 eum
1058 3782 1196 3837 Filio
1223 3784 1334 3852 pati
1367 3795 1595 3841 mortem
1633 3793 1882 3842 trucem?

508 3872 649 3927 lleu!
679 3875 765 3928 ubi
789 3875 971 3929 visura
1005 3891 1066 3930 es
1100 3878 1234 3931 mori
1265 3876 1414 3933 Judae
1439 3878 1630 3934 ducem
1658 3922 1672 3945 ,

519 3964 621 4031 Qui
642 3967 850 4020 creavit
883 3966 1146 4022 cherubin
1170 3983 1333 4038 super
1366 3984 1546 4025 veram
1579 3971 1774 4027 lucem.

586 4056 769 4126 Virgo,
797 4073 919 4126 quae
942 4068 1229 4126 precantes
1263 4069 1315 4114 te
1346 4061 1568 4130 adjuvas
1596 4064 1878 4126 instanter.

505 4147 707 4202 Christi
740 4150 912 4217 poenis
934 4151 1169 4220 compati
1203 4150 1286 4206 fac
1312 4167 1398 4207 me
1423 4152 1766 4219 festinanter,

507 4240 582 4294 Da
613 4241 744 4295 mihi
780 4258 922 4297 nunc
947 4242 1238 4313 lacrymas,
1263 4259 1477 4313 precor,
1503 4247 1863 4314 abundanter,

507 4331 593 4397 Et,
624 4343 681 4386 ut
710 4335 884 4404 ipsum
917 4333 1150 4404 cogitem
1173 4334 1260 4389 fac
1287 4347 1726 4405 perseveranter.

1087 4424 1246 4479 Areto
1271 4436 1502 4492 potatur.

578 4515 720 4570 Proh
750 4517 922 4574 dolor!
961 4528 1016 4574 et
1043 4517 1218 4574 ﬂebile
1244 4521 1364 4585 hoc,
1401 4521 1543 4590 quod
1570 4521 1908 4577 immutatnr.

511 4608 644 4661 Nam
675 4608 898 4664 Messias
924 4612 1182 4667 Dominus
1207 4623 1362 4668 aceto
1389 4623 1629 4683 potatur,

511 4703 653 4758 lleu!
682 4713 739 4756 ut
767 4713 994 4758 mortem
1021 4705 1230 4770 subeat,
1260 4707 1443 4762 statim
1475 4721 1606 4760 crux
1639 4717 1880 4776 paratur;

511 4799 576 4851 lit
601 4811 723 4851 cutn
748 4797 1082 4852 vehementia
1114 4799 1275 4853 tertio
1305 4799 1628 4853 denudatur.

582 4887 692 4943 Nisi
721 4888 795 4944 sis
826 4887 1092 4956 lapideum
1122 4904 1216 4945 eor
1243 4891 1328 4943 vix
1363 4889 1566 4944 habens
1597 4899 1820 4955 metum,

510 4978 736 5034 Intende
759 4978 1071 5051 diligenter,
1103 4993 1157 5035 et
1185 4982 1408 5036 habebis
1437 4981 1643 5046 ﬂetum,

509 5065 685 5126 l’ensa
728 5072 1108 5126 vestimentum
1139 5074 1240 5128 hoc
1261 5089 1288 5128 a
1317 5073 1444 5128 Jesn
1480 5075 1738 5140 deletum,

512 5166 684 5232 Quem
715 5165 860 5219 scias
899 5179 968 5218 ex
997 5166 1278 5218 verberum
1309 5167 1480 5237 plagis
1509 5167 1624 5236 jam
1663 5168 1945 5240 repletum.

1049 5254 1282 5309 Vestibus
1312 5259 1563 5315 nudatur.

3646 182 3771 238 ΗΒ

2097 307 2142 362 Α
2244 291 2403 346 Certe
2433 309 2623 363 magna
2649 293 2885 362 gravitas
2914 294 3069 350 istius
3109 306 3361 351 tormenti

2177 385 2256 436 Ad
2297 383 2482 438 fletum
2514 385 2786 442 suﬂiceret
2812 389 2948 444 bene
2979 388 3250 460 diligenti;

2182 476 2316 531 llcu!
2347 478 2478 532 mihi
2507 478 2794 534 durissimo
2825 481 3006 536 minus
3033 483 3362 546 condolenti,

2181 569 2270 622 l’ie
2295 569 2446 636 Jesu,
2473 572 2606 626 mihi
2632 573 2700 628 da
2729 572 2998 644 lacrymas
3030 577 3253 645 petenti.

2250 661 2433 732 Virgo,
2461 663 2547 718 cui
2575 665 2766 720 similis
2789 681 3063 736 nunquam
3090 678 3172 724 est
3203 669 3440 733 inventa,

2179 751 2337 808 Potes
2360 753 2536 810 adhuc
2559 756 2740 812 vivere
2760 758 2948 814 videns
2976 760 3090 814 haec
3116 763 3420 816 tormenta?

2183 841 2321 896 Ecce.
2342 844 2482 898 nuda
2514 845 2635 900 Filii
2661 849 2901 904 membra
2929 860 3056 905 sunt
3079 861 3328 916 cruenta,

2181 932 2324 987 llenl
2356 945 2413 988 ut
2437 935 2536 990 ista
2565 938 2749 994 videas
2775 941 2953 996 adhuc
2977 957 3036 997 es
3061 944 3302 998 detenta.

2257 1019 2436 1094 Virgo,
2475 1033 2526 1079 te
2557 1028 2908 1084 considerans
2928 1031 3092 1087 anxie
3110 1032 3348 1102 plorare,

2186 1114 2346 1167 Doleo
2375 1124 2443 1178 te,
2476 1117 2724 1183 Domina,
2755 1123 2848 1177 sed
2873 1122 3006 1176 heu!
3027 1139 3374 1191 non,amare,

2185 1205 2712 1278 Misericordissima,
2735 1215 3002 1284 supplico,
3019 1218 3268 1286 dignare,

2184 1298 2263 1354 De
2292 1299 2390 1354 hac
2426 1315 2584 1369 ptena
2620 1313 2707 1357 tua
2737 1322 2823 1360 me
2849 1307 2982 1362 velis
3003 1309 3306 1363 vulnerare.

2263 1389 2443 1457 Vides,
2475 1408 2592 1448 mea
2625 1396 2872 1463 Domina,
2911 1408 3094 1452 natum
3135 1414 3474 1470 generosum.

2187 1479 2354 1545 Quem
2382 1480 2652 1552 Propheta
2676 1486 2916 1540 nominat
2948 1502 3058 1557 prae
3083 1490 3297 1551 cunctis
3334 1489 3657 1556 formosum,

2092 1589 2096 1599 ί
2189 1570 2339 1626 Nunc
2363 1574 2536 1642 poenis
2561 1577 2878 1642 urgentibus
2907 1579 3079 1632 virum
3108 1579 3440 1645 dolorosum,

2113 1673 2164 1730 Β
2190 1666 2331 1720 lien!
2364 1675 2418 1719 et
2446 1667 2617 1736 plagis
2649 1667 2894 1737 pluribus
2921 1678 3089 1725 totum
3119 1671 3424 1726 ulcerosum

2260 1753 2304 1809 0
2330 1755 2483 1810 turba
2513 1755 2762 1822 .lndaica,
2789 1759 3021 1828 perﬁda,
3049 1759 3306 1828 obscena,

2184 1847 2232 1902 0
2258 1856 2452 1903 vestrae
2473 1849 2687 1905 duritia:
2724 1866 2915 1922 aspera
2945 1867 3176 1920 venena,

2189 1940 2232 1992 0
2260 1954 2391 2009 gens
2429 1927 2841 2010 nefandissima,
2873 1945 3021 2000 omni
3058 1947 3203 2003 malo
3231 1947 3410 2017 plena.

2189 2029 2367 2094 Quare
2399 2030 2530 2084 nihil
2560 2030 2794 2088 flecteris
2833 2034 2886 2088 in
2923 2043 3030 2090 tam
3060 2037 3193 2091 dura
3224 2037 3417 2107 paena?

2263 2122 2354 2176 Sic
2383 2131 2459 2188 tu,
2495 2139 2612 2177 mea
2637 2125 2838 2192 anima,
2869 2127 3000 2182 dura
3021 2137 3075 2183 et
3102 2121 3379 2198 perversa,

2189 2212 2298 2266 Cur
2328 2215 2380 2268 in
2414 2215 2514 2270 hoc
2547 2225 2815 2273 tormento
2844 2234 2952 2273 non
2988 2236 3048 2275 es
3077 2222 3141 2275 ad
3170 2219 3353 2276 ﬂetum
3379 2225 3568 2276 versa?

2186 2305 2369 2370 'Qnare
2393 2323 2496 2361 non
2535 2324 2594 2363 es
2619 2309 2872 2381 lacrymis
2906 2313 3110 2366 amaris
3138 2327 3386 2382 aspersa,

2194 2396 2397 2453 Videns
2425 2398 2668 2455 membra
2710 2402 2922 2456 Domini
2950 2419 3142 2458 cruore
3180 2406 3504 2474 ωηερετωῖ

2263 2490 2308 2545 0
2336 2489 2484 2558 Jesn,
2528 2493 2766 2563 digneris
2793 2511 2878 2551 me
2905 2497 3192 2554 confestim
3212 2496 3426 2565 juvare,

2194 2581 2278 2635 Me
2312 2584 2734 2641 amaritmlinem
2767 2595 2912 2642 tuam
2943 2587 3030 2643 {ac
3064 2597 3304 2659 gustare.

2101 2733 2108 2739 ι
2193 2673 2296 2728 Ρτο
2336 2677 2442 2730 tuis
2469 2676 2743 2734 doloribus
2767 2679 2851 2736 fac
2877 2695 2963 2735 me
2999 2681 3237 2750 plorare,

2193 2765 2324 2818 Nam
2358 2767 2601 2846 hoc_siue
2633 2768 2885 2839 lacrymis
2922 2772 3083 2840 pudet
3112 2787 3197 2827 me
3217 2784 3466 2841 pensare.

2265 2859 2407 2914 lleu!
2434 2861 2534 2914 hoc
2557 2861 2864 2918 miserabile
2888 2874 2992 2928 est,
3021 2873 3076 2920 et
3109 2864 3303 2920 mirum
3340 2879 3485 2925 vere,

2193 2950 2296 3018 Qui
2329 2960 2378 3005 te
2402 2966 2620 3022 passum
2651 2956 2901 3023 pensitat,
2930 2967 2985 3010 et
3019 2971 3124 3010 non
3161 2966 3337 3026 potest
3373 2955 3524 3022 ﬂere,

2102 3024 2158 3110 ΑΟ
2193 3041 2328 3097 Heul
2361 3045 2631 3113 quomodo
2665 3055 2844 3114 potest
2877 3062 2935 3102 se
2968 3046 3088 3102 talis
3111 3024 3423 3103 continere?

2193 3133 2237 3186 0
2268 3131 2419 3198 Jesu,
2453 3134 2728 3189 durissimi
2768 3138 2872 3190 mei
2905 3138 3180 3194 miserere.

2809 3228 2849 3281 (Σ
2855 3228 3078 3299 ruciﬁgit
3087 3246 3168 3282 ur.

2263 3315 2392 3370 Item
2419 3316 2560 3380 vide,
2597 3318 2800 3382 anima,
2830 3320 2882 3372 in
2918 3319 3098 3376 losum
3130 3321 3458 3376 bacchantes

2195 3406 2368 3476 Super
2403 3423 2618 3462 crucem
2659 3423 2906 3478 asperam
2943 3410 3150 3465 duriter
3186 3411 3448 3478 locantes,

2194 3498 2432 3553 Membra
2467 3499 2796 3555 ltorribiliter
2826 3500 2970 3556 ferro
3009 3503 3350 3572 perl‘orantes

2189 3590 2580 3660 Christumque
2609 3592 2899 3648 durissime
2923 3593 2974 3647 in
3000 3595 3145 3663 ligno
3175 3595 3469 3652 clavantes.

2263 3681 2612 3737 Coridolendo
2648 3685 2857 3753 respice
2882 3685 3135 3753 populum
3177 3701 3455 3751 vesanum,

2193 3772 2404 3826 Nudum
2436 3789 2632 3852 corpus
2661 3791 2908 3845 premere
2939 3786 3204 3843 tenerum,
3243 3795 3347 3852 non
3378 3795 3600 3844 sanum,

2195 3863 2370 3934 Super
2399 3865 2603 3936 lignum
2617 3865 2804 3934 jacere
2832 3883 3110 3938 asperum,
3140 3884 3244 3924 non
3277 3870 3520 3939 planum,

2197 3956 2260 4010 lit
2285 3975 2472 4013 crasso
2496 3963 2814 4031 transligere
2841 3962 2997 4017 clavo
3023 3962 3304 4031 pulchram
3334 3979 3579 4017 manum.

2265 4051 2646 4123 Coutemplare
2674 4071 2891 4110 manum
2918 4056 3059 4111 hanc
3085 4057 3320 4128 longam,
3349 4067 3404 4111 et
3429 4059 3721 4113 decentem

2194 4141 2500 4198 I’ert‘ossam
2529 4146 2834 4203 aretissime
2860 4163 2960 4220 pro
2984 4159 3034 4203 te
3068 4150 3384 4218 patientem,

2195 4233 2525 4302 Sanguinem
2564 4236 2867 4306 largissime
2907 4255 3006 4309 pro
3037 4249 3088 4295 te
3122 4239 3452 4305 elllnentem,

2200 4324 2401 4380 Vulnus
2430 4328 2828 4384 amarissimum
2856 4346 2954 4401 pro
2978 4343 3030 4388 te
3055 4332 3422 4390 sull'erentetn.

2121 4397 2172 4454 Ῑ)
2269 4416 2313 4471 0
2340 4432 2532 4473 manus
2570 4397 2937 4486 sanctissima,
2964 4439 3062 4492 pro
3088 4442 3172 4481 me
3193 4435 3496 4497 penetrata,

2197 4511 2344 4565 Clavi
2369 4513 2736 4568 crassitudine
2765 4516 2990 4570 multum
3017 4517 3238 4584 laniata,

2194 4605 2582 4661 'l‘ercussorun‘t
2617 4609 2818 4676 impetu
2848 4609 2967 4665 dire
2995 4611 3247 4676 lacerata.

2199 4697 2388 4755 Scribe
2420 4701 2470 4754 in
2502 4717 2587 4757 me
2609 4703 2847 4772 qualiter
2873 4720 2932 4761 es
2962 4710 3286 4778 augustiata.

2271 4791 2442 4847 Pensa
2474 4794 2607 4858 haec,
2643 4795 2950 4864 durissime,
2988 4801 3080 4868 qui
3112 4816 3384 4870 nunquam
3413 4801 3634 4869 llevisti,

2201 4882 2345 4938 Voca
2369 4884 2764 4943 instantissime
2795 4886 3002 4960 magna:
3029 4905 3204 4962 poena:
3225 4893 3336 4946 isti.

2201 4975 2460 5041 Plorabis,
2506 4978 2550 5032 si
2594 4982 2832 5036 senseris
2867 4985 3012 5038 hunc
3037 4985 3277 5041 dolorem
3301 4986 3525 5051 Christi,

2205 5065 2295 5121 Vel
2327 5069 2470 5138 quod
2493 5083 2560 5123 ex
2588 5070 2667 5124 eis
2689 5073 2952 5143 contingit
2981 5073 3098 5142 ejus
3123 5075 3278 5131 Matri
3307 5078 3463 5132 triSIi.

2275 5159 2479 5230 Nempe
2509 5161 2680 5217 Mater
2701 5163 2887 5220 videns
2914 5164 3042 5232 hoc,
3076 5168 3244 5222 multo
3265 5170 3384 5240 plus
3419 5171 3738 5240 languescit,

2204 5251 2270 5305 Et
2293 5262 2558 5306 connnota
2589 5255 2790 5310 acriter
2818 5257 2871 5310 in
2902 5271 2961 5311 se
2997 5259 3350 5324 contabescit,
