4030 5354
221 375 312 432 617
1483 349 1842 414 OPUSCULA
1877 345 2152 410 SPUlliA.

216 487 405 549 Curre,
436 495 615 546 curre,
645 479 844 544 anima,
873 491 1013 534 nunc
1040 475 1232 532 festina
1261 474 1361 537 ire,

219 577 283 633 Ut
303 585 356 630 tu
392 575 572 644 possis
597 571 879 627 Dominam
902 569 1182 624 cadentem
1212 566 1424 620 fulcire.

281 665 419 730 Heu,
457 666 576 720 hac
594 671 700 730 est,
730 660 980 726 Domina,
1018 659 1136 712 dies
1160 657 1257 712 tibi
1295 657 1454 718 dura,

196 757 340 823 ,Nam
378 753 852 810 circumdederunt
880 758 931 804 te
963 747 1124 803 modo
1150 745 1502 815 matrisjura,

214 848 359 902 Nunc
381 847 668 916 plusquam
697 841 1002 916 parturiens
1030 839 1198 896 sentis
1227 839 1368 894 mala
1405 838 1578 908 plura,

214 939 338 1006 Qum
363 939 595 992 carebas
627 935 844 1006 pariens
877 941 1123 989 materna
1150 946 1428 1001 pressura.

281 1029 324 1086 0
355 1029 544 1085 dolor!
576 1045 609 1083 ο
643 1021 911 1098 gemitus!
945 1040 1053 1095 quo
1086 1032 1135 1079 te
1169 1037 1229 1079 es
1263 1036 1507 1084 versura,

222 1119 465 1191 Undique
487 1119 684 1174 amicta
715 1134 774 1174 es
799 1131 865 1172 ex
899 1115 1014 1170 nati
1054 1114 1297 1184 tortura,l

219 1212 460 1281 Qualiter
481 1223 734 1265 mensura
765 1221 824 1263 es
847 1207 1100 1278 stigmata
1130 1206 1332 1265 futura,

219 1303 341 1370 Quae
376 1303 430 1355 in
455 1309 661 1356 tantum
688 1297 874 1353 deficis
895 1311 993 1366 pro
1023 1296 1124 1350 ista
1165 1292 1370 1348 ﬁxura?

283 1394 453 1448 Porro
475 1402 586 1447 tam
614 1391 867 1446 flebiliter
893 1403 1058 1442 manu
1086 1389 1188 1442 hac
1216 1387 1452 1450 firmata,

222 1485 396 1539 Altera
427 1482 754 1538 distenditur
781 1488 840 1533 ut
862 1479 935 1534 sit
960 1476 1298 1540 conclavata,

223 1574 320 1629 Sed
350 1573 518 1627 nimis
545 1571 814 1626 foramina
844 1579 972 1624 sunt
1000 1568 1329 1632 inordinata,

225 1663 367 1722 Ultra
403 1663 796 1734 longitudinem
829 1660 1075 1731 corporis
1119 1659 1369 1714 formata.

285 1758 329 1815 0
359 1757 540 1814 dolor!
575 1770 608 1811 o
641 1755 904 1827 gemitus!
943 1753 1074 1823 quid
1104 1767 1249 1807 nunc
1284 1760 1411 1806 sunt
1445 1749 1671 1805 facturi.

221 1848 447 1904 Gemant
474 1847 568 1917 qui
595 1845 946 1902 considerant
972 1841 1085 1911 jam
1113 1857 1219 1897 non
1247 1843 1410 1897 corde
1439 1842 1582 1907 duri,

222 1937 348 1992 Cum
370 1934 626 1990 festinant
653 1935 872 1988 trahere
890 1932 1040 2002 pravi
1071 1931 1301 2002 perituri

225 2026 302 2080 Ad
343 2026 459 2079 loca
485 2023 811 2078 foraminum
840 2022 1081 2076 membra
1111 2020 1312 2075 Christi
1336 2019 1477 2089 puri.

289 2115 358 2171 Ut
377 2113 588 2186 legisti,
618 2114 822 2178 anima,
863 2127 1028 2168 cerne
1058 2113 1205 2166 diras
1233 2120 1446 2179 gentes,

223 2204 546 2258 lnhumauos
575 2203 794 2265 milites.
827 2203 930 2257 heu
958 2203 970 2255 l
1000 2202 1164 2257 nimis
1194 2201 1456 2266 furentes,

224 2293 458 2349 Membra
484 2293 560 2348 tul
592 2295 801 2349 Domini
831 2306 953 2348 cum
978 2294 1028 2347 vi
1053 2292 1446 2355 distendentes,

223 2386 288 2443 Et
317 2389 367 2441 in
399 2389 616 2442 modum
657 2385 875 2458 pellium
910 2386 1038 2440 hinc
1065 2385 1189 2440 inde
1217 2385 1512 2440 trahentes.

290 2479 424 2543 Quis
459 2475 612 2531 effari
643 2485 842 2546 potest.
873 2476 1016 2546 quod
1039 2482 1242 2530 tantum
1281 2473 1626 2528 tetenderunt

229 2559 298 2621 Ut
331 2565 675 2620 membratim
700 2564 983 2619 Dominum
1016 2576 1154 2634 pene
1181 2561 1482 2616 diviserunt
1523 2558 1657 2630 (65),

226 2654 367 2710 Pene
387 2669 511 2710 ossa
537 2654 719 2710 omnia
741 2651 860 2722 ejus
890 2653 1256 2718 nudaverant,

228 2747 304 2799 Ac
324 2744 493 2800 clavis
530 2743 886 2799 crassissimis
906 2743 1148 2797 membra
1180 2737 1600 2796 traustixerunt?

295 2835 340 2892 0
367 2836 492 2905 quis
525 2835 670 2905 loqui
698 2835 897 2906 poterit
923 2832 1362 2895 horribilitatem,

231 2927 334 2981 Aut
362 2927 796 2997 crucifigentium
832 2925 974 2980 hanc
1013 2924 1415 2986 crudelitatem,
1495 2957 1498 2960 ~

211 3008 490 3074 Tatient's
519 3019 727 3074 Domini
770 3019 909 3072 hanc
931 3015 1329 3087 ptenalitatem,

234 3110 417 3166 Matris
437 3120 492 3165 et
509 3110 804 3164 amantium
837 3110 976 3164 hanc
997 3106 1360 3164 anxietatem!

301 3201 398 3256 llic
427 3210 628 3256 nostra:
659 3201 871 3256 duritiae
899 3201 1114 3271 penitus
1147 3199 1486 3270 frangantur,

235 3285 472 3344 Medulla:
492 3289 544 3342 in
570 3289 835 3358 lacrymas
863 3288 1142 3357 sanguinis
1163 3297 1462 3351 vertantur,

234 3377 436 3433 Cuncta
458 3378 727 3434 desideria
759 3378 810 3432 in
844 3375 1026 3433 Jesum
1055 3376 1307 3446 figantur,

237 3469 303 3523 Et
339 3471 419 3525 sic
452 3470 616 3525 corda
653 3469 835 3524 valido
867 3469 1051 3524 dolore
1075 3468 1414 3524 scindantur.

304 3558 432 3613 Sive
461 3559 590 3614 fletu
625 3559 826 3628 pudeat
850 3572 950 3612 nos
989 3559 1102 3612 haec
1131 3556 1432 3627 praeterire,

236 3643 332 3703 llic
358 3665 388 3702 a
419 3650 599 3704 cordis
631 3649 836 3717 gemitu
868 3650 1023 3705 decet
1049 3663 1149 3704 nos
1178 3647 1380 3716 rugire,

237 3742 305 3795 At
325 3756 446 3796 cum
469 3741 630 3797 flente
667 3742 895 3796 Domino
922 3741 1160 3796 dolorem
1197 3740 1420 3806 sentire,

239 3828 333 3883 Vel
368 3831 411 3885 si
451 3830 565 3899 ipse
587 3831 814 3893 dederit,
856 3846 982 3886 cum
1017 3845 1082 3885 eo
1107 3830 1281 3885 obire.

683 3919 801 3975 Flet
831 3921 1068 3975 Christus
1095 3922 1149 3975 in
1187 3936 1338 3974 cruce

302 4013 751 4083 Cnntemplando,
794 4013 996 4078 anima,
1031 4013 1119 4068 hic
1149 4012 1311 4066 dilata
1340 4018 1590 4077 mentem,

239 4091 369 4158 Vide
389 4103 576 4158 Iesum
609 4103 875 4158 maximas
903 4115 1093 4171 prenas
1123 4101 1491 4163 sufferentem,

237 4196 340 4252 Pro
380 4208 432 4252 te
469 4199 810 4254 amarissime
857 4198 910 4253 in
944 4198 1226 4254 tormentis
1254 4195 1493 4264 flentem,

239 4285 406 4352 intus,
437 4295 491 4342 et
519 4289 762 4342 exterius
795 4295 966 4342 totum
1001 4287 1322 4357 patientem.

307 4375 448 4432 Ecce
469 4376 805 4432 horribiliter
837 4377 1075 4432 membra
1110 4376 1473 4432 extenduntur

238 4465 408 4529 Cutis,
432 4479 559 4520 caro
595 4479 793 4537 aspero
817 4464 962 4520 ferro
989 4465 1286 4531 fodiuntur,

242 4551 378 4622 lien,
420 4571 709 4628 compages
739 4557 943 4612 ossium
973 4571 1002 4610 a
1026 4571 1086 4612 se
1108 4555 1492 4617 dissolvuntur,

237 4646 409 4718 Atque
437 4648 678 4703 membra
709 4647 971 4717 sanguine
1001 4656 1195 4702 cuncta
1225 4646 1642 4716 perfunduntur.

307 4739 373 4794 Et
395 4755 587 4795 manus
609 4739 918 4797 tenerrimze
945 4738 1116 4795 clavis
1141 4737 1508 4808 perferantur,

236 4821 405 4888 Pedes
434 4832 593 4888 modo
615 4831 779 4910 simili
808 4831 924 4888 dire
951 4831 1316 4894 terebrantur,

240 4919 397 4977 Nervi
428 4939 552 4979 cum
579 4922 867 4979 subtilibus
905 4923 1064 4978 ferris
1099 4922 1420 4985 lacerantur,

241 5010 329 5068 Sic
348 5023 406 5069 et
432 5027 584 5070 vena:
609 5021 812 5071 tenera:
845 5013 1010 5069 clavis
1048 5013 1340 5068 laniantur.

309 5102 441 5132 V2.1-
488 5106 610 5132 ,ηελλ
637 5105 857 5132 Ξκοῖονιιυ.
891 5106 1016 5132 ιη-..
1050 5105 1319 5132 --.ιο-εισι.-

1811 474 1860 532 Α
1888 465 2104 522 Faciam
2130 463 2431 534 consignari
2459 477 2546 518 me
2565 463 2803 532 passioni
2833 462 2940 529 isti,

1885 555 2067 624 Plagis
2099 555 2205 609 tuis
2233 554 2365 609 lznde
2392 568 2477 608 me
2504 561 2664 620 atque
2688 561 2859 606 morte
2891 552 3054 607 tristi.

1956 645 2090 700 Item
2112 661 2293 709 cerne,
2325 649 2528 709 anima,
2559 643 2764 698 vultum
2794 643 2983 698 Matris
3009 643 3202 707 flentis,

1884 730 1943 789 In
1975 735 2094 790 istis
2123 736 2386 805 angustiis
2411 735 2616 805 jugiter
2652 734 2963 804 praesentis,

1884 825 2061 880 Pensa
2083 824 2382 881 ineffabiles
2409 839 2600 896 paenas
2627 827 2743 897 ejus
2775 827 2994 891 mentis,

1888 912 2130 985 Urgente
2158 915 2498 971 incommodo
2524 932 2662 986 pene
2691 917 2995 974 morientis.

1958 1002 2096 1068 lleu,
2122 1003 2287 1075 Virgo
2307 1005 2690 1074 pulcherrima,
2720 1009 2929 1077 peccati
2961 1008 3146 1077 ignara

1888 1092 2231 1166 Feminisque
2257 1098 2428 1168 pridie
2456 1098 2667 1154 caeteris
2700 1098 2821 1170 plus
2856 1101 3140 1170 praeclara,

1891 1184 2044 1239 Nunc
2069 1184 2289 1254 pallens,
2323 1194 2378 1240 et
2407 1185 2650 1255 lugubris
2677 1197 2784 1242 tota
2813 1203 2872 1242 es
2900 1206 3108 1255 amara,

1891 1274 2135 1330 Patiente
2165 1289 2346 1330 coram
2372 1284 2425 1330 te
2449 1285 2537 1330 tua
2570 1277 2725 1330 Prole
2752 1279 2934 1333 chara.

1961 1362 2290 1432 Cnmpellor,
2313 1377 2346 1418 ο
2370 1364 2618 1428 Domina,
2657 1364 2723 1420 de
2751 1376 2802 1421 te
2830 1369 3063 1423 reticere

1893 1451 2030 1519 Quia
2060 1462 2111 1507 te
2137 1453 2424 1508 considero
2453 1453 2684 1523 amplius
2702 1455 2886 1510 dolere

1893 1545 2064 1611 Quam
2097 1559 2374 1599 sermones
2397 1544 2559 1614 aliqui
2583 1547 2793 1615 possint
2823 1546 2922 1602 fari
2956 1561 3104 1614 vere,

1893 1635 2000 1687 Aut
2023 1634 2218 1688 mentis
2242 1634 2520 1690 meditatio
2546 1637 2974 1706 comprehendat
3012 1651 3194 1694 merae.

1966 1725 2082 1779 Non
2116 1727 2305 1792 miror,
2329 1742 2362 1781 ο
2390 1727 2641 1795 Domina,
2675 1729 2838 1801 Virgo
2872 1731 3143 1798 redimita,

1825 1805 1871 1863 Β
1899 1815 2027 1882 Quae
2055 1817 2108 1870 in
2142 1825 2248 1870 tam
2273 1816 2542 1874 flebilibus
2571 1835 2629 1874 es
2661 1822 2946 1877 tormentis
2973 1823 3107 1888 sita;

1900 1905 2005 1960 Sed
2032 1907 2272 1961 admiror
2297 1909 2567 1978 quomodo
2593 1923 2910 1978 perseveras
2940 1913 3036 1979 ita,

1901 2002 1966 2055 Et
1994 2003 2135 2072 quod
2162 2018 2258 2056 cor
2287 2018 2392 2057 non
2419 2005 2688 2074 rumpitur
2729 2007 3057 2062 abscedente
3087 2008 3217 2062 vitat

1969 2091 2014 2145 0
2047 2104 2162 2145 mea
2196 2090 2406 2146 fiducia!
2441 2093 2704 2162 deprecor
2733 2103 2792 2152 ut
2821 2096 2972 2161 velis,

1903 2180 2095 2234 Statim
2126 2196 2213 2236 me
2242 2182 2523 2249 perfodere
2549 2192 2652 2239 tuae
2677 2198 2849 2253 pnsum
2883 2185 3022 2250 telis,

1901 2270 2009 2324 Fac
2037 2278 2094 2323 ut
2116 2269 2428 2341 tibijngiter
2457 2282 2646 2328 serVus
2684 2275 2783 2328 sim
2815 2277 3005 2341 fidelis,

1902 2361 1965 2414 Et
1995 2377 2168 2416 meam
2195 2363 2475 2417 Dominam
2506 2365 2724 2420 adorem
2758 2368 2810 2422 in
2839 2368 3008 2423 caalis.

1973 2451 2018 2506 0
2047 2451 2168 2520 quis
2192 2452 2310 2506 sine
2337 2452 2595 2524 lacrymis
2621 2466 2797 2525 potest
2825 2459 2938 2513 inec
2961 2471 3195 2529 pensare

1903 2536 2006 2595 Tot
2030 2539 2256 2596 sufferre
2283 2543 2470 2612 gravia
2497 2543 2590 2598 Dei
2628 2545 2896 2610 Salutare,

3351 347 3454 403 Cl8

1904 2631 2164 2701 llancque
2196 2632 2422 2688 Matrem
2454 2635 2729 2706 Virginem
2761 2647 2869 2694 tam
2901 2639 3126 2698 multum
3153 2645 3387 2713 plorare,

1904 2720 2240 2792 Sanctosque
2267 2723 2538 2792 apostolos
2567 2725 2734 2780 multa
2763 2727 3030 2785 tolerare?

1973 2809 2209 2867 Joannes
2233 2814 2499 2883 apostole,
2522 2817 2616 2883 qui
2647 2817 2751 2872 ista
2776 2819 2975 2886 vidisti,

1907 2903 2254 2974 \‘idendoque
2279 2905 2468 2962 intime
2493 2909 2780 2964 condolens
2800 2910 3014 2978 flevisti,

1906 2991 1946 3045 F
1953 2990 2087 3046 fetus
2116 2994 2246 3048 mihi
2267 2993 2518 3063 impetra,
2551 2997 2877 3070 vulneraque
2902 3002 3124 3069 Christi,

1906 3080 2040 3135 Juva
2078 3098 2181 3148 me,
2211 3101 2336 3140 cum
2367 3088 2587 3154 videris,
2620 3099 2747 3144 ante
2769 3091 2950 3148 Jesum
2985 3095 3125 3151 sisti.

1767 3149 1770 3152 ’
1829 3137 1876 3198 ο
1976 3174 2020 3228 o
2047 3137 3016 3253 ams}ri;Basiliiisingniéiai

1905 3264 2078 3330 Quem
2112 3267 2294 3322 vidisti
2322 3271 2530 3338 perpeti
2560 3271 2729 3327 multo
2759 3274 2900 3328 luctu
2930 3277 3111 3346 plena,

1905 3353 2037 3409 Peto
2067 3372 2163 3426 pro
2192 3359 2493 3428 multiplici,
2523 3378 2682 3430 quam
2717 3373 2771 3418 tu
2803 3366 2972 3432 vides,
2997 3383 3178 3436 paena,

1907 3445 2036 3500 Mihi
2065 3446 2240 3502 luctus
2269 3450 2474 3516 obtine,
2512 3460 2568 3506 et
2587 3453 2692 3521 poli
2720 3471 2954 3512 ammna.

1974 3540 2020 3597 0
2046 3543 2264 3612 reliquae
2294 3552 2494 3600 sancta:
2523 3545 2758 3614 feminae,
2787 3551 3011 3620 singulae
3033 3552 3235 3624 Mat-ire,

1908 3632 2036 3698 Qme
2061 3633 2274 3690 vidistis
2299 3636 2482 3704 gravia
2513 3645 2777 3693 tormenta
2809 3640 3038 3710 Messian,

1909 3722 2016 3777 l’ro
2043 3738 2128 3777 me
2149 3738 2337 3794 preces
2358 3723 2569 3781 fundite
2605 3741 2821 3798 semper
2847 3733 2980 3800 proli
3013 3737 3132 3803 pile,

1911 3814 1982 3868 Ut
2008 3814 2211 3868 salvum
2242 3830 2328 3869 me
2355 3814 2520 3871 faciat
2564 3818 2617 3872 in
2644 3828 2885 3876 extrema
2916 3824 3022 3878 die.

1980 3902 2082 3958 Per
2106 3904 2326 3972 Christi,
2357 3905 2548 3974 adiuro
2574 3921 2692 3975 vos,
2731 3911 2952 3967 vulnera
2982 3927 3231 3986 cruenta,

1909 3991 2016 4047 Pro
2046 3993 2242 4062 quibus
2268 3995 2616 4052 mosstissima
2645 3998 2867 4056 dedistis
2901 4002 3160 4072 lamenta,

1910 4084 2101 4140 Juvate
2123 4094 2182 4140 ut
2219 4101 2472 4155 spernam
2502 4089 2677 4145 hostis
2709 4099 3056 4158 tentamenta,

1911 4177 1977 4231 Et
2005 4187 2062 4231 ut
2092 4193 2196 4233 non
2233 4185 2528 4236 sustineam
2575 4191 2777 4238 aeterna
2806 4193 3095 4242 tormenta.

1981 4265 2133 4322 Nunc
2154 4267 2414 4326 affectans
2445 4271 2658 4326 animus
2684 4272 3046 4345 lacrymarum
3075 4278 3304 4348 fructus,

1911 4355 2111 4412 lterum
2144 4361 2210 4415 ad
2240 4361 2526 4416 Dominum
2556 4371 2698 4418 totus
2730 4364 2802 4419 sit
2834 4367 3109 4435 reductus,

1836 4461 1890 4528 ι)
1917 4453 2090 4518 Nunc,
2122 4471 2264 4510 nunc
2293 4456 2378 4524 pia
2415 4456 2594 4512 anima
2631 4457 2729 4513 fias
2770 4473 2924 4530 aqua:
2951 4461 3165 4529 ductus,

1913 4543 2119 4599 Dehinc
2142 4551 2250 4599 tota
2279 4545 2325 4600 si
2358 4545 2562 4612 valeas,
2587 4547 2853 4616 liquescas
2885 4549 2936 4604 in
2968 4552 3162 4617 luctus,

1985 4633 2200 4704 Specta,
2225 4647 2405 4706 specta
2432 4637 2619 4694 intime
2645 4638 2830 4694 Jesum
2856 4640 3130 4710 ejulando,

1912 4723 2348 4796 Circumquaque
2378 4728 2600 4783 vulnera
2621 4729 2827 4796 singula
2859 4737 3172 4802 scrutando,

1917 4814 2161 4881 Qualiter
2185 4828 2409 4887 gravata
2439 4821 2548 4873 sint
2574 4821 2660 4890 pie
2681 4820 3034 4888 explorando,

1915 4908 1982 4964 Et
2011 4909 2140 4978 quid
2161 4909 2310 4980 pravi
2330 4910 2575 4966 fecerant
2600 4925 2818 4967 crucem
2845 4915 3153 4972 exaltando.

1989 5001 2149 5068 Ecce,
2171 5015 2300 5056 ecce
2327 5001 2542 5058 elevant
2565 5005 2776 5075 signum
2801 5009 3168 5077 nominatum,

1920 5092 2124 5132 Rniriln
2152 5093 2467 5132 nrnnholinn
2491 5094 2641 5132 nmine
2673 5098 3058 5132 nmcinnnlnm
