4030 5354
559 323 662 376 619
1610 319 1668 373 S.
1711 314 2007 372 ANSELMI
2059 313 2393 370 LUCENSIS
2430 313 2737 370 EPISCOP!

557 435 623 488 Et
647 432 988 488 inellabilitcr
1013 433 1295 488 Dominvm
1326 439 1653 500 torquentes.

629 525 760 591 Quis
783 541 890 579 non
915 533 1140 579 mmreat
1165 525 1348 577 videns
1376 522 1614 575 furorem
1647 519 1932 585 malorum,

555 618 755 672 Christi
787 617 943 683 fletus
977 617 1185 686 copiam
1215 625 1269 669 et
1297 615 1675 684 suspiriorum,

554 709 702 763 llauc
740 723 959 778 poenam
984 708 1354 778 gravissimam
1385 706 1626 760 amnium
1655 703 2038 771 membrorum,

559 797 956 865 Disjunctorum
997 797 1203 853 scilicEt
1229 796 1300 850 ita
1323 794 1664 855 collisornm?

619 890 814 955 Curre,
836 904 1016 954 curre,
1044 889 1242 951 anima,
1277 902 1439 953 nunc,
1476 888 1521 942 si
1549 887 1624 942 sis
1651 887 1866 954 devota,
1949 958 1958 966 ι

554 981 635 1034 Ad
657 980 797 1035 hanc
819 993 1034 1035 crucem
1065 987 1289 1049 propera
1320 979 1440 1034 sine
1461 992 1613 1032 mora
1647 985 1782 1044 tota,

551 1073 954 1127 Discurrentem
982 1071 1298 1142 sanguinem
1327 1069 1519 1140 collige
1554 1076 1608 1124 et
1631 1077 1781 1138 pcta,

550 1163 616 1217 Et
644 1171 836 1217 cuncta
867 1176 984 1231 quae
1004 1176 1193 1232 passus
1220 1169 1304 1216 est
1328 1160 1381 1214 in
1410 1169 1670 1214 aeternum
1695 1165 1841 1213 nota.

615 1253 995 1322 Contemplare
1025 1252 1202 1307 clavos
1231 1252 1330 1306 hos
1355 1266 1546 1305 manus
1574 1247 1977 1318 transfigeutes,

549 1341 742 1400 Tetum
772 1345 981 1416 pondus
1006 1345 1275 1414 corporis,
1307 1344 1440 1414 proh
1469 1342 1648 1397 dolor!
1682 1350 1935 1413 gerentes

547 1431 686 1500 Heu,
719 1433 1060 1489 iuell‘abiliter
1088 1433 1306 1488 vulnera
1344 1442 1624 1501 augentes,
1711 1494 1717 1503 ι

547 1516 614 1576 Et
640 1531 699 1576 ut
720 1536 846 1593 vere
870 1521 1098 1586 aestimo,
1127 1537 1188 1578 ea
1221 1515 1625 1576 discindentes!

615 1611 785 1668 Lasso
810 1611 966 1677 collo,
994 1612 1116 1666 heu!
1148 1620 1308 1680 caput
1335 1611 1532 1679 pendet
1574 1607 1902 1674 dolorosum,

546 1703 751 1760 Carens
771 1704 1157 1770 sustentaculo,
1200 1715 1505 1769 cruentum,
1538 1704 1848 1773 spinosum!

546 1794 592 1850 Ο
613 1796 732 1865 quis
763 1810 866 1850 non
892 1794 1018 1849 ﬂeat
1041 1795 1252 1850 intuens
1274 1795 1483 1849 vultum
1506 1795 1848 1864 speciosum;

547 1884 923 1949 Cruentatum,
946 1884 1222 1954 pallidum,
1252 1885 1554 1954 lugubrem,
1586 1884 1976 1939 verberosum?

622 1973 781 2029 Certe
808 1976 897 2044 qui
924 1977 1037 2030 haec
1062 1975 1267 2046 cogitas
1303 1984 1359 2030 et
1387 1991 1488 2028 non
1513 1974 1857 2046 lacrymaris,

546 2063 664 2120 Non
705 2067 842 2119 satis
877 2065 1104 2137 diligere
1134 2066 1299 2120 Deum
1332 2065 1725 2135 comprobaris,

546 2154 695 2220 Jesu,
726 2155 857 2209 mihi
888 2155 1157 2227 lacrymas
1186 2168 1379 2225 precor
1407 2155 1674 2225 largiaris,

546 2245 632 2303 Me
661 2260 845 2302 amare
874 2261 1067 2318 parum
1097 2259 1151 2303 te
1183 2261 1458 2316 nunquam
1485 2247 1729 2317 patiaris.

995 2337 1124 2392 Orat
1145 2354 1238 2407 pro
1265 2338 1680 2406 crttciﬁxorilms.

615 2423 764 2490 Jcsu,
796 2426 885 2495 qui
916 2425 985 2480 ab
1024 2426 1203 2495 impiis
1228 2425 1280 2479 in
1317 2439 1480 2482 cruce
1513 2426 1765 2490 ciavaris,

553 2513 622 2570 Et
651 2524 829 2570 tamen
860 2516 946 2572 bis
964 2517 1176 2572 veniam
1207 2532 1234 2569 a
1260 2516 1420 2571 Patre
1449 2517 1714 2586 precaris,

549 2608 652 2662 Mei
691 2619 746 2662 et
767 2609 1100 2663 credentium
1132 2617 1184 2661 tu
1215 2608 1548 2673 miserearis,

549 2698 715 2753 Nobis
743 2698 1175 2768 parcasjugiter,
1209 2714 1487 2768 nunquam
1528 2698 1802 2753 irascaris.

620 2789 748 2842 Item
776 2788 917 2850 vide,
953 2788 1150 2851 anima,
1178 2788 1407 2855 qualiter
1433 2787 1628 2852 Judaei,

551 2876 908 2930 Sacerdotum
947 2875 1241 2944 principes,
1276 2875 1502 2939 Scribaa,
1532 2873 1790 2929 Pharisaei

554 2965 805 3018 Clamant
835 2981 848 3017 :
889 2961 1000 3016 Vah
1028 2964 1048 3016 1
1076 2963 1166 3033 qui
1187 2964 1411 3017 destruis
1433 2963 1677 3034 templum
1701 2963 1812 3017 veri
1847 2962 1960 3029 Dei,
2045 3031 2048 3036 _

559 3054 721 3109 Salva
745 3055 1088 3122 temetipsum,
1123 3053 1167 3106 si
1195 3069 1247 3106 es
1273 3051 1446 3106 Filius
1474 3053 1588 3108 Dei.

622 3146 877 3215 Suspensi
913 3160 1034 3201 cutn
1065 3146 1295 3202 Domino
1319 3147 1391 3201 illi
1419 3146 1526 3202 duo
1561 3147 1663 3211 rei,

554 3233 705 3293 Unus
736 3255 751 3290 :
783 3236 945 3292 Salva
969 3246 1037 3302 te,
1066 3247 1112 3290 et
1138 3253 1252 3301 nos,
1288 3237 1528 3308 loquitur
1548 3239 1596 3294 ei
1633 3251 1647 3294 :

550 3327 701 3383 Alter
726 3337 914 3399 petens
942 3327 1171 3396 gratiam
1197 3329 1272 3383 ait
1300 3345 1313 3382 :
1354 3327 1613 3383 Memento
1642 3329 1762 3384 mei.

550 3420 645 3475 Cui
678 3419 902 3489 spondet
930 3419 1190 3474 Dominus
1217 3420 1522 3488 paradisum
1552 3420 1666 3474 Dei.

622 3510 747 3566 Jesu
780 3511 1168 3574 amantissime,
1194 3512 1284 3580 qui
1316 3527 1420 3566 non
1448 3510 1740 3575 offendisti,

551 3602 730 3668 Quare
754 3609 832 3656 tot
857 3601 1110 3656 immania
1144 3610 1409 3656 tormenta
1437 3600 1647 3656 subiisti
1675 3601 1701 3654 ?

552 3692 711 3745 Certe
728 3705 828 3760 pro
865 3705 971 3756 me,
1007 3689 1252 3754 Domine,
1282 3691 1395 3744 haec
1423 3689 1749 3754 sustinuisti,

552 3778 620 3832 Et
656 3780 799 3847 quod
825 3792 924 3846 ego
957 3778 1128 3845 rapui,
1187 3787 1240 3830 tu
1269 3791 1463 3845 passus
1481 3777 1707 3832 solvisti.

625 3869 863 3938 Egogtua:
890 3867 1141 3922 meritum
1169 3883 1286 3922 sum
1313 3868 1644 3933 traditionis,

557 3937 930 4021 Vincuiorum,
961 3954 1270 4022 verberum,
1298 3964 1354 4010 et
1389 3955 1773 4021 damnationis,

555 4047 872 4116 Sputorum,
905 4059 969 4100 ac
999 4044 1201 4100 ictuum
1234 4054 1290 4100 et
1324 4046 1635 4113 occisionis,

555 4139 668 4209 Ego
693 4152 856 4193 causa
889 4147 992 4192 tute
1035 4152 1152 4192 sum
1179 4138 1356 4194 omnis
1381 4139 1668 4210 passionis.

636 4231 746 4302 Ego
768 4230 903 4286 mala
941 4240 1212 4302 perpetro,
1246 4241 1301 4287 tu
1339 4244 1498 4302 poena
1523 4231 1843 4299 mulctaris;

564 4321 698 4393 Ego,
725 4323 850 4386 heu,
873 4321 1143 4391 superbio,
1173 4331 1226 4377 tu
1258 4323 1598 4389 humiliaris;

557 4414 669 4483 Ego
692 4428 828 4468 vane
858 4413 1027 4479 rideo,
1057 4421 1113 4468 et
1141 4421 1198 4466 tu
1231 4413 1549 4484 lacrymaris
1582 4431 1598 4481 ;

560 4505 672 4575 Ego
693 4518 882 4559 vescor
910 4503 1172 4567 dulcibus,
1203 4512 1257 4557 tu
1289 4503 1410 4558 felle
1431 4504 1658 4574 petaris.

630 4592 836 4648 Mecum
859 4592 1002 4647 ridet
1030 4593 1211 4647 timida
1237 4592 1372 4656 Eva,
1403 4602 1455 4646 et
1479 4608 1583 4647 non
1614 4593 1702 4664 pia
1731 4611 1744 4646 :

562 4681 761 4737 Tecum
790 4681 970 4751 plorat
991 4681 1192 4737 acriter
1221 4681 1440 4737 humilis
1467 4682 1657 4747 Maria,

563 4771 675 4843 Ego
698 4784 820 4826 sum
851 4771 906 4826 in
933 4771 1231 4842 prosperis,
1257 4773 1393 4828 tuin
1431 4773 1626 4844 agonia
1658 4792 1672 4828 :

561 4865 670 4922 Fac
695 4879 782 4922 me
813 4873 986 4920 tecum
1015 4865 1270 4936 compati.
1296 4879 1512 4935 precor,
1543 4882 1578 4922 ο
1607 4865 1820 4922 Messia.

637 4957 774 5012 Ecce
797 4966 985 5012 sancta
1022 4956 1235 5013 viscera
1270 4958 1505 5014 distensa
1534 4968 1812 5026 arescunt,

563 5045 802 5101 Membra
822 5046 1156 5102 horribiliter
1183 5057 1407 5102 cruenta
1445 5048 1736 5119 rigescunt,

563 5136 870 5206 Caligantes
900 5136 1149 5206 Iacrymis
1177 5137 1316 5192 oculi
1339 5137 1713 5206 languescunt,

2143 433 2190 490 Α
2221 425 2289 481 Ει
2315 428 2466 495 quasi
2493 427 2544 482 in
2571 428 2793 482 nihilum
2828 427 2939 482 fere
2964 437 3013 482 te
3039 428 3240 498 redegit
3269 446 3283 493 ;

2225 516 2629 587 Triumphatrix
2654 518 2893 572 charitas
2922 525 3056 588 Opus
3090 520 3189 575 hoc
3213 519 3437 589 peregit,

2224 608 2329 663 Sed
2361 618 2602 664 nostram
2635 605 2910 674 duritiam,
2938 611 3061 675 heu,
3090 612 3266 666 adhuc
3296 627 3401 667 non
3434 613 3610 685 fregit.

2291 700 2336 757 0
2361 703 2570 773 ingrata
2598 703 2801 768 anima,
2840 720 3028 774 prava,
3060 706 3333 771 indevota,

2223 792 2401 860 Quare
2431 810 2536 849 non
2575 809 2636 850 es
2668 796 2842 865 pmnis
2868 795 2952 852 his
2974 796 3300 868 planctuque
3326 806 3591 855 commota
3622 800 3651 852 ’ἔ

2223 881 2361 936 Ecce
2383 890 2435 935 tu
2465 897 2524 938 es
2545 882 2758 938 Domini
2789 893 2962 940 morte
2993 885 3107 940 dira
3135 885 3243 940 iota
3272 897 3291 952 ς

2209 971 2349 1028 Haec
2376 988 2474 1043 pro
2504 975 2608 1030 tuis
2636 974 2782 1030 vitiis
2811 976 2988 1044 passio
3021 975 3079 1028 fit
3103 985 3236 1031 tota.

2293 1063 2551 1134 Apparet,
2584 1065 2932 1135 nequissima,
2956 1066 3096 1135 quod
3127 1065 3241 1135 jam
3269 1081 3423 1123 cares
3442 1069 3573 1132 vita,

2225 1151 2362 1207 Dum
2397 1154 2537 1208 hunc
2561 1163 2776 1223 passum
2810 1155 3075 1225 cogitans,
3103 1157 3233 1209 dura
3265 1172 3454 1212 manes
3488 1167 3561 1211 tta
3589 1173 3608 1223 ;

2224 1240 2314 1296 Sic
2347 1242 2472 1296 dum
2501 1242 2683 1298 Jesum
2714 1245 2954 1300 comedis
2984 1245 3144 1300 vcluli
3175 1246 3366 1311 oblita,

2222 1331 2357 1389 lleul
2401 1350 2498 1389 nec
2528 1345 2676 1400 tunc,
2702 1349 2799 1391 nec
2822 1336 2955 1390 alias
2977 1337 3112 1392 bene
3140 1351 3199 1392 es
3227 1338 3474 1392 contrita.

2291 1427 2426 1482 Vide
2451 1428 2546 1483 Dei
2576 1427 2790 1494 Filium,
2812 1427 2988 1483 virum
3014 1428 3335 1494 virtuosum,

2221 1515 2278 1570 ln
2309 1518 2473 1572 verbo
2501 1526 2553 1573 et
2575 1532 2738 1588 opere
2762 1518 2936 1588 pridie
2957 1517 3285 1583 formosum;

2223 1604 2392 1676 Magis
2417 1621 2578 1676 quam
2612 1606 2884 1661 maleficos
2919 1622 3062 1663 nunc
3091 1608 3525 1677 opprobriosum,

2224 1692 2482 1748 Vocatum
2511 1711 2539 1748 a
2565 1695 2806 1765 pluribus
2827 1710 2922 1765 pro
2950 1703 3000 1751 te
3020 1697 3367 1752 scelerosum.

2149 1760 2198 1820 Β
2294 1784 2338 1840 Ο
2363 1784 2489 1839 .lcsu
2519 1760 2778 1855 piissime,
2805 1760 2896 1854 qui
2923 1800 2983 1840 es
3022 1786 3183 1841 nimis
3220 1796 3430 1880 gratus.

2222 1876 2289 1930 Et
2316 1885 2367 1931 te
2393 1891 2608 1946 passum
2635 1876 2878 1947 cogitans
2897 1876 2986 1932 vix
3010 1891 3129 1932 sum
3159 1876 3510 1949 lacrym’atus,

2220 1964 2447 2029 Precor,
2484 1964 2890 2035 benignissime,
2918 1967 2982 2021 da
3012 1965 3143 2020 mihi
3166 1967 3424 2036 ploratus.

2223 2051 2406 2107 Pande
2435 2052 2569 2107 mihi
2599 2053 2838 2122 qualiter
2858 2063 2914 2130 tu
2937 2069 2995 2110 es
3015 2054 3349 2111 vulneratus.

2295 2141 2444 2197 Heu!
2477 2141 2609 2196 mihi
2645 2144 2733 2212 qui
2764 2157 2978 2212 nequeo
3003 2158 3098 2213 per
3118 2143 3544 2215 compassionem

2221 2234 2398 2288 Corde
2427 2245 2643 2303 semper
2677 2249 2869 2304 gerere
2898 2243 3042 2289 tuam
3066 2235 3395 2305 passionem,

2225 2325 2502 2380 Summam
2532 2325 2627 2380 Dei
2649 2340 2776 2397 erga
2808 2339 2895 2380 me
2923 2327 3062 2382 hanc
3077 2327 3442 2394 dilectionem,

2225 2415 2502 2468 Summam
2543 2413 2639 2469 Dei
2669 2415 2857 2484 gratia:
2883 2417 3019 2471 hanc
3049 2416 3412 2472 dimisionem.

2294 2504 2402 2558 Cur
2440 2503 2486 2558 si
2513 2505 2753 2558 membra
2784 2505 2992 2559 Domini
3024 2505 3206 2561 fideles
3239 2507 3511 2575 dicuntur,

2224 2593 2454 2649 Patienti
2481 2593 2657 2664 Capiti
2687 2610 2795 2649 non
2821 2595 3268 2664 compatiuntur?

2225 2684 2362 2747 Heu,
2388 2685 2442 2740 in
2465 2686 2650 2742 multis
2679 2687 2923 2751 imminet
2945 2688 3084 2757 quod
3103 2687 3216 2756 jam
3243 2690 3584 2758 exciduntur,

2231 2777 2334 2844 Qui
2368 2778 2556 2834 dolore
2583 2777 2788 2848 Capitis
2818 2779 2998 2832 moesti
3030 2794 3134 2833 non
3165 2789 3478 2837 cernuntur.

2298 2869 2424 2924 Scio
2453 2870 2596 2940 quod
2625 2871 2672 2926 si
2690 2885 2843 2926 meus
2861 2887 2956 2942 pes
2980 2871 3120 2927 male
3149 2872 3452 2939 lazderctur,

2223 2958 2303 3012 Ad
2334 2961 2765 3030 compatiendum
2791 2976 2884 3016 cor
2909 2970 3080 3016 totum
3109 2964 3404 3032 vigeretur.

2230 3051 2367 3121 Ergo
2389 3052 2578 3121 pedem
2608 3052 2755 3122 diligi
2782 3051 2899 3122 plus
2926 3052 3140 3107 Christo
3175 3054 3408 3119 videtur,

2226 3141 2331 3196 Pro
2354 3142 2507 3214 cujus
2535 3144 2798 3214 angustiis
2823 3155 3012 3213 parum
3038 3144 3126 3198 vix
3163 3147 3437 3201 movetur!

2225 3254 2232 3278 ι
2295 3236 2340 3292 0
2371 3235 2526 3292 Jesu!
2551 3238 2641 3308 qui
2666 3238 2882 3308 penitus
2907 3253 3180 3308 nunquam
3203 3241 3510 3308 peccavisti,

2227 3326 2415 3383 Nonne
2443 3336 2502 3382 ut
2537 3327 2897 3399 coniungerer
2927 3329 3045 3395 tibi,
3077 3344 3165 3385 me
3193 3329 3414 3386 fecisti?

2227 3415 2338 3471 Cur
2363 3433 2469 3473 non
2499 3432 2650 3473 reum
2681 3417 2798 3474 laedi
2821 3433 2926 3484 me,
2944 3418 3182 3486 Christe,
3201 3421 3515 3492 permisisti,

2231 3505 2316 3572 Et,
2342 3506 2470 3571 heu,
2505 3514 2682 3562 tecum
2713 3523 2865 3563 reum
2891 3523 2980 3563 me
3006 3524 3112 3564 non
3137 3510 3486 3567 vulneravisti

2298 3597 2411 3668 Ego
2438 3613 2580 3664 sum,
2607 3599 2696 3669 qui
2727 3598 2896 3654 debeo
2931 3613 3054 3656 esse
3081 3601 3410 3669 vulneratus,

2228 3686 2344 3744 Non
2383 3699 2461 3755 tu,
2489 3690 2578 3758 qui
2610 3691 2908 3760 nequitiam
2937 3706 3043 3746 non
3065 3707 3125 3747 es
3145 3703 3418 3763 operatus.

2227 3781 2340 3852 Ego
2363 3797 2482 3836 sum
2508 3781 2814 3852 culpabilis,
2845 3797 3000 3840 meus
3026 3793 3105 3839 est
3136 3794 3340 3848 reatus,

2229 3867 2462 3925 Vulnera
2490 3885 2594 3934 me,
2629 3879 2687 3925 ut
2716 3885 2747 3925 a
2777 3878 2828 3925 te
2860 3887 2966 3926 non
2992 3874 3093 3928 sim
3115 3883 3417 3943 separatus.

2300 3959 2394 4014 Pia
2422 3960 2618 4031 proles,
2649 3961 2838 4015 deifica
2867 3962 3108 4017 bonitate
3133 3963 3313 4033 plena,

2230 4048 2321 4104 Sic
2349 4057 2532 4104 tenere
2558 4050 2778 4105 vulnera
2807 4052 2911 4107 noli
2943 4053 3115 4108 aliena
3149 4069 3165 4121 ;

2229 4139 2343 4195 Tua
2370 4140 2511 4195 facta
2545 4141 2684 4196 bona
2715 4151 2858 4208 sunt,
2898 4158 3017 4198 mea
3048 4155 3173 4200 sunt
3196 4145 3427 4201 obscena
3458 4161 3474 4212 ;

2235 4230 2532 4286 Vulnerare
2561 4233 2695 4287 velis
2722 4247 2808 4288 me
2835 4233 2918 4288 vel
2945 4249 3012 4289 ex
3051 4245 3136 4289 tua
3162 4249 3343 4306 poena.

2299 4324 2632 4388 Domiualor,
2665 4326 2891 4380 Domine
2913 4327 3058 4392 cmli,
3087 4336 3248 4397 atque
3277 4336 3454 4394 terrae,

2152 4443 2207 4506 Β
2231 4411 2432 4469 Precor
2457 4414 2744 4470 vulnerare
2771 4431 2877 4482 me,
2903 4431 3004 4472 nec
3026 4417 3163 4474 velis
3183 4419 3422 4486 diﬂ'erre,

2232 4504 2365 4559 Nam
2391 4505 2612 4560 illaesum
2637 4521 2815 4562 meum
2855 4523 3172 4579 cornequeo
3205 4511 3456 4578 sufferre,

2232 4596 2368 4651 Dum
2395 4613 2492 4667 pro
2513 4613 2598 4654 me
2622 4607 2699 4654 tot
2717 4599 2937 4656 vulnera
2975 4602 3132 4658 video
3175 4611 3226 4658 te
3257 4604 3517 4674 perferre.

2297 4688 2486 4743 Nonne
2510 4691 2683 4760 magis
2707 4692 2853 4761 pium
2885 4701 2971 4749 est
2997 4693 3172 4748 virum
3193 4710 3222 4749 a
3251 4705 3304 4750 te
3330 4696 3554 4763 factum,

2234 4775 2432 4835 Tecum
2467 4781 2520 4834 in
2545 4781 2859 4838 vulneribus
2878 4791 3063 4838 tenere
3093 4785 3394 4855 subactum,

2234 4871 2404 4938 Quam
2426 4887 2456 4925 a
2487 4880 2539 4927 te
2559 4872 2830 4929 dimittere
2860 4874 2914 4929 in
2934 4875 3070 4929 nihil
3105 4878 3403 4942 redactum,

2235 4959 2665 5031 Cogitationibus
2693 4963 2922 5020 diversis
2951 4966 3104 5022 valde
3133 4969 3466 5024 subtractum

2303 5053 2493 5119 Curre,
2517 5068 2694 5119 curre,
2723 5055 3002 5112 vulnerate
3027 5055 3178 5124 Jesu,
3203 5059 3256 5113 in
3287 5060 3390 5115 hac
3419 5059 3576 5124 hora,

2234 5141 2314 5199 Ne
2354 5145 2490 5200 forte
2511 5145 2729 5201 amittas
2751 5161 2856 5206 me.
2886 5147 2932 5202 si
2967 5147 3185 5205 intersit
3211 5163 3363 5204 mora
3392 5167 3405 5203 :

3685 315 3807 371 (ϐο
