4030 5354
324 321 421 377 82!
1615 306 1976 366 OPUSCULA
2011 301 2279 363 SPURIA.

393 429 539 494 .lesu,
580 434 705 483 tuas
730 425 973 497 supplico
1002 424 1399 489 miserationes,

324 521 547 589 Propter
575 518 764 574 Matris
788 518 979 573 merita
1006 525 1063 572 et
1079 516 1371 578 orationes,

325 610 428 665 Per
452 618 767 666 sanctorum
788 609 1029 665 omnium
1052 606 1487 670 intercessiones,

328 704 397 761 Ut
426 719 654 775 pensem
678 719 779 775 ego
800 701 1001 774 jugiter
1034 709 1154 756 tuas
1178 699 1477 770 passiones.

402 793 532 848 Mibi
559 794 632 848 sit
654 792 919 865 pensandi
950 800 1001 846 te
1030 790 1284 860 copiosus
1305 788 1485 853 fletus,

329 884 556 955 Semper
579 886 681 939 sim
705 883 997 940 recordans
1027 881 1134 937 tuis
1152 879 1414 952 lacrymis
1439 877 1694 948 repletus,

338 978 470 1043 Oro,
501 977 588 1033 fac
607 989 668 1033 ut
687 992 963 1052 nunquam
989 975 1092 1031 sim
1112 974 1217 1029 nisi
1242 974 1295 1027 in
1335 980 1387 1027 te
1406 970 1586 1037 laetus,

330 1068 409 1125 Tu
437 1072 513 1126 sis
544 1086 724 1125 meum
765 1068 1042 1141 gaudium,
1070 1075 1126 1121 et
1153 1079 1311 1133 amor
1335 1071 1597 1119 secretus.

399 1156 520 1211 lam
544 1172 690 1213 nunc
713 1155 871 1210 Matri
901 1153 1131 1223 Virgini,
1165 1152 1364 1217 anima,
1392 1149 1631 1213 intende,

329 1245 602 1311 Quantum
642 1246 753 1315 ipsa
785 1244 962 1299 doleat
982 1243 1081 1297 sub
1111 1256 1274 1297 cruce
1302 1238 1595 1309 perpende.

336 1334 407 1390 Ut
431 1344 483 1391 te
506 1350 689 1390 secum
718 1334 991 1399 vulneret,
1014 1347 1206 1405 preces
1231 1346 1356 1385 mox
1387 1328 1654 1397 impende,

330 1425 399 1480 Et
435 1427 579 1495 quod
607 1424 683 1479 illi
714 1423 1004 1481 condoleas
1033 1421 1296 1493 lacrymis
1319 1419 1569 1474 ostende.

404 1512 448 1568 0
480 1521 741 1583 quantum
778 1527 859 1577 es,
884 1511 1147 1576 Genitrix,
1180 1510 1326 1563 intus
1350 1508 1615 1570 cruciata,

330 1600 413 1656 0b
455 1610 721 1657 tormenta
751 1601 873 1655 Filii
909 1610 1017 1657 tam
1049 1598 1402 1668 multiplicata
1435 1614 1451 1663 ;

330 1690 380 1746 0
407 1690 567 1762 Virgo
593 1691 827 1754 Christi,
857 1704 985 1746 vere
1005 1704 1123 1744 mea
1139 1688 1423 1753 advocata,

333 1781 463 1836 Mihi
495 1781 621 1836 inde
649 1780 851 1851 aliquid
880 1779 1055 1850 pande
1082 1788 1335 1834 exorata.

407 1870 453 1927 0
478 1888 601 1927 mea
622 1872 837 1936 ﬁducia,
869 1881 923 1926 et
945 1887 1061 1927 mea
1093 1878 1343 1941 patrona,

332 1963 527 2019 Omnis
555 1964 830 2033 pudicitiae
856 1963 1086 2019 rutilans
1107 1976 1329 2026 corona,

338 2054 470 2109 Esto
495 2069 733 2125 praesens
753 2056 969 2125 spiritu,
994 2054 1243 2123 quamvis
1279 2067 1387 2109 non
1412 2064 1665 2122 persona,

270 2181 280 2189 κ
339 2144 411 2201 Ut
436 2146 581 2215 quod
618 2145 735 2215 ipsa
762 2146 981 2211 doceas,
1008 2144 1223 2215 loquar,
1251 2144 1426 2199 Mater
1448 2145 1609 2199 bona.

408 2237 659 2306 Loquere
686 2252 855 2301 nunc,
884 2237 1130 2301 Domina,
1156 2250 1321 2308 super
1347 2250 1537 2291 omnes
1560 2235 1720 2305 digna
1738 2272 1754 2300 ,

342 2326 512 2382 Reum
545 2342 615 2382 ne
648 2326 939 2398 despicias,
971 2342 1184 2397 precor,
1210 2342 1243 2383 o
1275 2327 1507 2397 benigna
1538 2327 1552 2380 ι

342 2416 468 2471 Mihi
504 2424 595 2472 tua
626 2418 853 2473 vulnera
879 2420 1094 2474 concite
1116 2418 1338 2487 designa
1367 2434 1382 2484 ;

339 2506 420 2562 Ac
444 2516 610 2562 tantae
635 2509 877 2565 materia:
897 2510 1064 2566 verba
1086 2510 1154 2564 da
1188 2508 1476 2578 condigna.

412 2597 521 2653 Sed
551 2602 844 2669 respondes
866 2600 1092 2657 forsitan
1120 2614 1207 2656 me
1227 2614 1335 2655 non
1364 2613 1484 2656 esse
1510 2598 1692 2664 talem,

345 2689 441 2743 Cui
466 2690 609 2746 hanc
632 2689 909 2747 miseriam
934 2691 1140 2747 reveles
1169 2690 1453 2761 ptenalem,

346 2780 531 2851 Neque
559 2783 665 2837 tuis
689 2783 893 2839 ultimis
919 2786 1092 2840 servis
1117 2799 1235 2839 esse
1254 2782 1536 2853 aequalem,

351 2871 420 2927 Ut
454 2872 594 2928 hanc
617 2883 796 2943 petam
820 2874 1048 2943 gratiam
1074 2888 1104 2927 a
1137 2881 1190 2927 te
1220 2871 1532 2943 specialem.

420 2963 565 3028 Scio,
595 2965 733 3029 scio,
763 2964 1009 3031 Domina,
1039 2978 1125 3019 me
1151 2963 1428 3033 indignum
1458 2976 1600 3017 esse.

352 3051 453 3107 Sed
483 3053 611 3122 quid
637 3054 917 3108 accusanti
948 3069 1035 3109 me
1061 3053 1261 3123 poterit
1284 3053 1519 3109 obesse?

351 3142 427 3199 Te
449 3154 547 3212 pro
575 3144 685 3199 Deo
712 3144 971 3215 supplico,
1005 3143 1165 3214 Virga
1194 3144 1380 3213 stirpis
1403 3142 1576 3208 Jesse,

356 3233 426 3289 Ut
467 3242 522 3288 tu
548 3236 685 3290 meis
712 3235 968 3306 precibus
1006 3235 1246 3305 digneris
1271 3235 1484 3289 adesse.

420 3328 526 3385 Sed
546 3329 685 3384 dicis
706 3344 813 3385 non
841 3327 1021 3385 omnia
1061 3343 1147 3384 me
1185 3326 1345 3383 fateri
1368 3341 1519 3391 vere,

352 3417 461 3476 Nec
496 3421 641 3477 sicut
664 3421 1026 3492 peccaverim,
1054 3434 1308 3490 promere
1337 3419 1570 3484 sincere,

352 3508 609 3567 Oblivisci
634 3506 885 3580 plurima,
913 3510 1155 3580 quaedam
1181 3509 1429 3571 reticere,

357 3599 467 3657 Nec
493 3602 717 3657 vitando
738 3602 962 3656 crimina
987 3602 1124 3657 bene
1152 3598 1434 3669 poenitere.

426 3691 565 3758 Heu,
596 3691 765 3747 Mater
790 3691 1112 3755 clementiae,
1149 3690 1265 3744 haec
1294 3696 1420 3743 sunt
1443 3686 1574 3741 dura
1602 3686 1791 3753 verba,

354 3782 505 3849 Quae,
532 3784 670 3853 proh
701 3782 880 3838 dolor!
917 3796 1044 3836 vera
1080 3789 1226 3847 sunt,
1255 3779 1382 3834 licet
1408 3779 1517 3834 sint
1545 3778 1760 3832 acerba.

360 3877 495 3932 Nam
524 3876 693 3932 videri
720 3876 862 3931 sicut
894 3882 997 3939 est,
1025 3888 1133 3929 non
1154 3872 1268 3927 vult
1296 3886 1448 3927 mens
1469 3872 1699 3941 superba
1720 3888 1738 3938 -;

361 3969 491 4034 Sed,
526 3977 577 4023 te
608 3983 760 4039 rogo,
793 3982 925 4023 sana
952 3982 1039 4023 me
1066 3966 1136 4021 ob
1162 3966 1353 4021 salutis
1381 3968 1565 4021 verba.

428 4060 509 4114 En
546 4059 641 4114 tibi
672 4060 931 4115 conﬁteor
958 4072 1118 4114 omne
1147 4058 1354 4113 crimen
1377 4072 1578 4124 meum,

358 4150 420 4206 in
451 4151 687 4221 peccatis
709 4150 960 4207 omnibus
986 4150 1158 4205 fateor
1189 4165 1275 4206 me
1299 4164 1470 4213 reum,

361 4240 419 4295 ln
456 4241 651 4311 quibus
674 4242 957 4313 cognoscis
982 4255 1068 4295 me
1096 4239 1387 4296 offendisse
1413 4240 1601 4303 Deum,

362 4332 429 4388 Et
449 4341 508 4388 ut
526 4333 695 4389 salvet
725 4334 841 4405 ipse
867 4348 973 4400 me,
1015 4347 1233 4403 precor,
1268 4345 1402 4403 coge
1432 4346 1578 4385 eum.

431 4420 656 4477 Peccavi
680 4422 929 4493 superbia
954 4430 1009 4477 et
1039 4420 1177 4476 mala
1201 4420 1547 4491 cogitatione,

364 4511 520 4580 Visu,
548 4516 738 4580 verbo,
765 4529 929 4583 opere
959 4522 1013 4569 et
1037 4512 1354 4575 emissione,

361 4605 563 4672 Gustu,
594 4614 762 4673 tactu,
802 4606 1029 4660 naribus
1049 4613 1104 4661 et
1140 4604 1441 4670 auditione,

365 4697 531 4752 Multa
557 4698 884 4769 negligentia
909 4707 964 4751 et
992 4695 1369 4753 delectatione.

342 4800 345 4807 λ
437 4790 646 4860 Deliqui
675 4790 880 4845 malitia
910 4798 1241 4860 etperverso
1270 4802 1440 4854 more,

365 4884 423 4939 lu
460 4882 557 4936 Dei
586 4890 642 4936 et
661 4881 894 4952 proximi
933 4880 1146 4937 modico
1168 4894 1375 4945 amore,

368 4974 554 5040 Luxu,
584 4975 836 5040 avaritia,
868 4973 947 5028 ira
973 4983 1027 5028 et
1049 4973 1218 5027 livore
1251 4988 1267 5037 ;

368 5065 527 5132 Gula,
559 5075 612 5122 et
635 5067 839 5129 acedia,
870 5065 1012 5129 odio,
1051 5073 1294 5133 torpore.

442 5156 562 5185 ΙῙΙΜΑ
590 5158 681 5186 121εὲ
716 5155 980 5186 ηΛηΩΙΔΛη
1032 5162 1083 5186 ui
1122 5152 1494 5186 Omni-union]:

1916 424 1968 483 Α
1994 416 2064 473 Ut
2089 424 2147 471 tu
2176 417 2289 488 ipsa
2316 416 2491 471 salves
2513 429 2601 471 me
2620 413 2724 470 ista
2751 413 3066 469 auferendo.

2067 508 2175 563 Sed
2195 508 2322 577 quid
2344 521 2465 578 ago,
2490 506 2733 563 referens
2766 505 2953 561 sordes
2980 503 3259 570 foeditatis,

1995 598 2216 654 Auditui
2244 598 2483 671 Virginis
2510 613 2733 654 summa!
2758 598 3007 668 puritatis
3035 598 3059 651 ?

1996 688 2285 757 Horresco,
2313 689 2655 746 sanctissima
2682 689 2852 745 Mater
2878 689 3113 761 pietatis,

2001 781 2080 836 Ita
2114 781 2261 851 loqui
2294 782 2514 837 auribus
2535 781 2894 837 tnisillibatis.

2068 870 2379 942 Expavesco
2401 887 2468 927 ne
2503 888 2533 926 a
2570 888 2656 929 me
2695 870 2877 927 forsan
2900 879 2951 927 te
2978 882 3193 928 avertas

2004 953 2203 1019 Multas
2221 964 2291 1019 ob
2319 964 2634 1033 putredines
2662 964 2805 1019 intra
2845 979 2933 1021 me
2967 965 3215 1031 insertas,

2003 1050 2111 1106 Sed
2138 1067 2234 1122 per
2260 1051 2443 1107 Iesum
2471 1052 2734 1123 deprecor
2756 1053 2823 1108 ad
2854 1067 2939 1107 me
2962 1062 3011 1108 te
3041 1062 3321 1109 convertas

2002 1142 2059 1197 In
2087 1157 2193 1211 quo
2217 1151 2295 1197 tot
2314 1144 2562 1199 miserias
2592 1146 2875 1214 cognoscis
2906 1155 3014 1200 tam
3043 1155 3238 1200 certas.

2076 1230 2179 1297 'l'u,
2207 1246 2327 1300 qua:
2353 1239 2477 1287 vota
2503 1233 2741 1288 omnium
2769 1236 2857 1304 pia
2886 1234 3129 1300 intueris,

2003 1321 2259 1392 Nunquid
2291 1318 2611 1378 soli'misero
2632 1324 2763 1377 rn‘ibi
2793 1325 2926 1378 dura
2946 1325 3056 1379 eris
3079 1325 3102 1379 ἲ

2002 1410 2114 1465 Cur
2139 1412 2524 1468 misericordiae
2549 1422 2735 1469 notum
2758 1429 2952 1470 nomen
2980 1416 3147 1486 geris,

2006 1500 2066 1556 Si
2096 1502 2225 1557 mihi
2256 1504 2460 1574 petenti
2488 1514 2540 1559 te
2563 1518 2668 1559 non
2693 1505 2967 1562 misereris
2992 1508 3014 1561 ἳ

2078 1591 2229 1649 lianc
2260 1594 2706 1650 consuetudinem
2728 1606 2949 1667 propter
2985 1613 3070 1653 me
3092 1612 3197 1654 non
3231 1606 3407 1656 m‘u'tcs

2010 1680 2114 1737 Per
2144 1699 2306 1754 quam
2343 1685 2485 1742 soles
2510 1686 2727 1744 miseris
2752 1689 2978 1746 reddere
3003 1690 3225 1755 salutes,

1932 1759 1980 1820 Β
2011 1771 2119 1827 Nec
2140 1789 2247 1839 me,
2274 1777 2519 1844 quamvis
2549 1776 2791 1847 impium,
2820 1778 3024 1850 flagito,
3056 1779 3277 1845 refutcs,

2012 1862 2121 1920 Sed
2149 1876 2252 1922 tua:
2282 1868 2586 1925 clementize
2615 1870 2701 1926 fac
2724 1872 2775 1926 in
2805 1887 2892 1927 me
2914 1872 3163 1927 virtutes.

2086 1958 2417 2027 Recordare,
2446 1962 2692 2027 Domina.
2717 1979 2829 2033 prae
2863 1966 3075 2022 cunctis
3106 1966 3367 2035 perfecta,

2013 2046 2148 2113 Quia
2170 2048 2239 2105 ob
2269 2049 2561 2120 culpabiles
2596 2052 2748 2108 fuisti
2770 2054 2964 2121 electa,

2014 2136 2189 2192 Mater
2211 2150 2434 2210 propter
2454 2141 2686 2199 miseros
2714 2144 2810 2199 Dei
2835 2160 2894 2201 es
2920 2144 3137 2215 effecta,

2013 2229 2157 2301 Ergo
2178 2232 2325 2287 salva
2351 2234 2598 2301 miseros,
2629 2246 2815 2293 nostra
2838 2253 2960 2308 spes
2986 2248 3192 2296 erecta.

2087 2319 2163 2374 Te
2190 2335 2288 2389 pro
2314 2323 2417 2389 eis,
2456 2325 2703 2393 Domina,
2727 2328 2868 2382 Deus
2902 2338 2985 2383 est
3014 2330 3305 2402 ingressus.

2016 2410 2121 2467 Pro
2149 2413 2228 2468 eis
2256 2415 2503 2472 miserias
2532 2417 2794 2475 humanas
2824 2435 3131 2491 perpessus,

2016 2501 2122 2557 Pro
2153 2505 2306 2575 ipsis,
2327 2507 2543 2564 vidente
2565 2516 2641 2577 te,
2669 2510 2723 2564 in
2762 2512 3045 2569 tormentis
3070 2512 3265 2579 fessus,

2016 2594 2096 2649 Ac
2135 2596 2327 2653 mortis
2356 2600 2619 2670 angustiis
2647 2616 2747 2672 pro
2776 2602 2882 2658 illis
2905 2614 2988 2659 est
3026 2620 3267 2676 pressus.

2088 2686 2228 2757 Ergo
2260 2690 2433 2755 nobis,
2465 2690 2714 2759 Domina,
2735 2695 2843 2749 reis
2864 2696 2938 2750 sis
2965 2706 3177 2767 parata,

2016 2775 2329 2848 Eorumque
2357 2780 2601 2836 inﬁmum
2632 2784 2756 2839 audi
2782 2800 2867 2841 me
2896 2796 3105 2858 rogata,

2022 2867 2289 2926 Memento
2304 2886 2407 2943 pro
2431 2874 2627 2943 quibus
2650 2890 2709 2933 es
2740 2885 2947 2934 tantum
2978 2882 3239 2949 exaltata,

2021 2963 2090 3018 Et
2117 2980 2216 3035 pro
2251 2968 2448 3037 quibus
2478 2975 2571 3025 tua
2602 2979 2684 3026 est
2706 2973 2885 3043 proles
2912 2983 3262 3034 tormentata.

1949 3091 1996 3154 ς
2026 3146 2067 3154 ﬂ
2095 3056 2243 3113 Meas
2272 3073 2484 3129 preces,
2509 3061 2758 3130 Domina,
2791 3066 3027 3138 digneris
3050 3072 3259 3138 audire,

2026 3146 2094 3202 Et
2122 3165 2265 3205 nunc
2288 3161 2343 3206 et
2373 3152 2425 3207 in
2458 3163 2734 3224 posterum
2764 3172 2977 3229 semper
3000 3163 3309 3231 subvenire,

2026 3238 2135 3295 Fac
2163 3249 2284 3297 tuas
2310 3250 2474 3314 atque
2511 3245 2722 3302 Domini
2746 3248 2931 3320 plagas
2961 3266 3047 3307 me
3077 3251 3259 3320 ferire,

2028 3328 2098 3384 Et
2122 3331 2172 3384 in
2201 3334 2368 3387 corde
2394 3333 2598 3403 iugiter
2629 3337 2822 3393 devote
2845 3341 3064 3395 sentire.

2097 3421 2142 3477 Ο
2169 3421 2341 3477 fracta
2374 3423 2652 3481 doloribus
2678 3433 2826 3483 stans
2854 3430 2952 3484 sub
2981 3431 3159 3487 crucis
3184 3447 3276 3487 ara

2027 3512 2107 3567 Ex
2134 3513 2245 3567 nati
2284 3513 2595 3572 vulneribus
2621 3516 2777 3586 plena
2799 3529 2851 3574 et
2877 3536 3058 3575 amara
3093 3524 3106 3576 !

2026 3602 2104 3657 Da
2136 3604 2267 3658 mihi
2298 3615 2512 3674 partem
2539 3608 2759 3671 doloris,
2792 3624 2857 3663 ne
2884 3611 2958 3665 sis
2986 3628 3168 3679 avara,

2028 3694 2158 3761 Quae
2190 3694 2358 3765 larga,
2388 3704 2443 3751 et
2469 3696 2635 3752 libera
2666 3699 2807 3754 dicta
2838 3715 2896 3756 cs
2916 3711 2967 3755 et
2994 3717 3179 3773 gnara.

2100 3783 2144 3841 0
2167 3800 2285 3840 mea
2312 3785 2525 3842 ﬁducia!
2557 3788 2726 3844 Mater
2764 3790 3084 3858 Salvatoris,

2030 3876 2113 3932 Me
2149 3878 2404 3949 transﬁge
2429 3880 2607 3950 gladio
2632 3898 2751 3937 mox
2778 3884 2851 3938 tui
2881 3884 3102 3952 doloris,

2029 3968 2153 4023 Dita
2177 3983 2263 4025 me
2292 3985 2358 4025 ex
2389 3986 2612 4028 munere
2635 3975 2858 4043 perfecti
2883 3980 3105 4045 amoris,

2030 4058 2099 4112 Et
2131 4059 2217 4113 dic
2245 4074 2377 4115 meae
2404 4062 2598 4118 animae
2621 4065 2725 4120 vim
2752 4067 2825 4120 tui
2857 4070 3123 4126 maeroris.

2089 4148 2278 4221 .Nunc,
2306 4168 2449 4208 nunc
2468 4170 2706 4224 praesens
2734 4158 2923 4226 spiritu
2954 4159 3124 4215 Mater
3151 4160 3456 4234 singularis,

2035 4239 2113 4295 De
2142 4242 2248 4297 tuis
2278 4243 2551 4300 doloribus
2572 4246 2773 4315 aliquid
2804 4249 3062 4318 loquaris,

2037 4333 2193 4401 Quod
2224 4334 2439 4405 placere
2466 4336 2644 4390 valeat
2674 4339 2779 4391 tuis
2809 4340 2980 4395 servis
3011 4342 3210 4408 charis,

1961 4438 2017 4499 Ῑ)
2042 4427 2110 4483 Ει
2138 4441 2231 4484 eos
2258 4442 2544 4500 aspergere
2570 4428 2824 4501 Iacrymis
2850 4433 3067 4488 amaris.

2491 4518 2665 4574 Mater
2693 4521 2834 4576 Filio
2867 4540 3158 4593 compassa.

2111 4606 2419 4677 importuna
2448 4608 2649 4674 anima,
2679 4625 2776 4665 cur
2796 4612 2861 4666 ad
2889 4629 2974 4668 me
2998 4613 3075 4668 sic
3097 4614 3319 4682 clamas,

2042 4696 2213 4763 Quam
2248 4705 2354 4751 tam
2390 4713 2579 4769 parum
2614 4701 2826 4764 recolis,
2851 4712 2905 4758 et
2932 4713 3042 4757 tam
3074 4720 3263 4774 parum
3287 4721 3438 4765 amas

2042 4788 2152 4845 Sed
2177 4791 2311 4847 dicis
2336 4793 2551 4847 audisse
2572 4800 2624 4848 te
2654 4795 2719 4848 de
2742 4809 2825 4848 me
2853 4796 2971 4864 pias
2993 4796 3183 4865 famas,
3211 4809 3214 4812 ’

2044 4882 2113 4937 Et
2137 4883 2206 4938 ob
2234 4882 2337 4937 hoc
2365 4884 2642 4953 audaciter
2665 4884 2727 4937 ad
2752 4899 2839 4940 me
2868 4887 2946 4942 sic
2977 4887 3264 4944 acclamas.

2117 4970 2273 5026 Modo
2299 4971 2341 5025 si
2368 4973 2554 5027 audire
2584 4973 2666 5027 vis
2694 4988 2885 5044 poenas
2916 4992 3048 5034 mea:
3070 4980 3263 5037 mentis

2045 5059 2318 5119 Cruciﬁxo
2335 5061 2471 5117 Filio
2494 5077 2613 5117 meo
2641 5065 2996 5136 condolentis,

2044 5146 2324 5186 ναηῧιηίορ
2353 5154 2522 5186 Iul-“nn
2556 5153 2734 5186 ηηιηιῖο
2764 5155 3120 5186 Αῗρ....--..-ιξ-

3456 293 3621 350 623.
