4030 5354
373 335 394 352 ,
449 285 554 338 625
1505 281 1561 335 S.
1605 280 1902 340 ANSELMI
1939 279 2276 338 LUCENSIS
2307 282 2611 340 EPISCOPI

2045 401 2094 458 Α
2193 393 2325 448 Nam
2358 405 2466 449 tam
2491 397 2666 466 largas
2697 395 2964 467 lacrymas
2981 395 3124 452 oeuli
3147 397 3439 461 stillabant.

451 395 528 448 Ex
557 395 656 449 hoc
682 394 822 464 quod
857 403 911 448 tu
944 394 1148 464 cogitas
1185 394 1252 450 de
1283 407 1370 448 me
1397 393 1689 463 aliquando
1721 411 1733 446 :

451 485 507 538 Si
533 485 756 555 cognovi
785 485 1004 539 vulnera
1024 493 1218 540 cuneta
1243 483 1572 554 speculando

451 578 579 644 Quae
599 578 835 646 suscepit
859 577 1029 632 Filius
1051 592 1202 632 meus
1229 577 1524 634 tolerando.

521 668 672 722 Scias
720 667 845 735 quia
871 666 1022 736 dolor
1045 680 1131 720 me
1159 665 1214 720 in
1240 674 1444 722 tantum
1469 665 1772 735 premebat,

448 758 601 824 Quod
633 757 740 810 vim
771 757 882 812 fere
905 755 1149 827 corporis
1171 772 1296 812 cum
1327 771 1488 814 sensu
1519 756 1762 822 delebat,

449 850 554 905 Sed
583 851 875 905 immensus
897 848 1018 902 Filii
1047 862 1199 904 amor
1228 862 1315 904 me
1336 849 1586 920 cogebat,
1653 851 1664 866 '

449 943 648 999 Omnes
667 955 856 1012 pinnas
885 956 1110 996 eernere
1131 955 1266 1010 quas
1295 941 1410 1010 ipse
1435 939 1666 996 ferebat.

517 1033 744 1102 Quando
769 1048 986 1104 poznam
1015 1032 1250 1102 aliquam
1281 1031 1466 1087 inferri
1499 1031 1772 1098 videbam,

359 1109 364 1122 ’
446 1121 582 1178 Tota
610 1122 1027 1196 quasimoriens
1055 1138 1177 1176 mox
1203 1121 1542 1184 deficiebam,

447 1215 551 1269 Sed
591 1215 795 1269 amoris
819 1215 1016 1284 impetu
1050 1214 1233 1268 statim
1263 1213 1594 1277 revivebam,

443 1307 507 1362 Et
538 1314 802 1360 tormenta
835 1304 926 1359 lilii
965 1305 1120 1360 avide
1144 1304 1418 1358 videbam.

514 1395 646 1450 Nam
673 1411 792 1450 cum
815 1410 880 1464 eo
902 1411 1080 1450 meum
1116 1411 1210 1450 cor
1241 1402 1408 1450 totum
1439 1392 1740 1458 habitabat,

443 1487 611 1552 Quem
641 1485 984 1540 ineﬂ'abiliter
1008 1485 1310 1556 plusquam
1336 1499 1420 1538 lue
1443 1484 1688 1548 amabat,

441 1577 648 1633 Idcirco
675 1577 816 1648 quod
847 1577 1016 1632 Filius
1045 1591 1198 1631 meus
1229 1575 1512 1640 tolerabat,

441 1667 903 1725 lnconsolabiliter
927 1683 1105 1723 meum
1131 1682 1223 1724 cor
1253 1666 1532 1738 gravabat.

515 1761 651 1816 Nam
677 1776 800 1832 cum
824 1773 887 1814 eo
907 1773 1004 1814 cor
1039 1773 1216 1814 meum
1248 1759 1380 1812 dure
1411 1765 1492 1812 est
1519 1755 1772 1826 ligatum,

440 1850 714 1920 Colaphis,
748 1859 797 1906 et
826 1848 1020 1918 alapis,
1042 1848 1213 1917 sputis
1237 1848 1558 1912 cruciatum,

441 1941 664 1997 Probris
684 1949 738 1997 et
771 1940 1122 2010 blasphemiis
1151 1939 1364 1994 illusum
1392 1954 1456 1994 ac
1483 1947 1762 2003 vexatum,

442 2032 656 2103 Flagris
679 2029 794 2102 ejus
817 2029 1024 2101 asperis
1052 2029 1279 2084 multum
1311 2036 1722 2084 tormentalum.

513 2124 645 2180 Cum
670 2123 795 2178 Jesu
824 2133 908 2198 est
931 2138 1110 2178 meum
1133 2137 1229 2178 cor
1250 2122 1420 2192 spinis
1449 2129 1790 2186 coronatum,

447 2213 602 2285 Ligni
636 2212 814 2268 erucis
841 2213 1080 2284 pondere
1101 2225 1283 2268 secum
1314 2220 1620 2276 oneratura,

443 2308 523 2359 Ad
555 2305 730 2358 locum
763 2302 1025 2356 Calvaria:
1055 2317 1177 2358 cum
1208 2315 1272 2356 eo
1301 2309 1616 2366 tractatum,

445 2399 575 2469 Ejus
603 2407 730 2468 potu
759 2395 910 2452 felleo
939 2403 1020 2450 est
1054 2394 1431 2452 amaricatum.

517 2489 649 2542 Eum
679 2487 888 2558 magnis
909 2485 1186 2542 doloribus
1207 2485 1314 2541 vidi
1353 2483 1666 2558 spoliatum,

442 2584 684 2639 Delicato
716 2580 976 2653 sanguine
1009 2591 1176 2636 totum
1202 2589 1580 2648 cruentatum,

443 2677 577 2731 Cum
604 2675 729 2730 Jesu
755 2685 836 2732 est
861 2691 1036 2732 meum
1061 2689 1154 2730 cor
1181 2684 1417 2739 tensum,
1440 2682 1494 2728 et
1523 2671 1814 2738 clavatum,

445 2765 588 2822 Ecce
625 2765 776 2820 vides
803 2780 983 2820 meum
1011 2779 1105 2820 cor
1131 2771 1298 2820 totum
1326 2763 1646 2818 laceratum.

517 2853 910 2924 Contemplare,
935 2839 1150 2918 anima,
1181 2867 1364 2906 meum
1391 2866 1485 2908 cor
1511 2850 1804 2915 elavatum,

446 2947 512 3000 Et
547 2959 669 3000 cum
701 2958 819 2999 meo
841 2943 981 3000 Filio
1011 2957 1153 3013 saepe
1177 2943 1510 3012 perforatum
1542 2957 1559 3008 ;

447 3037 554 3091 Sed
583 3037 635 3092 iu
668 3036 771 3091 hoc
796 3045 880 3091 est
903 3035 1139 3090 maxime
1164 3047 1342 3088 meum
1372 3047 1467 3090 cor
1489 3041 1792 3104 gravatum,

445 3125 600 3193 Quod
629 3141 735 3180 non
763 3125 848 3180 his
881 3123 1156 3196 suppliciis
1183 3131 1267 3178 est
1292 3122 1400 3178 vita
1443 3124 1734 3194 privatum.

523 3215 630 3270 Sed
659 3214 1048 3270 inenarrabiles
1074 3227 1248 3286 ptume
1277 3227 1364 3268 me
1395 3212 1736 3283 torquebaut,

447 3307 674 3375 Quando
697 3322 909 3362 crucem
935 3307 1082 3376 impii
1108 3321 1319 3362 sursum
1344 3304 1651 3375 erigebant,

445 3399 581 3454 Nam
607 3415 727 3454 eam
754 3414 876 3454 cum
903 3400 1102 3470 impetu
1129 3408 1272 3454 stare
1303 3397 1597 3464 faciebant,

444 3493 514 3548 lit
538 3491 880 3546 iuell‘abiliter
899 3488 1081 3546 Iesum
1109 3488 1433 3560 afﬂigebant.

514 3585 586 3642 0!
615 3585 658 3640 si
683 3584 849 3638 scires
873 3593 1130 3652 quantum
1161 3595 1246 3636 me
1271 3594 1428 3650 poena
1459 3580 1572 3634 haec
1600 3580 1884 3649 gravabat,

446 3677 716 3742 Quantum
750 3673 955 3730 Christi
982 3687 1238 3728 manuum
1274 3671 1458 3744 plagas
1488 3671 1763 3734 dilatabat,

444 3771 728 3836 Quamque
757 3775 810 3820 et
843 3763 1260 3836 profundissime
1297 3765 1408 3833 ipse
1439 3764 1770 3833 suSpirahat,

446 3863 512 3917 Et
535 3875 696 3931 quam
726 3859 1066 3913 amarissime
1082 3857 1170 3911 ille
1193 3865 1318 3910 tunc
1339 3854 1609 3926 plorabat.

515 3951 737 4007 Stabam
767 3949 870 4005 sub
886 3947 1123 4019 patibulo
1151 3945 1319 4001 Mater
1343 3946 1458 4000 veri
1489 3946 1610 4012 Dei,

445 4041 648 4096 Fidens
670 4039 781 4110 pati
807 4037 1092 4093 Dominum
1117 4035 1386 4090 universa:
1409 4033 1488 4088 rei
1515 4049 1530 4100 ;

443 4130 809 4188 Condolebam
839 4127 1028 4183 intime
1049 4125 1168 4197 ejus
1198 4125 1420 4196 speciei,

442 4223 613 4291 Quem
643 4219 940 4277 deformem
972 4217 1214 4272 fecerant
1245 4215 1544 4288 torquendo
1569 4213 1760 4272 Judaei.

512 4313 570 4368 In
610 4311 866 4382 languore
893 4307 1129 4364 maxime
1181 4315 1238 4362 et
1265 4306 1452 4362 dolore
1482 4307 1660 4378 gravi,

438 4407 522 4462 Ad
551 4405 732 4461 Iesum
761 4399 1058 4470 saepissime
1081 4399 1266 4455 oculos
1293 4399 1484 4464 levavi,

442 4497 566 4551 Vae!
600 4494 717 4548 γωι
747 4493 886 4548 sicut
913 4502 1180 4562 poteram,
1209 4490 1316 4544 vae!
1344 4487 1462 4554 Fili,
1487 4490 1732 4544 clamavi.

442 4587 554 4656 Ego
579 4595 632 4640 te
651 4585 716 4638 ad
746 4596 936 4653 pomus
963 4582 1080 4644 has,
1110 4579 1260 4645 Jesu,
1293 4581 1565 4651 generavi.

513 4677 739 4748 Snspexi
771 4676 1042 4732 multoties
1065 4675 1132 4729 ad
1155 4682 1336 4728 natum
1361 4687 1703 4740 suspensum,

441 4770 501 4826 lu
533 4782 694 4822 cruce
714 4768 971 4822 atrociter
999 4765 1291 4831 clavatum,
1320 4773 1376 4818 et
1399 4763 1722 4829 distensum,

442 4859 630 4917 Solum
655 4857 859 4928 justum
887 4855 1056 4910 Deum
1097 4854 1237 4909 inter
1263 4867 1385 4908 reos
1409 4866 1656 4922 pensum,

441 4949 513 5006 Et
541 4947 770 5004 dolendo
789 4945 994 5018 perdidi
1029 4958 1166 5013 pene
1186 4957 1366 4998 meum
1393 4957 1634 4998 sensum.

513 5041 572 5096 In
599 5039 782 5096 dolore
807 5023 1044 5092 maxime
1073 5035 1266 5090 Filium
1297 5034 1568 5100 videbam,

443 5133 512 5190 Et
529 5131 718 5200 juvare
743 5129 954 5200 penitus
983 5143 1108 5184 eum
1135 5141 1241 5182 non
1269 5125 1532 5180 valebam.

444 5221 686 5256 (In-nilne
735 5215 964 5256 euenit-io
1021 5217 1286 5256 cinmrlmc
1313 5215 1538 5256 mh:th

2122 485 2276 552 Quod
2305 502 2414 556 pra:
2441 488 2780 544 multitudine
2809 488 2964 544 fletus
2981 489 3306 561 caligabunt,

2123 575 2260 642 Quia
2287 575 2416 630 nulli
2441 577 2670 632 aderant
2725 577 2818 647 qui
2847 581 3317 644 eosmnndabaut,

2125 664 2234 720 Sed
2266 665 2536 736 lugentem
2563 666 2849 722 Dominum
2879 668 3030 724 multi
3053 669 3476 725 subsannabant.

2191 755 2416 826 Dignum
2447 765 2610 826 caput
2643 756 2764 812 Filii
2789 757 2990 814 lassum
3009 758 3370 831 dependebat,

2121 841 2256 897 Nam
2288 843 2376 900 ubi
2397 845 2700 913 quiesceret
2719 847 2868 904 locus
2895 862 3004 904 non
3027 848 3300 912 manebat,

2119 933 2325 988 Praater
2349 935 2530 1004 spinas
2557 937 2780 993 minime
2807 938 3054 1008 pulvinar
3081 938 3334 1005 habebat,

2119 1023 2284 1092 Cujus
2313 1025 2469 1084 dolor
2487 1027 2766 1099 multiplex
2789 1029 3016 1084 multum
3047 1045 3132 1085 me
3159 1031 3468 1100 torquebat.

2189 1115 2377 1172 Manus
2409 1119 2818 1176 decentissimas
2843 1121 2970 1175 dum
2995 1136 3140 1192 saepe
3168 1123 3433 1192 spectavi,

2119 1205 2410 1264 Laceratus
2429 1211 2688 1280 graviter,
2713 1212 2814 1267 heu
2834 1213 2850 1266 ι
2871 1213 3234 1280 consideravi,

2118 1298 2262 1366 Quas
2292 1301 2560 1372 angebant
2591 1303 2838 1374 nequiter
2857 1305 3195 1375 perforantes
3221 1304 3383 1371 elavi,

2119 1391 2265 1460 Quos
2299 1393 2350 1447 in
2377 1393 2464 1449 his
2493 1394 2876 1451 trausfixerat
2903 1395 2977 1450 i'lli
3003 1397 3164 1452 nimis
3187 1398 3358 1466 pravi.

2187 1483 2387 1554 Aspexi
2413 1485 2762 1556 dignissimos
2785 1489 2948 1557 pedes
2979 1489 3230 1554 laudatos,

2117 1575 2252 1642 Heu,
2288 1592 2576 1647 percussos
2597 1579 2812 1645 malleo,
2843 1579 2987 1635 ferro
3023 1581 3338 1645 terebratos,

2118 1667 2317 1723 Omnes
2345 1677 2494 1724 artus
2514 1670 2766 1739 corporis
2787 1671 2946 1726 simul
2975 1673 3268 1738 cruciatos,

2051 1739 2093 1796 Β
2120 1759 2188 1814 Ει
2213 1775 2503 1830 compages
2531 1762 2732 1816 ossium
2764 1762 2880 1818 dire
2903 1763 3209 1834 dissipatas.
3533 1752 3618 1810 ’τέ’

2187 1851 2414 1907 Gustum
2445 1853 2548 1906 mei
2574 1853 2692 1908 Filii
2719 1853 2838 1908 felle
2859 1855 3200 1922 cruciabant,

2117 1941 2374 1996 Auditum
2405 1942 2754 2013 blasphemiis
2775 1941 2949 2001 Judaei
2979 1947 3268 2012 vexabant,

2120 2032 2387 2087 Olfactum
2417 2035 2730 2104 putredines
2761 2036 2860 2090 loci
2889 2037 3306 2102 tormentabant,

2117 2123 2186 2178 Et
2214 2123 2327 2179 haec
2353 2124 2512 2180 simul
2541 2126 2722 2180 omnia
2761 2127 2986 2182 multum
3017 2142 3104 2183 me
3129 2127 3450 2200 gravabant.

2188 2214 2272 2269 Me
2296 2216 2440 2286 loqui
2459 2217 2524 2270 ad
2561 2216 2758 2271 Filium
2791 2233 2948 2288 amor
2973 2219 3354 2289 compellebat,

2118 2304 2186 2359 Et
2207 2305 2558 2362 aﬂ'ectuosum
2591 2323 2684 2362 cor
2709 2323 2988 2366 sermones
3017 2309 3232 2376 edebat,

2120 2395 2250 2463 Sed,
2279 2397 2414 2452 heu!
2446 2397 2598 2452 dolor
2623 2398 2822 2453 nimius
2849 2413 2941 2454 eos
2967 2399 3330 2470 dirumpebat,

2117 2487 2269 2556 Quod
2295 2488 2456 2542 verba
2479 2487 2694 2544 edicere
2724 2489 2946 2546 minime
2983 2490 3220 2546 valebat.

2131 2629 2134 2632 .
2189 2577 2448 2634 Sensibus
2476 2577 2855 2651 languentibus
2880 2581 2993 2652 jam
3023 2581 3359 2647 deﬁeiebam,
3433 2569 3442 2576 ’

2117 2669 2184 2724 Ει
2212 2667 2510 2725 confractis
2537 2669 2749 2725 viribus-
2771 2671 2966 2728 doleus
2984 2672 3330 2737 corruebam,

2119 2760 2225 2816 Sed
2257 2769 2530 2830 resumpto
2558 2761 2776 2832 spiritu,
2807 2777 2958 2831 voce,
2997 2778 3102 2834 qua
3125 2764 3396 2830 valebam,

2117 2851 2176 2909 In
2207 2854 2370 2908 verba
2399 2852 2706 2923 hujusmodi
2735 2855 2916 2910 statim
2949 2857 3363 2926 prorumpebam
3389 2871 3407 2912 :

2189 2944 2308 3000 Vm!
2343 2945 2451 3001 vae!
2483 2945 2580 2999 Fili
2613 2945 2710 3011 mi,
2735 2949 2840 3001 rte!
2874 2948 2979 3000 var!
3007 2948 3170 3002 enare
3187 2955 3338 3013 nate,

2119 3031 2258 3088 Ecce
2290 3031 2343 3087 hi
2373 3033 2614 3102 perversi
2645 3047 2732 3088 me
2761 3033 3060 3089 diviserunt
3091 3051 3121 3089 a
3155 3043 3234 3098 te,

2117 3121 2325 3192 Adjuva
2355 3123 2738 3191 me,-obseero,
2769 3124 2822 3180 in
2855 3125 3162 3194 anxietate;

2118 3214 2257 3269 Audi
2287 3227 2500 3284 preces,
2532 3213 2790 3270 miserere
2826 3213 3015 3272 Matris
3040 3216 3316 3273 desolatam

2189 3305 2293 3359 Per
2321 3314 2394 3369 te,
2424 3303 2547 3369 Fili,
2577 3305 2739 3359 habui
2765 3306 2947 3360 omnia
2977 3308 3237 3376 secunda,

2122 3394 2183 3451 In
2213 3404 2284 3462 te,
2314 3394 2464 3460 Jesu,
2492 3395 2672 3451 exstiti
2698 3395 2898 3468 jugiter
2917 3398 3178 3470 jucunda,

2120 3485 2256 3553 Heu,
2281 3501 2424 3542 nunc
2447 3485 2500 3541 in
2525 3487 2744 3542 tristitia
2771 3503 2868 3558 per
2897 3496 2948 3544 te
2975 3505 3094 3544 sum
3125 3488 3411 3560 profunda,

2118 3575 2254 3644 Quia
2281 3585 2333 3632 te
2358 3577 2439 3632 sic
2469 3576 2677 3632 cruciat
2709 3577 2862 3632 turba
2894 3578 3010 3633 htec
3035 3577 3330 3634 immunda.

2187 3669 2388 3724 Tecum
2423 3668 2508 3725 fac
2531 3671 2684 3726 obire
2713 3686 2798 3726 me
2826 3685 2923 3741 per
2947 3673 3108 3728 istum
3135 3689 3382 3746 agonem,

2117 3760 2247 3828 Quae
2282 3769 2334 3818 te
2367 3759 2539 3832 ipsum
2564 3761 2672 3818 alui
2700 3763 2767 3818 ad
2793 3763 2934 3819 hanc
2959 3764 3297 3834 passionem,

2117 3852 2251 3922 Ego,
2275 3853 2404 3918 ben,
2437 3851 2629 3910 lactari
2663 3862 2714 3909 te
2739 3854 2805 3909 ad
2837 3855 3189 3922 occisionem,

2115 3943 2225 4000 Fac
2253 3959 2366 4011 me,
2385 3958 2604 4015 precor,
2627 3947 2887 4002 commori
2917 3961 3016 4018 per
3043 3949 3494 4018 eompassionem.

2183 4034 2242 4089 In
2281 4043 2331 4089 te
2355 4035 2718 4105 impassibilis,
2749 4035 2850 4093 Fili
2888 4037 2981 4104 mi,
3015 4037 3193 4104 fuisti;

2115 4124 2312 4180 Totum
2343 4126 2446 4183 hoc
2469 4129 2610 4199 quod
2637 4130 2854 4200 pateris.
2885 4129 2952 4186 de
2986 4146 3071 4186 me
3097 4131 3462 4202 assumpsisti.

2013 4227 2016 4230 '
2115 4215 2258 4286 Ergo
2285 4215 2370 4272 fac
2399 4225 2459 4271 ut
2489 4219 2695 4274 moriar
2725 4227 2900 4276 tecum
2927 4221 3074 4275 crede
3103 4221 3264 4288 tristi,

2113 4304 2251 4372 Quia
2289 4317 2342 4362 te
2369 4309 2592 4377 exposui
2619 4309 2750 4366 ditat:
2781 4311 2939 4365 morti
2970 4311 3081 4366 isti.

2041 4410 2094 4472 ῃ
2191 4395 2266 4452 Ol
2299 4397 2422 4467 quis
2453 4398 2540 4454 det
2569 4410 2627 4454 ut
2655 4401 2876 4457 subeam
2905 4415 3004 4472 pro
3035 4412 3104 4468 te,
3135 4399 3284 4470 Jesu,
3317 4411 3569 4468 mortem,

2121 4486 2290 4556 Cujus
2316 4503 2382 4543 ex
2415 4505 2504 4547 me
2528 4491 2778 4547 miseram
2811 4500 2866 4547 tu
2893 4493 3169 4564 sumpsisti
3196 4495 3428 4551 sortem?

2119 4577 2244 4644 Fili,
2278 4593 2375 4635 cur
2401 4581 2674 4652 permittis
2699 4599 2786 4638 me
2813 4598 2933 4638 esse
2962 4600 3104 4640 nunc
3126 4595 3233 4640 tam
3263 4585 3490 4640 fortem?

2121 4669 2294 4740 Rogo,
2325 4673 2608 4728 moriendo
2633 4673 2720 4729 fac
2747 4689 2832 4730 me
2859 4685 3004 4730 tuam
3032 4685 3358 4732 consortem.

2188 4758 2233 4815 Ο
2265 4775 2384 4816 mea
2415 4761 2622 4830 laetitia,
2653 4763 2818 4830 salus,
2849 4779 2972 4836 spes
2996 4775 3052 4822 et
3073 4765 3208 4832 vita,

2117 4845 2266 4916 Jesu,
2293 4865 2393 4906 cur
2418 4851 2680 4922 relinquis
2708 4869 2794 4908 me
2817 4855 3110 4910 desolatam
3139 4855 3248 4910 ita?

2119 4939 2226 4994 Cur
2251 4941 2369 4997 sine
2397 4941 2598 4999 auxilio
2625 4959 2746 4998 sum
2773 4943 2825 4999 in
2853 4945 3030 5016 poenis
3057 4945 3198 5000 sita?

2120 5031 2256 5096 Heu,
2289 5046 2408 5086 mea
2431 5031 2622 5087 solatia
2651 5042 2843 5089 cuncta
2879 5041 3006 5090 sunt
3036 5033 3206 5088 finita.

2189 5121 2322 5189 Quis
2351 5122 2480 5176 mihi
2513 5122 2579 5178 de
2605 5132 2802 5180 extero
2829 5124 3105 5194 praestabit
3131 5123 3367 5178 solamen
3385 5125 3416 5179 Ρ

2119 5210 2369 5256 Εἰς-πρεείς
2397 5211 2584 5256 audire
2611 5227 2753 5256 mmo.
2781 5222 3086 5256 malm-num
3113 5227 3424 5256 graminum-

3579 284 3698 343 ‘62!
