4030 5354
315 382 426 440 eas
1119 368 1129 376 '
1159 359 1192 370 λ’
1605 371 1966 432 oruscum
2001 373 2274 432 Sl’UltlA.

319 491 605 550 Consolari
635 489 914 563 lugubrem
943 487 1090 544 visus
1123 495 1206 542 est
1231 487 1546 542 clementer.

389 585 434 640 0
467 584 516 640 si
547 584 719 640 scires
747 581 982 652 qualiter
1017 579 1152 634 mibi
1181 577 1542 634 condolebatl

321 673 526 744 Nempe
553 687 654 744 pro
680 686 766 726 me
787 668 956 724 multo
985 667 1106 738 plus
1131 682 1294 738 quam
1321 681 1422 736 pro
1447 681 1506 722 se
1537 665 1842 738 languebat,

323 767 388 820 Et
409 778 528 835 ejus
555 762 844 834 pcenalitas
871 759 1102 814 multum
1131 773 1218 812 me
1247 759 1550 828 premebat,

321 857 398 911 Ae
425 863 686 924 utrosque
709 851 892 923 passio
917 849 1160 906 vicissim
1189 849 1446 920 angebat.

389 945 436 1001 0
465 946 732 1000 immensa
763 941 1000 1012 gravitas
1023 951 1080 996 et
1107 939 1436 996 anxietudo!

322 1037 488 1091 Poena
520 1033 830 1100 ittell'abilis,
854 1041 910 1088 et
940 1031 1280 1087 amaritudo!

321 1127 597 1194 Quantum
624 1125 828 1196 pressit
853 1125 1046 1180 ambos
1077 1137 1180 1178 nos
1211 1122 1312 1177 ista
1341 1119 1622 1186 habitudo,

321 1220 468 1287 Quos
499 1217 898 1274 intestimabilis
927 1216 1152 1272 strinxit
1183 1213 1492 1286 gratitudo!

553 1309 798 1365 Christus
826 1307 1054 1364 Matrem
1083 1305 1414 1362 commendat
1445 1303 1664 1359 Joanni.

393 1404 528 1458 Nam
557 1402 719 1458 morti
753 1400 1082 1472 appropians
1107 1399 1325 1462 ﬂentem
1361 1411 1450 1452 nte
1473 1396 1706 1464 vocavit,

320 1493 586 1548 Joannem
615 1491 670 1546 in
699 1491 868 1546 lilium
899 1489 1032 1544 mihi
1060 1487 1358 1552 ordinavit,

322 1585 406 1640 Me
436 1585 490 1639 in
513 1591 744 1638 matrem
773 1581 980 1652 pariter
1001 1579 1080 1636 illi
1106 1577 1534 1644 commendavit,

321 1675 388 1730 Et
427 1673 632 1731 doloris
660 1673 872 1744 gladius
899 1681 1028 1728 tunc
1051 1685 1138 1728 me
1159 1671 1480 1742 perforavit.

395 1767 729 1824 Semivivum
765 1766 1077 1827 Dominum.
1107 1765 1242 1820 ben!
1272 1763 1658 1826 audiebamus;

321 1857 494 1926 Loqui
523 1872 636 1927 prie
667 1856 926 1912 mmstitia
958 1853 1094 1910 nihil
1123 1853 1462 1918 valebamus,

319 1948 507 2002 .Iesum
543 1960 681 2018 pene
715 1955 990 2002 mortuunt
1023 1944 1126 2000 fari
1153 1943 1495 2008 videbamus,

325 2039 678 2110 Respondere
705 2038 930 2108 aliquid,
963 2037 1090 2102 heu,
1123 2051 1232 2091 non
1259 2042 1598 2106 poteramus.

396 2129 508 2201 Ego
539 2127 724 2185 cordis
753 2126 986 2196 jubilum
1017 2126 1122 2182 mei
1151 2125 1494 2190 amittebant,

323 2223 394 2278 Et
425 2223 478 2276 in
506 2220 706 2277 multas
727 2219 996 2291 lacrymas
1029 2226 1142 2273 tota
1171 2217 1494 2282 deﬂuebant,

327 2315 504 2368 Vitam
537 2327 672 2369 mea:
697 2311 892 2366 anima:
917 2311 1070 2366 obire
1097 2310 1374 2374 videbam,

323 2405 402 2458 Ac
431 2403 605 2474 poenis
631 2400 940 2473 ingentibus
961 2399 1074 2470 jam
1109 2400 1478 2471 liquefiebam.

761 2491 960 2561 thuid
987 2491 1312 2562 dereliquisti
1341 2489 1462 2544 me!

397 2583 532 2640 Nam
557 2592 612 2640 et
642 2581 724 2640 sic
750 2582 1066 2638 humanitas
1095 2581 1599 2653 derelinquebatur,

325 2678 436 2734 Nec
468 2685 594 2732 tunc
619 2675 671 2730 ei
701 2675 878 2732 deitas
899 2675 1294 2747 opitulabatur,

327 2769 502 2835 Unde,
529 2777 588 2825 et
613 2765 896 2839 passibilis
919 2766 1078 2823 valde
1105 2767 1458 2830 reddebatur,

327 2861 399 2914 Et
427 2877 522 2914 cur
549 2859 808 2929 reliquisti
837 2873 940 2922 me,
967 2856 1152 2912 Deut?
1184 2856 1524 2926 loquebatur.

395 2951 616 3015 Anima,
641 2950 688 3004 si
718 2949 964 3006 ruminas
993 2949 1228 3018 primum
1257 2948 1402 3002 hunc
1429 2946 1698 3014 dolorem,

327 3041 638 3096 Possidebis
665 3039 892 3093 forsitan
923 3037 1288 3110 lacrymarutn
1319 3051 1526 3102 rorem,

331 3133 397 3187 Et
425 3133 468 3187 si
505 3143 560 3186 tu
590 3131 784 3186 devota
813 3143 876 3185 es
901 3144 967 3185 ac
999 3129 1156 3198 cupis
1189 3129 1476 3193 honorem,

328 3222 592 3278 Meditare
621 3221 818 3292 saepius
847 3219 992 3274 hunc
1017 3233 1196 3274 meum
1235 3233 1550 3276 maerorem.

399 3317 446 3372 0
471 3313 841 3370 misericordia
877 3315 1146 3370 immensa
1173 3312 1400 3382 repleta,

329 3409 472 3465 Laus
499 3407 594 3461 tibi
621 3413 676 3462 et
695 3405 869 3468 honor
891 3403 986 3471 sit,
1017 3401 1210 3469 Mater,
1240 3403 1360 3460 sine
1391 3411 1559 3458 meta.

329 3498 546 3562 0tmtia,
578 3512 699 3568 quae
727 3495 868 3551 facta
907 3503 1056 3560 sunt,
1096 3503 1226 3550 nota
1257 3503 1314 3548 et
1344 3502 1578 3560 secreta,

333 3590 454 3645 Tibi
481 3589 693 3646 solvant
721 3588 946 3660 gratias,
973 3587 1164 3658 Virgo,
1191 3584 1370 3640 Verbo
1401 3585 1533 3641 feta.

402 3679 526 3734 Jam
551 3679 762 3735 obortis
787 3677 1046 3748 laerymis
1071 3691 1168 3747 per
1191 3675 1644 3746 compassionent.

333 3777 512 3846 Cogor
537 3776 936 3844 interrumpere
963 3781 1114 3828 tuum
1141 3771 1284 3828 hunc
1305 3785 1638 3836 sermonem,

335 3869 648 3924 Gratiarum
677 3865 908 3923 reddere
939 3864 1034 3920 tibi
1065 3865 1362 3932 actionem,

334 3961 405 4016 lit
431 3971 578 4016 tuam
603 3958 869 4018 extollere
904 3957 1336 4012 miserationem.

405 4052 452 4108 0
482 4067 602 4108 mea
636 4051 866 4107 fiducia!
895 4048 1070 4110 Mater
1095 4048 1190 4104 Dei
1219 4049 1352 4114 veri,

334 4145 442 4204 Per
469 4153 522 4201 te
551 4159 650 4201 oro
669 4143 882 4215 iugiter
905 4142 978 4198 ad
1012 4141 1158 4198 bona
1187 4140 1402 4212 urgeri,

335 4239 404 4294 Et
439 4255 466 4293 a
505 4238 666 4294 malis
697 4237 952 4294 omnibus
981 4249 1081 4307 per
1111 4243 1164 4290 te
1198 4233 1460 4296 coerceri,

333 4331 578 4402 Tuisque
607 4329 884 4388 doloribus
909 4341 1130 4410 semper
1161 4325 1472 4396 adimpleri.

411 4424 631 4481 Utinam
656 4439 780 4479 cum
803 4423 1058 4496 lacrymis
1086 4435 1304 4491 possem
1335 4429 1478 4474 nunc
1501 4431 1686 4489 rugtre

335 4519 404 4574 Et
433 4531 530 4589 pro
565 4527 642 4584 te,
666 4534 700 4573 o
729 4518 982 4584 Domina,
1017 4515 1248 4572 dolendo
1283 4512 1464 4569 obire!

335 4610 537 4666 Pinnas
565 4623 780 4680 semper
808 4623 898 4664 me
931 4619 1053 4663 tuas
1081 4621 1276 4676 precor
1301 4604 1386 4658 fac
1417 4601 1640 4666 sentire,

333 4699 512 4755 Meum
540 4715 637 4754 cor
661 4699 1024 4755 durissimum
1059 4695 1298 4768 digneris
1323 4693 1555 4749 mollire.

371 4779 380 4788 ’
409 4788 545 4854 Heu,
573 4803 745 4860 quare
767 4797 890 4860 post
917 4787 1137 4852 Filium,
1162 4785 1414 4848 Domina,
1439 4781 1660 4838 abiisti?

335 4883 485 4938 lleu!
513 4899 614 4938 cur
650 4882 720 4938 ad
753 4879 1018 4938 Calvaria:
1053 4879 1229 4938 locum
1255 4877 1509 4933 exivisti?

337 4974 486 5029 ileu!
519 4990 616 5030 cur
641 4973 889 5032 solitaria
921 4971 1066 5028 domi
1093 4985 1202 5026 non
1239 4969 1412 5034 fuisti,

337 5065 414 5122 Ne
440 5067 496 5121 in
521 5076 697 5122 morte
723 5063 955 5120 forsitan
985 5061 1277 5128 perimaris
1306 5061 1554 5118 Christi?

1927 493 1979 550 A
2079 489 2212 546 lleu!
2245 491 2582 562 contemplor
2605 499 2754 546 tuum
2785 507 2880 546 cor
2908 505 3054 561 smpe
3085 489 3442 566 perforatum,

2007 581 2074 636 Et
2106 598 2228 637 cum
2267 583 2526 638 membris
2553 581 2782 653 singulis
2813 581 2933 636 Filii
2967 583 3365 645 conclavatum,

2007 673 2149 728 Ecce
2179 674 2328 743 geris
2353 675 2492 728 intra
2525 683 2576 728 te
2601 673 2918 729 crucifixum
2949 682 3157 736 natum,

1979 765 2240 846 _Flagris,
2277 767 2475 836 spinis,
2515 766 2731 828 ictibus,
2769 765 2940 820 clavis
2975 763 3290 819 laceratum.

2077 855 2124 910 0
2152 871 2246 913 ιω·
2269 857 2612 923 delectabile,
2643 857 2816 922 dulce,
2854 857 3168 920 delicatum,

2009 947 2122 1003 lleu
2149 949 2164 1002 !
2195 963 2338 1002 nunc
2374 949 2426 1003 in
2463 947 2730 1020 angustiis
2755 945 2910 1003 valde
2935 947 3298 1006 immutatum,

2009 1037 2252 1102 Probris,
2281 1049 2334 1093 et
2358 1035 2713 1108 blasphemiis
2739 1035 2904 1091 nimis
2939 1033 3305 1100 molestatum,

2011 1127 2217 1200 Sputis,
2253 1127 2398 1192 felle,
2425 1127 2640 1184 ﬂetibus
2673 1133 2760 1182 est
2785 1126 3162 1182 amaricatum.

2079 1219 2124 1275 0
2151 1217 2600 1272 amabilissimum
2627 1231 2746 1282 cor,
2771 1217 2990 1287 plenum
3014 1215 3270 1274 duleoris!

2009 1309 2294 1375 Quomodo
2323 1310 2403 1364 sic
2433 1323 2755 1364 conversum
2783 1323 2844 1363 es
2873 1308 2995 1364 felle
3021 1309 3312 1364 laceraris?

2010 1399 2226 1456 Partem
2255 1401 2408 1466 mihi,
2441 1399 2647 1470 ﬂagito,
2673 1401 2740 1455 da
2769 1400 2844 1456 tui
2868 1401 3090 1465 doloris,

2013 1490 2429 1562 Lacrymarum,
2459 1492 2773 1556 vulnerum,
2799 1489 3112 1559 Christique
3143 1489 3437 1562 languoris.

2083 1581 2238 1636 Tune
2277 1582 2445 1640 cbaro
2481 1581 2750 1652 discipulo
2777 1581 2952 1637 Mater
2979 1585 3379 1648 commendata,

2013 1670 2084 1728 Ut
2113 1685 2266 1727 sacra
2297 1673 2546 1744 paginula
2579 1683 2723 1730 esset
2751 1683 3156 1740 consummata,

2013 1763 2200 1821 Proles
2231 1765 2324 1820 Dei
2351 1783 2365 1820 :
2393 1765 2550 1834 Sitio,
2591 1767 2726 1822 dixit
2761 1765 3019 1839 fatigata;

1939 1833 1986 1894 Β
2015 1856 2145 1924 Sed,
2177 1859 2303 1923 heu,
2339 1859 2516 1930 qualis
2536 1833 2594 1916 ei
2635 1861 2785 1931 potio
2818 1833 2902 1917 est
2934 1875 3122 1916 amara
3157 1859 3318 1916 data?

2083 1951 2130 2008 Ο
2171 1950 2394 2008 Hessia!
2421 1951 2667 2024 supplico
2699 1961 2848 2008 tuam
2887 1955 3174 2024 pietatem,

2017 2047 2160 2102 Pelle
2189 2061 2220 2100 a
2247 2063 2334 2101 me
2367 2047 2646 2116 crapulam
2677 2057 2731 2103 et
2757 2047 3099 2112 ebrietatem,

2015 2139 2070 2193 lu
2100 2139 2239 2194 cibis
2268 2149 2324 2195 et
2349 2142 2566 2210 potibus
2595 2141 2660 2195 da
2697 2141 3077 2204 sobrietatem.

2015 2231 2094 2288 Ne
2123 2233 2273 2288 sinas
2309 2247 2396 2287 me
2427 2231 2620 2288 cadere
2653 2247 2750 2302 per
2775 2231 3118 2286 edacitatem.

2091 2322 2237 2380 lleu!
2267 2337 2438 2392 quare
2463 2321 2622 2392 cupio
2651 2319 2860 2375 lautius
2887 2319 3079 2382 cibari,

2017 2413 2145 2469 Sive
2172 2413 2421 2470 delicatis
2450 2413 2588 2469 cibis
2619 2427 2896 2480 nunquam
2927 2411 3150 2466 satiari?

2020 2505 2066 2562 0
2097 2505 2224 2562 Jesu
2251 2506 2266 2560 !
2297 2520 2366 2560 ne
2395 2505 2544 2560 sinas
2575 2517 2674 2558 nos
2702 2502 2775 2558 ita
2806 2501 3086 2564 delectari,

2019 2596 2122 2664 Qui
2155 2594 2278 2652 felle
2306 2595 2560 2666 dignatus
2586 2607 2646 2650 es
2673 2607 2770 2664 pro
2799 2591 2957 2648 nobis
2987 2591 3185 2661 potari.

2091 2689 2268 2754 Tunc,
2295 2687 2436 2743 sicut
2462 2685 2736 2757 apostolus
2760 2683 2998 2741 Joannes
3029 2683 3277 2746 dictavit,

2017 2780 2176 2836 Jesus
2206 2796 2222 2838 :
2250 2779 2684 2836 Consummatum
2718 2787 2812 2843 est,
2841 2775 3029 2832 statim
3058 2771 3404 2838 exclamavit,

2022 2871 2222 2941 Sicque
2248 2886 2404 2926 suum
2433 2869 2688 2942 Spiritum
2717 2869 2866 2924 Patri
2895 2866 3302 2924 commendavit

2021 2961 2158 3018 Cum
2187 2962 2426 3017 clamore
2455 2959 2652 3026 valido,
2691 2969 2746 3014 et
2771 2959 2852 3016 sic
2883 2951 3174 3030 expiravit.

2092 3053 2358 3108 Lioriente
2389 3053 2621 3108 Domino
2651 3061 2795 3108 terra
2828 3049 3226 3117 contremebat,

1945 3177 1992 3238 ο
2026 3145 2426 3202 Scindebantur
2455 3143 2682 3213 lapides,
2715 3143 2796 3198 sol
2831 3143 3013 3198 lumen
3049 3141 3359 3206 claudebat,

2027 3237 2400 3309 Resurgebant
2437 3239 2659 3302 mortui,
2690 3235 2920 3308 populus
2952 3236 3237 3302 monebat,

2023 3329 2216 3385 Velnm
2256 3328 2440 3398 templi
2470 3329 2701 3384 scissum
2733 3337 2836 3394 est,
2865 3329 3036 3384 aether
3063 3343 3170 3382 non
3199 3327 3434 3384 lucebat.

2095 3418 2152 3474 Si
2179 3429 2306 3474 tunc
2328 3419 2664 3474 inscnsibilia
2691 3420 3183 3489 compatiebantur,

2024 3513 2092 3568 Et
2118 3513 2172 3567 in
2205 3521 2380 3568 morte
2411 3511 2624 3567 Domini
2655 3511 2864 3583 lapides
2891 3513 3306 3576 scindebantur,

2026 3603 2362 3660 Ernbcscant
2391 3604 2658 3672 homines,
2687 3606 2777 3674 qui
2815 3620 2920 3660 non
2950 3607 3364 3672 contristantur,

2025 3697 2162 3753 Dum
2187 3696 2390 3752 obiisse
2419 3695 2706 3752 Dominum
2736 3695 2920 3753 Jesum
2953 3699 3306 3754 meditantur.

2098 3787 2176 3844 Tn
2209 3786 2415 3854 dixisti,
2447 3787 2696 3853 Domine,
2726 3802 2824 3858 per
2853 3787 3171 3858 prophetam
3203 3806 3350 3856 vero,

2026 3879 2178 3945 Quod
2212 3889 2456 3934 nostrum
2487 3879 2759 3951 lapideum
2799 3879 2962 3936 velles
2997 3897 3092 3936 cor
3113 3881 3314 3946 delere,

2027 3969 2096 4028 Et
2132 3985 2226 4024 cor
2255 3977 2348 4024 tuo
2382 3970 2577 4040 populo
2615 3985 2873 4026 carnenm
2911 3973 3154 4041 praabere
3195 3973 3412 4044 (lfzrclt.
3461 3987 3512 4028 xl
3561 3984 3616 4028 ct

2171 4059 2394 4130 xxxvi);

2029 4147 2155 4214 Sed,
2187 4149 2319 4204 heu!
2349 4151 2436 4204 vix
2463 4151 2577 4207 vult
2599 4167 2856 4208 carneum
2884 4152 3086 4208 dolere.

2099 4239 2144 4294 0
2173 4239 2292 4304 plus
2319 4255 2484 4312 quam
2513 4241 2730 4312 lapidei,
2765 4244 2988 4312 ingrati,
3021 4243 3222 4316 indigni
3246 4245 3257 4300 !

2028 4333 2072 4385 0
2107 4330 2278 4384 nostri
2307 4331 2508 4385 duritia
2539 4333 2718 4387 cordis
2751 4333 3069 4406 imbenigni,

2031 4419 2218 4476 Nonne
2247 4421 2576 4476 contumelia
2609 4423 2774 4477 multa
2797 4439 2985 4479 sumus
3015 4425 3187 4496 digni,

1956 4523 2002 4580 ι)
2031 4513 2180 4580 Quod
2220 4529 2410 4582 parum
2440 4516 2800 4586 compatimur
2828 4517 2937 4588 regi
2971 4528 3079 4571 tam
3113 4517 3346 4588 insigni!

2101 4607 2146 4661 0
2175 4621 2270 4662 cor
2301 4608 2619 4676 pessimum,
2648 4609 2842 4663 durum
2873 4620 3036 4678 atque
3069 4624 3292 4674 vanum,

2031 4697 2230 4751 Durius
2256 4694 2546 4768 lapidibus,
2575 4699 2730 4767 quasi
2761 4699 3136 4756 inhumanum.

2031 4785 2232 4839 Saltem
2263 4801 2406 4842 nunc
2435 4797 2764 4857 compatcre,
2795 4789 2897 4845 nisi
2929 4789 3005 4844 sis
3033 4789 3322 4855 vesanum,

2034 4878 2170 4934 Dum
2207 4877 2286 4934 sic
2315 4880 2464 4936 vides
2489 4879 2602 4949 pati
2656 4881 2796 4949 quod
2830 4898 2935 4937 non
2960 4890 3044 4938 est
3071 4882 3388 4938 humanum.

2105 4969 2149 5026 Ο
2178 4969 2330 5036 Jesu,
2359 4971 2450 5040 qui
2480 4969 2670 5040 gratia:
2698 4969 2795 5024 das
2822 4973 3163 5042 donationes,

2033 5063 2236 5118 Omnes
2265 5069 2388 5118 tuas
2423 5061 2668 5128 supplico
2701 5061 3104 5128 miserationes,

3479 371 3584 426 (ἱἓὲ
