4030 5354
395 336 502 398 627
1463 355 1520 410 s.
1545 355 1640 410 AN
1651 355 1853 414 SELMl
1885 356 2221 415 LUCENSIS
2247 357 2555 416 EPISCOPI
2582 315 2586 320 ’
3547 361 3662 421 ess

397 451 524 519 Q't’a
552 458 731 532 lingua
760 462 1134 533 exprimentur
1164 473 1266 522 tua;
1295 467 1492 524 mentis
1517 472 1699 525 curae?

407 544 604 616 Quales
635 557 762 605 nato
788 561 998 609 mortuo
1026 564 1128 609 tua:
1153 556 1260 610 sint
1291 561 1546 614 tortum?

480 645 526 699 0
548 644 672 713 quis
707 646 880 713 novit,
911 661 1029 704 mea
1059 664 1202 719 spes,
1238 658 1360 705 tuos
1381 652 1674 720 cruciatus,

408 732 636 801 Quando
660 734 817 792 Jesus
839 752 1020 792 coram
1059 747 1113 793 te
1142 747 1225 798 est
1259 741 1721 812 translanceatus,

407 822 632 889 Quando
661 825 740 879 sic
771 841 1085 894 percussum
1115 839 1200 886 est
1224 831 1354 886 illud
1383 843 1628 888 sanetum
1661 835 1822 903 latus,

407 912 574 980 Cujus
599 917 816 985 sanguis
841 919 1072 990 pretium
1099 930 1346 980 nostrum
1373 933 1460 978 est
1486 927 1737 981 vocatus?

479 1003 590 1058 Etsi
620 1020 816 1077 corpus
846 1009 1093 1066 exanime
1120 1011 1260 1068 ictus
1295 1028 1402 1069 non
1427 1015 1713 1085 gravabat,

408 1095 515 1151 Sed
542 1107 688 1153 tuum
715 1101 931 1158 beatum
960 1119 1055 1162 cor
1087 1106 1203 1164 dire
1227 1107 1561 1177 perforabat,

405 1187 620 1244 Lancea
656 1191 799 1248 latus
823 1193 1022 1251 Christi
1052 1212 1245 1254 cruore
1273 1200 1608 1269 rubricabat,

407 1279 512 1334 Sed
542 1281 707 1339 totius
734 1283 971 1342 vulneris
996 1287 1150 1344 dolor
1179 1296 1230 1345 te
1259 1291 1553 1346 cruciabat.

473 1371 632 1428 Juxta
664 1390 879 1432 erucem
909 1378 1028 1434 Filii
1062 1379 1233 1435 Mater
1267 1382 1579 1450 assistebat,

401 1465 554 1521 Fletu
585 1470 924 1529 amarissimo
947 1472 1149 1544 jugiter
1172 1473 1411 1546 lugebat,

405 1555 542 1611 Nam
569 1573 728 1619 sensu
757 1571 1006 1619 emortuo
1035 1564 1151 1635 ipsa
1177 1564 1268 1620 vix
1296 1565 1530 1630 vivebat,

406 1648 551 1704 Voce
587 1658 749 1720 atque
777 1653 1003 1720 viribus,
1032 1655 1168 1726 proh
1198 1655 1376 1712 dolor!
1411 1657 1650 1714 carebat.

367 1723 385 1772 ⁸
477 1740 588 1796 Ima
613 1743 810 1798 cadens
832 1745 989 1799 anxia
1020 1723 1288 1816 prostrata
1312 1747 1567 1817 pallebat,

409 1830 610 1888 Vivens
639 1833 739 1890 fuit
763 1844 994 1904 mortua,
1022 1838 1258 1894 moriens
1279 1840 1523 1905 vivebat;

403 1921 550 1981 lleu!
583 1925 741 1994 plena
769 1928 1030 1999 angustiis
1057 1930 1234 1984 anima
1265 1931 1554 1999 pendebat,

402 2015 606 2073 Vivens
642 2025 821 2078 tamen
851 2028 1061 2074 mortua
1093 2021 1229 2075 mori
1260 2036 1366 2079 non
1394 2021 1628 2078 dolebat.

473 2105 817 2178 Rursumque
838 2124 898 2164 se
917 2110 1131 2180 erigens
1158 2111 1212 2166 in
1234 2111 1416 2167 dolore
1445 2113 1642 2174 stabat,

402 2195 470 2256 Et
493 2199 816 2268 pendentem
842 2199 1128 2260 Dominum
1167 2202 1302 2260 ﬂens
1329 2203 1734 2268 considerabat,

405 2287 538 2349 Mori
573 2290 860 2363 plusquam
895 2293 1077 2350 vivere
1111 2303 1260 2350 certe
1289 2297 1600 2366 adoptabat,

403 2383 542 2443 Dum
579 2384 776 2454 deponi
801 2385 999 2441 Filium
1034 2403 1190 2442 suum
1219 2389 1588 2460 exspectabat.

479 2475 631 2532 Tunc
656 2477 871 2533 dicebat
895 2476 1102 2546 ejulans
1129 2478 1233 2534 illis
1267 2479 1606 2550 depravatis;

401 2563 566 2630 Ecce,
602 2565 885 2624 desideriis
911 2568 1108 2623 vestris
1137 2570 1550 2636 consummatis,

404 2651 532 2712 Mihi
566 2655 722 2711 Matri
748 2657 960 2714 misera:
987 2673 1184 2729 corpus
1211 2659 1516 2730 deponatis,

405 2743 525 2811 Vel,
556 2745 603 2801 si
634 2745 782 2814 libet,
815 2748 890 2804 illi
914 2764 1001 2804 me
1027 2751 1270 2805 necando
1291 2749 1553 2822 jungatis.

476 2837 646 2894 Suum
673 2849 856 2898 natum
886 2849 1106 2913 tangere
1137 2843 1308 2900 Mater
1328 2844 1610 2914 cupiebat,

404 2929 586 3000 Seque
613 2943 874 3002 quantum
904 2942 1117 3006 poterat
1146 2949 1358 2998 sursum
1390 2936 1653 3007 erigebat,

407 3022 516 3078 Sed
541 3039 664 3080 cum
693 3039 818 3080 eum
847 3033 1068 3098 tangere
1098 3041 1436 3096 nequaquam
1464 3027 1696 3095 valebat,

407 3113 546 3181 lleu,
567 3115 634 3170 ad
663 3125 858 3176 terram
886 3117 1078 3173 debilis
1102 3119 1342 3190 graviter
1366 3119 1621 3187 cadebat,

475 3206 675 3262 lterum
700 3207 902 3263 amoris
927 3209 980 3264 vi
1015 3224 1232 3279 sursum
1269 3207 1569 3276 ferebatur,

406 3299 475 3356 Et
501 3299 686 3358 crucis.
701 3299 999 3370 patibulum
1029 3315 1153 3354 mox
1180 3299 1606 3369 amplexabatur,

407 3389 712 3462 Filiumque
743 3401 964 3463 tangere
994 3391 1221 3452 multum
1245 3392 1543 3457 nitebatur,

409 3481 516 3536 Sed
544 3480 609 3535 ad
642 3490 842 3542 terram
878 3482 1087 3548 durius,
1113 3483 1243 3540 heu!
1278 3482 1654 3538 collidebatur.

481 3572 556 3627 lbi
576 3571 766 3641 jacens
791 3574 948 3632 anxia
978 3574 1119 3630 male
1148 3575 1520 3645 torquebatur,

409 3666 692 3720 lmmensis
724 3666 1020 3732 doloribus,
1051 3667 1186 3721 heu!
1214 3667 1642 3736 opprimebatur,

414 3755 507 3809 Sic
530 3755 816 3809 cadentem
843 3757 1159 3826 sanguinem
1189 3757 1622 3822 deosculabatur,

407 3848 528 3915 Quo
555 3861 747 3902 cruore
772 3846 938 3903 facies
967 3846 1128 3902 rubra
1158 3847 1502 3905 reddebatur.

482 3937 627 3992 Inter
648 3938 764 3994 haec
793 3936 1042 4007 discipuli
1071 3935 1198 3996 Jesu
1224 3937 1330 3993 duo
1357 3938 1519 4009 grati,

409 4027 749 4093 Nieodemus,
776 4037 829 4083 et
855 4027 1052 4098 Ioseph
1081 4029 1180 4099 (sic
1208 4036 1335 4084 sunt
1357 4028 1662 4100 appellati),

411 4119 623 4190 Adepta
650 4119 868 4176 licentia
893 4119 1140 4189 praasidis
1165 4118 1351 4188 Pilati,

415 4210 484 4268 Ut
506 4209 688 4265 Jesum
714 4210 1062 4280 deponerent,
1093 4219 1357 4268 venerunt
1382 4212 1577 4281 parati.

481 4302 632 4358 Tunc
669 4316 866 4372 corpus
919 4312 971 4358 et
994 4302 1215 4358 brachia
1242 4300 1414 4356 Mater
1441 4305 1772 4372 assumebat,

411 4393 482 4446 Et
509 4393 576 4448 ad
608 4407 667 4448 se
700 4393 1106 4449 mcestissimam
1137 4393 1353 4449 concito
1387 4397 1656 4464 trahebat,

412 4487 588 4554 Super
605 4485 722 4554 jam
744 4487 1044 4556 depositum
1083 4486 1269 4544 osculo
1296 4487 1510 4553 ruebat,

413 4575 618 4630 Satiari
649 4577 869 4639 minime
893 4577 958 4631 de
991 4585 1119 4644 nato
1141 4577 1371 4634 valebat.

483 4667 638 4722 Tunc
675 4670 742 4722 ad
771 4678 932 4737 caput
953 4668 1076 4722 Filii
1107 4669 1190 4727 sui
1225 4668 1399 4724 Mater
1425 4671 1624 4736 stabat,

411 4757 746 4825 Bcatamque
772 4755 964 4812 faciem
992 4757 1243 4829 lacrymis
1267 4758 1492 4829 rigabat,

411 4848 569 4918 Saepe
595 4846 1010 4917 profundissime
1035 4862 1254 4920 gemens
1281 4850 1608 4923 suspirabat,

415 4937 595 5008 Seque
625 4936 794 5006 ipsam
828 4935 1028 4992 feriens
1051 4937 1186 4994 tales
1212 4953 1371 4994 voces
1403 4940 1562 4994 dabat
1587 4957 1600 4992 :

485 5027 530 5084 0
558 5027 660 5083 Fili
685 5028 1035 5095 charissime,
1056 5029 1184 5097 quid
1214 5028 1345 5083 mihi
1375 5029 1590 5086 fecisti?

399 5102 520 5184 {Cur
542 5119 712 5176 Judrei
743 5121 904 5178 morti
938 5129 989 5176 te
1019 5119 1358 5184 tradiderunt
1388 5121 1509 5178 isti?

399 5165 591 5289 ‘iQuare
618 5228 706 5270 me
731 5215 1040 5289 relinquere
1073 5222 1196 5284 post
1228 5222 1280 5268 te
1309 5214 1565 5269 voluisti?

397 5279 682 5354 ⁸Βιιιξιειιιθιιίξ
712 5307 920 5354 sniritni
951 5321 1071 5354 men
1099 5306 1262 5354 nimis
1289 5307 1454 5354 tristi-

2009 489 2050 539 Α
2089 472 2225 526 Dum
2261 473 2414 545 virgo
2442 471 2660 544 concepi
2697 479 2767 538 te,
2803 472 3094 544 peperique
3117 475 3337 529 natum?

2079 565 2138 620 ln
2171 580 2418 637 magnam
2451 565 2787 632 maestitiam,
2817 566 2958 621 heu!
2987 582 3130 622 nunc
3159 576 3242 623 est
3272 575 3562 637 mutatum,

2079 654 2216 708 Dum
2251 663 2303 709 te
2339 669 2519 710 meum
2549 655 2800 724 gaudium
2824 653 2983 710 video
3007 664 3279 710 necatum.

2154 742 2262 799 Sed
2288 743 2517 799 dolendo
2553 743 2778 798 Domina
2804 752 3040 800 mentem
3064 745 3440 812 conservabat,

2024 813 2035 827 ’
2080 833 2268 889 Fidem
2302 833 2512 888 firmam
2543 833 2786 889 retinens
2819 833 2954 889 nihil
2987 835 3334 905 desperabat,

2075 926 2189 983 lmo
2215 927 2360 997 juste
2389 926 2578 993 doluit,
2607 934 2664 982 et
2689 933 2833 982 recte
2858 924 3128 997 plorabat,
3565 933 3600 969 δ

2078 1019 2216 1074 Dum
2248 1017 2444 1086 injuste
2478 1017 2764 1072 Dominum
2790 1016 2985 1088 perimi
3011 1015 3314 1086 spectabat,
3569 1024 3586 1032 “

2148 1108 2301 1164 Tunc
2328 1107 2573 1164 volentes
2603 1109 2887 1164 Dominum
2919 1107 3166 1178 sepulcro
3193 1108 3391 1172 locare,

2078 1199 2157 1256 Ne
2185 1211 2294 1254 tam
2325 1201 2435 1256 cito
2464 1200 2723 1268 facerent,
2746 1201 2910 1271 cmpit
2937 1202 3053 1255 haec
3083 1215 3296 1270 rogare.

2051 1293 2145 1354 ,ιιί
2181 1293 2432 1349 volebant
2457 1301 2731 1349 mortuum
2761 1292 3051 1363 sepulturae
3078 1292 3232 1358 dare,

2077 1385 2194 1457 Ipsa
2224 1385 2291 1440 ad
2315 1400 2374 1440 se
2401 1386 2514 1442 visa
2543 1393 2628 1440 est
2653 1399 2850 1454 corpus
2879 1393 3200 1440 retractare.

2151 1477 2295 1531 Inter
2320 1491 2414 1532 eos
2441 1476 2622 1531 taliter
2641 1475 2728 1546 pia
2757 1474 2822 1530 lis
2857 1475 3043 1539 flebat,

2078 1568 2147 1622 Et
2176 1582 2364 1623 eorum
2391 1568 2571 1622 acrius
2590 1566 2814 1636 quilibet
2843 1565 3078 1630 dolebat,

2078 1659 2145 1712 Et
2171 1673 2267 1729 pro
2300 1659 2469 1714 Matre
2503 1657 2721 1729 Virgine
2750 1658 2985 1712 maxime
3021 1657 3332 1727 plangebat,

2079 1749 2231 1816 Quod
2260 1750 2375 1818 ipsa
2401 1757 2510 1802 tam
2542 1749 2700 1802 anxie
2717 1747 2920 1818 jugiter
2946 1746 3182 1817 lugebat.

2015 1834 2062 1893 B
2162 1837 2313 1894 Tunc
2343 1838 2408 1894 ad
2439 1839 2677 1894 tumbam
2704 1837 2917 1894 Domini
2949 1837 3124 1907 angeli
3155 1846 3440 1906 venerunt,

2084 1929 2148 1986 Et
2173 1929 2383 2000 sepulto
2413 1928 2642 1985 Domino
2676 1927 2864 1982 laudes
2891 1927 3288 1998 persolverunt,

2086 2019 2194 2077 Sed
2222 2020 2404 2076 Maria:
2430 2019 2572 2076 oeuli
2600 2021 2869 2092 lacrymas
2897 2019 3173 2086 fuderunt,

2083 2110 2362 2181 Singultus
2390 2121 2446 2168 et
2474 2111 2706 2184 gemitus
2735 2112 2907 2181 ipsam
2937 2120 3289 2166 vexaverunt.

2154 2201 2363 2259 Taliter
2389 2203 2443 2258 in
2471 2202 2676 2258 tumulo
2702 2201 2919 2258 Christo
2942 2201 3228 2288 collocato,

2081 2295 2332 2354 Genitrix
2362 2293 2677 2350 tristissima
2704 2292 2978 2349 benedixit
3007 2302 3157 2358 nato,

2080 2386 2514 2453 Commendavit,
2535 2386 2770 2453 aestimo,
2797 2400 2922 2440 eum
2949 2384 3095 2438 Patri
3123 2393 3302 2454 grato,

2080 2479 2334 2545 Gemens,
2367 2477 2502 2534 ﬂens
2523 2487 2578 2534 et
2603 2477 2813 2547 ejulans
2837 2491 2935 2547 pro
2965 2475 3312 2531 mortificato.

2150 2569 2231 2625 En
2256 2570 2348 2640 qui
2377 2584 2653 2640 nunquam
2684 2569 2932 2634 moritur,
2968 2567 3224 2622 Dominus
3248 2567 3496 2634 deorum,

2082 2661 2352 2733 Sepelitur
2381 2669 2623 2718 mortuus
2647 2660 2897 2716 manibus
2929 2675 3172 2725 suorum,

2083 2753 2253 2817 Quem
2283 2767 2383 2808 nec
2421 2761 2564 2807 terra
2592 2752 2851 2816 continet,
2877 2767 2975 2806 nec
3006 2751 3128 2806 coeli
3152 2750 3436 2818 ccelorum,

2084 2841 2310 2899 Clausus
2335 2851 2418 2898 est
2441 2843 2540 2898 sub
2566 2842 2744 2913 lapide
2769 2856 2922 2897 more
2945 2849 3302 2897 mortuorum.

2156 2937 2311 2994 Tunc
2332 2937 2445 3004 hic,
2476 2937 2566 2993 cui
2591 2928 2852 2992 Dominus
2877 2934 3102 2990 Matrem
3127 2933 3551 3000 commendavit,

2082 3027 2321 3082 Joannes
2350 3027 2626 3092 videlicet,
2651 3026 2924 3098 lugentem
2961 3024 3180 3090 levavit,

2084 3117 2393 3191 Urbemque
2419 3117 2723 3175 Jerusalem
2755 3132 2879 3174 cum
2922 3131 2986 3171 ea
3020 3116 3267 3182 intravit,

2007 3194 2055 3256 ο
2084 3208 2152 3264 Ει
2173 3209 2249 3276 ei,
2278 3219 2339 3264 ut
2365 3207 2558 3274 Filius,
2595 3207 2733 3263 bene
2760 3205 3109 3261 ministravit.

2093 3375 2100 3381 '
2161 3301 2314 3356 Tunc
2341 3300 2548 3356 devotae
2575 3300 2815 3366 feminae,
2845 3314 2966 3370 quae
3003 3299 3104 3353 ista
3135 3297 3410 3364 viderunt,

2087 3393 2218 3462 Quae
2245 3393 2512 3450 viventem
2539 3393 2826 3448 Dominum
2852 3399 3052 3447 secutae
3074 3391 3312 3458 fuerunt,

2088 3487 2300 3543 Mortuo
2325 3486 2646 3556 obsequium
2678 3492 2832 3556 grate
2861 3483 3233 3554 praebuerunt,

2086 3579 2344 3635 Emcntes
2379 3587 2623 3633 aromata
2647 3577 2696 3630 ei
2722 3583 3167 3646 parentaverunt.

2157 3667 2302 3722 lnter
2330 3681 2466 3736 quas
2497 3663 2806 3735 Magdalena
2836 3664 2956 3718 talis
2980 3664 3289 3728 videbatur,

2088 3759 2242 3827 Quod
2270 3773 2432 3814 sexus
2459 3756 2678 3812 feminei
2706 3753 3144 3820 obliviscebatur,

2089 3849 2226 3904 Nam
2254 3864 2484 3920 pergens
2513 3849 2567 3902 in
2603 3847 2840 3904 tenebris
2867 3846 3002 3900 nihil
3032 3846 3346 3911 verebatur,

2089 3939 2158 3995 Et
2189 3939 2473 4008 quaesitum
2502 3937 2728 4003 invenit,
2757 3952 2787 3992 a
2815 3951 2918 4006 qua
2949 3936 3271 4006 ungebatur.

2168 4030 2277 4086 Sed
2303 4028 2468 4100 Virgo
2493 4043 2762 4099 puerpera
2787 4025 3002 4082 ﬂetibus
3031 4027 3277 4086 vacabat.

2088 4121 2420 4192 Languendo
2443 4131 2561 4191 post
2589 4119 2784 4175 Filium
2807 4117 3012 4190 iugiter
3033 4118 3303 4188 plorabat,

2087 4211 2298 4278 Quanta
2328 4211 2442 4280 ipse
2464 4225 2657 4281 passus
2690 4209 2780 4273 sit,
2805 4210 2873 4264 ad
2903 4217 3145 4262 mentem
3167 4207 3478 4271 revocabat,

2087 4300 2156 4356 Et
2188 4303 2240 4356 in
2271 4302 2434 4358 corde
2460 4299 2715 4370 languido
2740 4298 2916 4355 flendo
2946 4298 3271 4353 ruminabat.

2158 4391 2257 4446 Die
2288 4401 2468 4446 autem
2501 4389 2663 4448 tertio
2687 4388 2904 4444 Christo
2934 4397 3273 4457 resurgente,

2087 4481 2338 4550 Captivos
2366 4481 2434 4536 ab
2461 4478 2648 4534 inferis
2679 4491 2868 4534 secum
2900 4476 3184 4540 educente,

2009 4531 2063 4593 ι)
2096 4531 2804 4639 ὗὲὲἔέιζίὶεὖῖιιέιίεὲίιιεθὰε
2829 4565 2970 4624 οωιο
2997 4531 3244 4634 repenle,

2092 4663 2428 4720 Terranuotu
2454 4661 2660 4732 pariter
2683 4659 2826 4715 facto
2854 4659 3203 4720 vehemente,

2161 4755 2280 4810 Jam
2307 4769 2467 4813 mane
2487 4752 2801 4824 Magdalena
2831 4753 2895 4808 ad
2925 4751 3164 4805 tumbam
3195 4748 3476 4819 pergebat,

2094 4850 2161 4906 Et
2196 4863 2378 4903 secum
2411 4854 2656 4904 aromata
2695 4852 2881 4915 parata
2911 4843 3142 4906 ferebat,

2094 4941 2205 4994 Nec
2241 4954 2411 5004 arma,
2441 4952 2541 4993 nec
2569 4936 2814 4992 homines
2842 4934 2987 4991 feros
3019 4934 3314 4997 metuebat,

2092 5032 2198 5088 Sed
2223 5030 2500 5085 ferventer
2529 5027 2758 5097 diligens
2781 5027 3069 5086 Dominum
3095 5025 3392 5096 quaerebat.

2162 5123 2264 5192 lpsi
2301 5120 2399 5177 soli
2433 5119 2692 5174 Dominus
2727 5117 2902 5189 primo
2925 5119 3235 5188 apparebat,

2093 5215 2425 5273 Conturbata
2453 5211 2683 5281 amplius
2708 5208 2980 5266 sublatum
3002 5207 3275 5270 credebat,

2093 5306 2451 5354 Cnnsnlantes
2480 5303 2700 5354 angelos
2729 5301 2920 5354 audire
2955 5300 3188 5354 nolebat.
