4030 5354
477 383 572 438 0M

557 498 660 568 Ego
688 488 903 544 Blatilda
933 483 1026 540 Dei
1056 478 1226 553 gratia
1257 475 1364 529 dux
1401 471 1455 527 in
1481 467 1582 524 hac
1610 457 1854 519 chartula
1885 467 1916 506 a
1948 463 2034 505 me
2061 453 2111 513 Α

618 583 760 640 facta
789 579 891 636 SS.

547 677 894 746 Flacopertus
915 669 1099 740 iudex,
1129 670 1183 718 et
1211 660 1405 714 missus
1435 655 1498 710 D.
1531 643 1892 719 imperatoris.

548 767 783 827 Ubertus
802 763 967 832 judex
1006 756 1212 813 Domini
1243 747 1599 822 imperatoris.

544 855 816 910 Gerardus
837 851 997 922 judex
1028 846 1165 902 sacri
1194 839 1375 911 palatii
1405 835 1504 891 SS.
1536 841 1588 888 et
1612 834 1650 902 1-

548 946 772 1014 Signum
803 913 994 1001 manus
1025 935 1242 993 Raberti
1274 932 1414 988 ﬁlius
1458 929 1581 983 bon.
1615 936 1776 981 mem.
1809 913 2038 976 Bolandi

616 1045 838 1108 rogatus
865 1031 1106 1092 interfui.

549 1101 772 1202 Signum
819 1140 1010 1185 manus
1049 1118 1274 1177 Rolandi
1321 1115 1416 1174 lilii
1453 1114 1581 1169 bon.
1627 1123 1790 1164 mem.
1817 1101 2044 1160 Alilardi

616 1230 832 1293 rogatus
860 1215 1103 1274 interfui.
1395 1263 1400 1266 .

550 1291 800 1373 Rusticus
846 1308 1087 1364 norarius
1126 1307 1188 1360 D.
1240 1297 1582 1374 imperatoris
1624 1302 1741 1367 post
1790 1291 2041 1355 traditam

617 1400 876 1470 complevi
931 1409 985 1456 et
1013 1396 1153 1464 dedi.

1228 1519 1292 1576 ll.

546 1665 606 1722 fn
628 1667 845 1721 nomine
872 1664 935 1719 D.
967 1661 1032 1716 Ν.
1060 1659 1184 1715 Jesu
1211 1653 1409 1713 Christi
1442 1651 1532 1707 Dei
1561 1649 1751 1705 eterni.
1792 1644 1950 1701 Anno
1977 1643 2046 1696 ab

478 1757 854 1821 lucarnationc
897 1753 1012 1819 eius
1050 1749 1207 1810 1079,
1238 1761 1307 1800 xv
1335 1744 1455 1800 Kal.
1486 1740 1757 1802 Octobris,
1807 1733 1916 1789 ind.
1963 1749 2042 1786 ιιι.

479 1848 761 1904 Manifesta
785 1861 904 1900 sum
932 1857 1030 1914 ego
1059 1838 1273 1895 Matilda
1299 1833 1688 1890 marchionissa
1716 1837 1769 1884 et
1799 1823 2045 1883 ducatrix

479 1939 670 2003 relicta
693 1938 820 1991 bon.
859 1948 1020 1988 mem.
1061 1927 1368 1989 Gottifredi,
1406 1925 1498 1994 qui
1543 1921 1644 1975 fuit
1687 1923 1816 1984 dux,
1847 1926 1903 1972 et
1933 1914 2039 1970 lilia

479 2030 608 2086 bon.
640 2041 804 2089 mem.
835 2021 1123 2089 Bonifacii,
1153 2019 1244 2092 qui
1276 2017 1375 2074 fuit
1403 2015 1654 2076 similiter
1680 2012 1785 2067 dux
1815 2017 1871 2065 et
1898 2022 2043 2064 mar-

478 2118 618 2178 chio.

547 2210 682 2278 Quia
707 2223 808 2280 ego
831 2208 923 2278 qui
958 2220 1119 2276 supra
1156 2201 1370 2258 Matilda
1411 2196 1800 2254 marchionissa
1831 2192 2044 2263 profes—

477 2315 536 2360 sa
565 2314 684 2355 sum
713 2313 783 2356 ex
827 2297 1042 2352 natione
1079 2308 1197 2348 mea
1227 2293 1396 2362 legem
1423 2291 1602 2344 vivere
1627 2285 1812 2341 videor
1839 2283 2047 2354 Longo-

475 2393 765 2448 bardorum
795 2431 809 2456 ,
864 2391 957 2445 sed
1008 2403 1148 2444 nunc
1193 2388 1354 2441 modo
1407 2399 1507 2454 pro
1551 2393 1704 2453 parte
1750 2379 2044 2450 supradicti

477 2480 788 2543 Gottifredi,
828 2480 917 2549 qui
957 2478 1058 2533 fuit
1101 2478 1216 2531 viro
1248 2490 1388 2539 meo,
1431 2475 1600 2543 legem
1639 2473 1819 2526 vivere
1858 2469 2047 2523 videor

477 2573 737 2644 Saligam.
770 2571 902 2639 Quia
944 2585 1045 2641 ego
1081 2570 1171 2638 qui
1217 2582 1378 2638 supra
1409 2565 1627 2621 Matilda
1658 2561 2045 2619 marchionissa

477 2679 542 2720 ac
589 2665 834 2720 ducatrix
879 2662 1171 2718 secundum
1213 2662 1380 2731 legem
1423 2671 1595 2712 meam
1639 2655 1874 2722 Saligam
1921 2667 2044 2706 cum

479 2754 870 2808 atramentario
900 2752 1137 2822 pinnam,
1162 2760 1215 2804 et
1236 2761 1611 2820 pergamenam
1643 2745 1891 2800 manibus
1913 2743 2047 2798 meis

480 2847 547 2902 de
575 2855 718 2900 terra
757 2845 975 2909 levavit,
1003 2853 1057 2899 et
1084 2841 1321 2900 Cunradi
1365 2840 1557 2894 notarii
1607 2839 1668 2892 D.
1704 2834 2048 2907 imperatoris

479 2935 544 2998 ad
575 2935 918 2990 scribendum
961 2932 1153 2995 tradidi
1202 2945 1298 2998 per
1343 2943 1635 2984 vnasonem
1681 2937 1868 2989 terrm,
1899 2934 1953 2979 et
1986 2926 2047 2979 ii-

479 3035 692 3080 stunum
723 3024 996 3089 nodatum,
1028 3036 1120 3079 seu
1145 3037 1296 3076 ramo
1321 3020 1592 3081 arborum,
1622 3025 1783 3088 atque
1815 3033 1909 3088 per
1935 3016 2048 3077 cul-

479 3114 687 3180 tellum,
735 3121 788 3168 et
819 3121 1314 3176 vuantonettonem,
1343 3127 1437 3170 seu
1466 3111 1820 3180 andilaginem
1850 3109 1926 3165 sic
1954 3125 2048 3180 per

480 3207 622 3262 hanc
661 3176 960 3268 chartulam
987 3203 1132 3272 justa
1180 3203 1348 3273 legem
1393 3218 1566 3258 meam
1601 3176 1836 3271 saligam
1879 3176 2043 3264 dono,
2074 3176 2118 3236 C

483 3296 658 3360 trado,
690 3296 844 3360 cedo,
876 3305 1040 3365 atque
1080 3295 1248 3349 olfero
1285 3294 1376 3348 tibi
1423 3293 1550 3354 Deo.
1587 3302 1643 3348 et
1691 3291 1940 3354 ecclesia,
1994 3299 2048 3347 et

479 3386 811 3455 episcopatui
839 3385 898 3440 S.
930 3385 1166 3450 Martini,
1190 3401 1309 3456 quae
1333 3393 1416 3440 est
1439 3393 1770 3449 constructa,
1793 3393 1848 3438 et
1873 3384 2047 3439 levata

481 3475 622 3545 infra
647 3479 921 3533 civitatem
951 3476 1108 3540 Luca:
1137 3491 1304 3547 prope
1333 3491 1490 3531 muro
1520 3474 1759 3544 ejusdem
1789 3475 2047 3540 civitatis,

481 3572 534 3625 id
556 3580 642 3625 est
667 3586 814 3636 casa,
845 3582 899 3626 et
932 3580 1106 3635 curte,
1135 3586 1229 3626 seu
1259 3579 1461 3636 monte,
1499 3579 1553 3624 et
1598 3568 1738 3638 pojo,
1769 3575 1930 3637 atque
1959 3582 2050 3622 caa

481 3663 639 3720 stella
685 3663 775 3718 illo
818 3664 909 3734 qui
941 3664 1139 3718 dicitur
1175 3663 1498 3720 Castallione
1533 3661 1910 3723 Besardescos,
1954 3660 2048 3730 qui

481 3762 564 3811 est
587 3757 817 3823 positum
853 3755 991 3822 inira
1019 3756 1370 3820 Comitatum,
1397 3764 1450 3812 et
1481 3756 1755 3809 territorio
1777 3754 2051 3810 Volterra-

482 3857 650 3907 nense
677 3859 780 3904 una
809 3859 930 3899 cum
967 3845 1194 3899 ecclesia
1219 3845 1325 3909 illa,
1357 3844 1444 3899 cui
1478 3845 1791 3900 vocabulum
1821 3852 1905 3898 est
1927 3844 2051 3897 bea-

483 3934 523 3988 ti
549 3934 838 3990 sancti.....
865 3935 938 3994 ibi
966 3936 1291 3990 consistente
1313 3950 1415 3991 una
1440 3951 1558 3991 cum
1587 3936 1838 3991 omnibus
1867 3935 2048 4001 fossis,

483 4033 538 4086 et
565 4025 916 4089 carbonariis,
947 4034 1002 4087 et
1049 4026 1236 4089 muris,
1272 4034 1327 4081 et
1370 4035 1516 4080 turre
1564 4025 1654 4095 qui
1699 4025 1836 4080 infra
1879 4025 2048 4095 prted.

480 4126 687 4188 meme,
716 4126 770 4174 et
802 4118 946 4188 pojo,
973 4131 1065 4172 seu
1095 4117 1319 4183 castello
1350 4133 1470 4176 esse
1498 4119 1751 4181 videntur
1779 4133 1886 4175 una
1927 4133 2049 4172 cum

481 4207 734 4268 omnibus
765 4209 925 4272 casis,
957 4215 1006 4262 et
1039 4209 1296 4274 cassinis,
1339 4224 1433 4264 seu
1469 4209 1744 4275 casalinis,
1785 4207 2053 4280 simulque

484 4299 661 4368 terris,
692 4305 748 4354 et
782 4301 941 4353 rebus
970 4298 1092 4363 illis,
1117 4297 1207 4369 qui
1232 4299 1298 4353 ad
1317 4297 1427 4367 jam
1455 4299 1596 4354 dicta
1623 4313 1768 4364 casa,
1799 4308 1854 4353 et
1877 4307 2049 4364 curte,

481 4406 576 4446 seu
608 4401 812 4456 monte,
842 4399 896 4446 et
926 4389 1047 4460 pojo
1091 4400 1252 4460 atque
1278 4392 1506 4456 ecclesia
1550 4402 1674 4447 simt
1719 4391 2051 4461 pertinentes

481 4490 592 4536 tam
639 4481 707 4539 de
751 4496 906 4542 muro
934 4496 1032 4550 pro
1063 4483 1206 4536 dicto
1233 4482 1472 4548 castello,
1505 4498 1667 4555 quam
1710 4491 1764 4539 et
1806 4483 1872 4537 de
1918 4481 2052 4541 foris

480 4575 648 4638 casis,
673 4584 728 4630 et
755 4576 1004 4636 cassinis.
1044 4589 1138 4629 seu
1170 4574 1441 4634 casalinis,
1473 4575 1739 4645 simulque
1785 4576 1964 4638 terris,
1998 4583 2054 4629 et

484 4665 787 4730 rebusyero
815 4664 942 4732 ipsis
971 4674 1078 4718 tam
1110 4664 1432 4728 donnicatis,
1463 4677 1623 4731 quam
1651 4673 1706 4718 et
1731 4663 2053 4720 massaritiis

481 4773 603 4812 cum
634 4758 1022 4819 fundamentis,
1053 4766 1107 4811 et
1135 4770 1349 4810 onmem
1380 4755 1628 4818 ediﬂciis,
1667 4754 1750 4808 vel
1789 4755 2054 4810 universis

483 4847 701 4914 fabricis
729 4862 968 4909 suarum,
997 4862 1093 4901 seu
1119 4849 1308 4909 curtis,
1334 4846 1488 4909 ortis,
1524 4845 1701 4914 terris,
1733 4846 1924 4909 vineis,
1956 4845 2054 4898 oli-

479 4938 638 5002 vetis,
661 4938 991 4999 castanietis,
1015 4937 1327 5004 quercietis,
1359 4936 1524 4993 silicis
1553 4936 1828 5006 virgareis,
1860 4936 2050 5005 pratis,

449 5023 714 5126 pascuis,
744 5031 901 5085 cultis
933 5031 1111 5092 rebus,
1143 5033 1224 5084 vel
1256 5031 1470 5087 incultis
1500 5029 1701 5094 omnia,
1724 5029 1853 5087 etin
1877 5029 2055 5084 omni-

483 5130 582 5182 bus
628 5125 822 5190 rebus,
873 5133 978 5179 tam
1027 5124 1364 5187 donnicatis,
1416 5139 1576 5192 quam
1622 5133 1678 5178 et
1733 5123 2054 5182 massaritiis

482 5225 712 5283 quantas
748 5215 942 5285 ubique
981 5215 1035 5271 in
1075 5213 1314 5283 qualibet
1351 5213 1505 5281 locis,
1546 5215 1632 5269 vel
1674 5215 1948 5271 vocabulis
1987 5216 2054 5270 ad

482 5304 844 5354 sunraserinta
877 5319 1024 5354 casa.
1063 5313 1120 5354 et
1151 5313 1302 5354 curte
1340 5320 1433 5354 seu
1483 5315 1677 5354 monte.
1713 5317 1765 5354 et
1798 5306 1940 5354 nnin-
1973 5315 2055 5354 at-

1231 360 1289 415 S.
1321 349 1618 411 ANSELMI
1646 334 1984 401 LUCENSIS
2014 322 2322 386 EPISCOPI
2357 314 2740 379 PRWILEGIA
2804 309 2956 367 ETC.

3599 291 3706 344 032

2137 440 2280 494 ferre
2307 433 2594 507 provideor
2623 429 2713 484 tali
2740 425 2949 486 ordine,
2991 427 3050 472 ut
3096 414 3163 470 ab
3213 407 3474 507 hodierna
3521 400 3701 507 dicunt

2137 491 2590 600 ipsius-Ecclesia,
2621 529 2677 578 et
2715 519 3025 587 episcopatu
3149 499 3404 600 Martini,
3433 504 3489 552 et
3515 494 3582 548 ad
3611 491 3704 600 illo

2135 590 2386 692 episcopo
2411 657 2426 684 ,
2457 614 2550 684 qui
2579 613 2630 666 in
2655 612 2767 682 jam
2799 606 2944 662 dicta
2970 596 3196 658 ecclesia
3222 592 3569 692 episcopatuo
3593 623 3610 648 ,
3651 590 3714 692 et.

2135 678 2234 782 pro
2264 678 2502 777 tempore
2529 678 2778 757 ordinato
2806 692 2999 757 fuerit,
3048 689 3100 744 in
3139 686 3255 756 eius
3276 680 3399 782 ‘sint
3436 678 3709 782 potestate

2266 762 2520 861 habendi,
2558 787 2798 851 tenendi,
2838 776 3192 856 gubernandi,
3227 770 3469 861 laborare
3497 762 3704 861 facien-

2138 849 2228 950 di:
2244 849 2479 939 elusum
2506 849 2947 939 .fructuandiIet,
2976 866 3022 921 si
3048 869 3403 935 opportunum
3430 852 3614 950 fuerit,
3638 849 3705 950 lia

2137 941 2406 1040 centiam,
2459 979 2513 1028 et
2562 975 2884 1040 potestatem
2930 956 3216 1019 habeatis,
3271 963 3464 1006 causas
3503 941 3710 1040 exinde

2139 1065 2349 1139 agendi,
2383 1030 2776 1134 querimoniam
2806 1049 3057 1116 faciendi,
3081 1055 3394 1115 responsum
3421 1030 3706 1139 reddendi.

2140 1121 2299 1211 ﬁiiem
2324 1121 2551 1224 ponendi
2580 1147 2751 1203 modis
2773 1141 3020 1198 omnibus
3049 1135 3202 1192 vobis
3223 1147 3340 1186 eam
3367 1121 3704 1185 defensandi,

2141 1262 2261 1304 cum
2281 1213 2525 1302 chartula
2555 1243 2652 1297 ista
2669 1233 2972 1295 oli‘ersionis
2999 1246 3028 1285 a
3051 1243 3177 1300 pars
3200 1225 3309 1294 jam
3345 1221 3500 1276 dicta:
3529 1213 3708 1270 cccle-

2141 1335 2254 1398 sim,
2295 1343 2352 1388 et
2393 1332 2736 1402 episcopatuo
2765 1324 2824 1380 S.
2855 1318 3068 1382 Martini
3098 1308 3503 1402 qualiter-iuxta
3535 1304 3710 1402 legem

2142 1392 2331 1482 melius
2353 1392 2635 1492 poineritis
2658 1431 2754 1486 pro
2775 1412 2966 1468 anima:
2989 1419 3121 1464 meae
3144 1400 3435 1458 remedium
3461 1392 3713 1492 stabilem

2141 1481 2421 1587 permanet
2457 1481 2691 1579 semper,
2726 1514 2782 1561 et
2813 1503 2858 1559 si
2888 1497 3176 1571 aliquando
3221 1502 3462 1560 tempore
3490 1501 3592 1587 ego
3619 1481 3713 1552 qui

2146 1577 2307 1676 supra
2333 1601 2551 1660 Matilda
2575 1577 2999 1657 vmarcbionissa,
3030 1588 3114 1644 vel
3141 1588 3194 1642 in
3232 1598 3325 1639 eos
3351 1577 3594 1676 hmredes
3617 1589 3712 1628 Sil-2

2147 1669 2386 1769 pradicta
2421 1707 2568 1757 casa,
2597 1698 2652 1745 et
2679 1697 2850 1751 curte,
2894 1699 2989 1740 seu
3028 1687 3228 1739 monte,
3266 1683 3322 1728 et
3360 1669 3506 1742 pojo,
3539 1678 3716 1769 atque

2080 1789 2120 1847 Β
2148 1757 2368 1844 castello
2415 1785 2529 1840 sive
2572 1779 2809 1836 Ecclesia
2852 1775 2944 1845 qui
2988 1773 3044 1828 in
3093 1766 3349 1842 praedicto
3386 1758 3608 1817 castello
3646 1757 3713 1810 de

2142 1877 2438 1938 Castilione
2466 1886 2586 1928 esse
2614 1870 2924 1930 videantur,
2972 1877 3094 1918 cum
3144 1871 3240 1915 sua
3282 1850 3629 1926 pertinentia,
3660 1855 3715 1901 et

2137 1967 2374 2036 jac-entia
2392 1964 2485 2019 tibi
2504 1963 2632 2022 Deo,
2663 1971 2717 2014 et
2737 1958 2848 2024 jam
2868 1955 3009 2011 dicta
3025 1949 3275 2009 ecclesia,
3293 1955 3348 2001 et
3369 1943 3718 2014 episcopatuo

2145 2060 2202 2116 S.
2234 2056 2466 2119 Martini,
2495 2061 2552 2110 et
2577 2053 2644 2108 ab
2675 2051 2763 2104 illo
2792 2048 3094 2116 episcopus,
3125 2041 3216 2111 qui
3244 2037 3314 2093 ibi
3344 2049 3441 2106 pro
3468 2042 3714 2101 tempore

2144 2148 2377 2207 ordinati
2404 2145 2602 2200 fuerint
2621 2143 2675 2196 in
2697 2139 2913 2209 aliquod
2936 2135 3127 2192 exinde
3150 2123 3717 2186 intentionaverimus,

2146 2249 2238 2296 aut
2271 2237 2463 2301 rotelli,
2492 2234 2574 2289 vel
2619 2229 2860 2300 subtragi
2901 2224 3276 2298 quesierimus.
3324 2217 3454 2280 Nos,
3500 2213 3585 2268 vel
3630 2212 3721 2266 ille

2148 2331 2329 2393 homo,
2372 2327 2456 2382 cui
2501 2339 2600 2380 nos
2642 2336 2735 2378 eas
2770 2319 3120 2377 dedissemus,
3151 2321 3244 2367 aut
3276 2307 3582 2365 dederimus
3624 2317 3723 2372 per

2145 2417 2420 2488 quodlibet
2445 2412 2743 2484 ingenium,
2775 2417 2831 2464 et
2864 2422 2992 2462 casu
3021 2420 3049 2459 a
3076 2419 3202 2475 pars
3224 2402 3334 2472 jam
3363 2398 3522 2453 dicta:
3545 2396 3722 2449 eccle-

2146 2483 2257 2569 siae,
2289 2512 2344 2560 et
2368 2502 2715 2572 episc0patuo
2743 2497 2800 2553 S.
2828 2495 3039 2552 Martini
3069 2493 3134 2547 ab
3158 2489 3333 2546 omnis
3360 2487 3604 2542 homines
3627 2483 3722 2536 de-

2150 2595 2370 2650 fendere
2418 2607 2524 2647 non
2566 2589 2924 2661 potuerimus,
2976 2592 3031 2639 et
3074 2597 3180 2637 non
3229 2576 3724 2638 defensaverimus,

2150 2685 2462 2757 spondimus
2504 2697 2600 2737 nos
2635 2680 2787 2736 vobis
2823 2689 3104 2749 comprare
3148 2669 3456 2741 supradicta
3487 2681 3634 2728 casa,
3667 2673 3724 2718 et

2147 2754 2318 2840 curte,
2348 2790 2439 2829 seu
2470 2781 2669 2838 monte,
2695 2781 2748 2824 et
2780 2769 2922 2839 pt'jo,
2951 2775 3112 2836 atque
3137 2760 3378 2823 castello,
3402 2758 3514 2814 sive
3542 2754 3721 2810 eccle-

2148 2868 2246 2928 sia,
2279 2876 2334 2920 et
2376 2863 2556 2934 terris,
2587 2870 2641 2916 et
2674 2861 2856 2921 rebus,
2886 2873 3022 2928 quas
3065 2855 3117 2909 in
3162 2852 3330 2924 ipsius
3371 2846 3621 2908 ecclesia,
3668 2851 3726 2907 et

2148 2955 2492 3025 episcopatuo
2543 2951 2602 3007 S.
2657 2949 2874 3005 Martini
2914 2943 3159 3000 ollerruit
3204 2942 3258 2996 in
3307 2938 3523 3008 duplum
3574 2935 3725 2990 inser

2150 3049 2363 3118 quidem
2391 3046 2508 3101 loco
2538 3043 2637 3100 sub
2666 3039 3064 3100 existimatione
3092 3035 3277 3106 quales
3303 3039 3429 3086 sunt
3461 3028 3642 3091 fuerit,
3668 3035 3727 3080 et

2151 3114 2313 3208 super
2341 3145 2553 3205 poenam
2581 3133 2696 3190 auri
2725 3129 2912 3204 optimi
2942 3128 3128 3185 uncias
3153 3123 3244 3190 50,
3276 3131 3329 3177 et
3356 3117 3558 3188 argenti
3585 3114 3725 3184 opti-

2152 3226 2224 3280 mi
2253 3223 2491 3294 pondera
2537 3220 2656 3275 100.
2707 3218 2815 3273 Nec
2852 3216 2896 3272 si
2923 3216 3214 3279 valeamus,
3245 3225 3417 3278 neque
3445 3219 3729 3277 possumus

2150 3315 2408 3385 disrnppi,
2439 3328 2538 3368 nec
2565 3310 2803 3379 infringi,
2834 3317 2915 3364 set
2941 3322 3174 3378 praesens
3219 3305 3357 3358 hanc
3402 3297 3608 3354 cartula
3637 3295 3724 3347 of-

2152 3407 2401 3464 fersionis
2431 3421 2561 3459 meae
2591 3401 2856 3459 diuturnis
2888 3398 3215 3467 temporibus
3260 3395 3410 3450 lirma
3468 3399 3519 3443 et
3555 3386 3722 3441 stabi-

2151 3495 2257 3550 lem
2303 3494 2555 3566 persistat
2584 3489 2966 3562 perpetualiter
2996 3482 3304 3540 inconvulsa
3341 3495 3463 3534 cum
3495 3473 3742 3544 stipula;

2154 3587 2299 3641 tione
2329 3584 2617 3640 submissa.
2651 3582 2740 3636 Sic
2773 3590 2948 3634 tamen
2981 3577 3025 3631 si
3073 3590 3169 3629 nos
3196 3573 3389 3628 exinde
3443 3568 3720 3625 authores.

2153 3692 2249 3733 nec
2273 3674 2584 3730 defensores
2605 3685 2830 3741 querere
2853 3682 2950 3722 nec
2974 3667 3101 3720 dare
3131 3662 3426 3723 volueritis,
3453 3656 3725 3712 licentiam

2152 3765 2394 3822 habeatis
2409 3765 2608 3833 absque
2627 3771 2806 3817 nostra
2831 3773 3082 3830 persona,
3104 3757 3148 3810 si
3176 3763 3354 3809 vestra
3373 3745 3729 3804 fueritvolune

2154 3872 2256 3927 tas,
2277 3861 2468 3916 exinde
2484 3875 2676 3916 causas
2691 3857 2904 3927 agendi,
2927 3866 3242 3921 responsum
3265 3843 3541 3906 reddendi,
3564 3840 3727 3896 linem

2154 3953 2384 4024 ponendi
2410 3951 2580 4006 modis
2624 3949 2873 4009 omnibus
2913 3944 3067 4000 vobis
3113 3933 3565 4000 eas—defensandi
3602 3943 3724 3984 cum

2153 4046 2359 4101 cartula
2418 4045 2517 4100 ista
2563 4043 2869 4098 oli‘crsionis
2897 4038 3126 4108 qualiter
3155 4035 3304 4104 juxta
3337 4033 3504 4101 legem
3538 4026 3727 4081 melius

2152 4136 2453 4206 potueritis,
2467 4145 2520 4189 et
2533 4134 2660 4187 mihi
2677 4132 2766 4202 qui
2780 4146 2938 4199 supra
2952 4126 3165 4182 Matilda
3181 4121 3567 4178 marchionissa
3583 4115 3726 4170 foras
3749 4109 3752 4112 ’

2155 4227 2348 4282 exinde
2366 4224 2616 4295 werpivit
2641 4263 2656 4285 ,
2684 4231 2740 4276 et
2765 4221 2965 4276 exitum
3000 4217 3143 4280 fecit,
3171 4215 3282 4285 jam
3310 4212 3448 4266 dicta
3474 4203 3722 4268 ecclesia,
3745 4203 3752 4208 ’

2155 4324 2208 4370 et
2239 4293 2585 4385 episcopatum
2615 4311 2671 4367 S.
2702 4309 2917 4364 Martini
2956 4309 3023 4362 ad
3051 4320 3204 4360 suam
3232 4299 3612 4372 proprietatem
3645 4293 3728 4346 in-

2158 4407 2409 4471 tromisit,
2429 4407 2562 4460 etad
2591 4403 2894 4460 habendum
2939 4397 3180 4461 tradidit,
3209 4404 3264 4450 et
3295 4394 3431 4448 hanc
3461 4386 3721 4444 cartulam

2079 4513 2131 4574 ι)
2157 4497 2461 4554 ol'fersionis
2503 4494 2789 4550 Cunradus
2839 4490 3080 4545 notarius
3123 4483 3337 4542 Domini
3386 4474 3725 4549 imperatoris

2159 4589 2400 4644 scribere
2460 4586 2665 4658 rogavi.
2739 4583 2935 4644 Actum
3005 4579 3183 4649 Burgo
3231 4574 3324 4646 qui
3363 4571 3562 4633 dicitur
3611 4564 3726 4620 Bri-

2157 4680 2293 4739 cole.

2229 4771 2341 4842 Ego
2362 4768 2578 4824 Matilda
2609 4767 2702 4822 Dei
2719 4766 2892 4838 gratia
2913 4763 2964 4818 id
2985 4761 3126 4832 quod
3144 4773 3262 4815 sum
3291 4757 3344 4812 in
3365 4757 3467 4811 hac
3481 4747 3724 4810 chartula

2298 4874 2326 4911 a
2365 4874 2449 4914 me
2476 4858 2614 4911 facta
2645 4855 2745 4924 SS.

2233 4948 2464 5003 Ubertus
2487 4945 2646 5013 iudex
2677 4942 2876 5000 domini
2907 4937 3266 5009 imperatoris.

2229 5037 2341 5107 Ego
2372 5034 2660 5097 Ardericus
2683 5033 2845 5104 judex
2877 5039 3092 5098 rogatus
3125 5025 3295 5082 testis.

2231 5128 2452 5200 Signum
2486 5140 2677 5180 manus
2714 5121 2995 5190 Federighi
3025 5117 3238 5174 comitis
3265 5116 3438 5185 legem
3460 5113 3723 5168 viventem

2302 5217 2560 5288 Saligam,
2589 5217 2728 5274 ﬁlius
2761 5215 3028 5286 quondam
3056 5210 3297 5272 Lodoici,
3323 5209 3414 5282 qui
3450 5205 3552 5263 fuit
3593 5204 3723 5266 dux,

2301 5321 2350 5352 ΩΙ
2388 5309 2601 5350 Γηνῖριιῖ
2636 5309 2773 5342 “Iino
2809 5306 3074 5336 ηιιΑ-ιλησνι
3121 5299 3348 5328 πλη--..λε
3406 5297 3492 5320 ---1
3529 5294 3624 5316 ιλ.
3653 5305 3670 5312 -
