  <div class='ocr_page' id='page_1' title='image "/cluster/home/n/w/nwhite01/storage/ocr_20150623/149/hvd.32044015473770/324.png"; bbox 0 0 4030 5354; ppageno 0'>
   <div class='ocr_carea' id='block_1_1' title="bbox 169 433 292 492">
    <p class='ocr_par' dir='ltr' id='par_1_1' title="bbox 169 433 292 492">
     <span class='ocr_line' id='line_1_1' title="bbox 169 433 292 492; baseline -0.033 1"><span class='ocrx_word' id='word_1_1' title='bbox 169 433 292 492; x_wconf 70' lang='lat'><strong>637</strong></span> 
     </span>
    </p>
   </div>
   <div class='ocr_carea' id='block_1_2' title="bbox 709 430 2899 497">
    <p class='ocr_par' dir='ltr' id='par_1_2' title="bbox 709 430 2899 497">
     <span class='ocr_line' id='line_1_2' title="bbox 709 430 2899 497; baseline 0.001 -7"><span class='ocrx_word' id='word_1_2' title='bbox 709 432 1280 492; x_wconf 77' lang='lat' dir='ltr'><strong>CONSUETUDINES</strong></span> <span class='ocrx_word' id='word_1_3' title='bbox 1314 433 1838 493; x_wconf 80' lang='lat' dir='ltr'><strong>CLUNIACENSES</strong></span> <span class='ocrx_word' id='word_1_4' title='bbox 1868 462 1936 476; x_wconf 89' lang='lat'><strong><em>—</em></strong></span> <span class='ocrx_word' id='word_1_5' title='bbox 1967 430 2304 495; x_wconf 78' lang='lat' dir='ltr'><strong>EPISTOLA</strong></span> <span class='ocrx_word' id='word_1_6' title='bbox 2339 435 2899 497; x_wconf 68' lang='lat' dir='ltr'><strong>NUNCUPATORIA.</strong></span> 
     </span>
    </p>
   </div>
   <div class='ocr_carea' id='block_1_3' title="bbox 3327 438 3430 494">
    <p class='ocr_par' dir='ltr' id='par_1_3' title="bbox 3327 438 3430 494">
     <span class='ocr_line' id='line_1_3' title="bbox 3327 438 3430 494; baseline 0.01 -1"><span class='ocrx_word' id='word_1_7' title='bbox 3327 438 3430 494; x_wconf 73' lang='lat'><strong>658</strong></span> 
     </span>
    </p>
   </div>
   <div class='ocr_carea' id='block_1_4' title="bbox 162 546 3430 620">
    <p class='ocr_par' dir='ltr' id='par_1_4' title="bbox 162 546 3430 620">
     <span class='ocr_line' id='line_1_4' title="bbox 162 546 3430 620; baseline 0 -16"><span class='ocrx_word' id='word_1_8' title='bbox 162 549 412 604; x_wconf 81' lang='lat' dir='ltr'><strong>Christo</strong></span> <span class='ocrx_word' id='word_1_9' title='bbox 441 546 758 617; x_wconf 89' lang='lat' dir='ltr'><strong>imperante,</strong></span> <span class='ocrx_word' id='word_1_10' title='bbox 806 547 874 602; x_wconf 87' lang='lat' dir='ltr'><strong>ad</strong></span> <span class='ocrx_word' id='word_1_11' title='bbox 900 548 1018 618; x_wconf 84' lang='lat' dir='ltr'><strong>ejus</strong></span> <span class='ocrx_word' id='word_1_12' title='bbox 1045 563 1104 604; x_wconf 91' lang='lat' dir='ltr'><strong>se</strong></span> <span class='ocrx_word' id='word_1_13' title='bbox 1127 548 1445 620; x_wconf 81' lang='lat' dir='ltr'><strong>obsequium</strong></span> <span class='ocrx_word' id='word_1_14' title='bbox 1474 551 1633 605; x_wconf 85' lang='lat' dir='ltr'><strong>rebus</strong></span> <span class='ocrx_word' id='word_1_15' title='bbox 1657 564 1758 604; x_wconf 79' lang='lat' dir='ltr'><strong>sa:—</strong></span> <span class='ocrx_word' id='word_1_16' title='bbox 1785 556 1836 615; x_wconf 75' lang='grc' dir='ltr'><strong>Δ</strong></span> <span class='ocrx_word' id='word_1_17' title='bbox 1866 550 2094 606; x_wconf 90' lang='lat' dir='ltr'><strong>tivitatis</strong></span> <span class='ocrx_word' id='word_1_18' title='bbox 2122 566 2232 605; x_wconf 65' lang='lat' dir='ltr'><strong>sua:</strong></span> <span class='ocrx_word' id='word_1_19' title='bbox 2276 550 2510 606; x_wconf 90' lang='lat' dir='ltr'><strong>fundans</strong></span> <span class='ocrx_word' id='word_1_20' title='bbox 2542 550 2732 605; x_wconf 89' lang='lat' dir='ltr'><strong>cellam</strong></span> <span class='ocrx_word' id='word_1_21' title='bbox 2781 549 3066 606; x_wconf 65' lang='lat' dir='ltr'><strong>aedificavit</strong></span> <span class='ocrx_word' id='word_1_22' title='bbox 3108 549 3430 619; x_wconf 74' lang='lat' dir='ltr'><strong>appellatam</strong></span> 
     </span>
    </p>
   </div>
   <div class='ocr_carea' id='block_1_5' title="bbox 167 638 977 705">
    <p class='ocr_par' dir='ltr' id='par_1_5' title="bbox 167 638 977 705">
     <span class='ocr_line' id='line_1_5' title="bbox 167 638 977 705; baseline 0 -11"><span class='ocrx_word' id='word_1_23' title='bbox 167 638 291 694; x_wconf 66' lang='lat' dir='ltr'><strong>tuli</strong></span> <span class='ocrx_word' id='word_1_24' title='bbox 322 638 582 705; x_wconf 75' lang='lat' dir='ltr'><strong>abdicatis</strong></span> <span class='ocrx_word' id='word_1_25' title='bbox 611 638 977 694; x_wconf 90' lang='lat' dir='ltr'><strong>contulerunt.</strong></span> 
     </span>
    </p>
   </div>
   <div class='ocr_carea' id='block_1_6' title="bbox 249 727 1763 802">
    <p class='ocr_par' dir='ltr' id='par_1_6' title="bbox 249 727 1763 802">
     <span class='ocr_line' id='line_1_6' title="bbox 249 727 1763 802; baseline 0.001 -20"><span class='ocrx_word' id='word_1_26' title='bbox 249 727 417 794; x_wconf 83' lang='lat' dir='ltr'><strong>Quod</strong></span> <span class='ocrx_word' id='word_1_27' title='bbox 457 729 743 798; x_wconf 72' lang='lat' dir='ltr'><strong>prudentia</strong></span> <span class='ocrx_word' id='word_1_28' title='bbox 783 737 870 783; x_wconf 86' lang='lat' dir='ltr'><strong>tua</strong></span> <span class='ocrx_word' id='word_1_29' title='bbox 923 732 1279 802; x_wconf 82' lang='lat' dir='ltr'><strong>perpendens,</strong></span> <span class='ocrx_word' id='word_1_30' title='bbox 1315 745 1620 802; x_wconf 82' lang='lat' dir='ltr'><strong>quanquam</strong></span> <span class='ocrx_word' id='word_1_31' title='bbox 1649 731 1763 799; x_wconf 90' lang='lat' dir='ltr'><strong>ipse</strong></span> 
     </span>
    </p>
   </div>
   <div class='ocr_carea' id='block_1_7' title="bbox 220 813 1764 885">
    <p class='ocr_par' dir='ltr' id='par_1_7' title="bbox 220 813 1764 885">
     <span class='ocr_line' id='line_1_7' title="bbox 220 813 1764 885; baseline 0.001 -18"><span class='ocrx_word' id='word_1_32' title='bbox 220 815 432 867; x_wconf 88' lang='lat' dir='ltr'><strong>utritus</strong></span> <span class='ocrx_word' id='word_1_33' title='bbox 458 814 533 868; x_wconf 86' lang='lat' dir='ltr'><strong>sis</strong></span> <span class='ocrx_word' id='word_1_34' title='bbox 564 813 616 866; x_wconf 92' lang='lat' dir='ltr'><strong>in</strong></span> <span class='ocrx_word' id='word_1_35' title='bbox 668 815 1017 880; x_wconf 87' lang='lat' dir='ltr'><strong>monasterio,</strong></span> <span class='ocrx_word' id='word_1_36' title='bbox 1061 825 1116 868; x_wconf 90' lang='lat' dir='ltr'><strong>et</strong></span> <span class='ocrx_word' id='word_1_37' title='bbox 1159 831 1257 885; x_wconf 90' lang='lat' dir='ltr'><strong>per</strong></span> <span class='ocrx_word' id='word_1_38' title='bbox 1294 817 1438 871; x_wconf 88' lang='lat' dir='ltr'><strong>vices</strong></span> <span class='ocrx_word' id='word_1_39' title='bbox 1461 817 1677 871; x_wconf 89' lang='lat' dir='ltr'><strong>eveniat</strong></span> <span class='ocrx_word' id='word_1_40' title='bbox 1705 822 1764 868; x_wconf 90' lang='lat' dir='ltr'><strong>ut</strong></span> 
     </span>
    </p>
   </div>
   <div class='ocr_carea' id='block_1_8' title="bbox 173 901 1765 975">
    <p class='ocr_par' dir='ltr' id='par_1_8' title="bbox 173 901 1765 975">
     <span class='ocr_line' id='line_1_8' title="bbox 173 901 1765 975; baseline -0.002 -16"><span class='ocrx_word' id='word_1_41' title='bbox 173 908 284 959; x_wconf 75' lang='lat' dir='ltr'><strong>nos</strong></span> <span class='ocrx_word' id='word_1_42' title='bbox 313 903 549 958; x_wconf 86' lang='lat' dir='ltr'><strong>liliorum</strong></span> <span class='ocrx_word' id='word_1_43' title='bbox 577 901 642 956; x_wconf 91' lang='lat' dir='ltr'><strong>de</strong></span> <span class='ocrx_word' id='word_1_44' title='bbox 670 904 945 973; x_wconf 82' lang='lat' dir='ltr'><strong>spinarum</strong></span> <span class='ocrx_word' id='word_1_45' title='bbox 990 905 1166 959; x_wconf 90' lang='lat' dir='ltr'><strong>medio</strong></span> <span class='ocrx_word' id='word_1_46' title='bbox 1187 912 1449 975; x_wconf 75' lang='lat' dir='ltr'><strong>emergat,</strong></span> <span class='ocrx_word' id='word_1_47' title='bbox 1481 914 1658 958; x_wconf 84' lang='lat' dir='ltr'><strong>tamen</strong></span> <span class='ocrx_word' id='word_1_48' title='bbox 1688 903 1765 956; x_wconf 92' lang='lat' dir='ltr'><strong>nil</strong></span> 
     </span>
    </p>
   </div>
   <div class='ocr_carea' id='block_1_9' title="bbox 173 994 1762 1066">
    <p class='ocr_par' dir='ltr' id='par_1_9' title="bbox 173 994 1762 1066">
     <span class='ocr_line' id='line_1_9' title="bbox 173 994 1762 1066; baseline -0.001 -18"><span class='ocrx_word' id='word_1_49' title='bbox 173 995 327 1050; x_wconf 87' lang='lat' dir='ltr'><strong>adeo</strong></span> <span class='ocrx_word' id='word_1_50' title='bbox 353 1010 553 1050; x_wconf 89' lang='lat' dir='ltr'><strong>curans</strong></span> <span class='ocrx_word' id='word_1_51' title='bbox 587 1009 747 1066; x_wconf 90' lang='lat' dir='ltr'><strong>quam</strong></span> <span class='ocrx_word' id='word_1_52' title='bbox 778 994 922 1064; x_wconf 91' lang='lat' dir='ltr'><strong>quod</strong></span> <span class='ocrx_word' id='word_1_53' title='bbox 955 994 1087 1050; x_wconf 80' lang='lat' dir='ltr'><strong>facit</strong></span> <span class='ocrx_word' id='word_1_54' title='bbox 1124 995 1193 1050; x_wconf 87' lang='lat' dir='ltr'><strong>ad</strong></span> <span class='ocrx_word' id='word_1_55' title='bbox 1232 995 1537 1050; x_wconf 85' lang='lat' dir='ltr'><strong>cautionem</strong></span> <span class='ocrx_word' id='word_1_56' title='bbox 1564 1000 1620 1047; x_wconf 89' lang='lat' dir='ltr'><strong>et</strong></span> <span class='ocrx_word' id='word_1_57' title='bbox 1647 1009 1762 1047; x_wconf 74' lang='lat' dir='ltr'><strong>me-</strong></span> 
     </span>
    </p>
   </div>
   <div class='ocr_carea' id='block_1_10' title="bbox 175 1084 1758 1158">
    <p class='ocr_par' dir='ltr' id='par_1_10' title="bbox 175 1084 1758 1158">
     <span class='ocr_line' id='line_1_10' title="bbox 175 1084 1758 1158; baseline -0.002 -16"><span class='ocrx_word' id='word_1_58' title='bbox 175 1101 308 1142; x_wconf 85' lang='lat' dir='ltr'><strong>ram</strong></span> <span class='ocrx_word' id='word_1_59' title='bbox 343 1086 618 1158; x_wconf 73' lang='lat' dir='ltr'><strong>religionis</strong></span> <span class='ocrx_word' id='word_1_60' title='bbox 646 1085 998 1152; x_wconf 85' lang='lat' dir='ltr'><strong>soliditatem,</strong></span> <span class='ocrx_word' id='word_1_61' title='bbox 1045 1100 1144 1155; x_wconf 87' lang='lat' dir='ltr'><strong>per</strong></span> <span class='ocrx_word' id='word_1_62' title='bbox 1198 1085 1621 1141; x_wconf 87' lang='lat' dir='ltr'><strong>misericordiam</strong></span> <span class='ocrx_word' id='word_1_63' title='bbox 1666 1084 1758 1139; x_wconf 86' lang='lat' dir='ltr'><strong>Dei</strong></span> 
     </span>
    </p>
   </div>
   <div class='ocr_carea' id='block_1_11' title="bbox 177 1177 1761 1249">
    <p class='ocr_par' dir='ltr' id='par_1_11' title="bbox 177 1177 1761 1249">
     <span class='ocr_line' id='line_1_11' title="bbox 177 1177 1761 1249; baseline -0.001 -16"><span class='ocrx_word' id='word_1_64' title='bbox 177 1178 334 1234; x_wconf 84' lang='lat' dir='ltr'><strong>hanc</strong></span> <span class='ocrx_word' id='word_1_65' title='bbox 360 1179 673 1235; x_wconf 86' lang='lat' dir='ltr'><strong>monasterii</strong></span> <span class='ocrx_word' id='word_1_66' title='bbox 713 1179 790 1234; x_wconf 91' lang='lat' dir='ltr'><strong>tui</strong></span> <span class='ocrx_word' id='word_1_67' title='bbox 836 1178 1010 1249; x_wconf 88' lang='lat' dir='ltr'><strong>legem</strong></span> <span class='ocrx_word' id='word_1_68' title='bbox 1053 1177 1426 1248; x_wconf 89' lang='lat' dir='ltr'><strong>promulgasti,</strong></span> <span class='ocrx_word' id='word_1_69' title='bbox 1451 1188 1508 1232; x_wconf 93' lang='lat' dir='ltr'><strong>ut</strong></span> <span class='ocrx_word' id='word_1_70' title='bbox 1530 1193 1665 1247; x_wconf 91' lang='lat' dir='ltr'><strong>opus</strong></span> <span class='ocrx_word' id='word_1_71' title='bbox 1691 1177 1761 1232; x_wconf 85' lang='lat' dir='ltr'><strong>sit</strong></span> 
     </span>
    </p>
   </div>
   <div class='ocr_carea' id='block_1_12' title="bbox 177 1268 1761 1338">
    <p class='ocr_par' dir='ltr' id='par_1_12' title="bbox 177 1268 1761 1338">
     <span class='ocr_line' id='line_1_12' title="bbox 177 1268 1761 1338; baseline 0 -16"><span class='ocrx_word' id='word_1_72' title='bbox 177 1268 433 1338; x_wconf 69' lang='lat' dir='ltr'><strong>praefatis</strong></span> <span class='ocrx_word' id='word_1_73' title='bbox 457 1269 808 1324; x_wconf 63' lang='lat' dir='ltr'><strong>saecularibus</strong></span> <span class='ocrx_word' id='word_1_74' title='bbox 837 1269 1000 1324; x_wconf 90' lang='lat' dir='ltr'><strong>alium</strong></span> <span class='ocrx_word' id='word_1_75' title='bbox 1024 1269 1126 1325; x_wconf 89' lang='lat' dir='ltr'><strong>sibi</strong></span> <span class='ocrx_word' id='word_1_76' title='bbox 1152 1269 1334 1324; x_wconf 93' lang='lat' dir='ltr'><strong>nidum</strong></span> <span class='ocrx_word' id='word_1_77' title='bbox 1363 1269 1642 1338; x_wconf 83' lang='lat' dir='ltr'><strong>providere</strong></span> <span class='ocrx_word' id='word_1_78' title='bbox 1671 1268 1761 1322; x_wconf 92' lang='lat' dir='ltr'><strong>ubi</strong></span> 
     </span>
    </p>
   </div>
   <div class='ocr_carea' id='block_1_13' title="bbox 124 1359 1758 1430">
    <p class='ocr_par' dir='ltr' id='par_1_13' title="bbox 124 1359 1758 1430">
     <span class='ocr_line' id='line_1_13' title="bbox 124 1359 1758 1430; baseline -0.001 -17"><span class='ocrx_word' id='word_1_79' title='bbox 124 1423 126 1426; x_wconf 18' lang='grc' dir='ltr'>ν</span> <span class='ocrx_word' id='word_1_80' title='bbox 179 1368 456 1428; x_wconf 84' lang='lat' dir='ltr'><strong>reponant</strong></span> <span class='ocrx_word' id='word_1_81' title='bbox 483 1359 657 1430; x_wconf 89' lang='lat' dir='ltr'><strong>pullos</strong></span> <span class='ocrx_word' id='word_1_82' title='bbox 683 1375 811 1415; x_wconf 92' lang='lat' dir='ltr'><strong>suos</strong></span> <span class='ocrx_word' id='word_1_83' title='bbox 835 1359 1128 1425; x_wconf 89' lang='lat' dir='ltr'><strong>abortivos,</strong></span> <span class='ocrx_word' id='word_1_84' title='bbox 1157 1359 1302 1415; x_wconf 92' lang='lat' dir='ltr'><strong>velut</strong></span> <span class='ocrx_word' id='word_1_85' title='bbox 1325 1359 1758 1414; x_wconf 71' lang='lat' dir='ltr'><strong>exlimreditatos.</strong></span> 
     </span>
    </p>
   </div>
   <div class='ocr_carea' id='block_1_14' title="bbox 181 1446 1761 1505">
    <p class='ocr_par' dir='ltr' id='par_1_14' title="bbox 181 1446 1761 1505">
     <span class='ocr_line' id='line_1_14' title="bbox 181 1446 1761 1505; baseline 0.001 -3"><span class='ocrx_word' id='word_1_86' title='bbox 181 1446 304 1503; x_wconf 80' lang='lat' dir='ltr'><strong>Deo</strong></span> <span class='ocrx_word' id='word_1_87' title='bbox 358 1448 571 1504; x_wconf 89' lang='lat' dir='ltr'><strong>vidente</strong></span> <span class='ocrx_word' id='word_1_88' title='bbox 620 1449 708 1504; x_wconf 92' lang='lat' dir='ltr'><strong>hic</strong></span> <span class='ocrx_word' id='word_1_89' title='bbox 742 1449 876 1504; x_wconf 85' lang='lat' dir='ltr'><strong>nihil</strong></span> <span class='ocrx_word' id='word_1_90' title='bbox 917 1449 1144 1505; x_wconf 89' lang='lat' dir='ltr'><strong>ulterius</strong></span> <span class='ocrx_word' id='word_1_91' title='bbox 1193 1449 1457 1504; x_wconf 81' lang='lat' dir='ltr'><strong>obtinebit</strong></span> <span class='ocrx_word' id='word_1_92' title='bbox 1505 1449 1635 1504; x_wconf 89' lang='lat' dir='ltr'><strong>illud</strong></span> <span class='ocrx_word' id='word_1_93' title='bbox 1682 1449 1761 1503; x_wconf 91' lang='lat' dir='ltr'><strong>eis</strong></span> 
     </span>
    </p>
   </div>
   <div class='ocr_carea' id='block_1_15' title="bbox 183 1537 1758 1612">
    <p class='ocr_par' dir='ltr' id='par_1_15' title="bbox 183 1537 1758 1612">
     <span class='ocr_line' id='line_1_15' title="bbox 183 1537 1758 1612; baseline 0.003 -22"><span class='ocrx_word' id='word_1_94' title='bbox 183 1537 456 1592; x_wconf 82' lang='lat' dir='ltr'><strong>familiare</strong></span> <span class='ocrx_word' id='word_1_95' title='bbox 516 1539 809 1610; x_wconf 90' lang='lat' dir='ltr'><strong>ingenium,</strong></span> <span class='ocrx_word' id='word_1_96' title='bbox 863 1548 945 1604; x_wconf 92' lang='lat' dir='ltr'><strong>ut,</strong></span> <span class='ocrx_word' id='word_1_97' title='bbox 1006 1541 1147 1596; x_wconf 81' lang='lat' dir='ltr'><strong>sicut</strong></span> <span class='ocrx_word' id='word_1_98' title='bbox 1193 1541 1272 1595; x_wconf 90' lang='lat' dir='ltr'><strong>ait</strong></span> <span class='ocrx_word' id='word_1_99' title='bbox 1323 1543 1607 1612; x_wconf 89' lang='lat' dir='ltr'><strong>pr0pheta,</strong></span> <span class='ocrx_word' id='word_1_100' title='bbox 1658 1555 1758 1595; x_wconf 85' lang='lat' dir='ltr'><strong>ova</strong></span> 
     </span>
    </p>
   </div>
   <div class='ocr_carea' id='block_1_16' title="bbox 182 1629 1759 1702">
    <p class='ocr_par' dir='ltr' id='par_1_16' title="bbox 182 1629 1759 1702">
     <span class='ocr_line' id='line_1_16' title="bbox 182 1629 1759 1702; baseline 0.002 -21"><span class='ocrx_word' id='word_1_101' title='bbox 182 1629 477 1698; x_wconf 86' lang='lat' dir='ltr'><strong>aspidum,</strong></span> <span class='ocrx_word' id='word_1_102' title='bbox 526 1638 584 1685; x_wconf 91' lang='lat' dir='ltr'><strong>et</strong></span> <span class='ocrx_word' id='word_1_103' title='bbox 628 1631 772 1700; x_wconf 90' lang='lat' dir='ltr'><strong>quod</strong></span> <span class='ocrx_word' id='word_1_104' title='bbox 819 1631 1090 1688; x_wconf 88' lang='lat' dir='ltr'><strong>confotum</strong></span> <span class='ocrx_word' id='word_1_105' title='bbox 1144 1633 1379 1700; x_wconf 85' lang='lat' dir='ltr'><strong>erumpit</strong></span> <span class='ocrx_word' id='word_1_106' title='bbox 1427 1632 1479 1686; x_wconf 91' lang='lat' dir='ltr'><strong>in</strong></span> <span class='ocrx_word' id='word_1_107' title='bbox 1517 1631 1759 1702; x_wconf 80' lang='lat' dir='ltr'><strong>regulum</strong></span> 
     </span>
    </p>
   </div>
   <div class='ocr_carea' id='block_1_17' title="bbox 186 1720 1760 1793">
    <p class='ocr_par' dir='ltr' id='par_1_17' title="bbox 186 1720 1760 1793">
     <span class='ocr_line' id='line_1_17' title="bbox 186 1720 1760 1793; baseline 0.002 -20"><span class='ocrx_word' id='word_1_108' title='bbox 186 1720 352 1792; x_wconf 74' lang='lat' dir='ltr'><strong>(lsat&#39;.</strong></span> <span class='ocrx_word' id='word_1_109' title='bbox 383 1722 518 1790; x_wconf 65' lang='grc' dir='ltr'>ιιι),</span> <span class='ocrx_word' id='word_1_110' title='bbox 552 1721 800 1793; x_wconf 91' lang='lat' dir='ltr'><strong>ingerant</strong></span> <span class='ocrx_word' id='word_1_111' title='bbox 839 1732 894 1778; x_wconf 91' lang='lat' dir='ltr'><strong>et</strong></span> <span class='ocrx_word' id='word_1_112' title='bbox 932 1724 1273 1778; x_wconf 86' lang='lat' dir='ltr'><strong>committant</strong></span> <span class='ocrx_word' id='word_1_113' title='bbox 1320 1724 1423 1793; x_wconf 92' lang='lat' dir='ltr'><strong>piis</strong></span> <span class='ocrx_word' id='word_1_114' title='bbox 1458 1733 1512 1778; x_wconf 91' lang='lat' dir='ltr'><strong>et</strong></span> <span class='ocrx_word' id='word_1_115' title='bbox 1537 1723 1644 1776; x_wconf 88' lang='lat' dir='ltr'><strong>Deo</strong></span> <span class='ocrx_word' id='word_1_116' title='bbox 1679 1723 1760 1776; x_wconf 85' lang='lat' dir='ltr'><strong>di-</strong></span> 
     </span>
    </p>
   </div>
   <div class='ocr_carea' id='block_1_18' title="bbox 180 1812 1760 1884">
    <p class='ocr_par' dir='ltr' id='par_1_18' title="bbox 180 1812 1760 1884">
     <span class='ocr_line' id='line_1_18' title="bbox 180 1812 1760 1884; baseline -0.001 -17"><span class='ocrx_word' id='word_1_117' title='bbox 180 1813 329 1867; x_wconf 86' lang='lat' dir='ltr'><strong>catis</strong></span> <span class='ocrx_word' id='word_1_118' title='bbox 353 1813 662 1878; x_wconf 83' lang='lat' dir='ltr'><strong>animabus,</strong></span> <span class='ocrx_word' id='word_1_119' title='bbox 689 1813 770 1868; x_wconf 90' lang='lat' dir='ltr'><strong>eis</strong></span> <span class='ocrx_word' id='word_1_120' title='bbox 803 1813 1019 1883; x_wconf 87' lang='lat' dir='ltr'><strong>quidem</strong></span> <span class='ocrx_word' id='word_1_121' title='bbox 1048 1821 1302 1884; x_wconf 88' lang='lat' dir='ltr'><strong>tanquam</strong></span> <span class='ocrx_word' id='word_1_122' title='bbox 1333 1812 1541 1868; x_wconf 78' lang='lat' dir='ltr'><strong>anciilis</strong></span> <span class='ocrx_word' id='word_1_123' title='bbox 1572 1813 1681 1866; x_wconf 90' lang='lat' dir='ltr'><strong>suis</strong></span> <span class='ocrx_word' id='word_1_124' title='bbox 1707 1819 1760 1866; x_wconf 92' lang='lat' dir='ltr'><strong>et</strong></span> 
     </span>
    </p>
   </div>
   <div class='ocr_carea' id='block_1_19' title="bbox 1862 639 3432 710">
    <p class='ocr_par' dir='ltr' id='par_1_19' title="bbox 1862 639 3432 710">
     <span class='ocr_line' id='line_1_19' title="bbox 1862 639 3432 710; baseline 0.001 -16"><span class='ocrx_word' id='word_1_125' title='bbox 1862 641 2078 694; x_wconf 88' lang='lat' dir='ltr'><strong>nomine</strong></span> <span class='ocrx_word' id='word_1_126' title='bbox 2101 639 2310 696; x_wconf 76' lang='lat' dir='ltr'><strong>Sancta:</strong></span> <span class='ocrx_word' id='word_1_127' title='bbox 2341 640 2522 695; x_wconf 72' lang='lat' dir='ltr'><strong>Maria:</strong></span> <span class='ocrx_word' id='word_1_128' title='bbox 2541 642 2609 697; x_wconf 90' lang='lat' dir='ltr'><strong>ad</strong></span> <span class='ocrx_word' id='word_1_129' title='bbox 2647 641 2998 706; x_wconf 87' lang='lat' dir='ltr'><strong>Charitatem,</strong></span> <span class='ocrx_word' id='word_1_130' title='bbox 3031 641 3180 710; x_wconf 85' lang='lat' dir='ltr'><strong>quia,</strong></span> <span class='ocrx_word' id='word_1_131' title='bbox 3210 657 3331 695; x_wconf 91' lang='lat' dir='ltr'><strong>cum</strong></span> <span class='ocrx_word' id='word_1_132' title='bbox 3361 641 3432 695; x_wconf 90' lang='lat' dir='ltr'><strong>sit</strong></span> 
     </span>
    </p>
   </div>
   <div class='ocr_carea' id='block_1_20' title="bbox 1863 731 3433 801">
    <p class='ocr_par' dir='ltr' id='par_1_20' title="bbox 1863 731 3433 801">
     <span class='ocr_line' id='line_1_20' title="bbox 1863 731 3433 801; baseline -0.001 -16"><span class='ocrx_word' id='word_1_133' title='bbox 1863 731 1915 785; x_wconf 90' lang='lat' dir='ltr'><strong>in</strong></span> <span class='ocrx_word' id='word_1_134' title='bbox 1949 731 2035 785; x_wconf 87' lang='lat' dir='ltr'><strong>via</strong></span> <span class='ocrx_word' id='word_1_135' title='bbox 2070 731 2302 800; x_wconf 87' lang='lat' dir='ltr'><strong>publica,</strong></span> <span class='ocrx_word' id='word_1_136' title='bbox 2340 731 2520 787; x_wconf 91' lang='lat' dir='ltr'><strong>nullus</strong></span> <span class='ocrx_word' id='word_1_137' title='bbox 2551 731 2856 786; x_wconf 89' lang='lat' dir='ltr'><strong>mortalium</strong></span> <span class='ocrx_word' id='word_1_138' title='bbox 2885 733 3100 798; x_wconf 88' lang='lat' dir='ltr'><strong>transit,</strong></span> <span class='ocrx_word' id='word_1_139' title='bbox 3142 732 3234 801; x_wconf 85' lang='lat' dir='ltr'><strong>qui</strong></span> <span class='ocrx_word' id='word_1_140' title='bbox 3264 733 3327 786; x_wconf 91' lang='lat' dir='ltr'><strong>de</strong></span> <span class='ocrx_word' id='word_1_141' title='bbox 3352 731 3433 785; x_wconf 77' lang='lat' dir='ltr'><strong>in-</strong></span> 
     </span>
    </p>
   </div>
   <div class='ocr_carea' id='block_1_21' title="bbox 1863 823 3426 894">
    <p class='ocr_par' dir='ltr' id='par_1_21' title="bbox 1863 823 3426 894">
     <span class='ocr_line' id='line_1_21' title="bbox 1863 823 3426 894; baseline -0.001 -16"><span class='ocrx_word' id='word_1_142' title='bbox 1863 824 2066 878; x_wconf 90' lang='lat' dir='ltr'><strong>dustria</strong></span> <span class='ocrx_word' id='word_1_143' title='bbox 2097 839 2333 892; x_wconf 86' lang='lat' dir='ltr'><strong>unquam</strong></span> <span class='ocrx_word' id='word_1_144' title='bbox 2364 823 2750 888; x_wconf 89' lang='lat' dir='ltr'><strong>dissimuletur,</strong></span> <span class='ocrx_word' id='word_1_145' title='bbox 2795 832 2852 877; x_wconf 93' lang='lat' dir='ltr'><strong>et</strong></span> <span class='ocrx_word' id='word_1_146' title='bbox 2892 839 2998 878; x_wconf 89' lang='lat' dir='ltr'><strong>non</strong></span> <span class='ocrx_word' id='word_1_147' title='bbox 3043 824 3218 894; x_wconf 87' lang='lat' dir='ltr'><strong>potius</strong></span> <span class='ocrx_word' id='word_1_148' title='bbox 3261 838 3426 892; x_wconf 79' lang='lat' dir='ltr'><strong>expc-</strong></span> 
     </span>
    </p>
   </div>
   <div class='ocr_carea' id='block_1_22' title="bbox 1863 911 3431 982">
    <p class='ocr_par' dir='ltr' id='par_1_22' title="bbox 1863 911 3431 982">
     <span class='ocr_line' id='line_1_22' title="bbox 1863 911 3431 982; baseline 0 -16"><span class='ocrx_word' id='word_1_149' title='bbox 1863 914 2037 966; x_wconf 85' lang='lat' dir='ltr'><strong>riatur</strong></span> <span class='ocrx_word' id='word_1_150' title='bbox 2060 913 2188 967; x_wconf 91' lang='lat' dir='ltr'><strong>illud</strong></span> <span class='ocrx_word' id='word_1_151' title='bbox 2212 912 2625 981; x_wconf 86' lang='lat' dir='ltr'><strong>Gregorianum,</strong></span> <span class='ocrx_word' id='word_1_152' title='bbox 2675 911 2818 982; x_wconf 92' lang='lat' dir='ltr'><strong>quod</strong></span> <span class='ocrx_word' id='word_1_153' title='bbox 2861 914 3098 980; x_wconf 77' lang='lat' dir='ltr'><strong>hospites</strong></span> <span class='ocrx_word' id='word_1_154' title='bbox 3125 927 3228 966; x_wconf 88' lang='lat' dir='ltr'><strong>non</strong></span> <span class='ocrx_word' id='word_1_155' title='bbox 3259 912 3431 966; x_wconf 87' lang='lat' dir='ltr'><strong>solum</strong></span> 
     </span>
    </p>
   </div>
   <div class='ocr_carea' id='block_1_23' title="bbox 1862 1002 3429 1073">
    <p class='ocr_par' dir='ltr' id='par_1_23' title="bbox 1862 1002 3429 1073">
     <span class='ocr_line' id='line_1_23' title="bbox 1862 1002 3429 1073; baseline -0.001 -16"><span class='ocrx_word' id='word_1_156' title='bbox 1862 1012 1986 1057; x_wconf 88' lang='lat' dir='ltr'><strong>sunt</strong></span> <span class='ocrx_word' id='word_1_157' title='bbox 2015 1002 2292 1066; x_wconf 83' lang='lat' dir='ltr'><strong>invitandi,</strong></span> <span class='ocrx_word' id='word_1_158' title='bbox 2321 1002 2416 1056; x_wconf 86' lang='lat' dir='ltr'><strong>sed</strong></span> <span class='ocrx_word' id='word_1_159' title='bbox 2448 1003 2612 1057; x_wconf 89' lang='lat' dir='ltr'><strong>etiam</strong></span> <span class='ocrx_word' id='word_1_160' title='bbox 2641 1003 2886 1056; x_wconf 87' lang='lat' dir='ltr'><strong>trahendi</strong></span> <span class='ocrx_word' id='word_1_161' title='bbox 2915 1003 3104 1073; x_wconf 78' lang='lat' dir='ltr'><strong>(Gneo.</strong></span> <span class='ocrx_word' id='word_1_162' title='bbox 3137 1002 3316 1056; x_wconf 73' lang='lat' dir='ltr'><strong>liomt‘l.</strong></span> <span class='ocrx_word' id='word_1_163' title='bbox 3348 1019 3429 1068; x_wconf 89' lang='lat' dir='ltr'><strong>nt,</strong></span> 
     </span>
    </p>
   </div>
   <div class='ocr_carea' id='block_1_24' title="bbox 1860 1095 3431 1167">
    <p class='ocr_par' dir='ltr' id='par_1_24' title="bbox 1860 1095 3431 1167">
     <span class='ocr_line' id='line_1_24' title="bbox 1860 1095 3431 1167; baseline -0.001 -17"><span class='ocrx_word' id='word_1_164' title='bbox 1860 1098 1914 1150; x_wconf 84' lang='lat' dir='ltr'><strong>in</strong></span> <span class='ocrx_word' id='word_1_165' title='bbox 1940 1095 2188 1167; x_wconf 79' lang='lat' dir='ltr'><strong>Evang.).</strong></span> <span class='ocrx_word' id='word_1_166' title='bbox 2226 1095 2283 1150; x_wconf 94' lang='lat' dir='ltr'><strong>ln</strong></span> <span class='ocrx_word' id='word_1_167' title='bbox 2322 1095 2562 1152; x_wconf 90' lang='lat' dir='ltr'><strong>claustro</strong></span> <span class='ocrx_word' id='word_1_168' title='bbox 2587 1103 2768 1151; x_wconf 87' lang='lat' dir='ltr'><strong>autem</strong></span> <span class='ocrx_word' id='word_1_169' title='bbox 2799 1096 2867 1150; x_wconf 91' lang='lat' dir='ltr'><strong>ad</strong></span> <span class='ocrx_word' id='word_1_170' title='bbox 2901 1110 3135 1165; x_wconf 76' lang='lat' dir='ltr'><strong>praesens</strong></span> <span class='ocrx_word' id='word_1_171' title='bbox 3159 1111 3431 1164; x_wconf 85' lang='lat' dir='ltr'><strong>nunquam</strong></span> 
     </span>
    </p>
   </div>
   <div class='ocr_carea' id='block_1_25' title="bbox 1859 1185 3430 1259">
    <p class='ocr_par' dir='ltr' id='par_1_25' title="bbox 1859 1185 3430 1259">
     <span class='ocr_line' id='line_1_25' title="bbox 1859 1185 3430 1259; baseline -0.003 -15"><span class='ocrx_word' id='word_1_172' title='bbox 1859 1189 2123 1257; x_wconf 79' lang='lat' dir='ltr'><strong>contingit</strong></span> <span class='ocrx_word' id='word_1_173' title='bbox 2150 1197 2208 1243; x_wconf 94' lang='lat' dir='ltr'><strong>ut</strong></span> <span class='ocrx_word' id='word_1_174' title='bbox 2235 1203 2341 1242; x_wconf 92' lang='lat' dir='ltr'><strong>non</strong></span> <span class='ocrx_word' id='word_1_175' title='bbox 2365 1187 2623 1258; x_wconf 87' lang='lat' dir='ltr'><strong>aliquanti</strong></span> <span class='ocrx_word' id='word_1_176' title='bbox 2645 1202 2808 1259; x_wconf 85' lang='lat' dir='ltr'><strong>super</strong></span> <span class='ocrx_word' id='word_1_177' title='bbox 2831 1197 3046 1242; x_wconf 90' lang='lat' dir='ltr'><strong>centum</strong></span> <span class='ocrx_word' id='word_1_178' title='bbox 3076 1185 3274 1242; x_wconf 89' lang='lat' dir='ltr'><strong>fratres</strong></span> <span class='ocrx_word' id='word_1_179' title='bbox 3299 1203 3430 1258; x_wconf 58' lang='lat' dir='ltr'><strong>quo.</strong></span> 
     </span>
    </p>
   </div>
   <div class='ocr_carea' id='block_1_26' title="bbox 1863 1280 3429 1354">
    <p class='ocr_par' dir='ltr' id='par_1_26' title="bbox 1863 1280 3429 1354">
     <span class='ocr_line' id='line_1_26' title="bbox 1863 1280 3429 1354; baseline -0.001 -20"><span class='ocrx_word' id='word_1_180' title='bbox 1863 1280 1991 1336; x_wconf 90' lang='lat' dir='ltr'><strong>tidie</strong></span> <span class='ocrx_word' id='word_1_181' title='bbox 2016 1281 2378 1335; x_wconf 87' lang='lat' dir='ltr'><strong>inveniantur.</strong></span> <span class='ocrx_word' id='word_1_182' title='bbox 2403 1280 2544 1336; x_wconf 84' lang='lat' dir='ltr'><strong>Infra</strong></span> <span class='ocrx_word' id='word_1_183' title='bbox 2569 1296 2705 1350; x_wconf 89' lang='lat' dir='ltr'><strong>pene</strong></span> <span class='ocrx_word' id='word_1_184' title='bbox 2730 1282 3142 1354; x_wconf 81' lang='lat' dir='ltr'><strong>quadriennium</strong></span> <span class='ocrx_word' id='word_1_185' title='bbox 3167 1296 3273 1336; x_wconf 91' lang='lat' dir='ltr'><strong>non</strong></span> <span class='ocrx_word' id='word_1_186' title='bbox 3310 1290 3429 1334; x_wconf 88' lang='lat' dir='ltr'><strong>erat</strong></span> 
     </span>
    </p>
   </div>
   <div class='ocr_carea' id='block_1_27' title="bbox 1860 1374 3430 1442">
    <p class='ocr_par' dir='ltr' id='par_1_27' title="bbox 1860 1374 3430 1442">
     <span class='ocr_line' id='line_1_27' title="bbox 1860 1374 3430 1442; baseline 0 -16"><span class='ocrx_word' id='word_1_187' title='bbox 1860 1383 2219 1442; x_wconf 92' lang='lat' dir='ltr'><strong>opportunum</strong></span> <span class='ocrx_word' id='word_1_188' title='bbox 2272 1375 2468 1428; x_wconf 89' lang='lat' dir='ltr'><strong>domno</strong></span> <span class='ocrx_word' id='word_1_189' title='bbox 2525 1374 2704 1429; x_wconf 88' lang='lat' dir='ltr'><strong>abbati</strong></span> <span class='ocrx_word' id='word_1_190' title='bbox 2759 1385 2818 1429; x_wconf 93' lang='lat' dir='ltr'><strong>ut</strong></span> <span class='ocrx_word' id='word_1_191' title='bbox 2875 1375 3132 1430; x_wconf 85' lang='lat' dir='ltr'><strong>inviseret</strong></span> <span class='ocrx_word' id='word_1_192' title='bbox 3187 1377 3430 1428; x_wconf 80' lang='lat' dir='ltr'><strong>eamdem</strong></span> 
     </span>
    </p>
   </div>
   <div class='ocr_carea' id='block_1_28' title="bbox 1861 1460 3432 1529">
    <p class='ocr_par' dir='ltr' id='par_1_28' title="bbox 1861 1460 3432 1529">
     <span class='ocr_line' id='line_1_28' title="bbox 1861 1460 3432 1529; baseline -0.002 -10"><span class='ocrx_word' id='word_1_193' title='bbox 1861 1465 2073 1519; x_wconf 89' lang='lat' dir='ltr'><strong>cellam.</strong></span> <span class='ocrx_word' id='word_1_194' title='bbox 2104 1463 2216 1519; x_wconf 79' lang='lat' dir='ltr'><strong>Hoc</strong></span> <span class='ocrx_word' id='word_1_195' title='bbox 2244 1460 2580 1529; x_wconf 67' lang='lat' dir='ltr'><strong>anno‘renit,</strong></span> <span class='ocrx_word' id='word_1_196' title='bbox 2629 1473 2682 1518; x_wconf 90' lang='lat' dir='ltr'><strong>et</strong></span> <span class='ocrx_word' id='word_1_197' title='bbox 2728 1480 2834 1519; x_wconf 90' lang='lat' dir='ltr'><strong>uno</strong></span> <span class='ocrx_word' id='word_1_198' title='bbox 2881 1463 2964 1520; x_wconf 86' lang='lat' dir='ltr'><strong>die</strong></span> <span class='ocrx_word' id='word_1_199' title='bbox 2999 1480 3062 1518; x_wconf 84' lang='lat' dir='ltr'><strong>Lv</strong></span> <span class='ocrx_word' id='word_1_200' title='bbox 3093 1464 3308 1519; x_wconf 90' lang='lat' dir='ltr'><strong>novitiis</strong></span> <span class='ocrx_word' id='word_1_201' title='bbox 3337 1463 3432 1517; x_wconf 77' lang='lat' dir='ltr'><strong>lia—</strong></span> 
     </span>
    </p>
   </div>
   <div class='ocr_carea' id='block_1_29' title="bbox 1860 1553 3429 1624">
    <p class='ocr_par' dir='ltr' id='par_1_29' title="bbox 1860 1553 3429 1624">
     <span class='ocr_line' id='line_1_29' title="bbox 1860 1553 3429 1624; baseline -0.003 -15"><span class='ocrx_word' id='word_1_202' title='bbox 1860 1555 2031 1610; x_wconf 91' lang='lat' dir='ltr'><strong>bitum</strong></span> <span class='ocrx_word' id='word_1_203' title='bbox 2063 1563 2307 1608; x_wconf 89' lang='lat' dir='ltr'><strong>nostrum</strong></span> <span class='ocrx_word' id='word_1_204' title='bbox 2339 1553 2421 1610; x_wconf 88' lang='lat' dir='ltr'><strong>vel</strong></span> <span class='ocrx_word' id='word_1_205' title='bbox 2453 1553 2881 1609; x_wconf 87' lang='lat' dir='ltr'><strong>benedictionem</strong></span> <span class='ocrx_word' id='word_1_206' title='bbox 2911 1554 3093 1619; x_wconf 91' lang='lat' dir='ltr'><strong>dedit,</strong></span> <span class='ocrx_word' id='word_1_207' title='bbox 3123 1569 3429 1624; x_wconf 86' lang='lat' dir='ltr'><strong>quanquam</strong></span> 
     </span>
    </p>
   </div>
   <div class='ocr_carea' id='block_1_30' title="bbox 1861 1640 3432 1715">
    <p class='ocr_par' dir='ltr' id='par_1_30' title="bbox 1861 1640 3432 1715">
     <span class='ocr_line' id='line_1_30' title="bbox 1861 1640 3432 1715; baseline -0.003 -16"><span class='ocrx_word' id='word_1_208' title='bbox 1861 1645 2009 1715; x_wconf 90' lang='lat' dir='ltr'><strong>prior</strong></span> <span class='ocrx_word' id='word_1_209' title='bbox 2037 1644 2262 1714; x_wconf 80' lang='lat' dir='ltr'><strong>singulis</strong></span> <span class='ocrx_word' id='word_1_210' title='bbox 2291 1645 2444 1699; x_wconf 92' lang='lat' dir='ltr'><strong>annis</strong></span> <span class='ocrx_word' id='word_1_211' title='bbox 2485 1645 2551 1698; x_wconf 93' lang='lat' dir='ltr'><strong>ad</strong></span> <span class='ocrx_word' id='word_1_212' title='bbox 2583 1644 2902 1699; x_wconf 90' lang='lat' dir='ltr'><strong>memoriam</strong></span> <span class='ocrx_word' id='word_1_213' title='bbox 2955 1640 3264 1698; x_wconf 79' lang='lat' dir='ltr'><strong>sanctor&#39;um</strong></span> <span class='ocrx_word' id='word_1_214' title='bbox 3303 1657 3432 1711; x_wconf 89' lang='lat' dir='ltr'><strong>apo-</strong></span> 
     </span>
    </p>
   </div>
   <div class='ocr_carea' id='block_1_31' title="bbox 1862 1733 3430 1803">
    <p class='ocr_par' dir='ltr' id='par_1_31' title="bbox 1862 1733 3430 1803">
     <span class='ocr_line' id='line_1_31' title="bbox 1862 1733 3430 1803; baseline -0.002 -14"><span class='ocrx_word' id='word_1_215' title='bbox 1862 1734 2122 1789; x_wconf 88' lang='lat' dir='ltr'><strong>stolorum</strong></span> <span class='ocrx_word' id='word_1_216' title='bbox 2154 1747 2252 1803; x_wconf 91' lang='lat' dir='ltr'><strong>pro</strong></span> <span class='ocrx_word' id='word_1_217' title='bbox 2277 1733 2654 1788; x_wconf 87' lang='lat' dir='ltr'><strong>benedictione</strong></span> <span class='ocrx_word' id='word_1_218' title='bbox 2683 1743 2916 1803; x_wconf 92' lang='lat' dir='ltr'><strong>quantos</strong></span> <span class='ocrx_word' id='word_1_219' title='bbox 2962 1733 3136 1802; x_wconf 87' lang='lat' dir='ltr'><strong>potuit</strong></span> <span class='ocrx_word' id='word_1_220' title='bbox 3175 1733 3430 1788; x_wconf 85' lang='lat' dir='ltr'><strong>misisset.</strong></span> 
     </span>
    </p>
   </div>
   <div class='ocr_carea' id='block_1_32' title="bbox 1864 1822 3432 1892">
    <p class='ocr_par' dir='ltr' id='par_1_32' title="bbox 1864 1822 3432 1892">
     <span class='ocr_line' id='line_1_32' title="bbox 1864 1822 3432 1892; baseline -0.001 -16"><span class='ocrx_word' id='word_1_221' title='bbox 1864 1824 1964 1891; x_wconf 88' lang='lat' dir='ltr'><strong>Qui</strong></span> <span class='ocrx_word' id='word_1_222' title='bbox 1993 1825 2156 1878; x_wconf 91' lang='lat' dir='ltr'><strong>etiam</strong></span> <span class='ocrx_word' id='word_1_223' title='bbox 2183 1838 2243 1877; x_wconf 90' lang='lat' dir='ltr'><strong>ea</strong></span> <span class='ocrx_word' id='word_1_224' title='bbox 2272 1823 2389 1878; x_wconf 85' lang='lat' dir='ltr'><strong>vice</strong></span> <span class='ocrx_word' id='word_1_225' title='bbox 2441 1837 2546 1892; x_wconf 89' lang='lat' dir='ltr'><strong>qua</strong></span> <span class='ocrx_word' id='word_1_226' title='bbox 2575 1822 2828 1878; x_wconf 87' lang='lat' dir='ltr'><strong>domuum</strong></span> <span class='ocrx_word' id='word_1_227' title='bbox 2859 1824 3107 1878; x_wconf 88' lang='lat' dir='ltr'><strong>abbatem</strong></span> <span class='ocrx_word' id='word_1_228' title='bbox 3152 1822 3396 1876; x_wconf 89' lang='lat' dir='ltr'><strong>invitavit</strong></span> <span class='ocrx_word' id='word_1_229' title='bbox 3416 1862 3432 1885; x_wconf 88' lang='lat'><strong>,</strong></span> 
     </span>
    </p>
   </div>
   <div class='ocr_carea' id='block_1_33' title="bbox 182 1903 3430 1984">
    <p class='ocr_par' dir='ltr' id='par_1_33' title="bbox 182 1903 3430 1984">
     <span class='ocr_line' id='line_1_33' title="bbox 182 1903 3430 1984; baseline -0.002 -10"><span class='ocrx_word' id='word_1_230' title='bbox 182 1903 493 1959; x_wconf 65' lang='grc' dir='ltr'><strong>ηυίτίείδυε</strong></span> <span class='ocrx_word' id='word_1_231' title='bbox 531 1904 837 1959; x_wconf 65' lang='grc' dir='ltr'><strong>θδηῑθυιεδο</strong></span> <span class='ocrx_word' id='word_1_232' title='bbox 893 1903 969 1960; x_wconf 72' lang='lat' dir='ltr'><strong>De</strong></span> <span class='ocrx_word' id='word_1_233' title='bbox 1019 1919 1121 1974; x_wconf 65' lang='lat' dir='ltr'><strong>qua</strong></span> <span class='ocrx_word' id='word_1_234' title='bbox 1176 1920 1235 1960; x_wconf 66' lang='lat' dir='ltr'><strong>re</strong></span> <span class='ocrx_word' id='word_1_235' title='bbox 1283 1905 1479 1959; x_wconf 71' lang='grc' dir='ltr'><strong>δεηιίθῑ</strong></span> <span class='ocrx_word' id='word_1_236' title='bbox 1528 1903 1755 1972; x_wconf 70' lang='grc' dir='ltr'>(ιιιίείιιιθ</span> <span class='ocrx_word' id='word_1_237' title='bbox 1785 1907 1829 1966; x_wconf 85' lang='grc' dir='ltr'><strong>Β</strong></span> <span class='ocrx_word' id='word_1_238' title='bbox 1858 1931 2018 1984; x_wconf 89' lang='lat' dir='ltr'><strong>quam</strong></span> <span class='ocrx_word' id='word_1_239' title='bbox 2054 1930 2242 1984; x_wconf 89' lang='lat' dir='ltr'><strong>parmn</strong></span> <span class='ocrx_word' id='word_1_240' title='bbox 2273 1914 2541 1967; x_wconf 88' lang='lat' dir='ltr'><strong>frumenta</strong></span> <span class='ocrx_word' id='word_1_241' title='bbox 2569 1913 2839 1978; x_wconf 89' lang='lat' dir='ltr'><strong>habuerit,</strong></span> <span class='ocrx_word' id='word_1_242' title='bbox 2863 1924 2918 1969; x_wconf 91' lang='lat' dir='ltr'><strong>et</strong></span> <span class='ocrx_word' id='word_1_243' title='bbox 2951 1924 3128 1969; x_wconf 90' lang='lat' dir='ltr'><strong>tamen</strong></span> <span class='ocrx_word' id='word_1_244' title='bbox 3159 1929 3257 1984; x_wconf 85' lang='lat' dir='ltr'><strong>per</strong></span> <span class='ocrx_word' id='word_1_245' title='bbox 3293 1951 3312 1968; x_wconf 94' lang='lat'><strong>.</strong></span> <span class='ocrx_word' id='word_1_246' title='bbox 3357 1949 3372 1964; x_wconf 94' lang='lat'><strong>.</strong></span> <span class='ocrx_word' id='word_1_247' title='bbox 3416 1950 3430 1966; x_wconf 92' lang='lat'><strong>.</strong></span> 
     </span>
    </p>
   </div>
   <div class='ocr_carea' id='block_1_34' title="bbox 182 1994 1758 2066">
    <p class='ocr_par' dir='ltr' id='par_1_34' title="bbox 182 1994 1758 2066">
     <span class='ocr_line' id='line_1_34' title="bbox 182 1994 1758 2066; baseline 0 -20"><span class='ocrx_word' id='word_1_248' title='bbox 182 1996 333 2063; x_wconf 87' lang='lat' dir='ltr'><strong>quod</strong></span> <span class='ocrx_word' id='word_1_249' title='bbox 367 1997 629 2061; x_wconf 89' lang='lat' dir='ltr'><strong>voluerit;</strong></span> <span class='ocrx_word' id='word_1_250' title='bbox 656 2012 756 2066; x_wconf 89' lang='lat' dir='ltr'><strong>ego</strong></span> <span class='ocrx_word' id='word_1_251' title='bbox 781 2004 958 2051; x_wconf 91' lang='lat' dir='ltr'><strong>autem</strong></span> <span class='ocrx_word' id='word_1_252' title='bbox 1000 2005 1183 2052; x_wconf 91' lang='lat' dir='ltr'><strong>certus</strong></span> <span class='ocrx_word' id='word_1_253' title='bbox 1209 2011 1327 2051; x_wconf 82' lang='lat' dir='ltr'><strong>sum</strong></span> <span class='ocrx_word' id='word_1_254' title='bbox 1360 1995 1505 2049; x_wconf 90' lang='lat' dir='ltr'><strong>illam</strong></span> <span class='ocrx_word' id='word_1_255' title='bbox 1536 2004 1586 2047; x_wconf 93' lang='lat' dir='ltr'><strong>te</strong></span> <span class='ocrx_word' id='word_1_256' title='bbox 1614 1994 1758 2047; x_wconf 91' lang='lat' dir='ltr'><strong>radi-</strong></span> 
     </span>
    </p>
   </div>
   <div class='ocr_carea' id='block_1_35' title="bbox 181 2085 1760 2156">
    <p class='ocr_par' dir='ltr' id='par_1_35' title="bbox 181 2085 1760 2156">
     <span class='ocr_line' id='line_1_35' title="bbox 181 2085 1760 2156; baseline 0 -17"><span class='ocrx_word' id='word_1_257' title='bbox 181 2101 307 2139; x_wconf 84' lang='lat' dir='ltr'><strong>cem</strong></span> <span class='ocrx_word' id='word_1_258' title='bbox 347 2085 590 2141; x_wconf 87' lang='lat' dir='ltr'><strong>funditus</strong></span> <span class='ocrx_word' id='word_1_259' title='bbox 633 2087 1003 2156; x_wconf 76' lang='lat' dir='ltr'><strong>exstirpasse,</strong></span> <span class='ocrx_word' id='word_1_260' title='bbox 1059 2102 1123 2141; x_wconf 81' lang='lat' dir='ltr'><strong>ex</strong></span> <span class='ocrx_word' id='word_1_261' title='bbox 1171 2101 1276 2156; x_wconf 89' lang='lat' dir='ltr'><strong>qua</strong></span> <span class='ocrx_word' id='word_1_262' title='bbox 1330 2085 1442 2140; x_wconf 88' lang='lat' dir='ltr'><strong>sola</strong></span> <span class='ocrx_word' id='word_1_263' title='bbox 1493 2085 1760 2153; x_wconf 60' lang='lat' dir='ltr'><strong>praecipue</strong></span> 
     </span>
    </p>
   </div>
   <div class='ocr_carea' id='block_1_36' title="bbox 180 2175 1758 2244">
    <p class='ocr_par' dir='ltr' id='par_1_36' title="bbox 180 2175 1758 2244">
     <span class='ocr_line' id='line_1_36' title="bbox 180 2175 1758 2244; baseline -0.001 -14"><span class='ocrx_word' id='word_1_264' title='bbox 180 2176 368 2230; x_wconf 82' lang='lat' dir='ltr'><strong>otnnia</strong></span> <span class='ocrx_word' id='word_1_265' title='bbox 417 2184 544 2230; x_wconf 87' lang='lat' dir='ltr'><strong>sunt</strong></span> <span class='ocrx_word' id='word_1_266' title='bbox 589 2175 918 2231; x_wconf 87' lang='lat' dir='ltr'><strong>monasteria</strong></span> <span class='ocrx_word' id='word_1_267' title='bbox 969 2175 1247 2231; x_wconf 90' lang='lat' dir='ltr'><strong>destructa</strong></span> <span class='ocrx_word' id='word_1_268' title='bbox 1307 2192 1426 2244; x_wconf 74' lang='lat' dir='ltr'><strong>qua:</strong></span> <span class='ocrx_word' id='word_1_269' title='bbox 1479 2175 1758 2229; x_wconf 85' lang='lat' dir='ltr'><strong>destructa</strong></span> 
     </span>
    </p>
   </div>
   <div class='ocr_carea' id='block_1_37' title="bbox 182 2264 1571 2335">
    <p class='ocr_par' dir='ltr' id='par_1_37' title="bbox 182 2264 1571 2335">
     <span class='ocr_line' id='line_1_37' title="bbox 182 2264 1571 2335; baseline -0.002 -15"><span class='ocrx_word' id='word_1_270' title='bbox 182 2277 318 2320; x_wconf 88' lang='lat' dir='ltr'><strong>sunt</strong></span> <span class='ocrx_word' id='word_1_271' title='bbox 351 2265 433 2320; x_wconf 84' lang='lat' dir='ltr'><strong>vel</strong></span> <span class='ocrx_word' id='word_1_272' title='bbox 461 2266 515 2320; x_wconf 91' lang='lat' dir='ltr'><strong>in</strong></span> <span class='ocrx_word' id='word_1_273' title='bbox 539 2264 836 2320; x_wconf 86' lang='lat' dir='ltr'><strong>Teutonica</strong></span> <span class='ocrx_word' id='word_1_274' title='bbox 896 2265 976 2320; x_wconf 89' lang='lat' dir='ltr'><strong>vel</strong></span> <span class='ocrx_word' id='word_1_275' title='bbox 1006 2267 1057 2321; x_wconf 91' lang='lat' dir='ltr'><strong>in</strong></span> <span class='ocrx_word' id='word_1_276' title='bbox 1084 2265 1328 2320; x_wconf 81' lang='lat' dir='ltr'><strong>Romana</strong></span> <span class='ocrx_word' id='word_1_277' title='bbox 1368 2264 1571 2335; x_wconf 80' lang='lat' dir='ltr'><strong>lingua.</strong></span> 
     </span>
    </p>
   </div>
   <div class='ocr_carea' id='block_1_38' title="bbox 258 2354 1760 2426">
    <p class='ocr_par' dir='ltr' id='par_1_38' title="bbox 258 2354 1760 2426">
     <span class='ocr_line' id='line_1_38' title="bbox 258 2354 1760 2426; baseline -0.001 -15"><span class='ocrx_word' id='word_1_278' title='bbox 258 2356 432 2420; x_wconf 82' lang='lat' dir='ltr'><strong>Unde,</strong></span> <span class='ocrx_word' id='word_1_279' title='bbox 461 2366 521 2411; x_wconf 96' lang='lat' dir='ltr'><strong>ut</strong></span> <span class='ocrx_word' id='word_1_280' title='bbox 550 2355 727 2412; x_wconf 88' lang='lat' dir='ltr'><strong>fatear</strong></span> <span class='ocrx_word' id='word_1_281' title='bbox 755 2357 897 2426; x_wconf 90' lang='lat' dir='ltr'><strong>quod</strong></span> <span class='ocrx_word' id='word_1_282' title='bbox 928 2371 1114 2411; x_wconf 91' lang='lat' dir='ltr'><strong>verum</strong></span> <span class='ocrx_word' id='word_1_283' title='bbox 1148 2365 1252 2421; x_wconf 88' lang='lat' dir='ltr'><strong>est,</strong></span> <span class='ocrx_word' id='word_1_284' title='bbox 1295 2357 1421 2424; x_wconf 90' lang='lat' dir='ltr'><strong>quia</strong></span> <span class='ocrx_word' id='word_1_285' title='bbox 1467 2364 1518 2410; x_wconf 88' lang='lat' dir='ltr'><strong>te</strong></span> <span class='ocrx_word' id='word_1_286' title='bbox 1548 2354 1653 2409; x_wconf 93' lang='lat' dir='ltr'><strong>vidi</strong></span> <span class='ocrx_word' id='word_1_287' title='bbox 1695 2369 1760 2410; x_wconf 87' lang='lat' dir='ltr'><strong>ea</strong></span> 
     </span>
    </p>
   </div>
   <div class='ocr_carea' id='block_1_39' title="bbox 183 2447 1761 2520">
    <p class='ocr_par' dir='ltr' id='par_1_39' title="bbox 183 2447 1761 2520">
     <span class='ocr_line' id='line_1_39' title="bbox 183 2447 1761 2520; baseline -0.001 -18"><span class='ocrx_word' id='word_1_288' title='bbox 183 2450 289 2520; x_wconf 70' lang='lat' dir='ltr'><strong>piae</strong></span> <span class='ocrx_word' id='word_1_289' title='bbox 323 2448 702 2504; x_wconf 91' lang='lat' dir='ltr'><strong>sollicitudinis</strong></span> <span class='ocrx_word' id='word_1_290' title='bbox 731 2449 1084 2520; x_wconf 60' lang='lat' dir='ltr'><strong>praerogativa</strong></span> <span class='ocrx_word' id='word_1_291' title='bbox 1110 2456 1351 2512; x_wconf 89' lang='lat' dir='ltr'><strong>cautum,</strong></span> <span class='ocrx_word' id='word_1_292' title='bbox 1381 2457 1435 2502; x_wconf 92' lang='lat' dir='ltr'><strong>et</strong></span> <span class='ocrx_word' id='word_1_293' title='bbox 1460 2447 1761 2502; x_wconf 87' lang='lat' dir='ltr'><strong>studiosum</strong></span> 
     </span>
    </p>
   </div>
   <div class='ocr_carea' id='block_1_40' title="bbox 187 2535 1763 2610">
    <p class='ocr_par' dir='ltr' id='par_1_40' title="bbox 187 2535 1763 2610">
     <span class='ocr_line' id='line_1_40' title="bbox 187 2535 1763 2610; baseline -0.003 -16"><span class='ocrx_word' id='word_1_294' title='bbox 187 2539 488 2610; x_wconf 71' lang='lat' dir='ltr'><strong>disciplina:</strong></span> <span class='ocrx_word' id='word_1_295' title='bbox 519 2538 806 2609; x_wconf 89' lang='lat' dir='ltr'><strong>regularis,</strong></span> <span class='ocrx_word' id='word_1_296' title='bbox 839 2554 1170 2608; x_wconf 88' lang='lat' dir='ltr'><strong>quanquam,</strong></span> <span class='ocrx_word' id='word_1_297' title='bbox 1202 2538 1244 2592; x_wconf 87' lang='lat' dir='ltr'><strong>si</strong></span> <span class='ocrx_word' id='word_1_298' title='bbox 1279 2539 1414 2592; x_wconf 84' lang='lat' dir='ltr'><strong>bene</strong></span> <span class='ocrx_word' id='word_1_299' title='bbox 1454 2536 1553 2592; x_wconf 85' lang='lat' dir='ltr'><strong>tibi</strong></span> <span class='ocrx_word' id='word_1_300' title='bbox 1582 2535 1763 2590; x_wconf 88' lang='lat' dir='ltr'><strong>volue-</strong></span> 
     </span>
    </p>
   </div>
   <div class='ocr_carea' id='block_1_41' title="bbox 187 2629 1762 2700">
    <p class='ocr_par' dir='ltr' id='par_1_41' title="bbox 187 2629 1762 2700">
     <span class='ocr_line' id='line_1_41' title="bbox 187 2629 1762 2700; baseline -0.004 -11"><span class='ocrx_word' id='word_1_301' title='bbox 187 2632 333 2698; x_wconf 83' lang='lat' dir='ltr'><strong>rim,</strong></span> <span class='ocrx_word' id='word_1_302' title='bbox 379 2631 512 2689; x_wconf 89' lang='lat' dir='ltr'><strong>nihil</strong></span> <span class='ocrx_word' id='word_1_303' title='bbox 563 2632 786 2686; x_wconf 90' lang='lat' dir='ltr'><strong>ulterius</strong></span> <span class='ocrx_word' id='word_1_304' title='bbox 834 2633 976 2700; x_wconf 89' lang='lat' dir='ltr'><strong>quod</strong></span> <span class='ocrx_word' id='word_1_305' title='bbox 1027 2630 1226 2700; x_wconf 87' lang='lat' dir='ltr'><strong>aliquid</strong></span> <span class='ocrx_word' id='word_1_306' title='bbox 1287 2630 1467 2684; x_wconf 84' lang='lat' dir='ltr'><strong>valeat</strong></span> <span class='ocrx_word' id='word_1_307' title='bbox 1535 2629 1762 2700; x_wconf 90' lang='lat' dir='ltr'><strong>possim,</strong></span> 
     </span>
    </p>
   </div>
   <div class='ocr_carea' id='block_1_42' title="bbox 189 2718 1763 2791">
    <p class='ocr_par' dir='ltr' id='par_1_42' title="bbox 189 2718 1763 2791">
     <span class='ocr_line' id='line_1_42' title="bbox 189 2718 1763 2791; baseline -0.003 -14"><span class='ocrx_word' id='word_1_308' title='bbox 189 2732 369 2777; x_wconf 89' lang='lat' dir='ltr'><strong>tamen</strong></span> <span class='ocrx_word' id='word_1_309' title='bbox 397 2723 515 2777; x_wconf 91' lang='lat' dir='ltr'><strong>solo</strong></span> <span class='ocrx_word' id='word_1_310' title='bbox 551 2732 798 2790; x_wconf 77' lang='lat' dir='ltr'><strong>excepto,</strong></span> <span class='ocrx_word' id='word_1_311' title='bbox 829 2731 886 2775; x_wconf 93' lang='lat' dir='ltr'><strong>ut</strong></span> <span class='ocrx_word' id='word_1_312' title='bbox 913 2723 1130 2791; x_wconf 89' lang='lat' dir='ltr'><strong>dignum</strong></span> <span class='ocrx_word' id='word_1_313' title='bbox 1165 2730 1268 2786; x_wconf 89' lang='lat' dir='ltr'><strong>est,</strong></span> <span class='ocrx_word' id='word_1_314' title='bbox 1311 2718 1462 2789; x_wconf 82' lang='lat' dir='ltr'><strong>cujus</strong></span> <span class='ocrx_word' id='word_1_315' title='bbox 1493 2735 1609 2774; x_wconf 89' lang='lat' dir='ltr'><strong>sum</strong></span> <span class='ocrx_word' id='word_1_316' title='bbox 1635 2734 1763 2790; x_wconf 90' lang='lat' dir='ltr'><strong>pro-</strong></span> 
     </span>
    </p>
   </div>
   <div class='ocr_carea' id='block_1_43' title="bbox 187 2804 1765 2882">
    <p class='ocr_par' dir='ltr' id='par_1_43' title="bbox 187 2804 1765 2882">
     <span class='ocr_line' id='line_1_43' title="bbox 187 2804 1765 2882; baseline -0.001 -14"><span class='ocrx_word' id='word_1_317' title='bbox 187 2814 362 2870; x_wconf 87' lang='lat' dir='ltr'><strong>fessus</strong></span> <span class='ocrx_word' id='word_1_318' title='bbox 412 2829 602 2870; x_wconf 85' lang='lat' dir='ltr'><strong>revera</strong></span> <span class='ocrx_word' id='word_1_319' title='bbox 643 2804 872 2879; x_wconf 84' lang='lat' dir='ltr'><strong>nomen,</strong></span> <span class='ocrx_word' id='word_1_320' title='bbox 922 2813 1061 2868; x_wconf 92' lang='lat' dir='ltr'><strong>alius</strong></span> <span class='ocrx_word' id='word_1_321' title='bbox 1105 2813 1392 2882; x_wconf 87' lang='lat' dir='ltr'><strong>quisquam</strong></span> <span class='ocrx_word' id='word_1_322' title='bbox 1426 2813 1500 2865; x_wconf 91' lang='lat' dir='ltr'><strong>tui</strong></span> <span class='ocrx_word' id='word_1_323' title='bbox 1532 2811 1765 2866; x_wconf 87' lang='lat' dir='ltr'><strong>nominis</strong></span> 
     </span>
    </p>
   </div>
   <div class='ocr_carea' id='block_1_44' title="bbox 189 2903 1766 2978">
    <p class='ocr_par' dir='ltr' id='par_1_44' title="bbox 189 2903 1766 2978">
     <span class='ocr_line' id='line_1_44' title="bbox 189 2903 1766 2978; baseline -0.003 -16"><span class='ocrx_word' id='word_1_324' title='bbox 189 2919 241 2964; x_wconf 90' lang='lat' dir='ltr'><strong>et</strong></span> <span class='ocrx_word' id='word_1_325' title='bbox 267 2907 453 2974; x_wconf 71' lang='lat' dir='ltr'><strong>officii,</strong></span> <span class='ocrx_word' id='word_1_326' title='bbox 502 2907 591 2962; x_wconf 92' lang='lat' dir='ltr'><strong>cui</strong></span> <span class='ocrx_word' id='word_1_327' title='bbox 638 2907 813 2978; x_wconf 90' lang='lat' dir='ltr'><strong>magis</strong></span> <span class='ocrx_word' id='word_1_328' title='bbox 862 2907 1034 2977; x_wconf 88' lang='lat' dir='ltr'><strong>possit</strong></span> <span class='ocrx_word' id='word_1_329' title='bbox 1065 2921 1094 2960; x_wconf 90' lang='lat' dir='ltr'><strong>a</strong></span> <span class='ocrx_word' id='word_1_330' title='bbox 1141 2905 1410 2976; x_wconf 84' lang='lat' dir='ltr'><strong>parvitate</strong></span> <span class='ocrx_word' id='word_1_331' title='bbox 1441 2919 1556 2958; x_wconf 92' lang='lat' dir='ltr'><strong>mea</strong></span> <span class='ocrx_word' id='word_1_332' title='bbox 1591 2903 1766 2958; x_wconf 90' lang='lat' dir='ltr'><strong>modis</strong></span> 
     </span>
    </p>
   </div>
   <div class='ocr_carea' id='block_1_45' title="bbox 189 2995 1766 3066">
    <p class='ocr_par' dir='ltr' id='par_1_45' title="bbox 189 2995 1766 3066">
     <span class='ocr_line' id='line_1_45' title="bbox 189 2995 1766 3066; baseline -0.001 -13"><span class='ocrx_word' id='word_1_333' title='bbox 189 3001 438 3056; x_wconf 90' lang='lat' dir='ltr'><strong>omnibus</strong></span> <span class='ocrx_word' id='word_1_334' title='bbox 467 3010 523 3056; x_wconf 92' lang='lat' dir='ltr'><strong>et</strong></span> <span class='ocrx_word' id='word_1_335' title='bbox 551 2999 720 3054; x_wconf 89' lang='lat' dir='ltr'><strong>faveri</strong></span> <span class='ocrx_word' id='word_1_336' title='bbox 747 3009 803 3055; x_wconf 90' lang='lat' dir='ltr'><strong>et</strong></span> <span class='ocrx_word' id='word_1_337' title='bbox 828 2998 1060 3066; x_wconf 88' lang='lat' dir='ltr'><strong>deferri;</strong></span> <span class='ocrx_word' id='word_1_338' title='bbox 1087 3013 1209 3053; x_wconf 90' lang='lat' dir='ltr'><strong>nam</strong></span> <span class='ocrx_word' id='word_1_339' title='bbox 1233 3007 1285 3054; x_wconf 92' lang='lat' dir='ltr'><strong>et</strong></span> <span class='ocrx_word' id='word_1_340' title='bbox 1309 2996 1410 3053; x_wconf 89' lang='lat' dir='ltr'><strong>alia</strong></span> <span class='ocrx_word' id='word_1_341' title='bbox 1431 3004 1557 3052; x_wconf 89' lang='lat' dir='ltr'><strong>sunt</strong></span> <span class='ocrx_word' id='word_1_342' title='bbox 1591 2995 1766 3052; x_wconf 89' lang='lat' dir='ltr'><strong>adhuc</strong></span> 
     </span>
    </p>
   </div>
   <div class='ocr_carea' id='block_1_46' title="bbox 191 3086 1764 3160">
    <p class='ocr_par' dir='ltr' id='par_1_46' title="bbox 191 3086 1764 3160">
     <span class='ocr_line' id='line_1_46' title="bbox 191 3086 1764 3160; baseline -0.002 -17"><span class='ocrx_word' id='word_1_343' title='bbox 191 3107 306 3159; x_wconf 64' lang='lat' dir='ltr'><strong>qum</strong></span> <span class='ocrx_word' id='word_1_344' title='bbox 340 3106 449 3145; x_wconf 92' lang='lat' dir='ltr'><strong>non</strong></span> <span class='ocrx_word' id='word_1_345' title='bbox 487 3090 761 3145; x_wconf 90' lang='lat' dir='ltr'><strong>immerito</strong></span> <span class='ocrx_word' id='word_1_346' title='bbox 809 3089 1102 3160; x_wconf 90' lang='lat' dir='ltr'><strong>plurimum</strong></span> <span class='ocrx_word' id='word_1_347' title='bbox 1133 3096 1188 3144; x_wconf 89' lang='lat' dir='ltr'><strong>et</strong></span> <span class='ocrx_word' id='word_1_348' title='bbox 1213 3097 1263 3142; x_wconf 89' lang='lat' dir='ltr'><strong>te</strong></span> <span class='ocrx_word' id='word_1_349' title='bbox 1292 3097 1347 3144; x_wconf 93' lang='lat' dir='ltr'><strong>et</strong></span> <span class='ocrx_word' id='word_1_350' title='bbox 1383 3088 1524 3142; x_wconf 88' lang='lat' dir='ltr'><strong>hanc</strong></span> <span class='ocrx_word' id='word_1_351' title='bbox 1547 3086 1764 3140; x_wconf 90' lang='lat' dir='ltr'><strong>domum</strong></span> 
     </span>
    </p>
   </div>
   <div class='ocr_carea' id='block_1_47' title="bbox 193 3180 1762 3250">
    <p class='ocr_par' dir='ltr' id='par_1_47' title="bbox 193 3180 1762 3250">
     <span class='ocr_line' id='line_1_47' title="bbox 193 3180 1762 3250; baseline -0.003 -14"><span class='ocrx_word' id='word_1_352' title='bbox 193 3183 282 3238; x_wconf 89' lang='lat' dir='ltr'><strong>Dei</strong></span> <span class='ocrx_word' id='word_1_353' title='bbox 304 3183 712 3238; x_wconf 89' lang='lat' dir='ltr'><strong>commendant.</strong></span> <span class='ocrx_word' id='word_1_354' title='bbox 737 3182 1002 3247; x_wconf 88' lang='lat' dir='ltr'><strong>Primum,</strong></span> <span class='ocrx_word' id='word_1_355' title='bbox 1025 3181 1146 3250; x_wconf 88' lang='lat' dir='ltr'><strong>quia</strong></span> <span class='ocrx_word' id='word_1_356' title='bbox 1171 3180 1522 3235; x_wconf 89' lang='lat' dir='ltr'><strong>infirmiorem</strong></span> <span class='ocrx_word' id='word_1_357' title='bbox 1552 3193 1762 3242; x_wconf 83' lang='lat' dir='ltr'><strong>sexum,</strong></span> 
     </span>
    </p>
   </div>
   <div class='ocr_carea' id='block_1_48' title="bbox 193 3253 1838 3345">
    <p class='ocr_par' dir='ltr' id='par_1_48' title="bbox 193 3253 1838 3345">
     <span class='ocr_line' id='line_1_48' title="bbox 193 3253 1838 3345; baseline -0.001 -17"><span class='ocrx_word' id='word_1_358' title='bbox 193 3275 332 3344; x_wconf 85' lang='lat' dir='ltr'><strong>quod</strong></span> <span class='ocrx_word' id='word_1_359' title='bbox 359 3275 513 3345; x_wconf 91' lang='lat' dir='ltr'><strong>prius</strong></span> <span class='ocrx_word' id='word_1_360' title='bbox 538 3289 645 3329; x_wconf 92' lang='lat' dir='ltr'><strong>non</strong></span> <span class='ocrx_word' id='word_1_361' title='bbox 682 3281 822 3340; x_wconf 87' lang='lat' dir='ltr'><strong>erat,</strong></span> <span class='ocrx_word' id='word_1_362' title='bbox 850 3274 916 3330; x_wconf 90' lang='lat' dir='ltr'><strong>de</strong></span> <span class='ocrx_word' id='word_1_363' title='bbox 945 3274 1283 3329; x_wconf 87' lang='lat' dir='ltr'><strong>habitatione</strong></span> <span class='ocrx_word' id='word_1_364' title='bbox 1325 3282 1506 3328; x_wconf 88' lang='lat' dir='ltr'><strong>vestra</strong></span> <span class='ocrx_word' id='word_1_365' title='bbox 1551 3271 1765 3341; x_wconf 83' lang='lat' dir='ltr'><strong>longius</strong></span> <span class='ocrx_word' id='word_1_366' title='bbox 1793 3253 1838 3316; x_wconf 65' lang='grc' dir='ltr'>(ἶ</span> 
     </span>
    </p>
   </div>
   <div class='ocr_carea' id='block_1_49' title="bbox 193 3367 1766 3439">
    <p class='ocr_par' dir='ltr' id='par_1_49' title="bbox 193 3367 1766 3439">
     <span class='ocr_line' id='line_1_49' title="bbox 193 3367 1766 3439; baseline -0.001 -17"><span class='ocrx_word' id='word_1_367' title='bbox 193 3377 460 3422; x_wconf 90' lang='lat' dir='ltr'><strong>remotum</strong></span> <span class='ocrx_word' id='word_1_368' title='bbox 513 3367 858 3434; x_wconf 78' lang='lat' dir='ltr'><strong>exclusistis,</strong></span> <span class='ocrx_word' id='word_1_369' title='bbox 908 3368 992 3424; x_wconf 90' lang='lat' dir='ltr'><strong>vel</strong></span> <span class='ocrx_word' id='word_1_370' title='bbox 1039 3369 1090 3424; x_wconf 91' lang='lat' dir='ltr'><strong>in</strong></span> <span class='ocrx_word' id='word_1_371' title='bbox 1139 3369 1399 3439; x_wconf 89' lang='lat' dir='ltr'><strong>obsequio</strong></span> <span class='ocrx_word' id='word_1_372' title='bbox 1452 3367 1766 3438; x_wconf 90' lang='lat' dir='ltr'><strong>quotidiano</strong></span> 
     </span>
    </p>
   </div>
   <div class='ocr_carea' id='block_1_50' title="bbox 197 3457 1768 3531">
    <p class='ocr_par' dir='ltr' id='par_1_50' title="bbox 197 3457 1768 3531">
     <span class='ocr_line' id='line_1_50' title="bbox 197 3457 1768 3531; baseline 0.001 -20"><span class='ocrx_word' id='word_1_373' title='bbox 197 3457 328 3513; x_wconf 84' lang='lat' dir='ltr'><strong>tales</strong></span> <span class='ocrx_word' id='word_1_374' title='bbox 347 3457 578 3514; x_wconf 88' lang='lat' dir='ltr'><strong>famulos</strong></span> <span class='ocrx_word' id='word_1_375' title='bbox 607 3459 811 3516; x_wconf 88' lang='lat' dir='ltr'><strong>habere</strong></span> <span class='ocrx_word' id='word_1_376' title='bbox 839 3461 1113 3517; x_wconf 78' lang='lat' dir='ltr'><strong>meruistis</strong></span> <span class='ocrx_word' id='word_1_377' title='bbox 1147 3462 1236 3531; x_wconf 91' lang='lat' dir='ltr'><strong>qui</strong></span> <span class='ocrx_word' id='word_1_378' title='bbox 1277 3476 1343 3518; x_wconf 80' lang='lat' dir='ltr'><strong>ex</strong></span> <span class='ocrx_word' id='word_1_379' title='bbox 1388 3459 1574 3516; x_wconf 89' lang='lat' dir='ltr'><strong>liberis</strong></span> <span class='ocrx_word' id='word_1_380' title='bbox 1619 3460 1768 3530; x_wconf 88' lang='lat' dir='ltr'><strong>inge-</strong></span> 
     </span>
    </p>
   </div>
   <div class='ocr_carea' id='block_1_51' title="bbox 194 3549 1768 3622">
    <p class='ocr_par' dir='ltr' id='par_1_51' title="bbox 194 3549 1768 3622">
     <span class='ocr_line' id='line_1_51' title="bbox 194 3549 1768 3622; baseline 0.003 -20"><span class='ocrx_word' id='word_1_381' title='bbox 194 3549 316 3604; x_wconf 90' lang='lat' dir='ltr'><strong>nuis</strong></span> <span class='ocrx_word' id='word_1_382' title='bbox 349 3549 490 3605; x_wconf 93' lang='lat' dir='ltr'><strong>ultro</strong></span> <span class='ocrx_word' id='word_1_383' title='bbox 520 3564 579 3606; x_wconf 90' lang='lat' dir='ltr'><strong>se</strong></span> <span class='ocrx_word' id='word_1_384' title='bbox 609 3551 976 3618; x_wconf 85' lang='lat' dir='ltr'><strong>humiliantes,</strong></span> <span class='ocrx_word' id='word_1_385' title='bbox 1003 3553 1261 3622; x_wconf 87' lang='lat' dir='ltr'><strong>vobisque</strong></span> <span class='ocrx_word' id='word_1_386' title='bbox 1303 3551 1620 3617; x_wconf 87' lang='lat' dir='ltr'><strong>servientes,</strong></span> <span class='ocrx_word' id='word_1_387' title='bbox 1660 3565 1768 3607; x_wconf 86' lang='lat' dir='ltr'><strong>non</strong></span> 
     </span>
    </p>
   </div>
   <div class='ocr_carea' id='block_1_52' title="bbox 195 3638 1767 3712">
    <p class='ocr_par' dir='ltr' id='par_1_52' title="bbox 195 3638 1767 3712">
     <span class='ocr_line' id='line_1_52' title="bbox 195 3638 1767 3712; baseline 0.002 -20"><span class='ocrx_word' id='word_1_388' title='bbox 195 3638 354 3693; x_wconf 88' lang='lat' dir='ltr'><strong>aliam</strong></span> <span class='ocrx_word' id='word_1_389' title='bbox 383 3639 552 3694; x_wconf 87' lang='lat' dir='ltr'><strong>vitam</strong></span> <span class='ocrx_word' id='word_1_390' title='bbox 581 3655 743 3711; x_wconf 90' lang='lat' dir='ltr'><strong>quam</strong></span> <span class='ocrx_word' id='word_1_391' title='bbox 775 3641 921 3696; x_wconf 88' lang='lat' dir='ltr'><strong>illam</strong></span> <span class='ocrx_word' id='word_1_392' title='bbox 951 3658 1070 3712; x_wconf 71' lang='lat' dir='ltr'><strong>quae</strong></span> <span class='ocrx_word' id='word_1_393' title='bbox 1098 3652 1182 3697; x_wconf 89' lang='lat' dir='ltr'><strong>est</strong></span> <span class='ocrx_word' id='word_1_394' title='bbox 1224 3641 1461 3698; x_wconf 76' lang='lat' dir='ltr'><strong>cmlestis</strong></span> <span class='ocrx_word' id='word_1_395' title='bbox 1487 3651 1543 3696; x_wconf 94' lang='lat' dir='ltr'><strong>et</strong></span> <span class='ocrx_word' id='word_1_396' title='bbox 1572 3655 1767 3712; x_wconf 89' lang='lat' dir='ltr'><strong>perpe-</strong></span> 
     </span>
    </p>
   </div>
   <div class='ocr_carea' id='block_1_53' title="bbox 199 3733 1767 3806">
    <p class='ocr_par' dir='ltr' id='par_1_53' title="bbox 199 3733 1767 3806">
     <span class='ocr_line' id='line_1_53' title="bbox 199 3733 1767 3806; baseline 0.002 -21"><span class='ocrx_word' id='word_1_397' title='bbox 199 3741 285 3786; x_wconf 91' lang='lat' dir='ltr'><strong>tua</strong></span> <span class='ocrx_word' id='word_1_398' title='bbox 327 3742 666 3803; x_wconf 78' lang='lat' dir='ltr'><strong>exspectant.</strong></span> <span class='ocrx_word' id='word_1_399' title='bbox 715 3734 793 3790; x_wconf 90' lang='lat' dir='ltr'><strong>De</strong></span> <span class='ocrx_word' id='word_1_400' title='bbox 841 3735 1036 3806; x_wconf 86' lang='lat' dir='ltr'><strong>quibus</strong></span> <span class='ocrx_word' id='word_1_401' title='bbox 1069 3745 1246 3790; x_wconf 89' lang='lat' dir='ltr'><strong>tamen</strong></span> <span class='ocrx_word' id='word_1_402' title='bbox 1293 3750 1487 3800; x_wconf 91' lang='lat' dir='ltr'><strong>unum,</strong></span> <span class='ocrx_word' id='word_1_403' title='bbox 1535 3735 1678 3804; x_wconf 89' lang='lat' dir='ltr'><strong>quod</strong></span> <span class='ocrx_word' id='word_1_404' title='bbox 1721 3733 1767 3788; x_wconf 91' lang='lat' dir='ltr'><strong>si</strong></span> 
     </span>
    </p>
   </div>
   <div class='ocr_carea' id='block_1_54' title="bbox 197 3825 1768 3896">
    <p class='ocr_par' dir='ltr' id='par_1_54' title="bbox 197 3825 1768 3896">
     <span class='ocr_line' id='line_1_54' title="bbox 197 3825 1768 3896; baseline 0.001 -17"><span class='ocrx_word' id='word_1_405' title='bbox 197 3825 585 3880; x_wconf 73' lang='lat' dir='ltr'><strong>benevolentia:</strong></span> <span class='ocrx_word' id='word_1_406' title='bbox 613 3835 806 3882; x_wconf 69' lang='lat' dir='ltr'><strong>vestra:</strong></span> <span class='ocrx_word' id='word_1_407' title='bbox 845 3827 1135 3892; x_wconf 85' lang='lat' dir='ltr'><strong>videretur,</strong></span> <span class='ocrx_word' id='word_1_408' title='bbox 1185 3828 1237 3881; x_wconf 93' lang='lat' dir='ltr'><strong>in</strong></span> <span class='ocrx_word' id='word_1_409' title='bbox 1290 3827 1540 3896; x_wconf 80' lang='lat' dir='ltr'><strong>proximo</strong></span> <span class='ocrx_word' id='word_1_410' title='bbox 1570 3826 1768 3882; x_wconf 91' lang='lat' dir='ltr'><strong>mutari</strong></span> 
     </span>
    </p>
   </div>
   <div class='ocr_carea' id='block_1_55' title="bbox 199 3914 1768 3986">
    <p class='ocr_par' dir='ltr' id='par_1_55' title="bbox 199 3914 1768 3986">
     <span class='ocr_line' id='line_1_55' title="bbox 199 3914 1768 3986; baseline 0.001 -18"><span class='ocrx_word' id='word_1_411' title='bbox 199 3915 410 3970; x_wconf 83' lang='lat' dir='ltr'><strong>vellem.</strong></span> <span class='ocrx_word' id='word_1_412' title='bbox 435 3914 643 3970; x_wconf 72' lang='lat' dir='ltr'><strong>Vellem</strong></span> <span class='ocrx_word' id='word_1_413' title='bbox 673 3917 856 3986; x_wconf 82' lang='lat' dir='ltr'><strong>utique</strong></span> <span class='ocrx_word' id='word_1_414' title='bbox 885 3925 943 3970; x_wconf 91' lang='lat' dir='ltr'><strong>ut</strong></span> <span class='ocrx_word' id='word_1_415' title='bbox 973 3933 1078 3972; x_wconf 91' lang='lat' dir='ltr'><strong>non</strong></span> <span class='ocrx_word' id='word_1_416' title='bbox 1127 3917 1356 3986; x_wconf 84' lang='lat' dir='ltr'><strong>amplius</strong></span> <span class='ocrx_word' id='word_1_417' title='bbox 1385 3917 1768 3986; x_wconf 87' lang='lat' dir='ltr'><strong>permitteren-</strong></span> 
     </span>
    </p>
   </div>
   <div class='ocr_carea' id='block_1_56' title="bbox 199 3988 1767 4073">
    <p class='ocr_par' dir='ltr' id='par_1_56' title="bbox 199 3988 1767 4073">
     <span class='ocr_line' id='line_1_56' title="bbox 199 3988 1767 4073; baseline 0.001 -13"><span class='ocrx_word' id='word_1_418' title='bbox 199 4015 284 4060; x_wconf 85' lang='lat' dir='ltr'><strong>tur</strong></span> <span class='ocrx_word' id='word_1_419' title='bbox 301 4015 458 4061; x_wconf 81' lang='lat' dir='ltr'><strong>extra</strong></span> <span class='ocrx_word' id='word_1_420' title='bbox 489 3988 782 4063; x_wconf 77' lang='lat' dir='ltr'><strong>claustrum</strong></span> <span class='ocrx_word' id='word_1_421' title='bbox 811 4009 1167 4073; x_wconf 88' lang='lat' dir='ltr'><strong>commorari;</strong></span> <span class='ocrx_word' id='word_1_422' title='bbox 1199 4009 1398 4063; x_wconf 88' lang='lat' dir='ltr'><strong>daretis</strong></span> <span class='ocrx_word' id='word_1_423' title='bbox 1419 4009 1496 4063; x_wconf 89' lang='lat' dir='ltr'><strong>eis</strong></span> <span class='ocrx_word' id='word_1_424' title='bbox 1526 4007 1767 4062; x_wconf 88' lang='lat' dir='ltr'><strong>habitum</strong></span> 
     </span>
    </p>
   </div>
   <div class='ocr_carea' id='block_1_57' title="bbox 199 4097 1770 4168">
    <p class='ocr_par' dir='ltr' id='par_1_57' title="bbox 199 4097 1770 4168">
     <span class='ocr_line' id='line_1_57' title="bbox 199 4097 1770 4168; baseline 0 -16"><span class='ocrx_word' id='word_1_425' title='bbox 199 4105 464 4153; x_wconf 85' lang='lat' dir='ltr'><strong>nostrum.</strong></span> <span class='ocrx_word' id='word_1_426' title='bbox 495 4098 708 4168; x_wconf 86' lang='lat' dir='ltr'><strong>thuia</strong></span> <span class='ocrx_word' id='word_1_427' title='bbox 733 4113 838 4152; x_wconf 91' lang='lat' dir='ltr'><strong>non</strong></span> <span class='ocrx_word' id='word_1_428' title='bbox 883 4098 951 4153; x_wconf 87' lang='lat' dir='ltr'><strong>ad</strong></span> <span class='ocrx_word' id='word_1_429' title='bbox 980 4098 1083 4154; x_wconf 88' lang='lat' dir='ltr'><strong>hoc</strong></span> <span class='ocrx_word' id='word_1_430' title='bbox 1111 4098 1290 4152; x_wconf 87' lang='lat' dir='ltr'><strong>valent</strong></span> <span class='ocrx_word' id='word_1_431' title='bbox 1314 4107 1370 4151; x_wconf 93' lang='lat' dir='ltr'><strong>ut</strong></span> <span class='ocrx_word' id='word_1_432' title='bbox 1401 4099 1513 4152; x_wconf 92' lang='lat' dir='ltr'><strong>sint</strong></span> <span class='ocrx_word' id='word_1_433' title='bbox 1540 4097 1770 4152; x_wconf 89' lang='lat' dir='ltr'><strong>lectores</strong></span> 
     </span>
    </p>
   </div>
   <div class='ocr_carea' id='block_1_58' title="bbox 200 4186 1772 4256">
    <p class='ocr_par' dir='ltr' id='par_1_58' title="bbox 200 4186 1772 4256">
     <span class='ocr_line' id='line_1_58' title="bbox 200 4186 1772 4256; baseline 0.001 -16"><span class='ocrx_word' id='word_1_434' title='bbox 200 4186 277 4241; x_wconf 85' lang='lat' dir='ltr'><strong>vel</strong></span> <span class='ocrx_word' id='word_1_435' title='bbox 312 4196 566 4243; x_wconf 85' lang='lat' dir='ltr'><strong>cantores</strong></span> <span class='ocrx_word' id='word_1_436' title='bbox 591 4203 713 4242; x_wconf 91' lang='lat' dir='ltr'><strong>cum</strong></span> <span class='ocrx_word' id='word_1_437' title='bbox 759 4187 1029 4252; x_wconf 90' lang='lat' dir='ltr'><strong>litteratis,</strong></span> <span class='ocrx_word' id='word_1_438' title='bbox 1060 4187 1190 4242; x_wconf 89' lang='lat' dir='ltr'><strong>ulmi</strong></span> <span class='ocrx_word' id='word_1_439' title='bbox 1219 4188 1353 4242; x_wconf 72' lang='lat' dir='ltr'><strong>vivae</strong></span> <span class='ocrx_word' id='word_1_440' title='bbox 1381 4187 1532 4242; x_wconf 89' lang='lat' dir='ltr'><strong>vivas</strong></span> <span class='ocrx_word' id='word_1_441' title='bbox 1557 4201 1772 4256; x_wconf 88' lang='lat' dir='ltr'><strong>quoque</strong></span> 
     </span>
    </p>
   </div>
   <div class='ocr_carea' id='block_1_59' title="bbox 199 4277 1772 4346">
    <p class='ocr_par' dir='ltr' id='par_1_59' title="bbox 199 4277 1772 4346">
     <span class='ocr_line' id='line_1_59' title="bbox 199 4277 1772 4346; baseline 0.001 -16"><span class='ocrx_word' id='word_1_442' title='bbox 199 4277 524 4346; x_wconf 80' lang='lat' dir='ltr'><strong>vites,juxta</strong></span> <span class='ocrx_word' id='word_1_443' title='bbox 552 4277 944 4346; x_wconf 90' lang='lat' dir='ltr'><strong>quadamtenus</strong></span> <span class='ocrx_word' id='word_1_444' title='bbox 987 4279 1189 4333; x_wconf 90' lang='lat' dir='ltr'><strong>dictum</strong></span> <span class='ocrx_word' id='word_1_445' title='bbox 1237 4285 1346 4343; x_wconf 91' lang='lat' dir='ltr'><strong>est,</strong></span> <span class='ocrx_word' id='word_1_446' title='bbox 1381 4283 1682 4346; x_wconf 90' lang='lat' dir='ltr'><strong>portarent,</strong></span> <span class='ocrx_word' id='word_1_447' title='bbox 1710 4284 1772 4331; x_wconf 86' lang='lat' dir='ltr'><strong>ut</strong></span> 
     </span>
    </p>
   </div>
   <div class='ocr_carea' id='block_1_60' title="bbox 199 4369 1768 4439">
    <p class='ocr_par' dir='ltr' id='par_1_60' title="bbox 199 4369 1768 4439">
     <span class='ocr_line' id='line_1_60' title="bbox 199 4369 1768 4439; baseline -0.002 -14"><span class='ocrx_word' id='word_1_448' title='bbox 199 4369 382 4425; x_wconf 87' lang='lat' dir='ltr'><strong>eodem</strong></span> <span class='ocrx_word' id='word_1_449' title='bbox 444 4370 606 4424; x_wconf 88' lang='lat' dir='ltr'><strong>modo</strong></span> <span class='ocrx_word' id='word_1_450' title='bbox 648 4384 757 4439; x_wconf 91' lang='lat' dir='ltr'><strong>quo</strong></span> <span class='ocrx_word' id='word_1_451' title='bbox 803 4369 908 4424; x_wconf 91' lang='lat' dir='ltr'><strong>huc</strong></span> <span class='ocrx_word' id='word_1_452' title='bbox 954 4384 1126 4438; x_wconf 90' lang='lat' dir='ltr'><strong>usque</strong></span> <span class='ocrx_word' id='word_1_453' title='bbox 1170 4369 1456 4424; x_wconf 88' lang='lat' dir='ltr'><strong>serviendo</strong></span> <span class='ocrx_word' id='word_1_454' title='bbox 1497 4369 1768 4433; x_wconf 85' lang='lat' dir='ltr'><strong>litteratis,</strong></span> 
     </span>
    </p>
   </div>
   <div class='ocr_carea' id='block_1_61' title="bbox 197 4457 1767 4530">
    <p class='ocr_par' dir='ltr' id='par_1_61' title="bbox 197 4457 1767 4530">
     <span class='ocr_line' id='line_1_61' title="bbox 197 4457 1767 4530; baseline 0.001 -18"><span class='ocrx_word' id='word_1_455' title='bbox 197 4459 554 4514; x_wconf 85' lang='lat' dir='ltr'><strong>litteratorum</strong></span> <span class='ocrx_word' id='word_1_456' title='bbox 603 4457 905 4514; x_wconf 90' lang='lat' dir='ltr'><strong>mercedem</strong></span> <span class='ocrx_word' id='word_1_457' title='bbox 941 4467 1420 4530; x_wconf 89' lang='lat' dir='ltr'><strong>consequerentur.</strong></span> <span class='ocrx_word' id='word_1_458' title='bbox 1471 4459 1606 4513; x_wconf 85' lang='lat' dir='ltr'><strong>Nam</strong></span> <span class='ocrx_word' id='word_1_459' title='bbox 1633 4461 1675 4516; x_wconf 93' lang='lat' dir='ltr'><strong>si</strong></span> <span class='ocrx_word' id='word_1_460' title='bbox 1705 4459 1767 4513; x_wconf 82' lang='grc' dir='ltr'><strong>Β.</strong></span> 
     </span>
    </p>
   </div>
   <div class='ocr_carea' id='block_1_62' title="bbox 201 4551 1770 4622">
    <p class='ocr_par' dir='ltr' id='par_1_62' title="bbox 201 4551 1770 4622">
     <span class='ocr_line' id='line_1_62' title="bbox 201 4551 1770 4622; baseline 0.001 -16"><span class='ocrx_word' id='word_1_461' title='bbox 201 4552 487 4606; x_wconf 88' lang='lat' dir='ltr'><strong>Benedicto</strong></span> <span class='ocrx_word' id='word_1_462' title='bbox 541 4552 824 4606; x_wconf 87' lang='lat' dir='ltr'><strong>videbatur</strong></span> <span class='ocrx_word' id='word_1_463' title='bbox 876 4561 936 4606; x_wconf 90' lang='lat' dir='ltr'><strong>ut</strong></span> <span class='ocrx_word' id='word_1_464' title='bbox 988 4551 1184 4606; x_wconf 83' lang='lat' dir='ltr'><strong>fratres</strong></span> <span class='ocrx_word' id='word_1_465' title='bbox 1228 4551 1469 4606; x_wconf 89' lang='lat' dir='ltr'><strong>vicissim</strong></span> <span class='ocrx_word' id='word_1_466' title='bbox 1524 4552 1770 4622; x_wconf 68' lang='lat' dir='ltr'><strong>coquinae</strong></span> 
     </span>
    </p>
   </div>
   <div class='ocr_carea' id='block_1_63' title="bbox 1859 2005 3431 2077">
    <p class='ocr_par' dir='ltr' id='par_1_63' title="bbox 1859 2005 3431 2077">
     <span class='ocr_line' id='line_1_63' title="bbox 1859 2005 3431 2077; baseline -0.003 -16"><span class='ocrx_word' id='word_1_467' title='bbox 1859 2007 2190 2077; x_wconf 89' lang='lat' dir='ltr'><strong>scptimanas</strong></span> <span class='ocrx_word' id='word_1_468' title='bbox 2244 2015 2443 2074; x_wconf 85' lang='lat' dir='ltr'><strong>quanta</strong></span> <span class='ocrx_word' id='word_1_469' title='bbox 2491 2005 2818 2060; x_wconf 89' lang='lat' dir='ltr'><strong>liberalitate</strong></span> <span class='ocrx_word' id='word_1_470' title='bbox 2871 2005 3278 2067; x_wconf 88' lang='lat' dir='ltr'><strong>ministraverit,</strong></span> <span class='ocrx_word' id='word_1_471' title='bbox 3329 2019 3431 2056; x_wconf 91' lang='lat' dir='ltr'><strong>non</strong></span> 
     </span>
    </p>
   </div>
   <div class='ocr_carea' id='block_1_64' title="bbox 1861 2094 3433 2164">
    <p class='ocr_par' dir='ltr' id='par_1_64' title="bbox 1861 2094 3433 2164">
     <span class='ocr_line' id='line_1_64' title="bbox 1861 2094 3433 2164; baseline -0.004 -12"><span class='ocrx_word' id='word_1_472' title='bbox 1861 2099 2019 2152; x_wconf 87' lang='lat' dir='ltr'><strong>modo</strong></span> <span class='ocrx_word' id='word_1_473' title='bbox 2047 2095 2221 2159; x_wconf 90' lang='lat' dir='ltr'><strong>nobis,</strong></span> <span class='ocrx_word' id='word_1_474' title='bbox 2254 2096 2346 2150; x_wconf 90' lang='lat' dir='ltr'><strong>sed</strong></span> <span class='ocrx_word' id='word_1_475' title='bbox 2373 2095 2535 2150; x_wconf 89' lang='lat' dir='ltr'><strong>etiam</strong></span> <span class='ocrx_word' id='word_1_476' title='bbox 2572 2097 2780 2150; x_wconf 89' lang='lat' dir='ltr'><strong>cunctis</strong></span> <span class='ocrx_word' id='word_1_477' title='bbox 2803 2096 3016 2150; x_wconf 88' lang='lat' dir='ltr'><strong>interim</strong></span> <span class='ocrx_word' id='word_1_478' title='bbox 3044 2094 3433 2164; x_wconf 85' lang='lat' dir='ltr'><strong>supervenien-</strong></span> 
     </span>
    </p>
   </div>
   <div class='ocr_carea' id='block_1_65' title="bbox 1858 2184 3434 2255">
    <p class='ocr_par' dir='ltr' id='par_1_65' title="bbox 1858 2184 3434 2255">
     <span class='ocr_line' id='line_1_65' title="bbox 1858 2184 3434 2255; baseline -0.004 -11"><span class='ocrx_word' id='word_1_479' title='bbox 1858 2189 2027 2253; x_wconf 87' lang='lat' dir='ltr'><strong>tibus,</strong></span> <span class='ocrx_word' id='word_1_480' title='bbox 2076 2195 2131 2242; x_wconf 84' lang='lat' dir='ltr'><strong>et</strong></span> <span class='ocrx_word' id='word_1_481' title='bbox 2174 2187 2242 2240; x_wconf 89' lang='lat' dir='ltr'><strong>ad</strong></span> <span class='ocrx_word' id='word_1_482' title='bbox 2304 2187 2484 2241; x_wconf 84' lang='lat' dir='ltr'><strong>domui</strong></span> <span class='ocrx_word' id='word_1_483' title='bbox 2537 2186 2747 2242; x_wconf 90' lang='lat' dir='ltr'><strong>abbatis</strong></span> <span class='ocrx_word' id='word_1_484' title='bbox 2795 2186 3142 2248; x_wconf 87' lang='lat' dir='ltr'><strong>audientiam,</strong></span> <span class='ocrx_word' id='word_1_485' title='bbox 3175 2185 3326 2255; x_wconf 89' lang='lat' dir='ltr'><strong>quasi</strong></span> <span class='ocrx_word' id='word_1_486' title='bbox 3366 2184 3434 2238; x_wconf 91' lang='lat' dir='ltr'><strong>ad</strong></span> 
     </span>
    </p>
   </div>
   <div class='ocr_carea' id='block_1_66' title="bbox 1861 2274 3435 2350">
    <p class='ocr_par' dir='ltr' id='par_1_66' title="bbox 1861 2274 3435 2350">
     <span class='ocr_line' id='line_1_66' title="bbox 1861 2274 3435 2350; baseline -0.003 -17"><span class='ocrx_word' id='word_1_487' title='bbox 1861 2280 2130 2350; x_wconf 90' lang='lat' dir='ltr'><strong>quoddam</strong></span> <span class='ocrx_word' id='word_1_488' title='bbox 2181 2278 2592 2348; x_wconf 86' lang='lat' dir='ltr'><strong>spectaculum,</strong></span> <span class='ocrx_word' id='word_1_489' title='bbox 2644 2278 2880 2348; x_wconf 90' lang='lat' dir='ltr'><strong>undique</strong></span> <span class='ocrx_word' id='word_1_490' title='bbox 2929 2277 3342 2340; x_wconf 86' lang='lat' dir='ltr'><strong>confluentibus,</strong></span> <span class='ocrx_word' id='word_1_491' title='bbox 3390 2274 3435 2328; x_wconf 92' lang='lat' dir='ltr'><strong>si</strong></span> 
     </span>
    </p>
   </div>
   <div class='ocr_carea' id='block_1_67' title="bbox 1862 2374 3435 2442">
    <p class='ocr_par' dir='ltr' id='par_1_67' title="bbox 1862 2374 3435 2442">
     <span class='ocr_line' id='line_1_67' title="bbox 1862 2374 3435 2442; baseline -0.006 -13"><span class='ocrx_word' id='word_1_492' title='bbox 1862 2374 2114 2430; x_wconf 79' lang='lat' dir='ltr'><strong>cltaritati</strong></span> <span class='ocrx_word' id='word_1_493' title='bbox 2137 2382 2326 2426; x_wconf 80' lang='lat' dir='ltr'><strong>vestrae</strong></span> <span class='ocrx_word' id='word_1_494' title='bbox 2354 2387 2453 2442; x_wconf 90' lang='lat' dir='ltr'><strong>pro</strong></span> <span class='ocrx_word' id='word_1_495' title='bbox 2491 2386 2548 2425; x_wconf 92' lang='lat' dir='ltr'><strong>re</strong></span> <span class='ocrx_word' id='word_1_496' title='bbox 2589 2379 2738 2441; x_wconf 87' lang='lat' dir='ltr'><strong>gesta</strong></span> <span class='ocrx_word' id='word_1_497' title='bbox 2768 2385 3114 2433; x_wconf 84' lang='lat' dir='ltr'><strong>euarravero,</strong></span> <span class='ocrx_word' id='word_1_498' title='bbox 3143 2376 3435 2438; x_wconf 80' lang='lat' dir='ltr'><strong>quantum-</strong></span> 
     </span>
    </p>
   </div>
   <div class='ocr_carea' id='block_1_68' title="bbox 1863 2459 3436 2526">
    <p class='ocr_par' dir='ltr' id='par_1_68' title="bbox 1863 2459 3436 2526">
     <span class='ocr_line' id='line_1_68' title="bbox 1863 2459 3436 2526; baseline -0.004 -10"><span class='ocrx_word' id='word_1_499' title='bbox 1863 2464 1992 2518; x_wconf 88' lang='lat' dir='ltr'><strong>libet</strong></span> <span class='ocrx_word' id='word_1_500' title='bbox 2022 2463 2179 2516; x_wconf 90' lang='lat' dir='ltr'><strong>lidem</strong></span> <span class='ocrx_word' id='word_1_501' title='bbox 2209 2461 2337 2516; x_wconf 85' lang='lat' dir='ltr'><strong>mihi</strong></span> <span class='ocrx_word' id='word_1_502' title='bbox 2367 2460 2630 2526; x_wconf 84' lang='lat' dir='ltr'><strong>habeatis,</strong></span> <span class='ocrx_word' id='word_1_503' title='bbox 2653 2469 2830 2514; x_wconf 90' lang='lat' dir='ltr'><strong>tamen</strong></span> <span class='ocrx_word' id='word_1_504' title='bbox 2856 2459 3039 2514; x_wconf 80' lang='lat' dir='ltr'><strong>nescio</strong></span> <span class='ocrx_word' id='word_1_505' title='bbox 3063 2459 3107 2512; x_wconf 91' lang='lat' dir='ltr'><strong>si</strong></span> <span class='ocrx_word' id='word_1_506' title='bbox 3136 2459 3238 2512; x_wconf 86' lang='lat' dir='ltr'><strong>hoc</strong></span> <span class='ocrx_word' id='word_1_507' title='bbox 3262 2465 3436 2510; x_wconf 90' lang='lat' dir='ltr'><strong>totum</strong></span> 
     </span>
    </p>
   </div>
   <div class='ocr_carea' id='block_1_69' title="bbox 1861 2548 3435 2615">
    <p class='ocr_par' dir='ltr' id='par_1_69' title="bbox 1861 2548 3435 2615">
     <span class='ocr_line' id='line_1_69' title="bbox 1861 2548 3435 2615; baseline -0.008 -5"><span class='ocrx_word' id='word_1_508' title='bbox 1861 2555 2001 2610; x_wconf 88' lang='lat' dir='ltr'><strong>bene</strong></span> <span class='ocrx_word' id='word_1_509' title='bbox 2029 2548 2254 2608; x_wconf 83' lang='lat' dir='ltr'><strong>credere</strong></span> <span class='ocrx_word' id='word_1_510' title='bbox 2281 2551 2530 2604; x_wconf 90' lang='lat' dir='ltr'><strong>valeatis.</strong></span> <span class='ocrx_word' id='word_1_511' title='bbox 2556 2549 2670 2606; x_wconf 86' lang='lat' dir='ltr'><strong>Hoc</strong></span> <span class='ocrx_word' id='word_1_512' title='bbox 2697 2558 2876 2603; x_wconf 88' lang='lat' dir='ltr'><strong>autem</strong></span> <span class='ocrx_word' id='word_1_513' title='bbox 2906 2555 3053 2602; x_wconf 89' lang='lat' dir='ltr'><strong>certe</strong></span> <span class='ocrx_word' id='word_1_514' title='bbox 3093 2560 3435 2615; x_wconf 89' lang='lat' dir='ltr'><strong>nequaquam</strong></span> 
     </span>
    </p>
   </div>
   <div class='ocr_carea' id='block_1_70' title="bbox 1864 2638 3432 2715">
    <p class='ocr_par' dir='ltr' id='par_1_70' title="bbox 1864 2638 3432 2715">
     <span class='ocr_line' id='line_1_70' title="bbox 1864 2638 3432 2715; baseline -0.006 -14"><span class='ocrx_word' id='word_1_515' title='bbox 1864 2646 2114 2710; x_wconf 88' lang='lat' dir='ltr'><strong>mentior,</strong></span> <span class='ocrx_word' id='word_1_516' title='bbox 2139 2644 2286 2715; x_wconf 87' lang='lat' dir='ltr'><strong>quia,</strong></span> <span class='ocrx_word' id='word_1_517' title='bbox 2321 2650 2580 2713; x_wconf 89' lang='lat' dir='ltr'><strong>quantum</strong></span> <span class='ocrx_word' id='word_1_518' title='bbox 2609 2642 2678 2698; x_wconf 88' lang='lat' dir='ltr'><strong>de</strong></span> <span class='ocrx_word' id='word_1_519' title='bbox 2715 2649 2943 2708; x_wconf 86' lang='lat' dir='ltr'><strong>utroque</strong></span> <span class='ocrx_word' id='word_1_520' title='bbox 2976 2638 3094 2694; x_wconf 89' lang='lat' dir='ltr'><strong>loco</strong></span> <span class='ocrx_word' id='word_1_521' title='bbox 3122 2638 3329 2707; x_wconf 87' lang='lat' dir='ltr'><strong>accepi.</strong></span> <span class='ocrx_word' id='word_1_522' title='bbox 3363 2675 3380 2691; x_wconf 92' lang='lat'><strong>.</strong></span> <span class='ocrx_word' id='word_1_523' title='bbox 3415 2673 3432 2691; x_wconf 91' lang='lat'><strong>.</strong></span> 
     </span>
    </p>
   </div>
   <div class='ocr_carea' id='block_1_71' title="bbox 1863 2728 3438 2806">
    <p class='ocr_par' dir='ltr' id='par_1_71' title="bbox 1863 2728 3438 2806">
     <span class='ocr_line' id='line_1_71' title="bbox 1863 2728 3438 2806; baseline -0.004 -16"><span class='ocrx_word' id='word_1_524' title='bbox 1863 2737 2096 2793; x_wconf 68' lang='lat' dir='ltr'><strong>abbatiae</strong></span> <span class='ocrx_word' id='word_1_525' title='bbox 2145 2736 2535 2806; x_wconf 84' lang='lat' dir='ltr'><strong>possessiones,</strong></span> <span class='ocrx_word' id='word_1_526' title='bbox 2567 2732 2697 2789; x_wconf 87' lang='lat' dir='ltr'><strong>solis</strong></span> <span class='ocrx_word' id='word_1_527' title='bbox 2739 2732 2911 2786; x_wconf 88' lang='lat' dir='ltr'><strong>vineis</strong></span> <span class='ocrx_word' id='word_1_528' title='bbox 2963 2730 3222 2800; x_wconf 79' lang='lat' dir='ltr'><strong>exceptis,</strong></span> <span class='ocrx_word' id='word_1_529' title='bbox 3275 2728 3438 2799; x_wconf 81' lang='lat' dir='ltr'><strong>duplo</strong></span> 
     </span>
    </p>
   </div>
   <div class='ocr_carea' id='block_1_72' title="bbox 1863 2819 3436 2898">
    <p class='ocr_par' dir='ltr' id='par_1_72' title="bbox 1863 2819 3436 2898">
     <span class='ocr_line' id='line_1_72' title="bbox 1863 2819 3436 2898; baseline -0.008 -12"><span class='ocrx_word' id='word_1_530' title='bbox 1863 2829 2071 2886; x_wconf 89' lang='lat' dir='ltr'><strong>scilicet</strong></span> <span class='ocrx_word' id='word_1_531' title='bbox 2097 2829 2404 2898; x_wconf 90' lang='lat' dir='ltr'><strong>ampliores.</strong></span> <span class='ocrx_word' id='word_1_532' title='bbox 2438 2826 2542 2882; x_wconf 89' lang='lat' dir='ltr'><strong>Sed</strong></span> <span class='ocrx_word' id='word_1_533' title='bbox 2574 2826 2636 2880; x_wconf 84' lang='grc' dir='ltr'><strong>ι).</strong></span> <span class='ocrx_word' id='word_1_534' title='bbox 2669 2824 2734 2880; x_wconf 87' lang='lat' dir='ltr'><strong>G.</strong></span> <span class='ocrx_word' id='word_1_535' title='bbox 2767 2823 2866 2893; x_wconf 73' lang='lat' dir='ltr'><strong>est)</strong></span> <span class='ocrx_word' id='word_1_536' title='bbox 2889 2822 3007 2878; x_wconf 90' lang='lat' dir='ltr'><strong>talis</strong></span> <span class='ocrx_word' id='word_1_537' title='bbox 3034 2823 3215 2886; x_wconf 90' lang='lat' dir='ltr'><strong>homo,</strong></span> <span class='ocrx_word' id='word_1_538' title='bbox 3241 2819 3357 2890; x_wconf 92' lang='lat' dir='ltr'><strong>qui,</strong></span> <span class='ocrx_word' id='word_1_539' title='bbox 3389 2820 3436 2875; x_wconf 89' lang='lat' dir='ltr'><strong>si</strong></span> 
     </span>
    </p>
   </div>
   <div class='ocr_carea' id='block_1_73' title="bbox 1865 2910 3436 2992">
    <p class='ocr_par' dir='ltr' id='par_1_73' title="bbox 1865 2910 3436 2992">
     <span class='ocr_line' id='line_1_73' title="bbox 1865 2910 3436 2992; baseline -0.008 -16"><span class='ocrx_word' id='word_1_540' title='bbox 1865 2933 1999 2992; x_wconf 91' lang='lat' dir='ltr'><strong>opus</strong></span> <span class='ocrx_word' id='word_1_541' title='bbox 2036 2936 2156 2977; x_wconf 91' lang='lat' dir='ltr'><strong>esse</strong></span> <span class='ocrx_word' id='word_1_542' title='bbox 2178 2920 2396 2985; x_wconf 90' lang='lat' dir='ltr'><strong>viderit,</strong></span> <span class='ocrx_word' id='word_1_543' title='bbox 2430 2917 2652 2973; x_wconf 89' lang='lat' dir='ltr'><strong>minime</strong></span> <span class='ocrx_word' id='word_1_544' title='bbox 2678 2924 2896 2971; x_wconf 90' lang='lat' dir='ltr'><strong>veretur</strong></span> <span class='ocrx_word' id='word_1_545' title='bbox 2923 2929 3096 2984; x_wconf 90' lang='lat' dir='ltr'><strong>usque</strong></span> <span class='ocrx_word' id='word_1_546' title='bbox 3125 2913 3192 2968; x_wconf 84' lang='lat' dir='ltr'><strong>ad</strong></span> <span class='ocrx_word' id='word_1_547' title='bbox 3223 2913 3326 2966; x_wconf 86' lang='lat' dir='ltr'><strong>tria</strong></span> <span class='ocrx_word' id='word_1_548' title='bbox 3350 2910 3436 2966; x_wconf 89' lang='lat' dir='ltr'><strong>vel</strong></span> 
     </span>
    </p>
   </div>
   <div class='ocr_carea' id='block_1_74' title="bbox 1865 3003 3441 3084">
    <p class='ocr_par' dir='ltr' id='par_1_74' title="bbox 1865 3003 3441 3084">
     <span class='ocr_line' id='line_1_74' title="bbox 1865 3003 3441 3084; baseline -0.006 -16"><span class='ocrx_word' id='word_1_549' title='bbox 1865 3022 2097 3084; x_wconf 89' lang='lat' dir='ltr'><strong>quatuor</strong></span> <span class='ocrx_word' id='word_1_550' title='bbox 2147 3011 2313 3067; x_wconf 90' lang='lat' dir='ltr'><strong>millia</strong></span> <span class='ocrx_word' id='word_1_551' title='bbox 2354 3010 2646 3066; x_wconf 89' lang='lat' dir='ltr'><strong>solidorum</strong></span> <span class='ocrx_word' id='word_1_552' title='bbox 2691 3006 2947 3062; x_wconf 91' lang='lat' dir='ltr'><strong>mutuari.</strong></span> <span class='ocrx_word' id='word_1_553' title='bbox 3004 3005 3066 3060; x_wconf 85' lang='lat' dir='ltr'><strong>Et</strong></span> <span class='ocrx_word' id='word_1_554' title='bbox 3103 3005 3282 3060; x_wconf 90' lang='lat' dir='ltr'><strong>divina</strong></span> <span class='ocrx_word' id='word_1_555' title='bbox 3330 3003 3441 3058; x_wconf 84' lang='lat' dir='ltr'><strong>cle-</strong></span> 
     </span>
    </p>
   </div>
   <div class='ocr_carea' id='block_1_75' title="bbox 1866 3093 3442 3171">
    <p class='ocr_par' dir='ltr' id='par_1_75' title="bbox 1866 3093 3442 3171">
     <span class='ocr_line' id='line_1_75' title="bbox 1866 3093 3442 3171; baseline -0.006 -14"><span class='ocrx_word' id='word_1_556' title='bbox 1866 3101 2068 3157; x_wconf 90' lang='lat' dir='ltr'><strong>mentia</strong></span> <span class='ocrx_word' id='word_1_557' title='bbox 2108 3101 2198 3171; x_wconf 90' lang='lat' dir='ltr'><strong>qui</strong></span> <span class='ocrx_word' id='word_1_558' title='bbox 2227 3099 2343 3155; x_wconf 82' lang='lat' dir='ltr'><strong>ﬁeri</strong></span> <span class='ocrx_word' id='word_1_559' title='bbox 2372 3107 2556 3169; x_wconf 89' lang='lat' dir='ltr'><strong>posset</strong></span> <span class='ocrx_word' id='word_1_560' title='bbox 2593 3105 2653 3152; x_wconf 93' lang='lat' dir='ltr'><strong>ut</strong></span> <span class='ocrx_word' id='word_1_561' title='bbox 2711 3111 2951 3166; x_wconf 88' lang='lat' dir='ltr'><strong>unquam</strong></span> <span class='ocrx_word' id='word_1_562' title='bbox 2989 3094 3263 3150; x_wconf 86' lang='lat' dir='ltr'><strong>desereret</strong></span> <span class='ocrx_word' id='word_1_563' title='bbox 3289 3093 3356 3148; x_wconf 92' lang='lat' dir='ltr'><strong>de</strong></span> <span class='ocrx_word' id='word_1_564' title='bbox 3382 3107 3442 3148; x_wconf 90' lang='lat' dir='ltr'><strong>se</strong></span> 
     </span>
    </p>
   </div>
   <div class='ocr_carea' id='block_1_76' title="bbox 1866 3181 3440 3260">
    <p class='ocr_par' dir='ltr' id='par_1_76' title="bbox 1866 3181 3440 3260">
     <span class='ocr_line' id='line_1_76' title="bbox 1866 3181 3440 3260; baseline -0.005 -17"><span class='ocrx_word' id='word_1_565' title='bbox 1866 3197 2449 3260; x_wconf 69' lang='lat' dir='ltr'><strong>praesumentem,qu:e</strong></span> <span class='ocrx_word' id='word_1_566' title='bbox 2488 3187 2683 3242; x_wconf 91' lang='lat' dir='ltr'><strong>iterum</strong></span> <span class='ocrx_word' id='word_1_567' title='bbox 2730 3185 2888 3255; x_wconf 91' lang='lat' dir='ltr'><strong>plane</strong></span> <span class='ocrx_word' id='word_1_568' title='bbox 2934 3198 3128 3239; x_wconf 87' lang='lat' dir='ltr'><strong>corvos</strong></span> <span class='ocrx_word' id='word_1_569' title='bbox 3177 3181 3342 3236; x_wconf 89' lang='lat' dir='ltr'><strong>mittit</strong></span> <span class='ocrx_word' id='word_1_570' title='bbox 3370 3181 3440 3235; x_wconf 92' lang='lat' dir='ltr'><strong>ad</strong></span> 
     </span>
    </p>
   </div>
   <div class='ocr_carea' id='block_1_77' title="bbox 1870 3270 3441 3348">
    <p class='ocr_par' dir='ltr' id='par_1_77' title="bbox 1870 3270 3441 3348">
     <span class='ocr_line' id='line_1_77' title="bbox 1870 3270 3441 3348; baseline -0.008 -13"><span class='ocrx_word' id='word_1_571' title='bbox 1870 3279 2040 3335; x_wconf 81' lang='lat' dir='ltr'><strong>Eliam</strong></span> <span class='ocrx_word' id='word_1_572' title='bbox 2096 3278 2407 3348; x_wconf 86' lang='lat' dir='ltr'><strong>temporalis</strong></span> <span class='ocrx_word' id='word_1_573' title='bbox 2471 3277 2596 3330; x_wconf 70' lang='lat' dir='ltr'><strong>vita:</strong></span> <span class='ocrx_word' id='word_1_574' title='bbox 2659 3275 2960 3330; x_wconf 88' lang='lat' dir='ltr'><strong>subsidium</strong></span> <span class='ocrx_word' id='word_1_575' title='bbox 3027 3270 3441 3326; x_wconf 82' lang='lat' dir='ltr'><strong>ministrantes?</strong></span> 
     </span>
    </p>
   </div>
   <div class='ocr_carea' id='block_1_78' title="bbox 1871 3361 3432 3440">
    <p class='ocr_par' dir='ltr' id='par_1_78' title="bbox 1871 3361 3432 3440">
     <span class='ocr_line' id='line_1_78' title="bbox 1871 3361 3432 3440; baseline -0.004 -18"><span class='ocrx_word' id='word_1_576' title='bbox 1871 3368 1988 3440; x_wconf 80' lang='lat' dir='ltr'><strong><em>(&#39;III</em></strong></span> <span class='ocrx_word' id='word_1_577' title='bbox 2028 3367 2155 3438; x_wconf 84' lang='lat' dir='ltr'><strong>Reg.</strong></span> <span class='ocrx_word' id='word_1_578' title='bbox 2188 3367 2346 3438; x_wconf 72' lang='lat' dir='ltr'><strong>lvtt.)</strong></span> <span class='ocrx_word' id='word_1_579' title='bbox 2374 3366 2512 3433; x_wconf 85' lang='lat' dir='ltr'><strong>Quid</strong></span> <span class='ocrx_word' id='word_1_580' title='bbox 2541 3365 2686 3420; x_wconf 90' lang='lat' dir='ltr'><strong>enim</strong></span> <span class='ocrx_word' id='word_1_581' title='bbox 2719 3363 3085 3434; x_wconf 85' lang='lat' dir='ltr'><strong>Francigcnas</strong></span> <span class='ocrx_word' id='word_1_582' title='bbox 3113 3362 3258 3415; x_wconf 89' lang='lat' dir='ltr'><strong>aliud</strong></span> <span class='ocrx_word' id='word_1_583' title='bbox 3285 3361 3432 3415; x_wconf 74' lang='lat' dir='ltr'><strong>dixe-</strong></span> 
     </span>
    </p>
   </div>
   <div class='ocr_carea' id='block_1_79' title="bbox 1870 3451 3442 3526">
    <p class='ocr_par' dir='ltr' id='par_1_79' title="bbox 1870 3451 3442 3526">
     <span class='ocr_line' id='line_1_79' title="bbox 1870 3451 3442 3526; baseline -0.006 -12"><span class='ocrx_word' id='word_1_584' title='bbox 1870 3460 1972 3514; x_wconf 90' lang='lat' dir='ltr'><strong>rim</strong></span> <span class='ocrx_word' id='word_1_585' title='bbox 2009 3474 2130 3514; x_wconf 93' lang='lat' dir='ltr'><strong>cum</strong></span> <span class='ocrx_word' id='word_1_586' title='bbox 2162 3458 2271 3513; x_wconf 92' lang='lat' dir='ltr'><strong>sint</strong></span> <span class='ocrx_word' id='word_1_587' title='bbox 2303 3465 2412 3511; x_wconf 90' lang='lat' dir='ltr'><strong>tam</strong></span> <span class='ocrx_word' id='word_1_588' title='bbox 2444 3455 2690 3526; x_wconf 89' lang='lat' dir='ltr'><strong>inquieti,</strong></span> <span class='ocrx_word' id='word_1_589' title='bbox 2741 3464 2984 3525; x_wconf 90' lang='lat' dir='ltr'><strong>raptores</strong></span> <span class='ocrx_word' id='word_1_590' title='bbox 3015 3461 3070 3508; x_wconf 88' lang='lat' dir='ltr'><strong>et</strong></span> <span class='ocrx_word' id='word_1_591' title='bbox 3099 3451 3166 3506; x_wconf 92' lang='lat' dir='ltr'><strong>de</strong></span> <span class='ocrx_word' id='word_1_592' title='bbox 3203 3451 3442 3506; x_wconf 89' lang='lat' dir='ltr'><strong>candore</strong></span> 
     </span>
    </p>
   </div>
   <div class='ocr_carea' id='block_1_80' title="bbox 1869 3542 3442 3609">
    <p class='ocr_par' dir='ltr' id='par_1_80' title="bbox 1869 3542 3442 3609">
     <span class='ocr_line' id='line_1_80' title="bbox 1869 3542 3442 3609; baseline -0.006 -7"><span class='ocrx_word' id='word_1_593' title='bbox 1869 3548 2129 3602; x_wconf 90' lang='lat' dir='ltr'><strong>virtutum</strong></span> <span class='ocrx_word' id='word_1_594' title='bbox 2179 3545 2313 3600; x_wconf 91' lang='lat' dir='ltr'><strong>nihil</strong></span> <span class='ocrx_word' id='word_1_595' title='bbox 2363 3546 2653 3608; x_wconf 88' lang='lat' dir='ltr'><strong>habentes;</strong></span> <span class='ocrx_word' id='word_1_596' title='bbox 2716 3542 2855 3596; x_wconf 89' lang='lat' dir='ltr'><strong>inter</strong></span> <span class='ocrx_word' id='word_1_597' title='bbox 2901 3555 3036 3609; x_wconf 87' lang='lat' dir='ltr'><strong>quos</strong></span> <span class='ocrx_word' id='word_1_598' title='bbox 3090 3548 3266 3593; x_wconf 91' lang='lat' dir='ltr'><strong>tamen</strong></span> <span class='ocrx_word' id='word_1_599' title='bbox 3315 3548 3442 3592; x_wconf 90' lang='lat' dir='ltr'><strong>sunt</strong></span> 
     </span>
    </p>
   </div>
   <div class='ocr_carea' id='block_1_81' title="bbox 1870 3629 3429 3707">
    <p class='ocr_par' dir='ltr' id='par_1_81' title="bbox 1870 3629 3429 3707">
     <span class='ocr_line' id='line_1_81' title="bbox 1870 3629 3429 3707; baseline -0.01 -11"><span class='ocrx_word' id='word_1_600' title='bbox 1870 3639 2004 3696; x_wconf 89' lang='lat' dir='ltr'><strong>tales</strong></span> <span class='ocrx_word' id='word_1_601' title='bbox 2026 3637 2312 3707; x_wconf 88' lang='lat' dir='ltr'><strong>aliquando</strong></span> <span class='ocrx_word' id='word_1_602' title='bbox 2339 3635 2430 3706; x_wconf 91' lang='lat' dir='ltr'><strong>qui</strong></span> <span class='ocrx_word' id='word_1_603' title='bbox 2455 3634 2594 3690; x_wconf 84' lang='lat' dir='ltr'><strong>fideli</strong></span> <span class='ocrx_word' id='word_1_604' title='bbox 2619 3633 2712 3688; x_wconf 89' lang='lat' dir='ltr'><strong>Dei</strong></span> <span class='ocrx_word' id='word_1_605' title='bbox 2734 3647 2890 3687; x_wconf 89' lang='lat' dir='ltr'><strong>servo</strong></span> <span class='ocrx_word' id='word_1_606' title='bbox 2913 3639 3060 3685; x_wconf 87' lang='lat' dir='ltr'><strong>tanta</strong></span> <span class='ocrx_word' id='word_1_607' title='bbox 3098 3629 3429 3700; x_wconf 89' lang='lat' dir='ltr'><strong>largiuntur,</strong></span> 
     </span>
    </p>
   </div>
   <div class='ocr_carea' id='block_1_82' title="bbox 1869 3725 3438 3804">
    <p class='ocr_par' dir='ltr' id='par_1_82' title="bbox 1869 3725 3438 3804">
     <span class='ocr_line' id='line_1_82' title="bbox 1869 3725 3438 3804; baseline -0.01 -13"><span class='ocrx_word' id='word_1_608' title='bbox 1869 3745 1929 3792; x_wconf 90' lang='lat' dir='ltr'><strong>ut</strong></span> <span class='ocrx_word' id='word_1_609' title='bbox 1959 3735 2010 3789; x_wconf 94' lang='lat' dir='ltr'><strong>in</strong></span> <span class='ocrx_word' id='word_1_610' title='bbox 2036 3733 2357 3804; x_wconf 90' lang='lat' dir='ltr'><strong>parvissimo</strong></span> <span class='ocrx_word' id='word_1_611' title='bbox 2405 3740 2646 3800; x_wconf 91' lang='lat' dir='ltr'><strong>tempore</strong></span> <span class='ocrx_word' id='word_1_612' title='bbox 2675 3725 2933 3798; x_wconf 92' lang='lat' dir='ltr'><strong>quidquid</strong></span> <span class='ocrx_word' id='word_1_613' title='bbox 2981 3725 3143 3780; x_wconf 88' lang='lat' dir='ltr'><strong>debet</strong></span> <span class='ocrx_word' id='word_1_614' title='bbox 3182 3725 3438 3778; x_wconf 88' lang='lat' dir='ltr'><strong>resolvat.</strong></span> 
     </span>
    </p>
   </div>
   <div class='ocr_carea' id='block_1_83' title="bbox 1871 3814 3444 3890">
    <p class='ocr_par' dir='ltr' id='par_1_83' title="bbox 1871 3814 3444 3890">
     <span class='ocr_line' id='line_1_83' title="bbox 1871 3814 3444 3890; baseline -0.011 -7"><span class='ocrx_word' id='word_1_615' title='bbox 1871 3827 1969 3882; x_wconf 90' lang='lat' dir='ltr'><strong>Cui</strong></span> <span class='ocrx_word' id='word_1_616' title='bbox 1999 3827 2160 3882; x_wconf 92' lang='lat' dir='ltr'><strong>etiam</strong></span> <span class='ocrx_word' id='word_1_617' title='bbox 2193 3827 2295 3880; x_wconf 88' lang='lat' dir='ltr'><strong>hoc</strong></span> <span class='ocrx_word' id='word_1_618' title='bbox 2321 3833 2404 3880; x_wconf 91' lang='lat' dir='ltr'><strong>est</strong></span> <span class='ocrx_word' id='word_1_619' title='bbox 2451 3822 2738 3886; x_wconf 89' lang='lat' dir='ltr'><strong>familiare,</strong></span> <span class='ocrx_word' id='word_1_620' title='bbox 2779 3829 2834 3874; x_wconf 90' lang='lat' dir='ltr'><strong>et</strong></span> <span class='ocrx_word' id='word_1_621' title='bbox 2881 3818 3034 3890; x_wconf 89' lang='lat' dir='ltr'><strong>quasi</strong></span> <span class='ocrx_word' id='word_1_622' title='bbox 3080 3831 3179 3886; x_wconf 92' lang='lat' dir='ltr'><strong>pro</strong></span> <span class='ocrx_word' id='word_1_623' title='bbox 3208 3814 3354 3880; x_wconf 91' lang='lat' dir='ltr'><strong>ludo,</strong></span> <span class='ocrx_word' id='word_1_624' title='bbox 3385 3822 3444 3867; x_wconf 88' lang='lat' dir='ltr'><strong>ut</strong></span> 
     </span>
    </p>
   </div>
   <div class='ocr_carea' id='block_1_84' title="bbox 1871 3904 3445 3988">
    <p class='ocr_par' dir='ltr' id='par_1_84' title="bbox 1871 3904 3445 3988">
     <span class='ocr_line' id='line_1_84' title="bbox 1871 3904 3445 3988; baseline -0.01 -15"><span class='ocrx_word' id='word_1_625' title='bbox 1871 3926 2020 3988; x_wconf 89' lang='lat' dir='ltr'><strong>optet</strong></span> <span class='ocrx_word' id='word_1_626' title='bbox 2057 3931 2334 3986; x_wconf 88' lang='lat' dir='ltr'><strong>nunquam</strong></span> <span class='ocrx_word' id='word_1_627' title='bbox 2373 3913 2475 3969; x_wconf 89' lang='lat' dir='ltr'><strong>sibi</strong></span> <span class='ocrx_word' id='word_1_628' title='bbox 2527 3910 2843 3978; x_wconf 80' lang='lat' dir='ltr'><strong>contingere</strong></span> <span class='ocrx_word' id='word_1_629' title='bbox 2886 3908 3116 3963; x_wconf 90' lang='lat' dir='ltr'><strong>multum</strong></span> <span class='ocrx_word' id='word_1_630' title='bbox 3166 3904 3445 3961; x_wconf 84' lang='lat' dir='ltr'><strong>abundare</strong></span> 
     </span>
    </p>
   </div>
   <div class='ocr_carea' id='block_1_85' title="bbox 1871 3995 3447 4074">
    <p class='ocr_par' dir='ltr' id='par_1_85' title="bbox 1871 3995 3447 4074">
     <span class='ocr_line' id='line_1_85' title="bbox 1871 3995 3447 4074; baseline -0.011 -11"><span class='ocrx_word' id='word_1_631' title='bbox 1871 4010 1938 4064; x_wconf 92' lang='lat' dir='ltr'><strong>de</strong></span> <span class='ocrx_word' id='word_1_632' title='bbox 1963 4008 2166 4064; x_wconf 91' lang='lat' dir='ltr'><strong>divitiis</strong></span> <span class='ocrx_word' id='word_1_633' title='bbox 2200 4006 2358 4074; x_wconf 85' lang='lat' dir='ltr'><strong>hujus</strong></span> <span class='ocrx_word' id='word_1_634' title='bbox 2381 4003 2586 4060; x_wconf 89' lang='lat' dir='ltr'><strong>mundi.</strong></span> <span class='ocrx_word' id='word_1_635' title='bbox 2629 4002 2781 4071; x_wconf 81' lang='lat' dir='ltr'><strong>Quod</strong></span> <span class='ocrx_word' id='word_1_636' title='bbox 2827 4001 2872 4055; x_wconf 89' lang='lat' dir='ltr'><strong>si</strong></span> <span class='ocrx_word' id='word_1_637' title='bbox 2902 4013 3085 4055; x_wconf 90' lang='lat' dir='ltr'><strong>comes</strong></span> <span class='ocrx_word' id='word_1_638' title='bbox 3110 4005 3164 4052; x_wconf 89' lang='lat' dir='ltr'><strong>et</strong></span> <span class='ocrx_word' id='word_1_639' title='bbox 3193 3995 3447 4051; x_wconf 88' lang='lat' dir='ltr'><strong>defensor</strong></span> 
     </span>
    </p>
   </div>
   <div class='ocr_carea' id='block_1_86' title="bbox 1872 4089 3448 4159">
    <p class='ocr_par' dir='ltr' id='par_1_86' title="bbox 1872 4089 3448 4159">
     <span class='ocr_line' id='line_1_86' title="bbox 1872 4089 3448 4159; baseline -0.008 -4"><span class='ocrx_word' id='word_1_640' title='bbox 1872 4101 1975 4156; x_wconf 90' lang='lat' dir='ltr'><strong>loci</strong></span> <span class='ocrx_word' id='word_1_641' title='bbox 1993 4099 2157 4156; x_wconf 91' lang='lat' dir='ltr'><strong>vestri</strong></span> <span class='ocrx_word' id='word_1_642' title='bbox 2189 4099 2352 4154; x_wconf 89' lang='lat' dir='ltr'><strong>sciret</strong></span> <span class='ocrx_word' id='word_1_643' title='bbox 2383 4112 2478 4151; x_wconf 87' lang='lat' dir='ltr'><strong>vos</strong></span> <span class='ocrx_word' id='word_1_644' title='bbox 2508 4095 2645 4151; x_wconf 92' lang='lat' dir='ltr'><strong>tanti</strong></span> <span class='ocrx_word' id='word_1_645' title='bbox 2681 4095 2973 4159; x_wconf 87' lang='lat' dir='ltr'><strong>debitores,</strong></span> <span class='ocrx_word' id='word_1_646' title='bbox 3019 4107 3122 4146; x_wconf 90' lang='lat' dir='ltr'><strong>non</strong></span> <span class='ocrx_word' id='word_1_647' title='bbox 3153 4089 3363 4144; x_wconf 70' lang='lat' dir='ltr'><strong>mstimo</strong></span> <span class='ocrx_word' id='word_1_648' title='bbox 3387 4095 3448 4142; x_wconf 90' lang='lat' dir='ltr'><strong>ut</strong></span> 
     </span>
    </p>
   </div>
   <div class='ocr_carea' id='block_1_87' title="bbox 1872 4184 3448 4261">
    <p class='ocr_par' dir='ltr' id='par_1_87' title="bbox 1872 4184 3448 4261">
     <span class='ocr_line' id='line_1_87' title="bbox 1872 4184 3448 4261; baseline -0.009 -15"><span class='ocrx_word' id='word_1_649' title='bbox 1872 4191 2054 4261; x_wconf 88' lang='lat' dir='ltr'><strong>aliquo</strong></span> <span class='ocrx_word' id='word_1_650' title='bbox 2082 4189 2242 4245; x_wconf 90' lang='lat' dir='ltr'><strong>modo</strong></span> <span class='ocrx_word' id='word_1_651' title='bbox 2268 4188 2494 4244; x_wconf 89' lang='lat' dir='ltr'><strong>auderet</strong></span> <span class='ocrx_word' id='word_1_652' title='bbox 2532 4185 2686 4241; x_wconf 88' lang='lat' dir='ltr'><strong>vobis</strong></span> <span class='ocrx_word' id='word_1_653' title='bbox 2707 4184 3043 4254; x_wconf 90' lang='lat' dir='ltr'><strong>importunus</strong></span> <span class='ocrx_word' id='word_1_654' title='bbox 3068 4194 3206 4241; x_wconf 86' lang='lat' dir='ltr'><strong>esse,</strong></span> <span class='ocrx_word' id='word_1_655' title='bbox 3245 4187 3321 4243; x_wconf 91' lang='lat' dir='ltr'><strong>et,</strong></span> <span class='ocrx_word' id='word_1_656' title='bbox 3354 4193 3448 4232; x_wconf 85' lang='lat' dir='ltr'><strong>ac-</strong></span> 
     </span>
    </p>
   </div>
   <div class='ocr_carea' id='block_1_88' title="bbox 1871 4269 3445 4350">
    <p class='ocr_par' dir='ltr' id='par_1_88' title="bbox 1871 4269 3445 4350">
     <span class='ocr_line' id='line_1_88' title="bbox 1871 4269 3445 4350; baseline -0.01 -12"><span class='ocrx_word' id='word_1_657' title='bbox 1871 4282 2096 4339; x_wconf 87' lang='lat' dir='ltr'><strong>cedente</strong></span> <span class='ocrx_word' id='word_1_658' title='bbox 2142 4281 2246 4350; x_wconf 67' lang='lat' dir='ltr'><strong>pia:</strong></span> <span class='ocrx_word' id='word_1_659' title='bbox 2291 4287 2347 4334; x_wconf 89' lang='lat' dir='ltr'><strong>et</strong></span> <span class='ocrx_word' id='word_1_660' title='bbox 2400 4278 2669 4344; x_wconf 78' lang='lat' dir='ltr'><strong>religiosae</strong></span> <span class='ocrx_word' id='word_1_661' title='bbox 2716 4274 2961 4344; x_wconf 83' lang='lat' dir='ltr'><strong>conjugis</strong></span> <span class='ocrx_word' id='word_1_662' title='bbox 3002 4271 3367 4341; x_wconf 83' lang='lat' dir='ltr'><strong>suggestione,</strong></span> <span class='ocrx_word' id='word_1_663' title='bbox 3400 4269 3445 4322; x_wconf 91' lang='lat' dir='ltr'><strong>si</strong></span> 
     </span>
    </p>
   </div>
   <div class='ocr_carea' id='block_1_89' title="bbox 1872 4360 3444 4432">
    <p class='ocr_par' dir='ltr' id='par_1_89' title="bbox 1872 4360 3444 4432">
     <span class='ocr_line' id='line_1_89' title="bbox 1872 4360 3444 4432; baseline -0.01 -7"><span class='ocrx_word' id='word_1_664' title='bbox 1872 4371 2008 4426; x_wconf 88' lang='lat' dir='ltr'><strong>nihil</strong></span> <span class='ocrx_word' id='word_1_665' title='bbox 2042 4371 2199 4426; x_wconf 87' lang='lat' dir='ltr'><strong>daret</strong></span> <span class='ocrx_word' id='word_1_666' title='bbox 2225 4368 2400 4432; x_wconf 89' lang='lat' dir='ltr'><strong>vobis,</strong></span> <span class='ocrx_word' id='word_1_667' title='bbox 2423 4365 2556 4420; x_wconf 86' lang='lat' dir='ltr'><strong>nihil</strong></span> <span class='ocrx_word' id='word_1_668' title='bbox 2581 4363 2744 4418; x_wconf 87' lang='lat' dir='ltr'><strong>etiam</strong></span> <span class='ocrx_word' id='word_1_669' title='bbox 2772 4364 3062 4432; x_wconf 87' lang='lat' dir='ltr'><strong>acciperet.</strong></span> <span class='ocrx_word' id='word_1_670' title='bbox 3087 4360 3240 4415; x_wconf 86' lang='lat' dir='ltr'><strong>Absit</strong></span> <span class='ocrx_word' id='word_1_671' title='bbox 3265 4366 3444 4413; x_wconf 89' lang='lat' dir='ltr'><strong>autem</strong></span> 
     </span>
    </p>
   </div>
   <div class='ocr_carea' id='block_1_90' title="bbox 1873 4447 3446 4534">
    <p class='ocr_par' dir='ltr' id='par_1_90' title="bbox 1873 4447 3446 4534">
     <span class='ocr_line' id='line_1_90' title="bbox 1873 4447 3446 4534; baseline -0.011 -16"><span class='ocrx_word' id='word_1_672' title='bbox 1873 4463 2240 4534; x_wconf 89' lang='lat' dir='ltr'><strong>utquisquam</strong></span> <span class='ocrx_word' id='word_1_673' title='bbox 2287 4458 2476 4514; x_wconf 92' lang='lat' dir='ltr'><strong>credat</strong></span> <span class='ocrx_word' id='word_1_674' title='bbox 2516 4455 2686 4510; x_wconf 90' lang='lat' dir='ltr'><strong>Deum</strong></span> <span class='ocrx_word' id='word_1_675' title='bbox 2729 4469 2851 4510; x_wconf 92' lang='lat' dir='ltr'><strong>esse</strong></span> <span class='ocrx_word' id='word_1_676' title='bbox 2897 4451 3143 4516; x_wconf 90' lang='lat' dir='ltr'><strong>localem,</strong></span> <span class='ocrx_word' id='word_1_677' title='bbox 3197 4457 3255 4504; x_wconf 89' lang='lat' dir='ltr'><strong>ut</strong></span> <span class='ocrx_word' id='word_1_678' title='bbox 3302 4447 3446 4521; x_wconf 92' lang='lat' dir='ltr'><strong>quod</strong></span> 
     </span>
    </p>
   </div>
   <div class='ocr_carea' id='block_1_91' title="bbox 1874 4535 3447 4610">
    <p class='ocr_par' dir='ltr' id='par_1_91' title="bbox 1874 4535 3447 4610">
     <span class='ocr_line' id='line_1_91' title="bbox 1874 4535 3447 4610; baseline -0.014 -3"><span class='ocrx_word' id='word_1_679' title='bbox 1874 4551 2002 4606; x_wconf 90' lang='lat' dir='ltr'><strong>facit</strong></span> <span class='ocrx_word' id='word_1_680' title='bbox 2025 4551 2080 4606; x_wconf 91' lang='lat' dir='ltr'><strong>in</strong></span> <span class='ocrx_word' id='word_1_681' title='bbox 2108 4548 2340 4604; x_wconf 87' lang='lat' dir='ltr'><strong>Francia</strong></span> <span class='ocrx_word' id='word_1_682' title='bbox 2366 4560 2474 4600; x_wconf 91' lang='lat' dir='ltr'><strong>non</strong></span> <span class='ocrx_word' id='word_1_683' title='bbox 2499 4543 2668 4599; x_wconf 89' lang='lat' dir='ltr'><strong>etiam</strong></span> <span class='ocrx_word' id='word_1_684' title='bbox 2690 4541 2869 4597; x_wconf 91' lang='lat' dir='ltr'><strong>facere</strong></span> <span class='ocrx_word' id='word_1_685' title='bbox 2891 4539 3061 4610; x_wconf 91' lang='lat' dir='ltr'><strong>possit</strong></span> <span class='ocrx_word' id='word_1_686' title='bbox 3087 4538 3140 4591; x_wconf 90' lang='lat' dir='ltr'><strong>in</strong></span> <span class='ocrx_word' id='word_1_687' title='bbox 3175 4535 3447 4590; x_wconf 84' lang='lat' dir='ltr'><strong>territorio</strong></span> 
     </span>
    </p>
   </div>
   <div class='ocr_carea' id='block_1_92' title="bbox 199 4621 3443 4714">
    <p class='ocr_par' dir='ltr' id='par_1_92' title="bbox 199 4621 3443 4714">
     <span class='ocr_line' id='line_1_92' title="bbox 199 4621 3443 4714; baseline -0.007 -16"><span class='ocrx_word' id='word_1_688' title='bbox 199 4658 388 4698; x_wconf 91' lang='lat' dir='ltr'><strong>munus</strong></span> <span class='ocrx_word' id='word_1_689' title='bbox 417 4643 666 4707; x_wconf 90' lang='lat' dir='ltr'><strong>obirent;</strong></span> <span class='ocrx_word' id='word_1_690' title='bbox 707 4657 903 4697; x_wconf 89' lang='lat' dir='ltr'><strong>munus</strong></span> <span class='ocrx_word' id='word_1_691' title='bbox 944 4643 1048 4698; x_wconf 91' lang='lat' dir='ltr'><strong>hoc</strong></span> <span class='ocrx_word' id='word_1_692' title='bbox 1099 4657 1314 4712; x_wconf 89' lang='lat' dir='ltr'><strong>quoque</strong></span> <span class='ocrx_word' id='word_1_693' title='bbox 1368 4643 1508 4713; x_wconf 90' lang='lat' dir='ltr'><strong>apud</strong></span> <span class='ocrx_word' id='word_1_694' title='bbox 1553 4653 1770 4699; x_wconf 91' lang='lat' dir='ltr'><strong>sanctos</strong></span> <span class='ocrx_word' id='word_1_695' title='bbox 1797 4621 1848 4680; x_wconf 78' lang='lat' dir='ltr'><strong><em>D</em></strong></span> <span class='ocrx_word' id='word_1_696' title='bbox 1877 4640 2147 4714; x_wconf 88' lang='lat' dir='ltr'><strong>Spirensi!</strong></span> <span class='ocrx_word' id='word_1_697' title='bbox 2197 4638 2430 4693; x_wconf 88' lang='lat' dir='ltr'><strong>Tantum</strong></span> <span class='ocrx_word' id='word_1_698' title='bbox 2479 4634 2598 4704; x_wconf 85' lang='lat' dir='ltr'><strong>ejus</strong></span> <span class='ocrx_word' id='word_1_699' title='bbox 2637 4631 3006 4689; x_wconf 87' lang='lat' dir='ltr'><strong>misericordia</strong></span> <span class='ocrx_word' id='word_1_700' title='bbox 3043 4629 3116 4684; x_wconf 86' lang='lat' dir='ltr'><strong>sit</strong></span> <span class='ocrx_word' id='word_1_701' title='bbox 3144 4627 3443 4686; x_wconf 87' lang='lat' dir='ltr'><strong>vobiscum,</strong></span> 
     </span>
    </p>
   </div>
   <div class='ocr_carea' id='block_1_93' title="bbox 198 4731 1770 4804">
    <p class='ocr_par' dir='ltr' id='par_1_93' title="bbox 198 4731 1770 4804">
     <span class='ocr_line' id='line_1_93' title="bbox 198 4731 1770 4804; baseline 0.003 -19"><span class='ocrx_word' id='word_1_702' title='bbox 198 4731 382 4788; x_wconf 84' lang='lat' dir='ltr'><strong>Patres</strong></span> <span class='ocrx_word' id='word_1_703' title='bbox 409 4733 704 4798; x_wconf 86' lang='lat' dir='ltr'><strong>invenitur,</strong></span> <span class='ocrx_word' id='word_1_704' title='bbox 730 4732 872 4802; x_wconf 90' lang='lat' dir='ltr'><strong>quod</strong></span> <span class='ocrx_word' id='word_1_705' title='bbox 909 4733 1076 4787; x_wconf 90' lang='lat' dir='ltr'><strong>semel</strong></span> <span class='ocrx_word' id='word_1_706' title='bbox 1122 4734 1347 4802; x_wconf 83' lang='lat' dir='ltr'><strong>ingressi</strong></span> <span class='ocrx_word' id='word_1_707' title='bbox 1389 4734 1674 4804; x_wconf 90' lang='lat' dir='ltr'><strong>coquinam</strong></span> <span class='ocrx_word' id='word_1_708' title='bbox 1703 4734 1770 4790; x_wconf 90' lang='lat' dir='ltr'><strong>de</strong></span> 
     </span>
    </p>
   </div>
   <div class='ocr_carea' id='block_1_94' title="bbox 199 4823 1768 4893">
    <p class='ocr_par' dir='ltr' id='par_1_94' title="bbox 199 4823 1768 4893">
     <span class='ocr_line' id='line_1_94' title="bbox 199 4823 1768 4893; baseline 0.003 -18"><span class='ocrx_word' id='word_1_709' title='bbox 199 4832 390 4876; x_wconf 65' lang='lat' dir='ltr'><strong>cancro</strong></span> <span class='ocrx_word' id='word_1_710' title='bbox 438 4823 489 4876; x_wconf 92' lang='lat' dir='ltr'><strong>in</strong></span> <span class='ocrx_word' id='word_1_711' title='bbox 541 4824 734 4876; x_wconf 88' lang='lat' dir='ltr'><strong>eadem</strong></span> <span class='ocrx_word' id='word_1_712' title='bbox 780 4823 1083 4878; x_wconf 88' lang='lat' dir='ltr'><strong>obedientia</strong></span> <span class='ocrx_word' id='word_1_713' title='bbox 1120 4823 1568 4893; x_wconf 84' lang='lat' dir='ltr'><strong>perduraverunt.</strong></span> <span class='ocrx_word' id='word_1_714' title='bbox 1612 4823 1684 4878; x_wconf 78' lang='lat' dir='ltr'><strong>At</strong></span> <span class='ocrx_word' id='word_1_715' title='bbox 1722 4823 1768 4879; x_wconf 91' lang='lat' dir='ltr'><strong>si</strong></span> 
     </span>
    </p>
   </div>
   <div class='ocr_carea' id='block_1_95' title="bbox 197 4911 1768 4980">
    <p class='ocr_par' dir='ltr' id='par_1_95' title="bbox 197 4911 1768 4980">
     <span class='ocr_line' id='line_1_95' title="bbox 197 4911 1768 4980; baseline 0.004 -18"><span class='ocrx_word' id='word_1_716' title='bbox 197 4911 316 4980; x_wconf 86' lang='lat' dir='ltr'><strong>quis</strong></span> <span class='ocrx_word' id='word_1_717' title='bbox 347 4912 579 4966; x_wconf 83' lang='lat' dir='ltr'><strong>fratrum</strong></span> <span class='ocrx_word' id='word_1_718' title='bbox 633 4912 903 4977; x_wconf 87' lang='lat' dir='ltr'><strong>fortassis,</strong></span> <span class='ocrx_word' id='word_1_719' title='bbox 939 4913 1100 4968; x_wconf 90' lang='lat' dir='ltr'><strong>talem</strong></span> <span class='ocrx_word' id='word_1_720' title='bbox 1143 4929 1250 4968; x_wconf 89' lang='lat' dir='ltr'><strong>non</strong></span> <span class='ocrx_word' id='word_1_721' title='bbox 1280 4914 1487 4971; x_wconf 89' lang='lat' dir='ltr'><strong>habens</strong></span> <span class='ocrx_word' id='word_1_722' title='bbox 1515 4914 1676 4970; x_wconf 86' lang='lat' dir='ltr'><strong>fidem</strong></span> <span class='ocrx_word' id='word_1_723' title='bbox 1709 4921 1768 4969; x_wconf 96' lang='lat' dir='ltr'><strong>ut</strong></span> 
     </span>
    </p>
   </div>
   <div class='ocr_carea' id='block_1_96' title="bbox 198 5001 1770 5076">
    <p class='ocr_par' dir='ltr' id='par_1_96' title="bbox 198 5001 1770 5076">
     <span class='ocr_line' id='line_1_96' title="bbox 198 5001 1770 5076; baseline 0.003 -18"><span class='ocrx_word' id='word_1_724' title='bbox 198 5013 404 5058; x_wconf 90' lang='lat' dir='ltr'><strong>montes</strong></span> <span class='ocrx_word' id='word_1_725' title='bbox 465 5003 758 5059; x_wconf 86' lang='lat' dir='ltr'><strong>transferat</strong></span> <span class='ocrx_word' id='word_1_726' title='bbox 794 5002 844 5076; x_wconf 84' lang='grc' dir='ltr'><strong>(Ι</strong></span> <span class='ocrx_word' id='word_1_727' title='bbox 873 5001 994 5058; x_wconf 89' lang='lat' dir='ltr'><strong>Cor.</strong></span> <span class='ocrx_word' id='word_1_728' title='bbox 1021 5004 1141 5074; x_wconf 79' lang='lat' dir='ltr'><strong>xu),</strong></span> <span class='ocrx_word' id='word_1_729' title='bbox 1190 5014 1444 5062; x_wconf 88' lang='lat' dir='ltr'><strong>causatur</strong></span> <span class='ocrx_word' id='word_1_730' title='bbox 1493 5023 1602 5063; x_wconf 91' lang='lat' dir='ltr'><strong>non</strong></span> <span class='ocrx_word' id='word_1_731' title='bbox 1650 5022 1770 5064; x_wconf 85' lang='lat' dir='ltr'><strong>esse</strong></span> 
     </span>
    </p>
   </div>
   <div class='ocr_carea' id='block_1_97' title="bbox 195 5096 1776 5172">
    <p class='ocr_par' dir='ltr' id='par_1_97' title="bbox 195 5096 1776 5172">
     <span class='ocr_line' id='line_1_97' title="bbox 195 5096 1776 5172; baseline 0.003 -23"><span class='ocrx_word' id='word_1_732' title='bbox 195 5096 346 5152; x_wconf 87' lang='lat' dir='ltr'><strong>vobis</strong></span> <span class='ocrx_word' id='word_1_733' title='bbox 378 5105 554 5152; x_wconf 87' lang='lat' dir='ltr'><strong>tantas</strong></span> <span class='ocrx_word' id='word_1_734' title='bbox 581 5111 716 5166; x_wconf 86' lang='lat' dir='ltr'><strong>opes</strong></span> <span class='ocrx_word' id='word_1_735' title='bbox 745 5103 806 5150; x_wconf 92' lang='lat' dir='ltr'><strong>ut</strong></span> <span class='ocrx_word' id='word_1_736' title='bbox 847 5102 1026 5152; x_wconf 87' lang='lat' dir='ltr'><strong>tantos</strong></span> <span class='ocrx_word' id='word_1_737' title='bbox 1054 5099 1350 5155; x_wconf 89' lang='lat' dir='ltr'><strong>monachos</strong></span> <span class='ocrx_word' id='word_1_738' title='bbox 1390 5101 1646 5170; x_wconf 80' lang='lat' dir='ltr'><strong>expediat</strong></span> <span class='ocrx_word' id='word_1_739' title='bbox 1679 5117 1776 5172; x_wconf 89' lang='lat' dir='ltr'><strong>ag-</strong></span> 
     </span>
    </p>
   </div>
   <div class='ocr_carea' id='block_1_98' title="bbox 193 5188 1773 5262">
    <p class='ocr_par' dir='ltr' id='par_1_98' title="bbox 193 5188 1773 5262">
     <span class='ocr_line' id='line_1_98' title="bbox 193 5188 1773 5262; baseline 0.005 -22"><span class='ocrx_word' id='word_1_740' title='bbox 193 5204 437 5260; x_wconf 81' lang='lat' dir='ltr'><strong>gregare,</strong></span> <span class='ocrx_word' id='word_1_741' title='bbox 468 5190 645 5244; x_wconf 87' lang='lat' dir='ltr'><strong>videte</strong></span> <span class='ocrx_word' id='word_1_742' title='bbox 678 5188 806 5258; x_wconf 88' lang='lat' dir='ltr'><strong>quid</strong></span> <span class='ocrx_word' id='word_1_743' title='bbox 839 5191 981 5246; x_wconf 88' lang='lat' dir='ltr'><strong>Deus</strong></span> <span class='ocrx_word' id='word_1_744' title='bbox 1017 5188 1184 5244; x_wconf 89' lang='lat' dir='ltr'><strong>faciat</strong></span> <span class='ocrx_word' id='word_1_745' title='bbox 1213 5190 1281 5245; x_wconf 90' lang='lat' dir='ltr'><strong>de</strong></span> <span class='ocrx_word' id='word_1_746' title='bbox 1307 5194 1536 5262; x_wconf 89' lang='lat' dir='ltr'><strong>quodam</strong></span> <span class='ocrx_word' id='word_1_747' title='bbox 1584 5203 1773 5248; x_wconf 91' lang='lat' dir='ltr'><strong>nostro</strong></span> 
     </span>
    </p>
   </div>
   <div class='ocr_carea' id='block_1_99' title="bbox 1876 4717 3452 4801">
    <p class='ocr_par' dir='ltr' id='par_1_99' title="bbox 1876 4717 3452 4801">
     <span class='ocr_line' id='line_1_99' title="bbox 1876 4717 3452 4801; baseline -0.01 -14"><span class='ocrx_word' id='word_1_748' title='bbox 1876 4739 1937 4787; x_wconf 90' lang='lat' dir='ltr'><strong>ut</strong></span> <span class='ocrx_word' id='word_1_749' title='bbox 1961 4731 2076 4801; x_wconf 86' lang='lat' dir='ltr'><strong>ipse</strong></span> <span class='ocrx_word' id='word_1_750' title='bbox 2107 4729 2198 4800; x_wconf 92' lang='lat' dir='ltr'><strong>qui</strong></span> <span class='ocrx_word' id='word_1_751' title='bbox 2225 4728 2421 4798; x_wconf 87' lang='lat' dir='ltr'><strong>probat</strong></span> <span class='ocrx_word' id='word_1_752' title='bbox 2454 4738 2614 4782; x_wconf 89' lang='lat' dir='ltr'><strong>renes</strong></span> <span class='ocrx_word' id='word_1_753' title='bbox 2648 4734 2704 4781; x_wconf 86' lang='lat' dir='ltr'><strong>et</strong></span> <span class='ocrx_word' id='word_1_754' title='bbox 2748 4723 2909 4777; x_wconf 90' lang='lat' dir='ltr'><strong>corda</strong></span> <span class='ocrx_word' id='word_1_755' title='bbox 2958 4720 3046 4775; x_wconf 90' lang='lat' dir='ltr'><strong>hic</strong></span> <span class='ocrx_word' id='word_1_756' title='bbox 3078 4717 3241 4772; x_wconf 90' lang='lat' dir='ltr'><strong>etiam</strong></span> <span class='ocrx_word' id='word_1_757' title='bbox 3269 4717 3452 4771; x_wconf 83' lang='lat' dir='ltr'><strong>videat</strong></span> 
     </span>
    </p>
   </div>
   <div class='ocr_carea' id='block_1_100' title="bbox 1877 4808 3450 4894">
    <p class='ocr_par' dir='ltr' id='par_1_100' title="bbox 1877 4808 3450 4894">
     <span class='ocr_line' id='line_1_100' title="bbox 1877 4808 3450 4894; baseline -0.011 -12"><span class='ocrx_word' id='word_1_758' title='bbox 1877 4841 1939 4882; x_wconf 89' lang='lat' dir='ltr'><strong>ea</strong></span> <span class='ocrx_word' id='word_1_759' title='bbox 1969 4823 2072 4882; x_wconf 90' lang='lat' dir='ltr'><strong>sibi</strong></span> <span class='ocrx_word' id='word_1_760' title='bbox 2107 4823 2454 4894; x_wconf 88' lang='lat' dir='ltr'><strong>simplicitate</strong></span> <span class='ocrx_word' id='word_1_761' title='bbox 2487 4827 2544 4874; x_wconf 92' lang='lat' dir='ltr'><strong>et</strong></span> <span class='ocrx_word' id='word_1_762' title='bbox 2587 4834 2694 4875; x_wconf 91' lang='lat' dir='ltr'><strong>non</strong></span> <span class='ocrx_word' id='word_1_763' title='bbox 2748 4818 2958 4872; x_wconf 89' lang='lat' dir='ltr'><strong>minore</strong></span> <span class='ocrx_word' id='word_1_764' title='bbox 2997 4812 3176 4870; x_wconf 90' lang='lat' dir='ltr'><strong>studio</strong></span> <span class='ocrx_word' id='word_1_765' title='bbox 3221 4811 3292 4866; x_wconf 90' lang='lat' dir='ltr'><strong>ad</strong></span> <span class='ocrx_word' id='word_1_766' title='bbox 3334 4808 3450 4878; x_wconf 87' lang='lat' dir='ltr'><strong>ejus</strong></span> 
     </span>
    </p>
   </div>
   <div class='ocr_carea' id='block_1_101' title="bbox 1875 4909 2875 4987">
    <p class='ocr_par' dir='ltr' id='par_1_101' title="bbox 1875 4909 2875 4987">
     <span class='ocr_line' id='line_1_101' title="bbox 1875 4909 2875 4987; baseline -0.013 -11"><span class='ocrx_word' id='word_1_767' title='bbox 1875 4919 2207 4977; x_wconf 88' lang='lat' dir='ltr'><strong>voluntatem</strong></span> <span class='ocrx_word' id='word_1_768' title='bbox 2229 4924 2285 4971; x_wconf 91' lang='lat' dir='ltr'><strong>et</strong></span> <span class='ocrx_word' id='word_1_769' title='bbox 2309 4921 2577 4987; x_wconf 62' lang='lat' dir='ltr'><strong>praecepta</strong></span> <span class='ocrx_word' id='word_1_770' title='bbox 2605 4909 2875 4966; x_wconf 90' lang='lat' dir='ltr'><strong>obaudiri.</strong></span> 
     </span>
    </p>
   </div>
   <div class='ocr_carea' id='block_1_102' title="bbox 1944 4994 3456 5078">
    <p class='ocr_par' dir='ltr' id='par_1_102' title="bbox 1944 4994 3456 5078">
     <span class='ocr_line' id='line_1_102' title="bbox 1944 4994 3456 5078; baseline -0.012 -13"><span class='ocrx_word' id='word_1_771' title='bbox 1944 5009 2098 5078; x_wconf 85' lang='lat' dir='ltr'><strong>Quod</strong></span> <span class='ocrx_word' id='word_1_772' title='bbox 2143 5006 2396 5078; x_wconf 89' lang='lat' dir='ltr'><strong>parvitati</strong></span> <span class='ocrx_word' id='word_1_773' title='bbox 2449 5017 2584 5057; x_wconf 65' lang='lat' dir='ltr'><strong>meae</strong></span> <span class='ocrx_word' id='word_1_774' title='bbox 2617 4999 2964 5069; x_wconf 74' lang='lat' dir='ltr'><strong>iniunxistis,</strong></span> <span class='ocrx_word' id='word_1_775' title='bbox 3009 4995 3077 5052; x_wconf 92' lang='lat' dir='ltr'><strong>de</strong></span> <span class='ocrx_word' id='word_1_776' title='bbox 3117 4995 3222 5050; x_wconf 88' lang='lat' dir='ltr'><strong>hoc</strong></span> <span class='ocrx_word' id='word_1_777' title='bbox 3270 4994 3456 5049; x_wconf 85' lang='lat' dir='ltr'><strong>videre</strong></span> 
     </span>
    </p>
   </div>
   <div class='ocr_carea' id='block_1_103' title="bbox 1874 5091 3456 5181">
    <p class='ocr_par' dir='ltr' id='par_1_103' title="bbox 1874 5091 3456 5181">
     <span class='ocr_line' id='line_1_103' title="bbox 1874 5091 3456 5181; baseline -0.013 -17"><span class='ocrx_word' id='word_1_778' title='bbox 1874 5105 2102 5181; x_wconf 89' lang='lat' dir='ltr'><strong>potestis</strong></span> <span class='ocrx_word' id='word_1_779' title='bbox 2153 5118 2242 5159; x_wconf 90' lang='lat' dir='ltr'><strong>me</strong></span> <span class='ocrx_word' id='word_1_780' title='bbox 2283 5119 2389 5158; x_wconf 91' lang='lat' dir='ltr'><strong>non</strong></span> <span class='ocrx_word' id='word_1_781' title='bbox 2436 5099 2608 5155; x_wconf 90' lang='lat' dir='ltr'><strong>fuisse</strong></span> <span class='ocrx_word' id='word_1_782' title='bbox 2647 5096 3041 5168; x_wconf 86' lang='lat' dir='ltr'><strong>negligentem;</strong></span> <span class='ocrx_word' id='word_1_783' title='bbox 3074 5091 3288 5149; x_wconf 88' lang='lat' dir='ltr'><strong>habetis</strong></span> <span class='ocrx_word' id='word_1_784' title='bbox 3313 5091 3456 5148; x_wconf 88' lang='lat' dir='ltr'><strong>enim</strong></span> 
     </span>
    </p>
   </div>
   <div class='ocr_carea' id='block_1_104' title="bbox 1875 5185 3459 5262">
    <p class='ocr_par' dir='ltr' id='par_1_104' title="bbox 1875 5185 3459 5262">
     <span class='ocr_line' id='line_1_104' title="bbox 1875 5185 3459 5262; baseline -0.015 -3"><span class='ocrx_word' id='word_1_785' title='bbox 1875 5197 2298 5260; x_wconf 88' lang='lat' dir='ltr'><strong>consuetudines</strong></span> <span class='ocrx_word' id='word_1_786' title='bbox 2329 5193 2648 5250; x_wconf 90' lang='lat' dir='ltr'><strong>monasterii</strong></span> <span class='ocrx_word' id='word_1_787' title='bbox 2679 5193 2875 5259; x_wconf 89' lang='lat' dir='ltr'><strong>nostri,</strong></span> <span class='ocrx_word' id='word_1_788' title='bbox 2916 5203 3054 5262; x_wconf 91' lang='lat' dir='ltr'><strong>quas</strong></span> <span class='ocrx_word' id='word_1_789' title='bbox 3083 5185 3341 5242; x_wconf 90' lang='lat' dir='ltr'><strong>collectas</strong></span> <span class='ocrx_word' id='word_1_790' title='bbox 3377 5193 3459 5238; x_wconf 86' lang='lat' dir='ltr'><strong>ut-</strong></span> 
     </span>
    </p>
   </div>
   <div class='ocr_carea' id='block_1_105' title="bbox 3115 5287 3436 5306">
    <p class='ocr_par' dir='ltr' id='par_1_105' title="bbox 3115 5287 3436 5306">
     <span class='ocr_line' id='line_1_105' title="bbox 3115 5287 3436 5306; baseline 0 0"><span class='ocrx_word' id='word_1_791' title='bbox 3115 5287 3127 5306; x_wconf 73' lang='grc' dir='ltr'><strong>ἰ</strong></span> <span class='ocrx_word' id='word_1_792' title='bbox 3179 5287 3231 5306; x_wconf 68' lang='grc' dir='ltr'><strong>Α.</strong></span> <span class='ocrx_word' id='word_1_793' title='bbox 3283 5293 3436 5306; x_wconf 61' lang='grc' dir='ltr'><strong>..ΑΛΛΙΟ</strong></span> 
     </span>
    </p>
   </div>
   <div class='ocr_carea' id='block_1_106' title="bbox 2530 5297 3044 5306">
    <p class='ocr_par' dir='ltr' id='par_1_106' title="bbox 2530 5297 3044 5306">
     <span class='ocr_line' id='line_1_106' title="bbox 2530 5297 3044 5306; baseline 0 0"><span class='ocrx_word' id='word_1_794' title='bbox 2530 5301 2600 5306; x_wconf 76' lang='lat'><strong>-..-</strong></span> <span class='ocrx_word' id='word_1_795' title='bbox 2651 5299 2738 5306; x_wconf 56' lang='grc' dir='ltr'><strong>-..Α</strong></span> <span class='ocrx_word' id='word_1_796' title='bbox 2793 5297 2927 5306; x_wconf 42' lang='grc' dir='ltr'><strong>--νᾹ-</strong></span> <span class='ocrx_word' id='word_1_797' title='bbox 2979 5297 3044 5306; x_wconf 71' lang='grc' dir='ltr'><strong>..Α</strong></span> 
     </span>
    </p>
   </div>
  </div>
