4030 5354
539 344 644 400 639
1557 337 1881 399 UDAIJIICI
1918 336 2416 398 CLUNIACENSIS
2456 341 2763 407 MONACIII
3709 338 3846 395 6&0

535 456 732 525 quibus
759 461 972 511 nonest
1003 469 1225 511 necesse
1257 459 1314 509 ut
1355 453 1558 509 mentio
1611 454 1704 508 liat
1746 455 1798 509 in
1847 462 2117 510 conventu
2148 460 2194 518 Α
2223 457 2536 523 barbarum,
2560 458 2734 532 stylus
2756 459 3009 530 agrestis,
3039 456 3316 530 indignum
3360 455 3491 516 mihi
3516 456 3848 515 videbatur

536 549 793 604 fratrum.
837 550 914 604 De
941 550 1025 603 his
1052 557 1230 604 autem
1261 548 1327 602 de
1355 548 1549 617 quibus
1585 546 1845 601 aediﬁcari
1900 556 2126 616 possunt
2224 560 2285 603 ut
2335 550 2644 621 hujusmodi
2691 551 2926 605 nominis
2975 566 3210 620 unquam
3275 551 3669 616 meminissem,
3704 555 3847 605 ‘aut

540 643 736 698 animae
771 655 825 699 et
874 644 1207 698 incrementa
1259 643 1373 696 Iieri
1424 642 1768 708 meritorum,
1817 641 1999 695 dehis
2043 651 2122 705 ιιι,

537 731 721 801 Pater,
757 734 982 790 habebis
1020 750 1143 789 cum
1195 733 1456 789 fratribus
1499 733 1864 788 collationem.
1889 732 2126 804 Perpen-

539 828 674 882 tlant
703 843 828 883 suas
863 828 1117 896 antiquas
1147 808 1588 889 consuetudines,
1616 825 1952 895 perpendam
1984 833 2123 889 tuas,

541 933 662 970 cum
692 917 886 986 quibus
917 925 969 970 te
997 917 1193 971 nutriri
1221 917 1487 985 conligit;
1521 916 1859 986 perpendam
1885 924 1942 971 et
1968 915 2126 980 istas,

541 1017 595 1059 ct
627 1006 693 1060 de
722 1007 976 1060 omnibus
1020 1021 1140 1075 quae
1175 1006 1402 1061 meliora
1446 1006 1742 1070 videntur,
1789 1006 1854 1060 de
1901 1005 1986 1060 bis
2035 1004 2130 1062 Iiat

545 1113 710 1151 unum
739 1114 935 1168 corpus
970 1098 1113 1167 quod
1162 1097 1229 1152 de
1273 1107 1472 1153 caetero
1516 1105 1790 1152 teneatur.
1839 1095 1907 1150 Et
1951 1097 1997 1151 si
2026 1097 2131 1153 hoc

541 1187 776 1244 volueris
798 1205 919 1245 esse
965 1199 1163 1254 ratum,
1207 1190 1427 1260 expedit
1475 1199 1534 1244 ut
1576 1190 1852 1245 communi
1898 1189 2129 1246 fratrum

542 1296 810 1336 consensu
847 1283 1236 1352 praeveniatur,
1269 1298 1336 1338 ne
1374 1283 1517 1350 quod
1561 1283 1686 1337 inde
1727 1321 1741 1336 .
1782 1322 1796 1337 .
1842 1322 1855 1338 .
1889 1292 1982 1338 aut
2029 1283 2131 1337 ali-

543 1373 670 1442 quid
702 1389 809 1429 non
842 1375 998 1432 bona:
1021 1375 1314 1430 voluntatis
1340 1375 1512 1446 possit
1546 1374 1703 1430 oriri.
1741 1374 1806 1429 Et
1833 1375 1959 1446 quia
1992 1375 2132 1430 Deus

544 1466 832 1536 imperavit
861 1467 1058 1523 doumo
1106 1466 1169 1521 P.
1219 1467 1312 1536 qui
1361 1477 1606 1523 moratur
1635 1468 1795 1523 modo
1825 1467 2129 1533 nobiscum,

545 1574 654 1613 non
682 1567 765 1614 est
795 1560 891 1615 abs
913 1575 974 1616 re
997 1560 1174 1615 virum
1204 1559 1365 1630 hujus
1392 1561 1657 1627 scientiae,
1691 1558 1960 1630 huiusque
1999 1559 2130 1615 reli-

552 1651 752 1722 gionis,
776 1651 904 1706 huic
930 1653 1147 1722 negotio
1192 1652 1475 1717 interesse,
1524 1660 1604 1719 et,
1635 1653 1678 1707 si
1713 1667 1813 1722 ego
1862 1651 2128 1716 adessem,

545 1757 725 1803 mcum
744 1760 956 1814 quoque
980 1761 1175 1801 nomen
1195 1761 1300 1800 non
1325 1753 1542 1815 paterer
1557 1745 1737 1800 omnia
1760 1743 1850 1818 [f.,
1887 1742 2130 1816 omnino]

548 1836 736 1901 celari,
769 1838 1020 1907 quamvis
1045 1838 1223 1894 adhuc
1249 1838 1550 1908 ueopbytus
1579 1852 1705 1892 esse
1740 1837 1946 1893 videar.

617 1927 926 1985 Memineris
943 1937 1122 1984 autem
1145 1930 1289 1999 quod
1316 1929 1368 1983 in
1397 1929 1531 1999 ipsis
1563 1927 1745 1984 verbis
1769 1942 1890 1998 qua:
1921 1925 2136 1991 notavi,

547 2031 649 2070 uos
672 2017 807 2073 duos
831 2018 901 2072 ita
925 2016 1030 2074 feci
1057 2017 1445 2087 colloquentes,
1470 2018 1618 2088 quia,
1642 2018 1688 2072 si
1713 2017 1931 2084 recolis,
1961 2015 2134 2070 multa

549 2125 738 2165 sumus
770 2111 838 2167 ad
865 2111 1094 2167 invicem
1130 2112 1253 2168 inde
1276 2112 1462 2167 locuti.
1494 2111 1558 2166 Et
1587 2113 1635 2167 si
1667 2112 1794 2181 quid
1821 2111 2009 2165 videor
2039 2110 2148 2164 ad-A

546 2199 770 2266 didisse,
804 2201 908 2257 hoc
929 2217 1144 2273 quoque
1173 2219 1280 2259 non
1318 2203 1419 2257 uisi
1447 2218 1510 2258 os
1539 2211 1689 2257 tuum
1745 2211 1800 2258 et
1832 2212 1919 2256 tua
1951 2201 2132 2272 lingua

547 2289 739 2356 edidit,
765 2293 892 2362 quia
918 2309 1027 2349 non
1059 2295 1219 2350 modo
1268 2294 1451 2365 lingua
1500 2303 1706 2357 nostra,
1736 2295 1828 2350 sed
1863 2302 2008 2349 totus
2031 2307 2136 2363 ego

550 2395 669 2434 sum
705 2390 847 2448 tuus,
878 2394 939 2442 ut
969 2400 1078 2441 non
1120 2385 1297 2440 dicam
1350 2385 1496 2455 quod
1533 2384 1782 2440 Christus
1811 2385 1882 2440 ita
1913 2399 2010 2438 nos
2038 2382 2138 2437 fm-

551 2469 762 2531 dcravit
808 2474 862 2530 in
914 2475 1120 2530 unitate
1153 2475 1410 2547 Spiritus,
1459 2477 1511 2530 iu
1555 2493 1660 2532 uno
1691 2485 1941 2546 corpore.
1991 2474 2137 2545 quod

549 2569 646 2636 est.
667 2563 932 2630 Ecclesia,
960 2565 1062 2619 sub
1088 2581 1194 2619 uno
1221 2566 1418 2635 capite,
1446 2565 1592 2636 quod
1645 2575 1728 2622 est
1768 2567 1904 2636 ipse.
1933 2565 2135 2620 Verum

551 2666 781 2729 persona
825 2669 948 2716 mea
998 2670 1121 2715 cum
1157 2655 1229 2712 sit
1269 2656 1446 2716 tenuis
1504 2665 1560 2712 et
1599 2655 1835 2716 obscura
1861 2696 1876 2724 ,
1932 2669 2134 2712 nomen

2225 644 2390 699 ullam
2437 639 2848 714 praefationem,
2901 655 2960 701 ut
3015 646 3186 701 IIIOI‘IS
3236 653 3338 709 est,
3393 644 3844 716 praetitularem.

2226 741 2486 809 Quamvis
2517 749 2628 798 tres
2665 743 2775 798 sint
2812 751 2996 812 partes
3025 742 3196 812 ipsius
3228 738 3622 811 qualiscunque
3645 737 3844 794 colle-

2226 836 2425 901 ctanei,
2453 835 2650 906 quibus
2671 835 2896 906 singulis
2925 835 3196 891 clausulas
3227 835 3454 904 aliquas,
3487 848 3607 903 qua:
3633 846 3847 903 proca-

2228 925 2394 979 mium
2425 925 2704 990 simulant,
2735 925 2993 996 przmnisi,
3033 933 3256 996 propter
3285 931 3337 992 te
3365 923 3625 984 maxime.
3654 921 3843 976 alios-

2229 1032 2335 1086 que
2370 1018 2567 1073 fratres
2590 1027 2828 1083 nostros,
2859 1017 2914 1071 in
2944 1017 3141 1085 quibus
3178 1016 3319 1071 bona
3346 1030 3466 1084 qua:
3502 1013 3609 1070 vidi
3636 1027 3846 1069 exem-

2229 1109 2313 1181 pla
2339 1109 2570 1165 libenter
2597 1109 2826 1165 reticere
2853 1123 2961 1162 non
2991 1106 3158 1178 potui.

2300 1201 2437 1258 Pars
2483 1210 2663 1257 autem
2711 1199 2886 1270 prima
2915 1208 3000 1254 est
3031 1199 3100 1254 de
3136 1211 3302 1268 opere
3345 1195 3550 1260 divino,
3588 1204 3645 1249 et
3675 1193 3846 1264 quod

2231 1295 2468 1349 maxime
2503 1293 2639 1348 litin
2678 1291 2922 1348 Ecclesia
2975 1305 3072 1360 per
3103 1300 3302 1344 annum
3345 1289 3697 1352 universum;
3734 1303 3842 1340 se-

2233 1383 2431 1450 cunda,
2476 1382 2545 1438 de
2593 1381 2902 1438 eruditione
2949 1379 3306 1444 uovitiorum;
3360 1377 3542 1442 tertia,
3590 1376 3660 1431 de
3691 1377 3846 1430 obe-

2233 1473 2472 1538 dientiis,
2499 1472 2697 1543 quibus
2723 1481 2780 1527 et
2817 1471 3006 1528 ultima
3048 1469 3352 1525 obedienlia
3394 1477 3478 1524 est
3506 1467 3840 1536 subjuncta,

2234 1580 2341 1635 qua
2365 1563 2598 1634 quisque
2643 1561 2872 1618 fratrum
2903 1561 2972 1618 ab
2996 1561 3101 1617 hoc
3129 1556 3689 1629 saeuiomigraturus
3724 1573 3838 1613 ro-

2233 1661 2388 1709 catur
2416 1653 2484 1708 ad
2511 1652 2808 1709 Christum.

2307 1744 2432 1801 Sola
2495 1746 2732 1818 capitula
2787 1745 3122 1816 singularum
3172 1742 3566 1800 sententiarum
3631 1740 3841 1796 curavi

2238 1845 2546 1908 pramotare
2570 1846 2791 1909 propter
2815 1837 3110 1892 utilitatem
3152 1835 3467 1908 legentium,
3507 1842 3567 1888 ut
3612 1831 3844 1886 facilius

2238 1927 2382 1997 quod
2435 1927 2666 1996 quisque
2716 1925 2966 1989 voluerit,
3011 1925 3184 1996 possit
3229 1923 3497 1978 invenire.
3557 1921 3836 1978 Sanctam

2239 2020 2442 2077 Christi
2499 2019 2780 2082 familiam,
2828 2019 2916 2073 cui
2969 2031 3203 2089 praeesse
3251 2016 3474 2082 videris,
3523 2014 3836 2085 plurimum

2236 2112 2436 2177 saluto,
2460 2120 2515 2166 et
2537 2128 2665 2176 non,
2692 2121 2750 2166 ut
2773 2109 2962 2174 fertur,
2993 2108 3048 2166 in
3071 2109 3180 2175 via,
3210 2109 3304 2165 sed
3333 2123 3460 2165 vere
3493 2116 3622 2163 voto
3646 2115 3705 2162 et
3735 2107 3843 2161 dc—

2241 2205 2443 2260 siderio
2472 2203 2660 2258 salutis
2706 2211 2941 2267 a'ternaa,
2995 2216 3156 2272 quant
3201 2202 3284 2256 eis
3333 2199 3645 2255 fidelissime
3674 2209 3836 2269 opto.

2247 2297 2568 2367 Specialiter
2590 2304 2769 2350 autem
2800 2294 3064 2364 speciales
3088 2307 3304 2364 quoque
3333 2291 3674 2347 necessarios
3700 2305 3838 2360 par-

2249 2391 2430 2446 vitatis
2461 2405 2614 2453 meai,
2645 2388 2855 2443 scilicet
2881 2388 3026 2442 dom.
3051 2396 3109 2442 et
3142 2400 3283 2454 mag.
3310 2384 3374 2438 Α.
3411 2383 3558 2437 dom.
3590 2382 3650 2435 S.
3678 2382 3835 2434 dom.

2247 2483 2314 2539 Ο.
2341 2483 2486 2538 dom.
2517 2481 2657 2537 G.et
2687 2480 2864 2535 adhuc
2896 2487 3139 2550 tyronem
3176 2477 3378 2533 Christi
3415 2476 3561 2530 dom.
3595 2473 3657 2528 E.
3687 2472 3838 2528 Gra-

2248 2575 2322 2630 tia
2357 2574 2448 2631 Dei
2471 2570 2856 2646 omnipotentis
2889 2571 2962 2627 sit
2994 2583 3118 2628 cum
3151 2568 3401 2629 omnibus
3435 2565 3608 2623 vobis.
3634 2565 3839 2621 Amen.

1987 2800 2376 2820 Μ

1607 2951 2058 3064 INDEX
2141 2947 2835 3086 CAPITUM.

759 3155 1101 3223 INCIPIUNT
1130 3167 1374 3224 CAPITA
1405 3169 1665 3225 LIBELLI
1703 3169 1911 3226 PIIIMI.

560 3280 688 3334 Car.
759 3279 800 3334 I.
861 3279 939 3334 De
1002 3297 1103 3348 eo,
1166 3283 1425 3352 quomodo
1484 3283 1869 3338 Testamentum
1935 3282 2141 3355 legatur

633 3383 925 3444 utrumque.

557 3463 620 3518 II.
660 3463 732 3518 De
781 3466 1049 3518 nocturnis
1083 3476 1131 3520 et
1186 3466 1330 3520 horis
1384 3467 1624 3521 omnibus
1676 3465 2043 3536 regularibus;
2097 3465 2142 3519 si

626 3556 755 3619 quid
784 3557 859 3610 eis
881 3557 998 3627 plus
1022 3559 1087 3613 sit
1119 3558 1360 3613 additum
1400 3575 1556 3629 quam
1581 3561 1718 3630 quod
1751 3559 1812 3615 S.
1844 3559 2024 3612 statuit
2046 3557 2146 3612 Be-

633 3647 890 3701 nctlictus.

560 3733 647 3794 υἱ.
711 3738 786 3791 De
841 3739 1134 3807 psalmodia
1191 3757 1307 3812 qua:
1363 3736 1521 3796 solet'
1553 3740 1659 3794 dici
1713 3750 1831 3812 post
1875 3739 2142 3811 regulares

552 3849 556 3854 '
635 3830 814 3884 horas.

557 3924 652 3983 I‘l.
683 3925 756 3978 De
783 3940 863 3988 eo,
912 3925 1100 3995 quibus
1139 3942 1206 3981 ea:
1251 3928 1443 3992 causis,
1479 3939 1526 3982 et
1571 3936 1834 3999 quomodo
1874 3943 1966 3998 per
2012 3928 2145 3982 vices

632 4012 927 4082 psalmodia
952 4017 1236 4070 minuatur.

570 4105 637 4162 V.
668 4106 741 4162 De
789 4108 1017 4164 collectis
1038 4119 1086 4165 et
1108 4112 1374 4166 rersicntis
1409 4129 1527 4183 qua:
1547 4111 1897 4182 psalmodiam
1922 4125 2150 4180 sequun-

635 4210 744 4262 tur,
770 4210 820 4254 et
839 4201 1129 4270 quantitate
1151 4203 1380 4256 letania'.

566 4289 653 4343 γι.
687 4289 759 4344 De
800 4291 1080 4346 missarum
1118 4293 1403 4360 solemniis,
1447 4304 1495 4348 et
1527 4295 1552 4349 I
1581 4296 1646 4350 de
1672 4295 1874 4366 majore
1904 4295 2069 4351 Missa
2095 4295 2149 4349 in

634 4378 846 4444 privatis
871 4380 1073 4435 diebus.

565 4468 675 4526 γη.
703 4469 778 4524 De
797 4472 958 4526 missa
983 4489 1077 4540 pro
1099 4473 1382 4542 defunctis.

568 4559 698 4612 VIII.
727 4559 802 4614 De.
819 4562 1020 4630 majore
1046 4563 1205 4616 missa
1229 4566 1282 4617 in
1306 4563 1595 4619 Dominicis
1615 4565 1819 4619 diebus.

569 4649 658 4704 IX.
684 4649 820 4710 Item
855 4652 919 4705 de
943 4653 1242 4708 matutinali
1271 4656 1430 4709 missa
1463 4657 1517 4710 in
1546 4656 1834 4712 Dominicis
1859 4657 2060 4714 diebus.

567 4737 637 4792 X.
667 4738 740 4792 De
771 4742 1097 4810 processione
1119 4742 1455 4805 Dominicali.

571 4829 661 4882 XI.
693 4829 767 4884 De
788 4831 1085 4888 diversitate
1105 4833 1493 4892 solemuitatum

569 4921 684 4978 XII.
715 4923 790 4977 De
811 4921 970 4980 Cazna
989 4926 1228 4995 Domini.

570 5001 711 5089 XIII.
732 5017 808 5073 De
830 5016 1142 5076 Parasceue.

570 5109 705 5154 XIV.
739 5111 811 5154 ηρ
841 5112 1070 5154 .thlmrn
1099 5125 1298 5154 unnrtn-

2183 4522 2231 4583 Ι)

2173 3173 2218 3236 C
2249 3188 2380 3247 CAP.
2397 3188 2538 3244 XIX.
2565 3187 2645 3242 De
2673 3187 2828 3244 tertia
2855 3185 3147 3255 septimana
3175 3191 3289 3252 post
3317 3179 3552 3242 Pascha,
3575 3185 3624 3230 et
3654 3175 3720 3228 de
3741 3191 3844 3228 ca:-

2315 3280 2439 3336 teris
2465 3295 2627 3351 usque
2653 3278 2722 3332 ad
2751 3278 3117 3332 Ascensiouem
3140 3271 3371 3329 Domini.

2244 3375 2364 3432 XX.
2396 3373 2474 3429 De
2541 3372 2906 3443 festivitatibus
2973 3380 3275 3425 sanctorum
3337 3381 3455 3437 qua’
3507 3363 3755 3418 eveniunt
3812 3379 3845 3415 a

2319 3459 2529 3514 Pascha
2559 3476 2720 3528 usque
2748 3459 2817 3512 ad
2847 3457 3208 3514 Pentecosteu.

2248 3550 2388 3606 XXI.
2423 3549 2500 3605 De
2524 3549 2922 3620 Rogationibus.

2248 3642 2412 3698 XXII.
2444 3642 2524 3697 De
2550 3641 2866 3697 Ascensione
2896 3640 3129 3695 Domini.

2251 3731 2436 3789 XXIII.
2466 3732 2538 3786 De
2563 3732 2739 3802 vigilia
2772 3728 3124 3784 Pentecostes.

2249 3821 2443 3879 XXIV.
2475 3822 2551 3876 De
2580 3825 2692 3891 ipso
2718 3821 2823 3886 die,
2855 3831 2903 3874 et
2924 3837 2984 3873 ea
3014 3834 3131 3889 quae
3159 3818 3394 3888 sequitur
3419 3815 3736 3886 septimana.

2251 3912 2420 3967 XXV.
2454 3912 2529 3966 De
2557 3920 2738 3966 octavo
2765 3912 2848 3965 die
2881 3907 3230 3965 Pcutecostes.

2251 4005 2440 4061 XXVI.
2477 4005 2550 4060 De
2573 4006 2864 4075 septimana
2888 4011 3128 4073 sequente
3146 4009 3262 4071 post
3293 4007 3522 4054 octavas.

2251 4099 2463 4156 XXVII.
2519 4097 2594 4153 De
2634 4096 2844 4166 jejunio
2890 4093 3133 4166 Quatuor
3195 4090 3506 4162 Temporum
3556 4088 3611 4142 in
3673 4102 3851 4139 mense

2319 4199 2352 4253 ,Ι
2362 4199 2506 4254 unio.

2252 4291 2486 4347 XXViII.
2517 4289 2590 4345 De
2637 4288 2784 4360 [estis
2833 4285 2936 4341 SS.
2973 4294 3086 4356 post
3127 4280 3467 4337 Pentecosten
3496 4269 3847 4330 venientibus.

2251 4384 2446 4442 XX'X.
2474 4383 2549 4438 De
2584 4383 2810 4454 jejuniis
2858 4397 2976 4452 quis
3019 4378 3203 4433 debent
3236 4373 3356 4445 fieri
3394 4373 3450 4426 iu
3492 4377 3673 4424 testate
3711 4363 3849 4432 feria

2326 4476 2428 4530 4e!
2460 4475 2512 4530 (ἰ.

2259 4567 2424 4622 XXX.
2455 4567 2534 4621 De
2563 4582 2716 4635 opere
2749 4579 3022 4619 manuum.

2257 4659 2451 4716 XXXI.
2484 4659 2558 4713 De
2580 4658 2859 4712 Dominica
2886 4657 2919 4710 5
2947 4663 3058 4723 post
3083 4640 3126 4696 Ρ
3135 4660 3428 4707 cntecosten
3451 4656 3497 4700 et
3528 4642 3853 4712 septimana.

2258 4750 2469 4808 XXXII.
2504 4749 2584 4803 De
2609 4745 2900 4801 Nativitate
2930 4743 2986 4800 S.
3008 4742 3234 4799 Joannis
3262 4738 3532 4809 Baptism.

2259 4839 2610 4896 XXXIII.'De
2639 4837 2826 4893 Natali
2852 4834 2953 4891 SS.
2977 4844 3146 4906 apost.
3176 4830 3321 4885 Petri
3352 4841 3399 4882 et
3432 4824 3611 4880 Pauli.

2261 4930 2504 4987 XXXIV.
2536 4929 2614 4985 De
2641 4927 3010 4983 Translatione
3034 4924 3097 4979 S.
3121 4919 3414 4976 Benedicti.

2261 5023 2478 5078 XXXV.
2511 5023 2588 5078 De
2615 5020 2971 5077 benedictione
2992 5029 3210 5072 uvarum
3232 5022 3280 5067 et
3304 5012 3531 5065 aliorum
3553 5007 3848 5078 fructuum.

2262 5115 2351 5154 XX
2368 5115 2476 5154 ενι
2535 5115 2608 5154 Ro
2643 5113 3000 5154 Anssmntinnn
3025 5109 3081 5154 ς-
3121 5107 3327 5154 uariat.
