4030 5354
152 282 265 335 ϐεΗ

881 283 1453 341 couscmumxzs
1484 285 2025 344 cwmcsxsss.
2061 321 2131 333 —
2166 292 2374 348 INDEX
2412 266 2737 357 cmfuu.

3326 309 3433 366 662

151 399 296 453 CAP.
352 398 507 454 XLII.
560 380 953 471 De‘festivitate
1006 403 1251 458 Omnium
1309 404 1414 459 SS.
1470 415 1517 459 et
1580 425 1753 461 recor-
1780 418 1828 474 Α
1855 410 1981 467 CAP.
2018 411 2209 469 XXIX.
2248 416 2320 471 De
2357 420 3045 489 hebdomadario'cantare,
3087 433 3134 479 et
3167 424 3229 479 de
3258 443 3318 480 eo
3345 412 3433 496 qui

227 490 453 545 datione
487 493 718 549 omnium
747 494 980 561 fidelium
1002 496 1390 564 defunctorum.
1528 550 1531 553 λ

151 577 349 633 XLIII.
384 579 463 634 De
498 581 777 650 festivitate
806 582 861 636 S.
901 583 1149 651 Martini,
1189 595 1236 638 et
1292 587 1751 645 consuetudinibus

230 687 357 739 qua:
382 681 507 724 tunc
536 672 871 726 inchoantur.

154 760 356 816 XLIV.
392 761 466 816 De
496 762 734 817 Adventu
771 763 1005 819 Domini.

155 852 334 907 XLV.
357 852 437 907 De
454 854 744 923 septimana
762 854 956 927 jejunii
983 856 1227 924 Quatuor
1254 859 1603 930 Temporunse

154 943 353 1000 XLVI.
380 944 460 1000 De
479 946 674 1019 vigilia,
707 958 752 1000 et
780 948 844 1002 de
872 950 957 1003 die
984 949 1195 1004 Natalis
1216 952 1447 1006 Domini.

156 1034 377 1091 X'LVII.
405 1037 480 1092 De
505 1040 699 1094 octavis
722 1037 935 1094 Natalis
965 1041 1194 1108 Domini,
1223 1054 1269 1098 et
1299 1043 1617 1115 Epiphania.

156 1128 398 1185 XLVIII.
434 1130 512 1185 De
543 1130 921 1200 Puri/icatione
942 1145 1138 1189 sancite
1171 1135 1377 1189 Maria".

158 1222 355 1277 XLIX.
385 1223 464 1278 De
487 1224 905 1312 Se‘uagesima,
932 1238 978 1280 et
1007 1228 1471 1299 Quinquagesima.

158 1314 226 1368 L.
258 1315 336 1368 De
359 1314 542 1384 Capite
555 1317 753 1387 jejunii
772 1330 819 1373 et
855 1318 1289 1389 Quatlragesima.

158 1406 249 1461 LI.
278 1407 357 1461 De
382 1409 568 1465 diebus
602 1410 893 1467 Dominicis
920 1413 1373 1483 Quadragesimtc.

156 1495 271 1551 LII.
296 1496 376 1552 De
395 1502 628 1555 secunda
651 1503 784 1571 feria
808 1502 1257 1572 Quadragesimte.

158 1584 293 1640 LIII.
326 1587 397 1640 De
408 1586 623 1658 jejunio
645 1589 887 1655 Quatuor
910 1590 1217 1661 Temporum
1244 1594 1297 1648 in
1324 1610 1495 1648 mense
1527 1591 1745 1649 Martio.

157 1674 296 1731 LIV.
324 1676 397 1731 De
431 1677 687 1734 Passione
714 1680 953 1745 Domini;
973 1691 1020 1735 et
1047 1681 1223 1736 Remis
1245 1684 1576 1738 Palinurum.

1924 517 2133 560 notatus
2162 519 2235 561 est
2265 511 2334 562 ad
2364 511 2743 578 iuvitatorium,
2780 516 2856 569 vel
2892 517 2961 569 ad
3000 517 3229 581 aliquam
3253 520 3435 573 lectio-

1924 612 2037 648 nem
2059 637 2074 659 ,
2120 598 2197 651 vel
2226 604 2438 670 (utquod
2471 608 2876 672 responsorium.

1851 686 2021 741 XXX.
2061 688 2133 742 De
2155 694 2424 747 sacerdote
2452 695 2879 754 hebdomadario.

1851 777 2043 833 XXXI.
2079 779 2151 834 De
2178 782 2518 850 subdiacono,
2547 796 2595 840 et
2635 787 2699 841 de
2735 790 3032 844 cantoribus
3058 791 3329 862 gradualis
3357 792 3434 849 vel

1922 871 2157 932 alleluia.
2188 885 2236 927 et
2256 884 2478 933 tractus.

1851 965 2063 1021 XXXII.
2096 968 2170 1022 De
2195 969 2437 1027 diacono.

1836 1045 2087 1113 'XXXIII.
2105 1059 2180 1113 De
2201 1061 2537 1115 serritoribus
2562 1063 2813 1129 ecclesta',
2836 1074 2883 1118 et
2906 1065 2969 1119 de
2990 1066 3070 1120 his
3100 1081 3227 1136 quos
3249 1066 3428 1135 appel-

1921 1149 2094 1203 lamus
2121 1152 2387 1205 ministros
2412 1152 2554 1205 altar
2576 1170 2620 1207 s.

1852 1238 2091 1295 XXXiV.
2117 1241 2192 1295 De
2214 1244 2404 1297 lectore
2430 1246 2499 1297 ad
2524 1262 2774 1299 mensam.

1851 1333 2067 1389 XXXV.
2098 1336 2173 1389 De
2198 1338 2357 1391 cocis.

1851 1426 1996 1481 XXX
2011 1427 2091 1481 VI.
2120 1427 2195 1481 De
2226 1428 2532 1483 utensilibus
2550 1430 2805 1500 coquina’.

1851 1516 2111 1573 XXXVII.
2140 1518 2215 1572 De
2234 1520 2314 1573 his
2335 1521 2426 1589 qui
2451 1520 2652 1588 faciunt
2677 1520 3006 1575 mandatum.

2025 1609 2370 1666 INCIPIUNT
2410 1610 2655 1666 CAPITA
2694 1612 2956 1667 LIBELLI
2996 1612 3242 1669 TERTII.

1852 1699 2111 1771 Pra'fatio
2157 1702 2222 1755 de
2262 1701 2511 1756 electione
2550 1702 2795 1772 speciali,
2824 1712 2872 1756 et
2898 1704 3225 1761 ordinatione
3246 1708 3428 1761 domui

156 1767 272 1822 LV.
306 1769 380 1824 De
400 1771 767 1839 festivitatibus
818 1789 934 1842 quae
962 1774 1012 1829 in
1041 1773 1455 1846 Quadragesima
1484 1775 1740 1831 eveniunt.
1777 1780 1819 1841 Β
1918 1767 2157 1863 lngo,“
2184 1795 2406 1849 αιοαιεε,

315 1898 659 1957 INCIPIUNT
694 1903 941 1959 CAPITA
982 1904 1239 1961 LIBELLI
1278 1905 1589 1962 SECUNDI.

162 1968 251 1983 ρ...-

154 2013 289 2068 CAP.
320 2014 360 2069 I.
391 2015 469 2070 De
497 2016 797 2072 diversitate
820 2020 1154 2075 novitiorum.

157 2102 222 2156 II.
248 2105 522 2171 Quontodo
544 2126 600 2163 se
621 2110 842 2164 habeant
872 2114 926 2165 in
957 2111 1087 2166 cella
1113 2115 1443 2171 novitiorum.

157 2193 247 2250 III.
278 2197 356 2251 De
379 2199 605 2266 silentio,
637 2210 687 2256 et
711 2202 764 2255 in
786 2203 974 2272 quibus
1003 2206 1237 2275 officinis.

158 2284 251 2341 IV.
279 2287 352 2342 De
379 2290 541 2360 signis
561 2292 831 2363 loquendi.

160 2374 229 2430 V.
259 2375 531 2442 Quomodo
557 2399 611 2436 se
640 2382 808 2453 frater
834 2384 959 2440 levet
986 2386 1056 2441 ad
1084 2398 1384 2444 nocturnos.

162 2467 248 2522 VI.
275 2468 354 2524 De
380 2475 675 2529 excessibus
705 2492 798 2543 pro
827 2479 1012 2547 quibus
1042 2481 1097 2534 in
1121 2482 1349 2551 capitulo
1372 2483 1571 2537 veniam
1592 2485 1740 2553 petit.

163 2557 271 2612 VII.
303 2558 577 2625 Quomodo
602 2581 656 2619 se
686 2568 869 2623 habeat
892 2569 962 2622 ad
989 2569 1147 2623 horas
1172 2571 1451 2640 regulares.

163 2644 293 2703 VIII.
321 2650 596 2716 Quomodo
625 2655 882 2713 laternam
927 2658 1151 2731 ligneam
1194 2673 1403 2731 portare
1443 2665 1624 2720 debeat
1666 2666 1739 2721 ad

232 2752 515 2798 ηοεηιινηοε
524 2781 538 2797 ο

162 2825 253 2883 IX.
287 2829 403 2895 Qua
424 2833 709 2903 disciplina
747 2839 1087 2896 recollocatus
1100 2844 1277 2912 jaceat
1302 2846 1359 2899 in
1381 2847 1534 2901 lecto.

165 2911 247 2970 X.'
264 2918 538 2985 Quomodo
559 2937 741 2997 surgat
765 2945 947 2995 mane,
978 2932 1055 2985 vel
1075 2911 1201 3002 quid
1229 2938 1405 2990 statim
1432 2938 1617 3007 faciat.

162 3007 252 3065 XI.
285 3011 557 3078 Quomodo
579 3017 757 3071 sedeat
784 3018 864 3072 vel
900 3020 1126 3076 incedat.

164 3100 273 3157 XII.
300 3102 574 3169 Quomodo
605 3111 775 3164 veniat
796 3112 865 3166 ad
888 3113 1284 3181 confessionem.

162 3191 295 3249 XIII.
328 3197 605 3262 Quomodo
650 3201 729 3256 vel
758 3204 970 3274 quando
999 3222 1200 3275 pannos
1227 3226 1349 3264 suos
1384 3211 1591 3266 induat.

158 3282 299 3339 XIV.
328 3284 388 3343 Si
416 3298 595 3345 coctus
617 3307 721 3361 qua
752 3293 881 3348 hora
908 3297 1190 3350 coctionem
1219 3314 1368 3353 suam
1390 3301 1580 3356 videat.

161 3374 273 3432 XV.
303 3378 576 3445 Quomodo
614 3401 814 3453 pannos
837 3404 960 3443 suos
992 3388 1144 3445 lavet.

160 3466 294 3523 XVI.
333 3471 607 3537 Quomodo
640 3478 964 3549 dezregulari
1004 3486 1132 3537 hora
1172 3498 1277 3537 non
1304 3494 1452 3538 exeat
1501 3486 1603 3539 nisi
1639 3503 1733 3555 pro

226 3560 507 3633 inevitabili
527 3566 853 3621 necessitate.

156 3647 315 3705 XVII.
340 3654 615 3718 Quomodo
639 3674 694 3711 se
738 3672 981 3728 preparat
1023 3663 1093 3716 ad
1136 3664 1418 3734 capitulum
1441 3705 1456 3732 ,
1505 3666 1580 3721 vel
1607 3665 1735 3738 quid

229 3742 388 3808 faciat
414 3746 460 3799 si
485 3757 560 3801 est
585 3748 688 3801 sibi
716 3751 954 3806 conscius
975 3751 1153 3807 ullius.

155 3830 337 3887 XVIII.
362 3834 440 3889 De
464 3837 621 3906 culpa
650 3838 858 3894 leviore.

158 3922 296 3979 XIX.
326 3925 631 4000 Ubicunque
650 3933 865 3998 steterit,
898 3936 1158 4003 quomodo
1187 3945 1327 3991 stare
1360 3937 1562 3992 debeat.

159 4017 274 4075 XX.
293 4019 370 4075 De
403 4023 486 4077 his
532 4040 650 4094 qua:
685 4041 788 4080 non
837 4027 955 4082 licet
997 4028 1171 4097 facere
1201 4030 1303 4084 nisi
1340 4031 1409 4084 ad
1437 4032 1620 4086 horam
1653 4030 1734 4086 lo-

224 4114 434 4184 quendi.

158 4198 296 4255 XXI.
324 4202 402 4258 De
424 4205 712 4260 minutione
731 4207 1026 4277 sanguinis.

158 4289 317 4345 XXII.
344 4291 463 4357 Qua
492 4294 769 4366 disciplina
800 4294 854 4350 in
881 4298 1100 4354 ecclesia
1138 4310 1345 4355 maneat
1371 4302 1441 4356 ad
1477 4302 1732 4359 solemnia

220 4387 521 4446 missarum.

159 4474 340 4533 XXIII.
374 4479 491 4545 Qua
516 4482 796 4554 disciplina
822 4494 1028 4540 maneat
1054 4487 1108 4540 in
1134 4484 1426 4553 refectorio.

161 4568 342 4624 XXIV.
367 4571 445 4627 De
477 4574 797 4631 habitatione
842 4594 939 4632 sua
964 4587 1012 4632 et
1040 4586 1153 4647 post
1190 4577 1491 4647 prandium,
1528 4586 1576 4632 et
1613 4586 1727 4648 post

224 4681 439 4720 caenam.

156 4753 316 4811 XXV.
351 4756 469 4822 Qua
494 4760 772 4834 disciplina
814 4778 869 4818 se
905 4772 1019 4833 post
1052 4761 1442 4833 completorium
1473 4771 1546 4817 est
1569 4759 1730 4815 collo-

210 4858 443 4905 saturus.

155 4939 339 4996 XXVI.
371 4942 449 4997 De
475 4948 821 5019 confessione,
849 4958 894 5003 et
918 4950 1164 5019 petitione
1190 4948 1520 5003 novitiorum.

154 5032 358 5087 XXVII.
386 5034 462 5089 De
485 5038 839 5097 benedictione
862 5042 1195 5096 novitiorum.

151 5122 383 5179 XXVIII.
408 5125 482 5180 De
520 5133 845 5189 habitatione
885 5132 1097 5187 illorum
1152 5129 1205 5185 in
1246 5130 1337 5185 illo
1392 5133 1564 5187 triduo
1610 5142 1726 5201 post

214 5215 631 5280 benedictionem.

1760 4493 1809 4553 D

1845 1886 1973 1941 CAP.
2001 1885 2039 1940 I.
2072 1886 2148 1940 De
2172 1886 2420 1941 electione
2436 1887 2659 1942 abbatis.

1845 1977 1907 2032 ιι.
1940 1978 2015 2032 De
2042 1980 2276 2050 generali
2300 1982 2467 2051 ofﬁcio
2496 1981 2677 2034 domui
2699 1979 2921 2034 abbatis.
2990 1998 2993 2001 ·

1846 2070 1928 2125 III.
1962 2070 2037 2123 De
2060 2069 2215 2139 culpa
2236 2072 2492 2141 graviore,
2512 2082 2561 2125 et
2587 2070 2652 2125 de
2680 2070 2801 2125 aliis
2821 2070 3092 2140 generibus
3123 2070 3420 2140 culparum.

1844 2158 1932 2213 IV.
1955 2159 2034 2213 De
2059 2161 2233 2228 priore
2255 2158 2476 2231 majore.
3258 2178 3261 2179 '

1846 2250 1909 2304 V.
1947 2248 2020 2303 De
2042 2251 2252 2303 decauis
2276 2252 2366 2320 qui
2392 2260 2511 2304 sunt
2540 2250 2783 2304 villarum
2814 2250 3127 2319 provisores.

1844 2338 1931 2393 VI.
1966 2338 2041 2394 De
2067 2339 2341 2394 claustrali
2368 2343 2561 2400 priore.

1842 2431 1954 2487 VII.
1987 2431 2062 2485 De
2086 2434 2450 2487 circatoribus.

1844 2523 1973 2578 VIII.
2007 2523 2085 2577 De
2106 2525 2303 2593 pueris,
2335 2534 2381 2578 et
2401 2540 2581 2578 eorum
2605 2522 2890 2594 magistris.

1840 2613 1934 2669 IX.
1968 2614 2045 2669 De
2072 2615 2310 2669 custodia
2332 2615 2607 2685 juvenum.

1841 2703 1908 2759 X.
1941 2704 2019 2760 De
2044 2716 2361 2776 prtrcentore
2387 2714 2434 2759 et
2462 2704 2716 2758 armario.

1810 2784 1815 2790 ’
1841 2795 1934 2850 XI.
1964 2795 2040 2850 De
2070 2798 2383 2851 camerario.

1842 2883 1954 2938 XII.
1986 2884 2060 2939 De
2081 2885 2424 2953 apocrisiario

1839 2975 1976 3031 XIII.
2001 2975 2078 3029 De
2101 2975 2459 3044 corporalibus
2487 2974 2779 3029 abluendis.

1840 3064 1976 3121 XIV.
2002 3064 2081 3119 De
2104 3066 2334 3136 reliquiis
2376 3075 2675 3119 sanctorum
2720 3061 2979 3134 quomodo
3015 3073 3423 3133 prosequantur,

1760 3142 1807 3207 ο
1905 3158 2011 3213 sive
2040 3157 2374 3225 recipiantur.

1840 3251 1955 3307 XV.
1987 3250 2061 3304 De
2089 3266 2278 3303 rasura
2302 3248 2548 3317 fratrum.

1839 3342 1977 3403 XVI.
2012 3342 2088 3396 De
2117 3341 2317 3395 balneis
2348 3340 2596 3409 fratrum.

1837 3434 1997 3490 XVII.
2023 3433 2100 3486 De
2125 3431 2417 3485 cellerario.

1837 3522 2017 3579 XVIII.
2045 3523 2121 3577 De
2146 3522 2353 3576 custode
2382 3520 2507 3575 vini.

1838 3615 1978 3672 XIX.
2011 3614 2089 3669 De
2114 3614 2393 3667 hortulano

1837 3706 1955 3763 XX.
1993 3705 2066 3760 De
2093 3703 2472 3774 refectoriario.

1840 3796 1981 3853 XXI.
2007 3795 2085 3850 De
2113 3794 2324 3849 custode
2353 3792 2584 3864 hospitii.

1839 3889 1999 3945 XXII.
2032 3888 2108 3942 De
2133 3887 2441 3942 stabulario.

1836 3981 2021 4037 XXIII.
2054 3980 2133 4034 De
2163 3975 2571 4047 eleemosynario

1834 4074 2026 4130 XXIV.
2061 4073 2138 4127 De
2160 4072 2475 4141 inﬁrmatio.

1836 4168 2001 4224 XXV.
2030 4166 2106 4221 De
2150 4165 2363 4238 famulis
2409 4164 2478 4218 ad
2518 4161 2733 4216 domum
2772 4160 3104 4227 infirmorum
3152 4156 3415 4227 pertinen-

1904 4263 2063 4317 tibus.

1833 4353 2023 4411 XXVI.
2056 4354 2133 4408 De
2160 4352 2406 4423 inﬁrmis.

1833 4444 2043 4502 XXVII.
2068 4444 2144 4498 De
2170 4442 2410 4497 unctione
2438 4437 2789 4506 cujuscunque
2818 4428 3020 4501 fratris.

1838 4537 2068 4593 XXVIII.
2104 4534 2243 4602 Quid
2265 4530 2521 4601 agendum
2544 4538 2616 4580 est
2644 4528 2699 4579 in
2725 4524 2828 4592 ﬁne
2854 4521 3044 4575 exitus.

1833 4627 2025 4685 XXIX.
2060 4624 2119 4680 Si
2141 4622 2257 4695 quis
2285 4621 2465 4675 abierit
2494 4619 2547 4671 in
2572 4610 2922 4707 aliquacella.
3088 4697 3099 4707 .
3224 4694 3235 4705 .
3352 4693 3383 4707 μ

1835 4719 2003 4777 XXX.
2039 4716 2179 4783 Quid
2228 4723 2419 4785 agatur
2463 4726 2557 4782 pro
2597 4706 2820 4780 quolibet
2871 4702 3034 4771 fratre
3083 4697 3137 4748 in
3190 4697 3412 4763 singm’is

1906 4812 2229 4871 obedientiis.

1840 4908 2032 4967 XXXI.
2064 4906 2138 4962 De
2160 4902 2301 4959 obitu
2328 4900 2504 4955 domui
2526 4896 2749 4950 abbatis.

1832 4966 2048 5058 XXXII.
2082 4996 2156 5051 De
2193 5010 2251 5050 eo
2294 4995 2384 5055 qui
2413 4993 2466 5045 in
2490 4983 2907 5058 Quadragesima
2937 4974 3119 5034 abierit
3141 5015 3154 5041 ,
3187 4980 3234 5025 et
3268 4972 3322 5026 in
3346 4966 3416 5041 I2

1905 5088 2208 5147 lectionibus
2231 5093 2306 5139 est
2331 5081 2681 5153 sepeliendus.
