4030 5354
607 255 712 308 643

1600 241 1989 300 UDALRICICI
2029 240 2525 300 CLUNIACENSIS
2563 232 2864 299 MONACHI

1482 378 3864 409 ww

1816 521 2643 637 PRO(EMIUM.

1983 728 2340 741 Ψ..-

606 857 942 913 Occasionem
1022 857 1414 911 scribendarum
1493 857 1928 912 consuetudinum
2014 855 2171 924 refert
2202 844 2247 898 Α
2275 854 2582 925 pertingere
2610 861 2933 923 potuerunt,
2970 867 3076 911 non
3123 856 3195 912 sit
3228 855 3277 912 ei
3323 856 3518 913 similis
3552 857 3605 913 in
3650 858 3768 913 vita
3811 858 3873 913 et

1296 936 1499 980 auctor.

670 1039 811 1091 Ante
839 1036 939 1091 hos
968 1034 1084 1090 dies
1112 1036 1295 1091 senior
1318 1046 1501 1091 noster
1527 1036 1776 1091 dominus
1815 1038 1982 1092 abbas
2014 1038 2184 1091 humi-

602 1129 808 1182 litatem
860 1142 1035 1182 meam
1065 1128 1119 1181 in
1169 1128 1515 1183 Germaniam
1544 1128 1770 1193 direxit,
1806 1137 2027 1199 propter
2054 1128 2181 1198 quid

602 1236 707 1272 non
762 1218 989 1272 multum
1033 1218 1256 1273 interest
1305 1219 1466 1274 modo
1500 1218 1728 1285 referre;
1770 1219 1912 1288 quod
1953 1219 2021 1273 ad
2067 1234 2179 1273 rem

601 1309 875 1377 pertinet,
938 1323 1035 1378 per
1085 1309 1224 1363 hanc
1273 1309 1613 1364 occasionem
1670 1308 1863 1363 diverti
1902 1307 1969 1362 ad
2007 1307 2181 1362 virum

604 1396 973 1452 venerabilem
1018 1397 1293 1451 dominum
1321 1397 1651 1452 Willelmum
1701 1397 1979 1462 abbatem,
2030 1395 2184 1463 cujus

602 1490 989 1544 monasterium
1020 1488 1182 1543 situm
1209 1497 1293 1545 est
1321 1490 1373 1542 in
1404 1504 1542 1559 pago
1567 1488 1811 1557 Spirensi
1833 1497 1889 1544 et
1944 1488 1998 1543 in
2034 1487 2180 1543 Silva

604 1590 962 1652 cognomento
1002 1581 1186 1651 Nigra.
1230 1581 1403 1636 Isdem
1444 1592 1625 1636 autem
1666 1580 1848 1646 Pater,
1892 1591 1953 1636 ut
1994 1590 2112 1636 erat
2152 1596 2182 1635 a

603 1690 771 1746 puero
797 1683 956 1729 notus
981 1681 1036 1728 et
1076 1673 1469 1738 amicissimus,
1506 1688 1591 1727 me
1624 1673 1810 1728 videns
1850 1672 2185 1727 laetabundus

605 1768 846 1838 collegit;
879 1777 934 1821 et
961 1767 1099 1821 alter
1123 1767 1253 1821 mihi
1278 1766 1545 1836 CleOphas
1571 1764 1722 1838 (Luc.
1748 1763 1897 1835 xnv)
1929 1764 2034 1819 alio
2068 1774 2183 1820 ten-

606 1862 853 1924 dentem,
908 1869 1086 1914 tamen
1128 1859 1433 1929 aliquantos
1463 1860 1578 1914 dies
1624 1874 1806 1914 secum
1845 1872 2066 1913 manere
2098 1872 2187 1913 co-

607 1953 736 2022 egit.
776 1950 995 2005 interim
1024 1960 1144 2005 erat
1168 1951 1216 2005 ei
1262 1964 1473 2006 mecum
1519 1966 1699 2005 sermo
1740 1950 2009 2016 assiduus,
2053 1949 2183 2014 imo,

607 2050 871 2110 quantum
896 2041 1012 2095 ﬁeri
1034 2042 1229 2110 potuit,
1258 2056 1394 2111 pene
1420 2042 1727 2106 continuus,
1754 2041 1818 2096 de
1835 2040 2185 2095 consuetudi-

608 2132 769 2185 nibus
797 2130 1049 2186 Ecclesia»
1078 2140 1297 2196 nostras,
1324 2131 1392 2185 de
1414 2130 1611 2199 quibus
1646 2131 1898 2185 nimirum
1929 2130 2006 2183 sic
2027 2143 2183 2184 orsus

2282 944 2563 1012 disciplina
2595 943 2858 1012 regulari;
2886 945 3029 1000 unde
3052 959 3157 999 non
3188 960 3380 1015 parum
3408 947 3545 1003 facis
3571 949 3637 1003 ad
3669 957 3870 1003 votum

2284 1035 2629 1096 nostrum.si
2678 1051 2781 1103 qua
2830 1044 2883 1089 te
2908 1035 3178 1091 reterente
3220 1052 3494 1092 meremur
3549 1038 3746 1092 audire
3801 1039 3874 1093 de

2282 1126 2470 1181 usibus
2494 1134 2548 1181 et
2570 1124 2829 1181 institutis
2856 1126 3120 1195 majorum
3148 1135 3466 1182 vestrorum.
3484 1127 3616 1195 Quae
3642 1129 3873 1183 etiamsi

2285 1232 2389 1273 non
2418 1225 2680 1287 geruntur
2708 1231 2738 1269 a
2766 1216 2919 1272 nobis
2940 1255 2955 1281 ,
2997 1225 3174 1271 tamen
3200 1218 3299 1273 hoc
3330 1218 3504 1293 ips'i
3538 1220 3607 1273 ad
3637 1218 3873 1274 humilia

2283 1314 2447 1360 tatem
2486 1305 2749 1371 aedificat,
2778 1304 2824 1361 si
2853 1320 2954 1360 nos
2989 1320 3095 1361 non
3136 1306 3270 1363 latet
3320 1308 3395 1363 ita
3438 1323 3531 1364 vos
3572 1310 3761 1365 vivere
3816 1318 3876 1365 et

2286 1400 2621 1463 conversari,
2656 1406 2715 1452 ut
2739 1406 2925 1453 nostra
2950 1398 3238 1454 inﬁrmitas
3269 1409 3363 1455 aut
3393 1401 3741 1457 nolueritaut
3771 1415 3873 1457 ne-

2284 1490 2537 1560 quiverit.
2558 1489 2637 1543 Ad
2654 1489 2796 1559 quod
2821 1504 2951 1559 ego:
2973 1503 3189 1559 panem,
3208 1491 3448 1561 inquam,
3473 1502 3713 1547 vestrum
3743 1508 3870 1546 sum

2286 1594 2706 1646 commessurus,
2737 1579 2957 1650 dignum
2980 1588 3065 1635 est
3080 1580 3245 1636 etiam
3268 1590 3326 1637 ut
3354 1583 3570 1637 interim
3594 1583 3872 1638 voluntati

2285 1682 2477 1729 vestrae
2521 1675 2743 1731 obedire
2786 1689 2892 1730 non
2930 1674 3030 1730 sim
3079 1675 3394 1744 imparatus.
3428 1674 3535 1731 Sed
3568 1675 3775 1745 quiest
3814 1675 3870 1729 in

2285 1766 2403 1821 loco
2429 1765 2523 1820 tali
2557 1780 2658 1836 pro
2690 1765 3002 1821 diversitate
3031 1764 3226 1835 lingua:
3251 1765 3404 1835 quasi
3436 1765 3734 1829 barbarus,
3765 1778 3874 1819 nec

2285 1875 2315 1913 a
2346 1857 2578 1929 puerilia
2622 1857 2857 1912 nutritus
2914 1870 3022 1911 non
3068 1854 3228 1911 facile
3273 1855 3387 1911 ﬁeri
3435 1863 3615 1925 potest
3675 1863 3739 1909 ut
3793 1854 3872 1908 ita

2286 1949 2423 2003 sciat
2459 1946 2640 2002 omnia
2704 1946 2843 2001 sicut
2893 1946 2983 2001 ille
3019 1947 3111 2016 qui
3154 1956 3238 2001 est
3286 1945 3564 2017 indigena,
3590 1955 3647 2001 et
3677 1945 3773 2014 qui
3800 1945 3872 1998 ab

2286 2036 2509 2092 infantia
2539 2038 2681 2093 inter
2708 2038 2835 2092 talia
2861 2038 3062 2105 crevit;
3094 2038 3319 2107 ideoque
3346 2054 3449 2093 non
3481 2047 3563 2092 est
3590 2040 3793 2091 mirum
3824 2036 3873 2091 si

2286 2136 2342 2181 et
2379 2142 2479 2197 ego
2504 2142 2611 2183 non
2656 2126 2883 2183 multum
2935 2128 3049 2183 scio
3095 2130 3161 2184 de
3201 2127 3503 2199 huiusmodi
3529 2169 3544 2194 ,
3582 2129 3675 2199 qui
3731 2143 3874 2199 pene

609 2228 693 2274 est
726 2220 870 2290 loqui
898 2238 910 2273 :
946 2220 1185 2275 Ecclesia
1212 2228 1388 2275 vestra
1408 2260 1423 2285 ,
1456 2220 1827 2283 dilectissime,
1859 2235 1954 2290 per
1978 2220 2187 2275 miseri-
2215 2191 2260 2250 Β
2292 2235 2463 2289 usque
2484 2220 2551 2275 ad
2583 2220 2915 2275 tricesimum
2945 2221 3120 2275 aetatis
3147 2230 3347 2275 nostra:
3380 2235 3580 2275 annum
3620 2234 3729 2273 non
3764 2219 3872 2273 nisi

607 2313 848 2366 cordiam
881 2311 971 2366 Dei
998 2326 1104 2367 non
1135 2327 1357 2383 parvam
1390 2312 1444 2367 in
1476 2312 1678 2367 nostris
1709 2312 1951 2381 partibus
1984 2311 2189 2381 opinio-

611 2420 731 2458 nem
760 2404 1038 2474 religionis
1067 2403 1324 2469 obtinuit,
1348 2419 1446 2459 uec
1470 2403 1613 2458 aliud
1640 2404 1940 2457 restituatur
1969 2418 1998 2456 a
2035 2402 2188 2460 nostis

610 2510 769 2551 ouam
801 2495 1027 2567 quodin
1074 2495 1161 2551 his
1196 2493 1329 2551 locis
1373 2509 1493 2565 quae
1538 2495 1607 2550 ad
1651 2503 1891 2550 nostram
1940 2493 2187 2551 notitiam

2293 2313 2360 2365 de
2385 2310 2547 2365 rebus
2572 2311 2753 2366 saeculi
2778 2326 3105 2381 magnopere
3132 2311 3339 2366 curavi.
3370 2311 3571 2365 Tamen
3598 2320 3871 2381 quantum

2291 2404 2539 2473 estquod
2570 2403 2716 2466 scio,
2770 2403 2821 2457 id
2843 2404 3015 2473 ipsum
3057 2402 3285 2457 referam
3320 2418 3425 2459 non
3462 2403 3685 2460 invitus.
3727 2402 3874 2472 Ergo

2294 2490 2418 2546 vide
2444 2490 2512 2548 de
2536 2507 2642 2563 quo
2663 2492 2899 2549 volueris
2922 2491 3156 2564 primum
3191 2494 3545 2565 interrogare.

1720 2806 1729 2811 _
1776 2682 2133 2769 LIBER
2205 2676 2687 2775 PRIMUS.

1114 2894 1338 2951 CAPUT
1387 2893 1676 2950 PRIMUM.

778 2986 1051 3052 Quomodo
1085 2986 1467 3040 Testamentum
1498 2987 1701 3055 legatur
1724 2993 2014 3060 utrumque.

687 3078 1054 3149 Interrogatio.
1084 3078 1256 3132 Audio
1276 3078 1535 3133 lectiones
1558 3088 1766 3137 vestras
1791 3082 1841 3135 in
1868 3082 2044 3136 hieme
2065 3081 2193 3137 etin

613 3171 843 3240 privatis
872 3169 1118 3224 noctibus
1164 3168 1387 3223 multum
1421 3185 1540 3229 esse
1571 3173 1828 3243 prolixos.
1870 3172 1927 3225 Si
1950 3172 2189 3237 videtur,

616 3263 777 3318 simul
826 3271 881 3318 et
942 3261 1110 3323 semel
1148 3262 1386 3322 edissere
1440 3267 1709 3336 quomodo
1763 3280 1867 3320 non
1930 3267 2089 3322 modo
2139 3267 2193 3321 in

617 3356 827 3424 hieme,
878 3357 973 3414 sed
1022 3359 1185 3414 etiam
1235 3373 1290 3413 tn
1321 3364 1507 3413 testate
1535 3357 1943 3412 Testamentum
1980 3356 2195 3429 legatur

618 3461 931 3520 utrumque.
1496 3496 1501 3501 ,

691 3542 997 3611 Responsio.
1031 3540 1101 3599 Ut
1143 3542 1398 3611 incipiam
1425 3542 1489 3597 de
1518 3541 1778 3596 librorum
1818 3542 2056 3597 omnium
2099 3558 2195 3597 an-

620 3632 956 3701 tiquissimo,
1014 3632 1067 3685 id
1109 3642 1185 3685 est
1232 3630 1601 3696 Octateucho,
1658 3633 1746 3707 hic
1793 3630 1946 3695 liber,
1984 3640 2043 3685 ut
2081 3646 2198 3687 mos

620 3734 704 3777 est
734 3722 1027 3791 generalis,
1067 3730 1121 3775 et
1165 3723 1217 3775 in
1258 3723 1381 3775 aliis
1421 3722 1674 3776 Ecclesiis
1706 3732 1758 3775 et
1796 3721 2199 3791 Septuagesima

621 3812 838 3880 ponitur
853 3812 918 3865 ad
941 3811 1243 3881 legendum.
1271 3811 1326 3864 ln
1349 3812 1459 3879 ipsa
1488 3810 1761 3864 Dominica
1792 3811 1926 3865 tiuut
1948 3811 2202 3866 lectiones

623 3906 756 3959 satis
805 3904 1031 3968 breves,
1064 3913 1260 3971 praeter
1309 3905 1371 3956 ad
1413 3904 1639 3973 primam
1682 3903 1995 3968 lectionem,
2025 3904 2202 3973 prolo-

624 4010 723 4063 gus
784 3992 873 4048 ille
918 3992 1175 4047 Desiderii
1220 3993 1319 4045 mei
1372 3993 1692 4061 expenditur
1745 4002 1905 4047 totus.
1965 3992 2070 4048 Per
2112 4009 2199 4050 se-

623 4094 851 4155 quentes
880 4094 1065 4138 noctes
1101 4083 1173 4137 ita
1207 4084 1599 4152 protenduntur
1624 4093 1680 4137 ιιι
1704 4085 1755 4137 iu
1785 4084 1875 4138 illa
1901 4100 2004 4137 una
2034 4084 2199 4154 septi-

622 4194 782 4232 mana
806 4175 1015 4231 Genesis
1060 4176 1384 4246 perlegatur,
1424 4184 1479 4227 et
1518 4176 1569 4229 in
1607 4175 1835 4230 ecclesia
1884 4185 2113 4232 tantum.
2143 4178 2199 4233 ln

624 4270 970 4340 Sexagesima
1017 4268 1234 4323 Exodus
1282 4270 1589 4333 inchoatur,
1619 4278 1674 4323 et
1717 4268 1875 4323 simul
1923 4285 2046 4323 cum
2078 4270 2201 4325 aliis

622 4360 988 4415 voluminibus
1010 4375 1127 4429 quae
1167 4360 1448 4430 leguntur,
1495 4360 1688 4430 legitur
1720 4368 2005 4429 utrumque
2045 4369 2101 4413 et
2146 4360 2201 4414 in

623 4451 876 4514 ecclesia,
899 4459 953 4505 et
977 4450 1029 4503 in
1062 4451 1376 4513 refectorio,
1408 4450 1480 4503 ita
1520 4460 1576 4503 ut
1606 4450 1698 4503 ubi
1730 4448 1972 4503 lectionis
2010 4449 2199 4503 termi—

627 4558 727 4595 nus
750 4541 913 4595 l'uerit
947 4540 1118 4605 lectm,
1155 4540 1224 4595 ibi
1256 4550 1469 4609 semper
1492 4543 1701 4595 initium
1734 4542 1827 4595 ﬁat
1855 4541 2091 4611 legendae
2113 4540 2201 4596 die

626 4633 903 4719 sequenti,
936 4643 990 4686 et
1027 4633 1069 4687 si
1113 4647 1217 4685 non
1261 4641 1414 4695 ante,
1457 4642 1631 4687 tamen
1676 4634 1916 4687 intrante
1952 4634 2197 4700 Quadra-

628 4727 832 4795 gcsima
863 4742 928 4780 ex
957 4736 1069 4781 toto
1098 4726 1391 4797 perlegitur
1432 4724 1830 4791 Octateuclms;
1881 4742 1945 4779 ex
1976 4741 2083 4794 quo
2119 4735 2199 4781 ta-

2216 3484 2267 3549 α

2296 2879 2582 2969 Ιοειιελθινίι
2610 2895 2676 2951 ad
2720 2877 2949 2966 primum
2984 2878 3309 2954 lectionem...
3335 2888 3558 2970 Legitur
3591 2910 3777 2957 autem
3838 2912 3876 2959 tt

2294 2989 2521 3044 ecclesia
2564 2997 2801 3054 tantum,
2845 2996 2901 3042 et
2951 2988 3026 3043 ita
3096 2997 3155 3043 ut
3201 3001 3329 3048 ante
3377 2990 3601 3048 Coenam
3657 2995 3878 3051 Domini

2296 3079 2517 3135 ﬁniatur
2542 3094 2711 3150 usque
2747 3080 2813 3135 ad
2840 3078 3279 3137 Lamentationes.
3313 3082 3371 3139 ln
3411 3085 3619 3141 octavis
3646 3084 3881 3142 Pascha

2293 3171 2545 3240 leguntur
2591 3171 2751 3225 Actus
2800 3172 3187 3240 apostolorum,
3225 3182 3281 3229 et
3317 3183 3524 3229 tantum
3566 3190 3665 3241 per
3704 3192 3878 3231 unam

2294 3261 2673 3332 septimanam,
2715 3261 2781 3316 de
2816 3262 3012 3330 quibus
3046 3277 3143 3331 pro
3172 3263 3409 3318 noctium
3442 3265 3711 3321 brevitate
3753 3266 3878 3320 lieri

2293 3368 2400 3409 non
2429 3361 2607 3424 potest
2630 3361 2688 3407 ut
2709 3352 2934 3407 multum
2961 3352 3185 3423 legatur.
3212 3354 3400 3412 Postea
3431 3372 3529 3426 per
3552 3358 3689 3412 duas
3709 3358 3880 3428 septi-

2298 3463 2487 3503 mauas
2516 3448 2853 3517 Apocalypsis
2889 3457 2943 3502 et
2974 3448 3223 3515 Epistolw
3269 3454 3533 3506 canonica:
3579 3468 3752 3523 usque
3802 3455 3877 3509 ad

2296 3538 2679 3593 Ascensionem
2708 3539 2941 3593 Domini.
2960 3538 3238 3595 Ponuntur
3258 3541 3451 3597 iterum
3463 3544 3632 3598 Actus
3656 3554 3877 3614 aposto-

2296 3628 2494 3695 lorum,
2524 3630 2825 3699 iterumque
2874 3631 3125 3699 leguntur
3157 3633 3311 3701 quasi
3358 3649 3463 3688 non
3517 3634 3748 3703 amplius
3790 3637 3879 3689 in-

2298 3719 2477 3775 choati
2508 3735 2537 3773 a
2566 3721 2739 3789 capite
2786 3735 2958 3789 usque
3007 3720 3073 3774 ad
3107 3720 3483 3779 Pentecosten.
3523 3724 3640 3779 Non
3687 3727 3879 3781 minus

2298 3818 2478 3864 tamen
2530 3811 2647 3865 haec
2692 3812 2806 3879 ipsa
2855 3812 3130 3866 volumina
3168 3827 3234 3868 ex
3267 3823 3377 3869 toto
3408 3817 3763 3870 continuatim
3817 3817 3876 3870 in

2300 3901 2585 3967 refectorio
2616 3900 2897 3971 leguntur;
2934 3902 3076 3958 sicut
3117 3904 3279 3959 etiam
3330 3914 3571 3975 tempore
3609 3922 3710 3963 suo
3740 3906 3881 3961 liber

2300 3990 2528 4061 Regum,
2561 3991 2697 4047 liber
2722 3992 3057 4058 Salomonis,
3085 3995 3221 4051 liber
3248 3995 3378 4066 Job,
3409 3998 3620 4062 Tobiae,
3646 3998 3834 4054 Judith
3858 4037 3877 4065 ,

2298 4085 2516 4149 Esther,
2540 4084 2747 4150 Esdrm,
2771 4095 2824 4140 et
2853 4086 2991 4141 liber
3014 4087 3470 4157 Macltabceornm;
3499 4092 3590 4161 qui
3622 4092 3882 4163 leguntur

2299 4190 2488 4230 omnes
2511 4176 2563 4229 in
2594 4174 2881 4232 refectorio
2910 4186 3141 4243 tantum,
3166 4179 3219 4233 in
3247 4179 3474 4235 ecclesia
3499 4182 3742 4246 minime,
3773 4182 3880 4237 nisi

2300 4272 2561 4334 quantum
2585 4264 2650 4319 de
2671 4266 2749 4321 eis
2770 4266 2836 4320 ad
2864 4268 3157 4337 quamlibet
3181 4269 3507 4325 Dominicam
3533 4280 3617 4325 est
3636 4270 3881 4325 breviter

2300 4364 2633 4424 excerptum.
2682 4357 2727 4410 A
2766 4356 3020 4414 Kalendis
3072 4358 3389 4416 Novembris
3431 4372 3752 4432 repetuntur
3807 4364 3880 4418 ad

2298 4446 2537 4517 privatas
2564 4455 2751 4502 noctes
2772 4447 3051 4503 lectiones.
3070 4449 3294 4505 Ponitur
3315 4452 3562 4508 Ezechiel
3591 4454 3876 4523 propheta,

2301 4538 2355 4592 in
2382 4536 2610 4591 ecclesia
2642 4546 2849 4594 tantum
2879 4539 3156 4611 legendus,
3186 4553 3241 4597 et
3268 4542 3454 4598 linitur
3475 4560 3539 4599 ex
3563 4558 3714 4599 more
3746 4554 3880 4601 ante

2301 4626 2642 4681 festivitatem
2672 4628 2730 4683 S.
2763 4628 3007 4695 Martini;
3038 4631 3190 4701 cujus
3224 4634 3325 4688 etsi
3360 4644 3579 4689 octavas
3608 4643 3796 4699 cantu,
3822 4643 3882 4689 et

2301 4719 2423 4773 aliis
2446 4719 2775 4775 solemnibus
2790 4720 3143 4787 celebramus,
3162 4734 3338 4780 tamen
3355 4725 3881 4794 propheticmlectio-

628 4834 751 4874 men
790 4819 856 4873 ad
899 4820 1207 4874 Dominicas
1236 4827 1363 4873 sunt
1405 4818 1661 4872 lectiones
1698 4825 1956 4886 exceptae.
1983 4818 2038 4871 In
2080 4816 2200 4871 aliis
2230 4828 2277 4887 ι)
2305 4825 2397 4863 nes
2427 4826 2531 4865 non
2571 4821 2875 4877 ηιυῑίιηὶυνν
2911 4828 3012 4868 nec
3046 4815 3211 4869 etiam
3262 4818 3314 4870 in
3348 4818 3468 4871 aliis
3492 4819 3725 4880 oclaViS.
3770 4819 3877 4874 nisi

627 4911 876 4965 noctibus
905 4910 1335 4980 Quadragesima:
1382 4908 1577 4976 legitur
1613 4908 1882 4976 evpositio
1918 4905 1977 4960 S.
2021 4908 2201 4977 Augu-

628 5002 757 5057 stini
806 5015 968 5070 super
1009 4998 1365 5065 Psalterium,
1416 5010 1470 5054 et
1512 5001 1744 5053 maxime
1790 5013 1950 5067 snper
1990 4997 2195 5051 cantica

628 5090 924 5160 graduum;
954 5097 1007 5144 et
1034 5089 1173 5145 sicut
1202 5098 1389 5144 noctes
1413 5099 1541 5142 tunc
1572 5087 1741 5157 magis
1781 5102 1843 5139 ac
1877 5086 2047 5157 magis
2072 5100 2196 5140 cor-

627 5180 923 5249 ripiuntur,
972 5180 1047 5233 ita
1092 5192 1304 5248 quoque
1340 5177 1622 5232 lectiones.
1655 5176 1962 5230 Cavendum
2019 5184 2197 5228 tamen

627 5281 710 5324 est
741 5285 807 5325 ne
835 5270 1123 5340 aliquando
1157 5271 1287 5323 (iant
1320 5270 1394 5323 ita
1435 5268 1624 5323 breves
1656 5274 1715 5320 ut
1750 5266 1836 5321 ille
1877 5265 2066 5330 frater,
2103 5266 2196 5335 qui

2308 4900 2439 4954 tiant
2474 4901 2752 4956 duodecim
2786 4902 3067 4960 lectiones.
3096 4904 3321 4961 Ponitur
3352 4909 3534 4964 Daniel
3578 4911 3877 4981 propheta,

2305 4997 2358 5043 et
2382 4990 2661 5047 duodecim
2686 4996 2982 5063 prophetae,
3012 5007 3067 5052 et
3094 5014 3201 5053 non
3241 4999 3532 5067 sulliciunt,
3566 5003 3666 5059 nisi
3691 5004 3877 5059 novis-

2304 5081 2443 5137 simo
2489 5081 2807 5154 adjungatur
2853 5086 2919 5142 de
2969 5088 3204 5144 homiliis
3250 5091 3391 5146 beati
3442 5092 3686 5164 Gregorii
3724 5109 3880 5165 papas

2303 5186 2465 5242 super
2491 5173 2849 5231 Ezechieiem.
2882 5176 2939 5232 In
2967 5179 3213 5234 Adventu
3251 5182 3461 5239 Domini
3498 5185 3755 5257 prapheta
3780 5201 3879 5256 po.

2304 5263 2452 5317 nitur
2478 5262 2676 5330 lsaias;
2719 5266 2785 5321 de
2814 5282 2921 5337 quo
2956 5269 3079 5325 dum
3130 5287 3428 5341 quaererem
3468 5286 3523 5331 et
3563 5279 3629 5331 ad
3666 5289 3877 5333 certum
