4030 5354
194 211 295 266 M5

1068 195 1638 259 CONSUETUDINES
1675 191 2213 250 CLUNIACENSES.
2238 222 2309 235 --
2335 191 2460 247 LIB.
2497 190 2537 248 l.

3337 195 3440 253 6L6

193 326 354 390 Quem
379 329 678 391 sequuntur
716 313 954 388 epistola:
980 315 1178 370 Leonis
1208 327 1356 384 papae
1390 315 1456 366 de
1505 309 1757 364 incarna-
1788 316 1835 373 Α
1866 303 2143 391 prtemissa
2177 303 2422 356 oratione
2463 302 2743 357 Dominica
2817 311 2874 356 et
2919 302 3176 374 Symbolo
3223 320 3442 377 aposto-

195 417 330 470 tione
359 411 565 466 Domini
587 449 602 476 ,
632 421 688 464 et
717 409 804 462 alii
843 420 1124 462 sermones
1159 411 1468 458 sanctorum
1503 397 1764 462 Patrum,

193 511 245 559 el
272 502 496 558 maxime
526 500 698 555 sancti
745 496 1050 567 Augustini.
1097 493 1388 564 Apostolus
1437 489 1654 560 ponitur
1710 486 1764 542 in

193 595 276 648 illa
323 591 596 646 Dominica
651 605 772 659 quae
810 588 983 658 prima
1033 585 1271 641 occurrit
1298 590 1418 651 post
1454 577 1643 633 Natale
1678 575 1765 630 In-

192 682 584 747 nocantium;si
611 689 788 734 tamen
817 679 870 732 in
905 678 1019 747 ipsa
1043 691 1145 730 non
1179 684 1264 729 est
1285 669 1636 728 Circumcisio
1660 667 1766 721 Do-

194 775 356 838 mini,
401 773 486 827 vel
539 771 813 841 Depositio
847 767 1047 823 domini
1099 766 1360 822 Odilonis.
1406 763 1481 817 De
1529 775 1638 831 quo
1691 759 1769 824 id-

194 868 360 936 ipsum
397 863 582 919 dicere
615 877 832 932 possunt
889 859 1031 930 quod
1074 867 1128 912 et
1174 872 1336 928 supra
1369 857 1433 910 de
1465 853 1762 922 propheta;

195 972 311 1012 nam
335 954 532 1010 diversi
563 954 773 1008 diversa
814 952 1086 1014 sentiunt;
1118 949 1210 1002 sed
1237 957 1293 1000 ut
1323 962 1422 1016 ego
1454 959 1639 998 rursus
1664 943 1767 997 hoc

196 1046 498 1117 perhibeam
521 1044 666 1114 quod
692 1053 748 1098 et
771 1044 882 1112 ipse
908 1042 1038 1106 vidi,
1074 1040 1197 1094 talis
1227 1037 1461 1106 Epistula
1486 1035 1660 1105 qualis
1686 1043 1769 1088 est

196 1139 258 1192 ab
278 1136 566 1228 Romanos,
610 1136 667 1191 in
716 1135 924 1189 duabus
968 1133 1193 1202 privatis
1246 1129 1490 1185 noctibus
1535 1137 1642 1182 tota
1691 1125 1768 1179 leo

196 1227 432 1296 gebatur.
472 1218 542 1278 Εἴ
580 1239 702 1279 cum
743 1223 960 1293 quidam
1011 1221 1197 1284 frater,
1239 1219 1330 1288 qui
1363 1218 1624 1271 lectiones
1663 1223 1768 1269 ter-

197 1319 508 1380 minaverat,
538 1314 883 1369 terminasset
915 1312 1220 1373 breviores,
1264 1307 1569 1377 prohibitus
1597 1313 1679 1359 est
1711 1304 1765 1359 in

195 1408 418 1479 capitulo
441 1423 473 1462 a
498 1405 803 1462 senioribus
841 1405 1062 1460 nostris.
1093 1402 1148 1456 Si
1180 1411 1359 1455 autem
1392 1398 1678 1468 contigerit
1708 1405 1767 1452 ut

196 1500 404 1554 ﬁniatur
442 1496 734 1567 Apostolus
769 1504 894 1550 ante
927 1491 1420 1564 Septuagesimum,
1445 1488 1640 1559 legitur
1667 1502 1766 1542 ex-

198 1590 382 1660 positio
411 1588 642 1644 Joannis
664 1585 1031 1658 Chrysostomi
1057 1597 1217 1654 super
1241 1580 1533 1652 Epistolam
1564 1579 1630 1633 ad
1666 1576 1766 1632 lle-

1867 389 1996 457 lico,
2029 393 2095 445 ad
2140 392 2369 460 primam
2413 401 2540 446 sunt
2588 406 2790 462 preces,
2818 393 2881 448 51
2935 397 3343 463 versiculorum,
3391 409 3450 454 et

1866 479 2139 534 confessio
2169 495 2267 535 suo
2295 480 2347 534 in
2375 472 2493 534 loco
2528 492 2610 536 est
2642 481 3049 552 interponenda.
3083 483 3163 539 Ad
3203 488 3442 556 comple-

1870 573 2068 626 torium
2099 581 2278 625 autem
2311 571 2720 640 septemdecim.
2773 572 2829 626 In
2869 572 3098 643 privatis
3124 575 3313 632 diebus
3339 578 3450 631 Ad-

1868 672 2063 717 ventus
2091 661 2300 717 Domini
2345 672 2400 717 et
2441 662 2899 734 Quadragesimaz,
2937 666 3005 720 ad
3049 667 3362 731 matutinas,
3393 677 3452 724 ct

1867 757 1934 810 ad
1967 771 2246 825 vcsperas,
2277 771 2447 824 usque
2475 759 2542 810 ad
2573 753 2760 826 viginti
2791 755 3088 812 versiculos
3115 760 3446 830 pertingant.

1870 846 2072 902 Verum
2105 862 2166 902 ea
2199 862 2424 916 precum
2468 845 2780 911 diversitas,
2831 855 2886 902 et
2923 847 2968 903 si
3018 863 3138 919 quae
3169 859 3296 904 sunt
3342 851 3448 904 alia

1871 938 2198 1005 huiusmodi,
2227 949 2456 1009 possunt
2480 937 2596 1004 tibi,
2624 940 2666 994 si
2695 939 2954 1009 placeret,
2986 940 3040 994 in
3069 957 3174 994 una
3203 943 3449 997 chartula

1867 1029 2219 1100 singulariter
2248 1031 2518 1098 adnotari,
2545 1040 2604 1085 ut
2633 1048 2738 1086 non
2779 1033 3196 1102 opussiLmodo
3226 1015 3310 1088 his
3337 1035 3452 1087 lon-

1868 1124 1988 1193 gius
2037 1123 2336 1176 immorari.
2378 1117 2495 1177 Non
2529 1132 2708 1176 autem
2740 1122 2921 1178 recolo
2970 1123 3014 1177 si
3063 1123 3190 1192 quid
3222 1125 3452 1194 amplius

1866 1213 2137 1269 inseratur
2186 1216 2254 1269 ad
2299 1211 2599 1283 quamlibet
2643 1215 2832 1268 horam
2882 1213 3187 1283 regularem
3233 1215 3283 1270 in
3339 1216 3448 1269 nllo

1866 1305 2081 1375 privato
2107 1304 2212 1370 die,
2251 1313 2306 1358 et
2345 1305 2436 1374 qui
2484 1285 2618 1360 non'
2642 1305 2824 1376 aliquo
2868 1308 3028 1363 modo
3056 1308 3354 1377 appendcat
3382 1309 3451 1363 ad

1867 1396 2103 1467 aliquam
2135 1397 2556 1453 solemnitatem.

2497 1489 2725 1547 CAPUT
2765 1489 2849 1546 lll.

1867 1577 1947 1634 De
1975 1581 2272 1646 psalmodia
2309 1597 2428 1652 qum
2457 1581 2585 1636 solet
2619 1583 2722 1636 dici
2754 1591 2945 1652 prwter
2973 1582 3132 1637 horas
3160 1582 3443 1653 regulares.

196 1681 378 1734 bratos.
422 1677 564 1733 Ecce
593 1675 855 1732 circulum
907 1673 1034 1729 anni
1066 1669 1465 1743 quodammodo
1500 1667 1758 1734 circnivi;
1793 1660 1840 1720 Β
1940 1667 2318 1742 Interrogatio.
2361 1667 2493 1729 Peto
2524 1682 2579 1728 ut
2611 1674 2826 1744 digeras
2850 1673 3108 1753 quidquid
3138 1675 3450 1743 psalmodia:

195 1769 236 1824 si
273 1768 467 1838 placet,
512 1767 652 1822 ultra
690 1778 1125 1838 promoveamus.

807 1874 1140 1944 CAPUT,n.

197 1992 266 2048 De
309 1993 580 2047 nocturnis
613 1999 664 2046 et
696 1991 940 2046 omnibus
988 1991 1132 2042 horis
1179 1987 1536 2056 regularibus;
1564 1986 1608 2040 si
1637 1986 1766 2056 quid

256 2066 326 2118 eis
355 2065 470 2130 plus
499 2064 566 2116 ait
593 2062 829 2116 additum
855 2077 1014 2132 quam
1050 2061 1192 2131 quod
1230 2057 1458 2113 Sanctus
1495 2057 1764 2112 constituit

262 2135 593 2188 Benedictus.

262 2224 634 2294 interrogatio.
676 2224 876 2279 Soletis
919 2222 1152 2294 amplius
1203 2220 1331 2291 quid
1378 2220 1623 2275 intexere
1669 2231 1766 2272 no-

193 2315 388 2370 cturnis
422 2314 510 2368 vel
550 2314 672 2370 aliis
701 2315 850 2370 horis
883 2329 1044 2384 quam
1081 2312 1225 2383 quod
1268 2309 1326 2366 S.
1357 2310 1639 2366 constituit
1665 2307 1767 2363 Be-

193 2403 466 2458 nedictus?

259 2495 574 2564 Responsio.
618 2492 890 2560 Quantum
941 2503 1046 2556 est,
1108 2493 1152 2548 si
1197 2491 1336 2546 bene
1388 2489 1632 2556 memini,
1687 2489 1767 2544 dio

194 2599 327 2640 eam.
358 2583 544 2639 Primo
587 2582 734 2638 nulla
780 2591 863 2639 est
912 2583 1204 2652 antiphona
1251 2590 1358 2635 tam
1401 2595 1564 2651 parva
1601 2592 1764 2649 quam

193 2691 290 2731 non
321 2675 479 2745 plena
529 2675 643 2730 toni
681 2674 762 2730 sui
795 2674 1108 2729 definitione
1146 2673 1420 2727 finiamus.
1448 2669 1764 2738 Cuiusmodi

192 2785 376 2842 preces
417 2776 543 2838 post
571 2768 907 2823 Dominicam
943 2765 1244 2821 orationem
1279 2771 1500 2818 sanctus
1529 2761 1759 2816 Benedi—

193 2873 306 2918 ctus
354 2862 578 2926 dixerit,
628 2861 891 2924 nescitur,
937 2859 1064 2928 quia
1111 2873 1212 2914 nec
1245 2858 1507 2927 scriptum
1556 2855 1763 2910 inveni-

195 2965 302 3023 tur;
349 2955 443 3010 sed
487 2968 608 3022 qua:
645 2953 900 3008 dicuntur
942 2967 973 3006 a
1020 2949 1176 3006 nobis
1219 2949 1287 3005 ad
1330 2957 1652 3010 nocturnos,
1695 2946 1763 3002 ad

193 3047 504 3111 matutinas,
553 3044 621 3100 ad
671 3046 910 3110 tertiam,
955 3054 1186 3109 sextam,
1234 3059 1453 3108 nonam,
1485 3052 1539 3098 et
1569 3057 1760 3112 vespe-

195 3153 314 3205 ras,
371 3138 789 3209 quatuordecim
843 3136 1128 3192 versiculis
1181 3135 1758 3206 comprehenduntur:

195 3239 241 3284 ct
283 3230 329 3286 si
373 3239 458 3285 est
492 3229 610 3284 dies
658 3228 891 3297 privata,
941 3236 997 3282 et
1047 3228 1206 3282 nulla:
1244 3235 1474 3292 octavae,
1518 3240 1616 3280 nec
1649 3224 1764 3280 dies

195 3319 509 3390 paschales,
560 3319 927 3389 interponitur
977 3319 1216 3389 psalmus
1259 3316 1760 3388 quinquagesimus.

195 3410 530 3478 Adjiciuntur
571 3409 641 3464 ad
687 3410 984 3464 matutinas
1013 3418 1069 3464 et
1093 3409 1160 3463 ad
1192 3423 1446 3477 vesperas
1474 3406 1638 3460 etiam
1670 3403 1762 3458 alii

197 3512 416 3571 quatuor
451 3501 668 3571 psalmi,
699 3510 755 3554 et
782 3502 850 3559 ad
887 3500 1296 3571 completorium
1340 3500 1466 3553 duo.
1517 3496 1629 3552 Hoc
1667 3511 1764 3550 au-

197 3602 292 3648 tem
323 3609 430 3649 non
459 3602 544 3647 est
572 3592 707 3647 mihi
738 3603 1076 3664 compertum
1131 3607 1301 3662 quare
1333 3593 1436 3646 ista
1475 3589 1763 3644 diversitas

200 3699 222 3734 a
247 3683 544 3752 majoribus
583 3683 786 3739 nostris
823 3685 895 3738 sit
925 3685 1164 3738 inventa.
1195 3682 1330 3737 Nam
1374 3697 1494 3737 cum
1530 3688 1764 3749 quatuor

198 3776 375 3843 psalmi
416 3790 444 3827 a
496 3775 780 3830 nocturnis
828 3774 1116 3843 incipiendi
1153 3783 1274 3844 post
1319 3772 1617 3843 quamlibet
1664 3771 1763 3827 ho-

200 3880 321 3930 ram,
350 3875 580 3934 excepto
631 3864 1002 3934 completorio,
1053 3879 1151 3933 pro
1182 3863 1540 3918 familiaribus
1577 3863 1763 3917 dican-

201 3965 291 4022 tur,
345 3957 416 4010 ad
462 3954 788 4008 matutinum
831 3963 886 4007 et
931 3953 998 4007 ad
1042 3968 1296 4023 vesperas
1326 3953 1578 4007 dicuntur
1619 3950 1764 4004 inter

199 4061 373 4116 preces
417 4055 544 4102 ante
574 4046 925 4100 novissimum
959 4043 1304 4108 versiculum,
1347 4043 1661 4111 priusquam
1705 4054 1763 4094 se

203 4134 384 4191 fratres
415 4134 718 4192 levaverint
747 4135 815 4188 de
853 4133 1070 4197 formis,
1098 4141 1152 4187 et
1179 4131 1400 4187 collecta
1424 4131 1665 4200 dicatur.
1695 4129 1764 4183 Et.

202 4225 376 4281 horum
409 4225 740 4296 psalmorum
789 4223 915 4292 quia
946 4222 1114 4276 semel
1147 4221 1387 4283 memini,
1421 4232 1479 4272 ut
1509 4234 1614 4272 non
1659 4217 1762 4272 dif-

1945 1761 1997 1817 in
2021 1775 2287 1819 conventu
2314 1764 2510 1820 dicatis
2532 1774 2730 1834 prteter
2756 1764 3030 1832 regulares
3052 1764 3237 1818 horas.

1937 1850 2244 1924 Responsio.
2287 1854 2414 1912 Harc
2442 1856 2697 1910 nimirum
2729 1855 2994 1923 prolixior
3019 1865 3073 1911 et
3101 1857 3449 1926 multiplicior

1865 1953 1951 2000 est
1982 1946 2032 2000 in
2061 1946 2487 2014 Quadragesima
2513 1962 2674 2016 quam
2718 1948 2772 2000 in
2806 1946 2911 2002 alio
2951 1955 3229 2017 tempore;
3260 1958 3314 2002 et
3345 1949 3448 2003 hoc

1867 2041 2011 2109 quod
2059 2054 2201 2094 nunc
2232 2041 2475 2095 dicturus
2501 2053 2642 2104 sum,
2675 2039 2852 2094 diram
2884 2039 3118 2093 maxime
3149 2040 3446 2096 secundum

1869 2133 2013 2188 hunc
2054 2132 2304 2187 ordinem
2377 2131 2469 2199 qui
2517 2138 2728 2185 tenetur
2755 2131 2809 2184 in
2852 2131 2968 2200 ipsa
3003 2131 3446 2202 Quadragesima.

1866 2223 1924 2279 in
1957 2220 2112 2290 cuius
2139 2221 2391 2276 omnibus
2434 2220 2660 2291 privatis
2706 2221 2955 2276 noctibus
2995 2229 3292 2276 nocturnos
3323 2236 3447 2275 cum

1865 2327 1930 2367 ea
1965 2309 2263 2382 psalmodia
2297 2309 2662 2379 praevenimus
2696 2309 2761 2364 de
2787 2308 2995 2376 psalmo
3036 2308 3137 2363 119
3183 2324 3352 2378 usque
3380 2310 3448 2364 ad

1864 2401 2028 2456 ﬁnem
2080 2399 2354 2454 Psalterii.
2407 2399 2534 2453 Post
2581 2408 2812 2468 quatuor
2871 2398 3135 2468 psalmos,
3191 2399 3284 2465 qui
3344 2414 3446 2453 no-

1864 2504 2110 2559 cturnos,
2155 2502 2214 2548 tit
2261 2492 2511 2564 superius
2552 2494 2756 2548 dictum
2799 2501 2906 2560 est,
2960 2493 3066 2549 rite
3111 2502 3442 2564 sequuntur,

1865 2588 2099 2657 gerenda
2129 2594 2212 2642 est
2255 2585 2532 2656 processio
2562 2585 2629 2639 ad
2659 2585 2946 2640 ecclesiam
2981 2584 3194 2642 Sanctae
3240 2585 3444 2641 Mariae.

1869 2675 1948 2730 De
1993 2691 2101 2746 qua
2132 2675 2276 2730 inter
2319 2674 2719 2745 procedendum
2756 2674 2948 2745 psalmi
2998 2675 3104 2731 duo
3135 2685 3447 2742 cantantur,

1864 2767 1918 2823 id
1956 2777 2042 2824 est
2090 2767 2160 2824 84
2197 2775 2251 2822 et
2285 2766 2385 2833 86,
2433 2781 2542 2822 una
2586 2777 2846 2837 sequente
2883 2767 3180 2838 antiphona
3232 2777 3288 2823 et
3328 2769 3442 2823 col-

1863 2859 2028 2916 lecta.
2066 2861 2313 2931 Aguntur
2345 2860 2624 2915 matutina:
2654 2860 2719 2914 de
2741 2860 3007 2916 Omnibus
3035 2862 3273 2916 Sanctis.
3307 2860 3443 2917 ltem

1866 2953 2148 3008 matutina:
2191 2967 2288 3022 pro
2333 2951 2582 3006 fidelibus
2621 2951 2913 3006 defunctis.
2956 2949 3344 3006 Consideretur
3381 2951 3452 3006 ab

1866 3045 2115 3099 omnibus
2150 3043 2556 3113 utgdecantetur
2581 3041 2882 3112 psalmodia
2924 3040 3013 3094 illa
3034 3040 3199 3108 Dens,
3231 3040 3450 3114 auribus

1865 3141 2086 3201 nostris;
2117 3137 2184 3191 ad
2215 3152 2376 3207 quam
2425 3137 2624 3206 pendet
2671 3135 2914 3206 psalmus
2953 3134 3042 3200 78,
3086 3134 3177 3189 95.
3225 3133 3450 3189 Cantica

1863 3227 2172 3298 quindecim
2232 3226 2495 3298 graduum
2544 3235 2598 3279 et
2651 3233 2774 3295 post
2832 3224 3448 3291 Dominicamﬂratio-

1864 3335 2012 3385 nem,
2059 3327 2113 3373 et
2156 3329 2283 3373 ante
2319 3317 2580 3372 collectas
2627 3324 2932 3380 secuturas,
2980 3316 3222 3386 psalmus
3269 3315 3360 3381 89,
3393 3322 3450 3369 et

1865 3427 1966 3483 pro
2010 3411 2259 3465 fidelibus
2309 3406 2596 3471 defunctis,
2628 3407 2718 3460 22.
2769 3400 2824 3460 Si
2853 3404 3029 3475 (Citius
3059 3405 3245 3460 fratris
3276 3420 3449 3474 nuper

1865 3499 2103 3558 defuncti
2139 3497 2447 3553 tricesimus
2496 3497 2691 3566 agitur,
2726 3511 2826 3564 pro
2880 3495 2971 3550 illo
3017 3494 3212 3566 psalmi
3258 3495 3448 3549 dicun-

1868 3601 1974 3653 tur,
2003 3590 2059 3653 5,
2089 3589 2297 3655 6,114,
2345 3588 2468 3654 115,
2517 3587 2641 3652 19.9,
2692 3586 2819 3652 141,
2866 3585 2990 3639 142.
3041 3585 3320 3639 Invenitur
3350 3601 3446 3639 au-

1865 3691 1973 3737 tem
2021 3681 2073 3735 in
2123 3680 2306 3751 regula
2353 3679 2496 3748 quod
2543 3686 2770 3733 sanctus
2819 3675 3145 3736 Benedictus
3200 3677 3449 3747 praecipit

1863 3779 1925 3825 ut
1951 3771 2004 3824 in
2033 3757 2498 3840 Quadragesimali
2543 3767 2672 3838 quid
2704 3766 2936 3822 addatur
2965 3767 3031 3822 ad
3075 3781 3302 3837 pensum
3350 3781 3444 3820 so-

1864 3862 1975 3918 lita:
2019 3861 2329 3928 servitutis;
2363 3862 2505 3931 quod
2543 3875 2644 3916 nec
2673 3859 3046 3916 dissimulatur
3073 3875 3104 3914 a
3130 3860 3327 3915 'nobis.
3366 3859 3448 3914 Ad

1863 3951 2162 4006 matutinas
2217 3959 2273 4006 et
2319 3965 2576 4020 vesperas
2631 3959 2750 4021 post
2809 3943 3069 4022 suffragia
3113 3960 3446 4012 sanctormn,

1864 4045 1932 4101 ad
1961 4047 2122 4100 horas
2167 4054 2348 4100 autem
2397 4046 2632 4116 reliquas
2662 4055 2784 4116 post
2820 4057 3053 4117 quatuor
3076 4048 3317 4114 psalmos
3344 4047 3445 4102 ho-

1865 4154 2074 4204 rarum,
2104 4146 2165 4192 nt
2192 4139 2267 4192 ita
2298 4137 2496 4204 dicam,
2527 4137 2899 4206 appendicios,
2933 4145 3046 4191 toto
3071 4151 3300 4202 corpore
3323 4152 3448 4204 pro-

1864 4230 2180 4297 sternimur,
2226 4237 2288 4283 ut
2331 4229 2464 4283 duos
2502 4230 2742 4298 psalmos
2792 4227 3070 4291 dicamus,
3100 4235 3338 4297 primum
3380 4232 3448 4283 t’e

205 4313 352 4371 ieram
383 4331 602 4386 quoque
644 4329 741 4370 eos
767 4315 1085 4368 nominatim
1117 4312 1420 4379 designare,
1458 4309 1633 4379 primo
1666 4323 1760 4373 no-

1867 4329 2069 4390 scptem
2111 4318 2576 4390 poenitentialibus
2619 4317 2869 4388 psalmis,
2901 4317 3131 4372 alterum
3168 4317 3236 4371 de
3265 4318 3439 4372 canti-

206 4415 525 4472 cturnorum,
557 4416 619 4462 ut
642 4407 716 4460 ita
749 4406 945 4470 dicam,
978 4404 1334 4474 pedissequus
1361 4409 1444 4454 est
1469 4401 1675 4470 primus
1697 4399 1763 4454 de

207 4512 390 4570 septem
420 4497 887 4570 pmnitentialibus
931 4494 1174 4566 psalmis,
1219 4502 1274 4548 et
1317 4493 1392 4546 ita
1437 4492 1618 4546 caeteri
1661 4505 1763 4562 pro

207 4594 376 4647 ordine
411 4606 510 4647 suo
540 4591 722 4658 divisi,
748 4589 943 4661 singuli
971 4587 1198 4659 singulis
1225 4586 1374 4641 horis
1403 4584 1759 4655 applicantur,

209 4684 496 4752 praeter'ad
537 4685 753 4739 tertiam
783 4679 1286 4752 quinquagesimus,
1331 4677 1464 4732 alias
1495 4677 1628 4731 adeo
1657 4675 1765 4732 fre-

211 4785 514 4844 quentatus,
564 4774 1013 4844 quinquagesimo
1067 4780 1220 4827 sexto
1277 4778 1538 4825 mutatur.
1578 4767 1634 4822 In
1681 4783 1766 4824 se-

213 4871 366 4925 cundo
407 4869 526 4925 loco
564 4869 855 4940 apponitur
898 4867 1142 4938 psalmos
1173 4863 1258 4929 19,
1299 4864 1388 4930 85,
1416 4862 1508 4928 29.,
1554 4861 1639 4927 12,
1669 4861 1764 4928 66,

214 4960 397 5029 Ἱ8,.85,
429 4964 508 5019 sic
547 4974 729 5018 autem
757 4963 986 5032 geminis
1017 4959 1337 5032 prmmissis.
1365 4959 1422 5016 ln
1454 4958 1614 5014 tertio
1646 4958 1765 5014 loco

215 5055 427 5120 psalmus
478 5053 545 5108 69
584 5061 708 5124 post
747 5067 934 5109 omnes
980 5053 1150 5108 horas
1192 5063 1410 5121 semper
1461 5048 1763 5116 concurrit,

216 5155 259 5199 et
293 5161 387 5217 pro
436 5145 678 5202 fidelibus
730 5143 999 5202 defunctis
1040 5141 1169 5207 141,
1211 5157 1373 5211 quem
1419 5145 1599 5199 adhuc
1645 5152 1769 5210 post

219 5241 422 5306 primam
490 5240 558 5295 50
623 5237 935 5309 subiunctus
996 5235 1268 5293 antecedit
1323 5253 1424 5310 pro
1480 5235 1768 5294 abbatibus

1088 5345 1256 5354 Α--ιιισμι
1290 5345 1338 5354 ἑ-

1865 4411 1944 4465 cis
1991 4409 2300 4479 quindecim
2350 4407 2634 4479 graduum.
2677 4409 2876 4464 Verum
2912 4409 2979 4463 ad
3022 4422 3278 4477 vesperas
3308 4423 3444 4478 qua-

1870 4511 1991 4558 tuor
2040 4501 2400 4556 continuatim
2439 4501 2716 4569 dicuntur,
2767 4504 2898 4573 quia
2943 4517 3050 4557 non
3094 4510 3178 4558 est
3221 4517 3449 4559 consue-

1866 4595 1997 4650 tudo
2013 4603 2117 4661 ,‘ut
2164 4601 2287 4662 post
2329 4593 2745 4664 completorium
2783 4594 2924 4650 ullus
2951 4608 3190 4664 unquam
3229 4594 3365 4666 psal.
3390 4595 3443 4650 in

1863 4697 2052 4758 aperto
2089 4686 2323 4751 dicatur,
2343 4685 2463 4758 .nisi
2493 4687 2584 4755 qui
2615 4685 2853 4755 psalmos
2877 4687 3112 4753 noverit,
3140 4687 3266 4742 dum
3293 4687 3448 4758 pueri

1865 4777 2072 4832 faciunt
2117 4774 2420 4830 orationem
2465 4773 2568 4828 sub
2615 4773 2878 4840 silentio,
2928 4784 2984 4830 et
3028 4775 3162 4832 dicit
3212 4775 3450 4846 psalmos

1866 4876 1964 4940 12,
2009 4875 2100 4942 42,
2128 4872 2220 4938 66,
2278 4872 2383 4927 126
2440 4871 2564 4945 129.
2614 4870 2820 4927 Textus
2873 4871 3019 4938 fidei,
3067 4872 3275 4928 scilicet
3317 4871 3450 4938 Qni-

1865 4985 2067 5040 eunque
2099 4981 2129 5021 a
2167 4965 2226 5020 S.
2266 4963 2563 5020 Athanasio
2591 4963 2939 5036 conscriptus
2971 4963 3147 5034 (cuius
3179 4962 3450 5019 nonnulla:

1865 5058 2110 5118 ecclesiae
2135 5070 2235 5111 nec
2259 5055 2660 5118 meminerunt,
2708 5053 2818 5112 nisi
2867 5056 2923 5112 in
2967 5055 3085 5110 sola
3125 5054 3445 5126 Dominica),

1866 5149 2014 5208 nullo
2044 5148 2132 5203 die
2172 5144 2498 5209 obmittitur,
2541 5153 2602 5198 ut
2644 5159 2751 5200 non
2799 5147 3017 5203 dicatur
3063 5161 3094 5201 a
3137 5145 3324 5211 nobis;
3354 5145 3451 5200 sed

1867 5243 1922 5298 in
1948 5236 2179 5312 privatis
2210 5234 2402 5292 diebus
2448 5233 2609 5290 simul
2657 5249 2782 5290 cum
2831 5237 2951 5292 aliis
2979 5234 3224 5304 psalmis,
3252 5233 3305 5289 in
3346 5233 3451 5288 Do-

2039 5347 2062 5354 ιι
2097 5335 2216 5354 “an.
2264 5339 2453 5354 n-nnnn
2507 5325 2636 5354 Dnﬂ.
2680 5326 2918 5354 ηαξ-λιιι...
2980 5335 3181 5354 ““Αι.Λη
3215 5323 3448 5354 nnn‘mna
