4030 5354
519 175 627 265 et?
697 227 700 232 -

1547 195 1863 268 UDALRICI
1900 213 2399 272 CLUNIACENSIS
2438 217 2742 274 MONACIII
2782 193 2784 195 i

3666 229 3786 287 διε

527 332 839 382 secuturas.
889 322 1082 390 psalmi
1136 333 1370 392 quatuor
1421 323 1847 392 interseruntur,
1903 327 1954 380 id
2016 336 2100 380 est
2129 335 2173 389 Λ
2205 330 2258 382 in
2287 329 2392 382 alio
2421 330 2661 399 quolibet
2686 332 2772 385 die
2803 331 3014 401 privato
3050 341 3103 388 el.
3133 336 3578 408 quadragesimali
3612 355 3786 411 repe-

493 413 616 477 '69,
651 411 775 476 I20,
823 409 944 475 I22,
993 421 1044 466 et
1088 427 1188 481 pro
1237 411 1485 467 ﬁdelibus
1529 413 1794 469 defunctis
1835 415 1925 470 4‘2.
1963 414 2131 471 Post-
2189 423 2405 484 “tentus;
2453 435 2758 490 quanquam
2790 422 2858 476 ad
2888 423 3051 479 horas
3096 441 3201 479 non
3245 425 3380 481 alias
3421 409 3784 499 antiphorias,

520 502 812 572 capitulum
855 517 954 572 pro
996 502 1285 576 defunctis,
1331 517 1561 572 quorum
1595 504 1994 560 anniversarius
2038 507 2089 562 in

519 595 635 663 ipso
658 593 896 664 capitulo
941 602 1022 648 est
1063 594 1340 658 recitatos,
1368 594 1530 648 iidem
1570 593 1762 664 psalmi
1809 595 2088 664 dicuntur,

519 687 610 755 qui
643 694 699 741 et
744 699 842 754 pro
893 684 1113 754 triginta
1149 684 1226 755 (I)
1271 682 1641 754 cujuscunque
1684 683 1923 740 defuncti
1963 696 2090 741 sunt

516 778 752 842 dicendi,
779 788 1005 849 excepto
1032 778 1156 842 Ill,
1181 778 1271 848 qui
1297 793 1358 833 ea
1384 778 1501 834 vice
1523 779 1590 833 de
1614 779 1790 833 medio
1813 771 2084 834 aufertur.

513 873 644 928 Post
666 887 920 941 vesperas
948 871 1246 942 regulares,
1277 880 1476 943 etpost
1503 870 1741 942 psalmos
1777 872 1868 943 qui
1903 874 2087 927 dicun-

515 973 603 1019 tur
631 977 661 1018 a
703 963 1016 1034 prostratis,
1047 964 1225 1034 agitur
1260 964 1453 1018 iterum
1485 966 1762 1036 processio
1806 965 1872 1019 ad
1902 965 2081 1020 eccle-

512 1055 648 1110 siam
691 1052 910 1110 Sanctae
959 1052 1140 1108 Maria:
1190 1069 1314 1108 cum
1363 1053 1533 1124 ipsius
1578 1068 1791 1124 quoque
1843 1056 2080 1110 cantico.

511 1147 579 1203 Ut
612 1146 752 1202 sicut
795 1145 1070 1210 matutini,
1120 1155 1355 1216 aguntur
1389 1146 1552 1201 etiam
1582 1158 1822 1216 vesperae
1850 1145 1916 1200 de
1955 1146 2082 1202 Om-

508 1237 668 1292 nibus
714 1235 948 1296 Sanctis,
982 1243 1036 1290 et
1063 1250 1161 1305 pro
1202 1235 1450 1291 ﬁdelibus
1487 1235 1777 1292 defunctis.
1808 1235 1938 1292 Post
1970 1252 2080 1292 cm-

508 1343 636 1382 nam
680 1340 802 1383 cum
849 1327 1057 1398 psalmo
1097 1327 1193 1394 50,
1240 1327 1293 1380 in
1333 1327 1620 1383 ecclesiam
1668 1329 1892 1393 reditur,
1941 1327 2079 1384 sicut

507 1421 671 1476 etiam
701 1428 824 1489 post
871 1419 1155 1490 prandium
1201 1433 1442 1489 semper;
1495 1419 1849 1475 servitoribus
1896 1430 2078 1476 autem

506 1511 830 1582 exspectatis
858 1525 1030 1581 usque
1059 1510 1185 1564 dum
1227 1519 1282 1566 et
1311 1511 1412 1581 ipsi
1441 1510 1777 1565 surrexerint
1804 1525 1833 1563 a
1863 1525 2074 1577 mensa,

506 1603 686 1675 agitur
713 1601 969 1667 ofﬁcium,
999 1601 1082 1655 vel
1111 1601 1250 1670 quod
1285 1615 1315 1655 a
1348 1600 1678 1655 nostratibus
1708 1599 1886 1671 vigilia
1914 1601 2076 1669 vulgo

2193 525 2405 574 versus,
2438 519 2493 564 et
2528 511 2805 578 collectas,
2837 527 2999 582 quam
3029 513 3097 568 de
3128 516 3242 586 ipsa
3292 516 3584 573 festivitate
3623 521 3785 575 dica-

2182 591 2335 652 'mus.
2386 599 2649 654 Remanet
2701 614 2915 671 quoque
2963 613 3154 658 rursus
3199 601 3458 673 oﬂlcium,
3515 621 3612 676 pro
3661 621 3783 678 quo

2190 690 2334 758 quod
2376 705 2513 761 pene
2541 691 2738 746 oblitus
2776 707 2917 758 sum,
2949 703 3072 763 post
3100 695 3339 764 singulas
3382 695 3544 752 horas
3571 697 3780 767 psalmi

2189 779 2314 843 119,
2345 780 2414 835 69
2458 789 2512 835 et
2547 781 2670 846 141,
2708 783 2917 837 medius
2946 793 3030 838 est
3067 784 3330 840 incertus.
3365 783 3500 840 Nam
3533 787 3778 856 majores

2185 871 2382 936 nostri,
2412 885 2478 927 eo
2509 879 2751 941 tempore
2802 887 2910 942 quo
2940 873 2993 928 in
3026 883 3185 930 nocte
3217 890 3322 930 non
3361 878 3651 946 gerebatur
3678 878 3774 932 of-

2185 959 2366 1015 ﬁcium
2417 963 2557 1018 sicut
2592 964 2796 1032 geritur
2846 963 2901 1018 in
2951 964 3163 1030 hieme,
3210 965 3388 1034 ipsum
3435 965 3670 1021 oﬂicium
3711 969 3772 1020 in

2182 1048 2374 1105 diebus
2402 1050 2716 1117 Dominicis,
2745 1061 2800 1108 et
2825 1052 2880 1106 in
2906 1051 3028 1108 aliis
3057 1053 3254 1123 quibus
3274 1055 3773 1110 duodecimlectiod

2182 1154 2279 1195 nes
2319 1141 2540 1206 ﬁebant,
2579 1157 2685 1196 non
2721 1143 3022 1198 omiserunt
3051 1158 3210 1212 agere
3241 1153 3362 1214 post
3401 1144 3664 1214 (Sanam;
3697 1159 3774 1199 ne

2181 1245 2281 1300 pro
2327 1245 2432 1284 una
2479 1232 2565 1287 die
2593 1231 2819 1286 solemni
2858 1233 2962 1288 duo
2991 1232 3161 1288 ofﬁcia
3201 1242 3563 1288 remanerent.
3606 1234 3772 1301 Quod

2181 1336 2410 1377 cernens
2461 1332 2682 1379 sanctus
2731 1324 2955 1394 Maiolus
2990 1326 3280 1395 aliquando
3326 1326 3585 1380 fratribus
3636 1339 3771 1380 esse

2179 1413 2414 1469 maxime
2446 1413 2501 1469 in
2544 1415 2637 1469 tali
2669 1414 2757 1470 die
2785 1431 3224 1488 onerosum,-pro
3258 1417 3378 1487 ipso
3415 1415 3591 1473 ollicio
3621 1431 3767 1470 con-

2177 1503 2354 1558 stituit
2381 1514 2438 1558 ut
2467 1513 2589 1574 post
2624 1506 2866 1575 singulas
2893 1508 3058 1564 horas
3091 1510 3197 1563 duo
3222 1507 3416 1578 psalmi
3440 1507 3767 1563 dicerentur

2179 1597 2280 1653 tta
2309 1606 2364 1653 et
2393 1600 2513 1654 tu.
2549 1599 2656 1657 Sed
2685 1610 2744 1657 ut
2774 1602 2840 1658 de
2878 1603 3174 1674 psalmodia
3207 1604 3296 1658 hic
3325 1603 3465 1674 quod
3492 1586 3762 1674 proposui

505 1666 823 1764 appellatur,
865 1692 1006 1762 quod
1036 1666 1346 1762 aliquando,
1379 1705 1501 1745 cum
1537 1690 1671 1747 tanti
1698 1666 1935 1746 defuncti
1967 1666 2073 1745 non
2105 1666 2150 1726 Β
2179 1693 2395 1746 tandem
2419 1693 2765 1760 concludam;
2799 1694 2852 1749 in
2880 1666 3072 1750 diebus
3117 1666 3423 1760 dominicis,
3454 1666 3510 1749 et
3539 1666 3610 1748 in-
3629 1693 3761 1748 aliis

501 1785 851 1852 haberentur,
912 1784 1027 1839 ﬁeri
1075 1784 1284 1838 solebat
1325 1798 1445 1837 cum
1501 1793 1707 1839 tantum
1754 1782 2076 1839 lectionibus

501 1875 674 1930 tribus
713 1881 768 1929 et
799 1873 1179 1943 responsoriis,
1215 1872 1319 1928 nisi
1350 1871 1578 1944 alicujus
1606 1872 1792 1927 fratris
1823 1869 2077 1926 anniver-

499 1967 647 2021 sario
681 1965 1113 2036 superveniente.
1145 1965 1298 2020 Nune
1320 1975 1501 2021 autem
1531 1981 1653 2020 cum
1681 1965 1824 2020 nulla
1853 1964 1924 2020 sit
1957 1965 2072 2021 dies

496 2058 586 2128 qui
632 2056 716 2111 vel
762 2055 944 2110 multis
973 2065 1157 2110 careat
1187 2055 1475 2120 defunctis,
1523 2057 1694 2126 ipsum
1739 2070 1952 2126 quoque
1985 2057 2071 2110 of-

496 2147 678 2202 ﬁcium
709 2159 983 2216 nunquam
1013 2146 1191 2216 agitur
1228 2146 1402 2208 modo,
1435 2145 1536 2200 nisi
1579 2159 1700 2201 eum
1742 2160 1932 2200 novem
1958 2144 2069 2199 leca-

495 2237 757 2302 tionibus,
806 2245 862 2290 et
910 2235 1270 2304 responsoriis
1315 2243 1371 2289 et
1401 2234 1680 2306 :collcctis,
1723 2249 1843 2304 qute
1894 2235 2068 2304 ipsum

500 2329 733 2384 ofﬁcium
783 2339 1113 2398 sequuntur;
1165 2330 1270 2384 duo
1317 2331 1504 2401 psalmi
1552 2331 1876 2385 antecedunt
1922 2331 2069 2385 scili-

492 2429 580 2476 cet
607 2419 728 2486 ll9,
774 2419 831 2486 5,
863 2421 1003 2474 sicut
1036 2421 1198 2475 etiam
1249 2420 1314 2474 ad
1346 2436 1600 2491 vesperas
1649 2419 1775 2486 145,
1821 2420 1944 2475 125.
1984 2421 2066 2476 Ad

495 2509 811 2576 matutinas,
844 2508 918 2562 De
954 2509 1254 2579 profundis,
1283 2517 1336 2565 et
1368 2509 1665 2580 Usquequo.
1699 2511 1862 2580 Ergo,
1890 2522 2063 2580 qnan-

493 2610 607 2655 tum
638 2598 838 2666 recolo,
861 2599 1173 2670 psalmodiae
1197 2615 1304 2655 non
1331 2608 1414 2656 est
1440 2599 1669 2671 amplius
1697 2615 1858 2672 quam
1887 2603 1940 2656 in
1963 2617 2064 2658 usu

417 2685 426 2690 ’
495 2692 811 2746 habeamus.

1102 2778 1328 2835 CAPUT
1367 2777 1454 2834 IV.

599 2871 675 2929 De
710 2890 793 2941 eo,
821 2871 1006 2944 quibus
1035 2889 1098 2947 ρῳ
1124 2874 1319 2947 causis,
1351 2884 1396 2947 et
1425 2875 1683 2944 quomodo
1711 2893 1802 2947 per
1825 2877 1957 2934 vices

965 2944 1258 3012 psalmodia
1293 2945 1579 2998 minuatur.

541 3050 824 3112 Caeterum
860 3052 924 3108 de
968 3053 1084 3124 ejus
1129 3068 1341 3108 summa
1387 3054 1632 3123 decedit,
1678 3074 1821 3115 nunc
1850 3076 1948 3132 pro
1994 3080 2060 3121 eo

489 3146 630 3218 quod
677 3143 1102 3213 Quadragcsima
1145 3152 1228 3198 est
1262 3152 1563 3212 transacta,
1602 3152 1832 3206 nuncin
1873 3163 2061 3212 aestate

495 3255 592 3310 pro
636 3236 872 3292 noctium
923 3235 1217 3302 brevitate,
1250 3250 1393 3292 nunc
1438 3252 1538 3307 pro
1582 3240 1772 3298 diebus
1814 3245 2060 3316 psalcha-

488 3331 628 3385 libus
663 3335 718 3383 et
745 3326 975 3392 octavis,
1000 3336 1002 3338 '
1023 3340 1168 3380 nunc
1210 3340 1309 3397 pro
1342 3343 1407 3383 eo
1437 3329 1580 3399 quod
1606 3332 1888 3392 duodecim
1925 3337 2061 3394 ﬁunt

484 3420 766 3475 lectiones.
818 3418 1002 3472 Primo
1045 3432 1282 3486 namque
1333 3407 1554 3476 illi'duo
1605 3424 1842 3493 psalmi,
1886 3427 1977 3498 qui
2027 3445 2056 3485 a

483 3510 771 3581 prostratis
831 3509 1104 3572 dicuntur,
1166 3525 1440 3580 nunquam
1506 3513 1762 3570 dicuntur
1841 3519 1946 3574 nisi
2005 3522 2058 3576 in

483 3599 937 3669 Quadragesima;
989 3615 1017 3651 a
1063 3598 1230 3652 Coena
1275 3615 1489 3670 quoque
1525 3602 1734 3660 Domini
1772 3623 1940 3678 usque
1989 3614 2057 3667 ad

480 3687 746 3741 Kalendas
787 3685 1144 3752 Novembris,
1210 3689 1295 3742 vel
1347 3691 1558 3758 quoties
1604 3695 1658 3748 in
1709 3698 1822 3764 ipsa
1878 3700 2057 3757 hieme

479 3785 604 3838 ullae
651 3783 993 3838 celebrantur
1033 3792 1279 3839 octavas:
1332 3797 1459 3843 ante
1508 3802 1804 3850 nocturnos
1837 3813 1941 3852 non
1972 3799 2055 3855 di-

481 3882 678 3928 cuntur
716 3872 820 3956 nisi
859 3872 970 3926 sola
1008 3874 1219 3928 cantica
1250 3877 1556 3943 quindecim
1603 3886 1888 3953 graduum.
1922 3889 2054 3947 Item

481 3977 586 4016 non
621 3960 792 4017 solum
833 3962 886 4015 in
925 3961 1208 4018 duodecim
1258 3965 1607 4039 lectionibus,
1645 3975 1741 4029 sed
1769 3977 1950 4045 (etiam
1998 3981 2055 4036 in

478 4052 730 4108 omnibus
772 4051 978 4107 octavis
1023 4054 1319 4125 diebusque
1357 4062 1706 4129 paschalibus
1739 4068 1903 4124 horas
1934 4073 2045 4127 sine

475 4143 626 4215 gulas
654 4159 759 4199 non
791 4153 1112 4214 sequuntur,
1145 4147 1245 4202 nisi
1278 4148 1330 4203 hi
1374 4151 1479 4206 duo
1514 4154 1705 4223 psalmi
1752 4159 1820 4215 69
1846 4171 1902 4216 et
1923 4162 2047 4219 161.

474 4231 531 4287 1η
561 4233 674 4303 ipsa
705 4241 885 4288 autem
915 4232 1359 4307 Quadragesima,
1391 4240 1436 4295 si
1480 4257 1584 4311 qua
1632 4250 1875 4304 evenerit
1901 4250 2052 4308 festi-

475 4325 614 4378 vitas
650 4323 934 4377 duodecim
981 4323 1303 4382 lectionibus
1349 4336 1575 4400 agenda,
1626 4350 1904 4396 remaneat
1935 4343 2048 4414 ipsa
2078 4333 2128 4394 D

473 4415 773 4486 psalmodia
803 4430 923 4484 quae
962 4416 1013 4470 in
1047 4418 1234 4474 diebus
1265 4423 1559 4491 prtedictis,
1597 4436 1653 4483 et
1684 4430 1906 4502 insuper
1935 4434 2050 4490 otii-

477 4506 620 4560 cium
645 4521 744 4575 pro
773 4506 1070 4572 defunctis;
1096 4523 1194 4576 pro
1223 4511 1416 4578 quibus
1449 4522 1626 4573 tamen
1654 4529 1710 4576 et
1736 4537 1973 4594 vesperae
1993 4535 2050 4583 et

452 4596 528 4652 lu
575 4605 736 4651 nocte
779 4599 1063 4691 matutinae
1094 4599 1353 4658 lectiones
1389 4605 1661 4664 dicuntur.
1705 4613 1797 4670 llla
1833 4596 2048 4691 quoque

472 4687 792 4758 psalmodia,
824 4687 984 4754 Deus,
1019 4691 1256 4759 auribus,
1293 4709 1400 4748 non
1445 4699 1736 4770 omittitur;
1781 4723 1880 4764 nec
1922 4687 2045 4780 post

471 4776 700 4845 primam
729 4786 934 4846 septem
969 4781 1366 4847 pcenitentiales
1406 4788 1596 4856 psalmi
1623 4793 1782 4849 simul
1811 4776 1936 4854 cum
1961 4803 2042 4858 le-

471 4867 645 4933 tania;
677 4877 732 4922 et
767 4877 942 4923 tamen
987 4883 1204 4940 propter
1241 4875 1716 4948 Quadragesimam
1757 4887 1854 4958 ipsi
1894 4894 2042 4961 psal-

470 4958 543 5013 mi
595 4960 686 5028 qui
737 4972 1139 5029 remanserunt,
1189 4980 1315 5034 post
1363 4971 1655 5038 capitulum
1702 4958 2040 5051 supplentur,

469 5057 522 5102 et
554 5065 652 5119 pro
691 5050 771 5103 eis
833 5065 862 5102 a
887 5052 1063 5120 capite
1092 5052 1360 5126 Psalterii,
1390 5058 1569 5117 Gloria
1598 5065 1752 5123 Patri
1779 5084 1901 5141 post
1932 5050 2041 5132 ter;

471 5140 599 5192 tiam
648 5140 1001 5212 interposito,
1051 5147 1271 5219 triginta
1318 5154 1513 5221 psalmi
1558 5140 1864 5221 cantantur.
1914 5167 2043 5226 Post

469 5231 683 5284 tertiam
719 5248 871 5299 vero,
901 5250 1022 5290 cum
1069 5241 1250 5294 statim
1300 5247 1464 5302 missa
1491 5248 1558 5307 de
1588 5252 1702 5324 ipsa
1743 5257 2038 5320 festivitate

467 5332 729 5354 ρηηηηιιιη
786 5325 851 5354 ...1
881 5336 1086 5354 πει-ιη...
1148 5341 1194 5354 Α.
1233 5333 1287 5354 .l-
1347 5352 1350 5354 .

2087 2993 2136 3060 ϐ

2177 1789 2332 1836 extra
2377 1781 2859 1853 Quadragesimam
2903 1784 3291 1839 festivitatibus
3338 1783 3621 1839 duodecim
3675 1784 3759 1838 Ie-

2175 1874 2414 1929 ctionum
2462 1875 2709 1944 agendis,
2755 1875 2823 1930 de
2866 1883 3014 1931 tanta
3059 1876 3389 1945 psalmorum
3433 1875 3759 1930 diversitate

2173 1960 2309 2016 nihil
2338 1970 2421 2016 est
2452 1962 2682 2031 amplius
2701 1965 2866 2034 :quod
2912 1965 3145 2029 dicatur,
3191 1974 3391 2034 praeter
3431 1965 3754 2034 quindecim

2173 2052 2378 2106 cantica
2418 2052 2679 2122 graduum
2702 2093 2718 2121 ,
2770 2054 3047 2109 matutina:
3076 2055 3285 2120 laudes,
3319 2064 3372 2109 et
3401 2068 3641 2124 vesperae
3677 2055 3751 2108 de

2171 2141 2434 2199 Omnibus
2479 2144 2716 2210 Sanctis,
2750 2145 2825 2200 illi
2861 2147 3054 2216 psalmi
3081 2162 3179 2218 pro
3209 2147 3502 2203 tricenario
3545 2155 3600 2201 et
3644 2161 3752 2202 an-

2170 2232 2470 2288 niversario
2535 2231 2764 2288 fratrum
2810 2235 2956 2306 [post
3025 2237 3325 2307 quamlibet
3390 2237 3576 2291 horam
3637 2239 3752 2291 duo

2169 2321 2391 2392 psalmi;
2439 2330 2495 2377 et
2547 2323 2594 2378 si
2640 2324 2830 2380 tertius
2879 2327 3166 2395 apponitur
3212 2327 3401 2382 eadem
3449 2327 3516 2382 de
3554 2341 3752 2395 causa,

2169 2428 2290 2482 quae
2319 2414 2600 2484 prtemissa
2631 2424 2736 2480 est,
2783 2424 2990 2471 tantum
3022 2419 3074 2471 in
3122 2425 3347 2472 testate:
3381 2433 3504 2471 nam
3557 2435 3586 2471 a
3634 2419 3750 2472 Ka-

2167 2503 2342 2558 lendis
2392 2503 2711 2559 Novembris
2740 2520 2909 2575 usque
2944 2507 3010 2560 ad
3037 2505 3496 2578 Septuagesimam
3530 2510 3632 2563 rite
3658 2509 3750 2564 ofe-

2168 2595 2349 2649 ﬁcium
2394 2593 2773 2650 defunctorum
2829 2612 2935 2651 non
2986 2598 3166 2668 agitur
3217 2599 3321 2653 nisi
3372 2599 3426 2653 in
3466 2609 3642 2664 nocte,
3692 2601 3753 2655 et

2165 2681 2255 2738 illa
2285 2698 2391 2738 nox
2440 2683 2579 2750 sola,
2613 2697 2734 2755 qua:
2779 2685 2848 2741 ad
2884 2685 3218 2742 Dominicam
3264 2689 3521 2757 pertinet,
3567 2688 3750 2745 oﬁicio

2165 2787 2226 2828 ca
2234 2787 2290 2827 τε
2296 2780 2336 2829 ι.

2785 2861 3010 2921 CAPUT
3056 2859 3122 2921 ν.

2167 2949 2241 3009 De
2287 2951 2514 3010 collectis
2537 2963 2586 3010 et
2616 2956 2884 3010 versiculis
2914 2974 3031 3027 qua:
3059 2957 3403 3026 psalmodiam
3430 2970 3719 3015 seauuntur

2645 3035 2692 3079 et
2711 3028 3002 3096 quantitate
3029 3027 3260 3083 letaniaz.

2229 3114 2603 3186 Interrogatio.
2645 3115 2815 3187 Igitur
2864 3117 3036 3173 libens
3072 3119 3254 3184 audio,
3287 3127 3348 3173 ut
3393 3135 3556 3188 supra
3589 3121 3741 3189 psaI-

2160 3206 2420 3271 mediam,
2453 3207 2527 3261 ita
2575 3222 2720 3262 nunc
2749 3222 2964 3277 quoque
3001 3223 3097 3278 per
3142 3209 3387 3265 ordinem
3433 3212 3744 3268 innotueris

2156 3303 2213 3351 et
2255 3296 2534 3362 collectas,
2579 3306 2636 3351 et
2676 3297 2977 3352 versiculos
3022 3297 3278 3355 collectas
3319 3302 3738 3370 praevenientes,

2157 3387 2274 3443 sine
2323 3387 2519 3456 quibus
2573 3395 2724 3441 tanta
2776 3387 3076 3458 psalmodia
3136 3399 3193 3446 et
3247 3391 3301 3445 in
3369 3398 3446 3446 tot
3492 3393 3740 3449 membra

2157 3476 2328 3532 divisa
2379 3490 2486 3531 non
2539 3475 2743 3530 ﬁnitur.
2809 3477 3098 3536 Addideris
3149 3495 3364 3551 quoque
3413 3482 3480 3536 de
3529 3483 3738 3540 letania

2160 3579 2280 3634 qua:
2311 3565 2544 3635 primam
2581 3565 2852 3635 sequitur,
2883 3566 3037 3636 cujus
3067 3568 3138 3624 sit
3165 3571 3486 3640 quantitatis
3517 3581 3574 3626 et
3609 3587 3739 3642 proa

2156 3653 2401 3709 lixitatis.

2223 3743 2530 3815 Responsio.
2575 3743 2642 3801 Ut
2688 3760 2894 3801 morem
2947 3747 3040 3803 tibi
3091 3763 3298 3820 geram,
3345 3760 3400 3804 et
3430 3754 3732 3810 secundum

2156 3837 2404 3891 eumdem
2455 3837 2701 3893 ordinem
2753 3853 2912 3908 quem
2961 3838 3067 3894 huc
3113 3857 3284 3910 usque
3325 3843 3501 3908 tenui;
3555 3846 3734 3914 primo

2157 3933 2286 3979 ante
2334 3933 2630 3981 nocturnos
2685 3927 2940 3982 dicuntur
2992 3929 3104 3983 sola
3157 3932 3462 4000 quindecim
3514 3937 3734 3992 cantica

2157 4011 2458 4080 graduum;
2511 4014 2764 4068 dicuntur
2811 4017 2983 4084 prima
3031 4018 3270 4088 quinque
3318 4035 3416 4090 pro
3468 4021 3732 4081 fratribus

2154 4100 2358 4155 nostris
2385 4109 2440 4155 et
2470 4102 2722 4157 omnibus
2758 4103 3003 4160 ﬁdelibus
3031 4107 3322 4177 defunctis;
3352 4113 3457 4167 alia
3487 4115 3733 4186 quinque

2153 4206 2252 4262 pro
2297 4192 2732 4264 nobismetipsis;
2781 4198 3075 4254 novissima
3123 4216 3222 4270 pro
3251 4205 3487 4275 regibus,
3519 4215 3574 4262 et
3609 4223 3732 4264 om-

2155 4284 2314 4357 nibus
2340 4285 2543 4339 nostris
2568 4285 2927 4343 familiaribus
2953 4290 3130 4346 adhuc
3154 4294 3478 4352 viventibus.
3502 4299 3585 4353 Ad
3614 4300 3732 4355 sin-

2154 4375 2306 4445 gulas
2348 4384 2530 4430 autem
2559 4375 2872 4445 ineisiones,
2903 4382 3150 4438 oratione
3176 4384 3452 4444 Dominica
3480 4391 3729 4458 praemis-

2154 4479 2249 4531 sa,
2299 4466 2544 4534 sequitur
2572 4466 2640 4520 ad
2676 4468 2908 4537 primam
2936 4485 3125 4528 versus
3153 4481 3207 4529 et
3243 4475 3485 4533 collecta.
3525 4478 3570 4530 Α
3593 4490 3726 4549 por-

2154 4565 2207 4610 ta
2243 4555 2418 4626 inferi,
2451 4566 2558 4629 etc.
2593 4558 2834 4628 Absolve,
2865 4561 3107 4631 Domine,
3151 4567 3358 4621 animus
3401 4567 3724 4636 famulorum

2153 4657 2362 4700 tuorum
2396 4647 2622 4703 fratrum
2660 4662 2916 4723 nostrum,
2942 4663 3048 4710 etc.
3077 4659 3158 4712 Ad
3189 4661 3480 4716 secundam
3505 4677 3718 4727 versus,

2151 4733 2414 4790 Memento
2441 4738 2626 4806 nostri,
2658 4739 2897 4810 Domine,
2937 4747 2991 4799 in
3023 4749 3339 4818 beneplacito
3375 4752 3550 4820 papuli
3599 4754 3718 4819 tui,-

2151 4833 2226 4888 et,
2268 4824 2470 4879 Memor
2504 4838 2644 4892 esto,‘
2675 4839 2781 4885 etc.
2813 4832 3070 4903 Collecta,
3103 4837 3269 4906 Deus,
3302 4844 3386 4894 cui
3426 4845 3714 4909 praprium.

2146 4913 2229 4968 Ad
2269 4915 2479 4971 tertiam
2513 4931 2724 4981 versus.
2772 4922 3012 4991 Domine,
3055 4930 3225 4986 salvos
3270 4933 3356 5000 fac
3389 4951 3562 5004 reges;
3600 4940 3716 4989 sala

2145 5021 2235 5059 vos
2265 5006 2351 5076 [ac
2392 5026 2564 5065 servos
2590 5025 2636 5065 et
2671 5017 2916 5072 ancillas.
2950 5019 3216 5086 Collecta,
3258 5021 3564 5092 Prwteude,
3605 5027 3714 5082 Do-

2147 5097 2301 5159 mine,
2335 5108 2441 5154 etc.
2468 5101 2540 5155 At
2570 5105 2619 5156 si
2652 5109 2994 5174 protenditur
3018 5127 3188 5185 usque
3218 5117 3282 5170 ad
3313 5116 3474 5173 ﬁnem
3510 5118 3708 5188 psalte‘

2146 5187 2238 5253 rii,
2288 5189 2401 5244 sola
2446 5191 2764 5251 incisionum
2805 5199 2920 5256 loca
2967 5214 3266 5274 mutantur,
3299 5225 3405 5264 non
3449 5212 3708 5275 collectm,

2146 5284 2201 5329 et
2241 5287 2368 5333 tunc
2413 5281 2587 5349 prima
2636 5291 2879 5354 pervenit
2910 5294 2978 5349 ad
3021 5295 3157 5354 nsal.
3192 5298 3314 5354 129.
3363 5305 3594 5354 secunda
3637 5299 3708 5354 ad
