4030 5354
291 313 426 370 διε)

1087 303 1660 366 CONSUETUDINES
1727 295 2272 358 CLUNIMZENSES.
2317 327 2381 336 ——
2421 297 2620 352 LlliEIl
2663 295 2940 356 PRIMUS.

3473 299 3576 356 (ὶὲρθ

299 423 498 478 sulcos
543 423 628 491 [ac
679 438 854 492 reges;
884 419 1054 474 salvos
1085 420 1170 489 [ac
1215 436 1385 474 servos
1417 428 1464 471 et
1503 416 1725 470 ancillas
1762 424 1900 476 tuas,
1937 423 1978 476 Α
2014 407 2170 472 Deus,
2197 425 2226 460 a
2251 425 2352 478 quo
2383 419 2566 462 sancta
2593 409 2872 462 desideria.
2904 407 3242 479 Omnipotens
3274 413 3580 480 sempiterna

303 513 450 567 F—iat
489 529 594 583 pas:
641 514 696 566 in
749 513 938 566 uirtute
995 521 1106 564 tua.
1162 511 1200 564 Α
1250 519 1400 578 porta
1453 506 1644 576 inferi;
1701 513 1754 559 et
1803 521 1906 558 una

295 608 392 662 de
423 607 546 660 istis
571 605 851 660 collectis:
884 603 1220 672 Omnipotens
1257 601 1563 670 sempiterno
1601 597 1762 664 Deus,
1805 598 1902 650 mi-

301 715 500 751 serere
525 697 742 766 tantulis
769 681 814 748 et
841 694 1140 762 [utitulabus
1171 693 1274 746 tuis
1305 711 1322 748 :
1363 699 1437 755 et,
1473 689 1672 759 Dirige,
1698 705 1908 758 quasu-

305 806 482 852 παις,
528 787 768 847 Domine,
823 783 1050 852 famulos
1086 793 1202 836 tuos
1252 793 1300 835 et
1345 781 1616 850 famulas;
1667 777 1906 847 Largire,

299 895 652 949 qssa’sumtts,
687 877 924 938 Domine,
947 874 1162 944 famulis
1193 883 1240 926 et
1271 873 1570 942 famulabus
1595 871 1732 932 tuis;
1759 867 1907 923 Pl'tP'

305 971 498 1035 tende,
527 967 770 1022 Domine.
795 965 1034 1031 Quarum
1068 962 1295 1033 singulis
1317 963 1494 1016 adhuc
1525 959 1867 1030 subjuugitur
1891 971 1906 1012 :

307 1059 394 1112 Et
421 1073 604 1128 pacem
635 1065 778 1110 tuam
807 1055 998 1108 nostris
1027 1055 1252 1108 concede
1282 1051 1598 1120 temporibus
1623 1067 1639 1114 ,'
1671 1059 1746 1117 et,
1779 1050 1910 1102 Anio

309 1165 426 1202 sure
474 1147 797 1217 famulorum
839 1157 1050 1199 tuorum
1093 1145 1422 1214 requiescant
1465 1143 1519 1196 in
1566 1159 1710 1210 pace.
1756 1141 1908 1208 Quod

311 1253 508 1294 tamen
547 1239 616 1312 ad
651 1237 820 1292 solam
869 1237 1134 1306 primam,
1179 1236 1306 1304 quia
1351 1245 1478 1288 tunc
1525 1234 1910 1304 quinquagesi-

311 1345 444 1384 ιιιιις
474 1329 718 1400 psalmus
763 1343 862 1397 pro
893 1327 1098 1382 nostris
1135 1335 1390 1382 cantatur
1435 1327 1760 1390 abbatibus;
1811 1341 1910 1396 pro

303 1420 456 1489 ipsis
483 1435 702 1490 quoque
729 1419 862 1475 solet
907 1419 980 1472 ita
1023 1418 1225 1472 mutari
1252 1435 1266 1470 :
1297 1417 1480 1470 Anime
1511 1417 1657 1470 nobis
1697 1433 1906 1486 qua'su-

311 1529 462 1578 usus,
497 1511 760 1576 Domine,
789 1517 900 1565 etc.
933 1511 1008 1566 De
1061 1517 1294 1579 quatuor
1328 1515 1510 1562 autem
1559 1505 1782 1576 psalmis
1817 1505 1910 1574 qui

311 1605 628 1676 quamlibet
657 1606 856 1674 horam
909 1611 1232 1674 sequuntur,
1279 1600 1496 1672 quoties
1539 1601 1650 1654 duo
1697 1599 1910 1668 priores

309 1697 746 1768 subtrahuntur,
778 1703 835 1747 ut
861 1693 914 1747 iu
941 1691 1088 1748 omni
1135 1687 1442 1755 Dominica,
1475 1689 1527 1742 in
1571 1687 1714 1743 festo
1740 1687 1808 1742 η
1835 1687 1910 1742 le-

2009 499 2170 554 Deus.
2201 497 2495 562 Pra'tende,
2525 500 2762 554 Domine.
2803 501 3037 566 Absolve,
3073 499 3321 566 Domine,
3353 505 3578 559 an'uws.

2011 589 2348 659 Omnipotens
2381 589 2542 652 Dens,
2567 591 2654 660 qni
2693 593 2945 646 vivorum.
2983 590 3062 644 Ad
3093 591 3332 660 psalmos
3355 609 3450 662 pro
3483 597 3580 646 tri-

2007 679 2228 733 cenario
2251 681 2452 734 dicitur
2477 679 2720 740 collecta.
2753 681 2992 736 Absolve.

2079 769 2206 824 Post
2265 773 2557 826 matutinas
2623 771 2900 842 regulares
2964 773 3176 844 agimus
3223 777 3579 844 quorumdam

2007 863 2583 916 commemorationem
2613 871 2926 917 sanctorum
2953 879 3076 918 cum
3115 865 3430 933 antiphonis
3459 881 3580 918 vrr-

2009 949 2161 1004 sibus
2187 959 2242 1004 et
2267 950 2541 1016 collectis,
2571 951 2698 1021 quia
2747 953 2906 1008 nobis
2953 963 3032 1008 est
3072 952 3344 1010 familiare
3384 965 3440 1011 ut
3489 974 3582 1026 ap-

2009 1039 2271 1109 pellemus
2299 1040 2558 1111 suffragia
2587 1044 2932 1112 angelorum,
2971 1055 3281 1102 sanctorum
3301 1087 3320 1114 ,
3367 1049 3421 1102 et
3469 1051 3580 1120 pri-

2009 1145 2099 1186 mo
2125 1132 2344 1200 quidem
2373 1143 2578 1189 sancite
2616 1137 2824 1202 crucis,
2881 1145 3194 1193 sanctormn
3228 1139 3544 1212 angelorum
3565 1185 3581 1206 ,

2010 1226 2188 1280 sancti
2218 1223 2442 1280 Joannis
2479 1225 2762 1298 Baptistae,
2805 1238 3114 1285 sanctorum
3157 1231 3298 1286 Petri
3326 1243 3378 1287 et
3407 1233 3581 1294 Pauli.

2011 1315 2242 1371 aliorum
2277 1317 2666 1387 apostolorum,
2697 1329 3014 1378 sanctorum
3055 1331 3375 1394 martyrum,
3410 1327 3582 1379 sancti

2011 1403 2244 1469 Martini,
2277 1408 2448 1462 sancti
2481 1407 2778 1475 Benedicti,
2809 1422 3126 1468 sanctorum
3157 1414 3320 1468 simul
3357 1413 3582 1470 Patrum

2009 1496 2279 1566 Oddonis,
2331 1501 2508 1572 Majoli
2551 1511 2714 1574 atque
2749 1503 3012 1567 Odilouis,
3047 1517 3100 1562 et
3130 1508 3422 1562 novissime
3451 1524 3583 1564 con-

2011 1586 2299 1644 fessor-um.
2335 1591 2478 1646 Duos
2507 1593 2768 1663 psalmos,
2820 1596 2914 1664 qui
2942 1611 2970 1649 a
2995 1599 3282 1667 prostratis
3306 1600 3585 1662 dicuntur,

2011 1691 2311 1752 sequuntur
2335 1683 2424 1736 isti
2455 1685 2730 1750 versiculi,
2759 1685 3002 1751 Domine,
3035 1705 3097 1742 ne
3123 1691 3446 1746 memineris.
3473 1694 3585 1745 Ad-

303 1765 589 1853 ctionum,
642 1787 695 1840 in
731 1785 984 1840 omnibus
1026 1781 1264 1846 octavis,
1311 1789 1366 1834 et
1401 1796 1430 1834 a
1469 1779 1646 1833 Natali
1693 1779 1904 1835 Domini
1941 1765 1978 1824 Β
1995 1769 2130 1838 jura
2187 1789 2308 1836 nos,
2359 1773 2520 1827 Deus.
2577 1774 2800 1830 Domine
2855 1793 2958 1830 non
3004 1777 3311 1834 secundum.
3355 1780 3584 1836 Ostende

305 1891 500 1946 usque
557 1876 626 1930 ad
677 1874 1058 1944 Epiphaniam,
1106 1881 1162 1927 et
1213 1871 1270 1925 in
1323 1880 1564 1940 tempore
1620 1869 1903 1935 Paschali,

309 1967 672 2021 subtrahitur
695 1980 912 2036 quoque
941 1965 1007 2018 de
1035 1961 1332 2033 praemissis
1356 1959 1640 2016 versiculis
1663 1973 1826 2026 unus,
1855 1963 1908 2016 id

303 2070 428 2126 est,
477 2057 723 2122 Domine,
774 2055 948 2110 salvos
991 2054 1077 2123 [ac
1122 2069 1286 2123 reges.
1335 2053 1408 2106 De
1448 2051 1506 2106 S.
1551 2051 1716 2106 Maria
1763 2066 1904 2106 vers.

305 2163 380 2207 et
407 2151 662 2210 collecta,
703 2149 829 2202 Post
877 2155 1108 2216 partum.
1139 2144 1379 2200 Gratiam
1411 2153 1578 2196 tuam.
1612 2141 1781 2204 Deus,
1818 2143 1908 2212 qui

313 2245 388 2298 de
413 2245 480 2299 Β.
513 2241 724 2306 Maria’,
755 2250 862 2297 etc.
907 2239 964 2293 Si
995 2253 1096 2308 qua
1131 2237 1299 2306 magis
1329 2235 1528 2305 placet,
1569 2249 1688 2303 qua)
1729 2243 1906 2287 tamen

311 2335 502 2388 iuusu
551 2332 646 2397 sit,
693 2345 856 2386 nemo
897 2327 1268 2398 reprehendit.
1311 2325 1365 2379 In
1403 2326 1648 2378 Adventu
1697 2323 1906 2376 Domini

313 2435 408 2479 est
432 2423 574 2478 alius
599 2435 811 2485 versus,
837 2420 888 2473 id
913 2427 1015 2482 est,
1043 2417 1324 2472 Benedicta
1347 2427 1412 2468 tu.
1431 2415 1506 2480 in,
1531 2425 1634 2468 etc.
1665 2413 1744 2467 Ad
1775 2423 1906 2468 mat.

317 2513 512 2567 laudes
571 2512 639 2566 de
707 2510 962 2564 euntibus
1013 2505 1250 2569 sanctis,
1309 2519 1409 2558 uec
1463 2503 1756 2572 capitutmn
1809 2517 1910 2558 nec

311 2605 548 2660 collecta
603 2617 842 2673 unquam
890 2609 1151 2663 mutatur,
1199 2597 1342 2651 sicut
1387 2595 1552 2649 etiam
1605 2595 1672 2648 ad
1721 2609 1910 2664 vespe-

319 2711 446 2758 ras;
501 2694 798 2763 capitulum
847 2701 964 2756 est,
1017 2690 1226 2745 Scimus
1275 2687 1524 2758 quoniam
1575 2685 1910 2754 diligentibus

315 2786 512 2849 Deum,
537 2797 650 2841 etc.
677 2783 938 2846 (Jollccta,
985 2779 1094 2834 Fac
1129 2795 1245 2841 nos,
1291 2792 1616 2848 qmcsumus,
1663 2775 1910 2840 Domine,

315 2877 490 2930 beata:
531 2875 753 2938 Marica,
795 2881 904 2928 etc.
949 2871 1030 2926 Ad
1069 2879 1259 2924 matut.
1305 2867 1496 2923 laudes
1541 2868 1612 2922 de
1659 2869 1910 2922 munibus

319 2967 552 3032 sanctis,
581 2975 706 3036 post
735 2965 1072 3018 Dominicam
1107 2961 1410 3016 orationem
1451 2959 1704 3014 versiculi
1735 2977 1750 3012 :
1785 2958 1910 3012 Post

315 3073 551 3130 parturn.
577 3059 652 3114 In
679 3071 954 3127 consul-cm
981 3073 1106 3126 ang.
1153 3051 1326 3106 Nimis
1369 3051 1602 3118 honori].
1651 3049 1908 3104 Exsulta-

319 3151 450 3206 bunt
508 3151 700 3205 sancti.
750 3147 1072 3218 .Sacerdotes
1127 3146 1204 3200 tui
1259 3145 1504 3198 induant.
1568 3143 1908 3197 Adducenzur

325 3240 458 3313 Regi
487 3243 618 3312 virg.
653 3241 910 3310 Exsurge,
945 3239 1180 3303 Domine,
1216 3237 1429 3307 adjura.

396 3337 478 3388 Ad
521 3335 899 3390 defunctorum
951 3339 1144 3386 matut.
1191 3330 1450 3386 dicuntur
1497 3329 1580 3384 hu:
1624 3327 1902 3384 collecttn:

319 3423 468 3480 Dens
501 3426 585 3479 cui
613 3425 906 3495 proprium.
943 3419 1172 3488 Prwsta,
1215 3421 1456 3484 Domine,
1487 3435 1814 3489 quaesumus,
1851 3429 1906 3472 ut

319 3519 532 3572 animo.
567 3515 906 3586 Omnipotens
935 3513 1242 3582 sempiterne
1291 3511 1452 3576 Deus,
1485 3511 1570 3563 cui
1617 3527 1904 3581 nunquam.

327 3609 493 3673 Deus,
525 3607 685 3662 uenire
715 3607 952 3672 largitor.
991 3603 1152 3668 Deus,
1182 3601 1334 3672 cujus
1365 3600 1714 3654 miseratione.
1745 3599 1904 3666 Quie-

323 3716 536 3766 surnus,
583 3697 822 3761 Domine,
863 3705 1108 3766 perpetua
1157 3693 1366 3764 pietate.
1413 3689 1700 3752 Fidelium,
1747 3692 1905 3756 Dens,

323 3793 584 3846 criminin.
625 3791 810 3844 Prima
851 3797 936 3842 est
977 3801 1072 3858 pro
1103 3785 1364 3840 fratribus
1403 3797 1576 3852 nuper
1615 3782 1903 3846 defunctis,

323 3899 428 3954 pro
467 3883 660 3952 quibus
705 3887 908 3950 septem
954 3875 1125 3932 ofﬁcia
1173 3878 1226 3930 in
1273 3885 1539 3930 conventu
1585 3875 1910 3944 generaliter

323 3986 458 4032 sunt
485 3975 720 4046 agenda;
753 3969 988 4027 secunda
1028 3985 1126 4040 pro
1163 3969 1530 4024 aituiversario
1569 3967 1623 4021 in
1649 3967 1906 4038 capitulo,

325 4067 716 4128 recitatorum;
749 4063 908 4118 tertia
939 4077 1037 4132 pro
1079 4061 1294 4115 cunctis
1320 4059 1679 4116 familiaribus
1707 4061 1910 4115 nostris

327 4158 638 4223 defunctis;
673 4164 869 4226 quarta
915 4169 1012 4225 pro
1059 4153 1328 4208 defunctis
1370 4151 1664 4217 fratribus;
1721 4153 1908 4222 quinta

323 4266 431 4321 pro
455 4249 708 4304 omnibus
736 4249 789 4302 in
813 4247 936 4302 loco
969 4256 1158 4301 nostro
1203 4244 1462 4314 sepultis;
1506 4252 1656 4298 sexta
1681 4259 1780 4313 pro
1809 4258 1908 4296 no-

329 4341 464 4395 stris
493 4341 777 4394 sororibus
795 4347 855 4394 et
890 4337 1010 4392 aliis
1039 4335 1258 4391 feminis
1291 4335 1648 4388 familiaribus
1677 4335 1905 4399 nostris;

327 4431 564 4500 septima
591 4447 690 4500 pro
717 4429 970 4483 omnibus
1003 4427 1253 4482 fidelibus
1275 4425 1568 4480 defunctis.
1603 4424 1657 4478 lu
1686 4433 1874 4479 aestate
1892 4467 1906 4490 ,

325 4531 388 4576 et
422 4536 488 4575 eo
529 4530 774 4589 tempore
817 4534 923 4588 quo
965 4518 1200 4575 ollicium
1247 4531 1350 4572 non
1389 4516 1574 4585 agitur
1612 4517 1664 4569 in
1711 4525 1905 4582 nocte,

329 4614 549 4683 quoties
575 4611 864 4667 duodecim
911 4611 1048 4664 fiunt
1091 4609 1352 4665 lectiones
1382 4609 1447 4662 de
1479 4609 1563 4662 his
1584 4649 1597 4672 ,
1625 4605 1908 4661 defuncto-

331 4717 454 4756 rum
493 4711 685 4755 matut.
751 4699 940 4754 laudes
985 4714 1106 4768 qute
1146 4699 1394 4768 proxime
1447 4706 1766 4767 sequuntur,
1813 4711 1910 4749 au-

335 4792 508 4847 fertur
531 4793 706 4864 prima
749 4801 806 4848 et
841 4793 1078 4846 secunda
1102 4792 1352 4854 collecta,
1387 4790 1512 4860 quia
1533 4800 1589 4845 et
1612 4790 1744 4859 ipsa:
1779 4796 1910 4842 mat.

331 4887 520 4942 laudes
563 4885 742 4942 ofﬁcio
783 4901 888 4940 non
930 4885 1213 4956 prseventi.
1265 4899 1364 4939 nec
1397 4899 1496 4953 pro
1541 4883 1914 4938 anniversario

333 4978 620 5047 cujusque,
665 4993 768 5033 nec
810 4991 908 5046 pro
948 4991 1119 5045 nuper
1152 4974 1422 5028 defunctis
1447 4975 1796 5044 deputantur,
1819 4971 1914 5025 sed

335 5073 569 5125 snaxime
596 5086 696 5140 pro
721 5067 1090 5122 familiaribus
1117 5067 1342 5129 nostris,
1371 5081 1470 5136 pro
1498 5065 1695 5136 quibus
1724 5074 1778 5119 et
1809 5066 1918 5134 pri-

337 5176 422 5215 tua
451 5163 676 5218 dicenda
711 5169 796 5216 est
819 5160 1067 5215 collecta.
1090 5157 1514 5212 Anuiversarius
1537 5165 1720 5211 autem
1749 5157 1802 5210 in
1827 5171 1915 5211 se-

335 5263 585 5286 nnnnunu
625 5253 770 5286 .linm
813 5265 982 5286 "anno
1009 5251 1135 5286 rium
1171 5247 1309 5286 hones
1359 5248 1514 5286 l'nmril
1554 5257 1916 5286 nnnnrtnnnns

2012 1862 2180 1916 nobis.
2216 1862 2282 1918 Et
2319 1867 2490 1918 ueniat
2518 1881 2690 1936 super.
2721 1866 2914 1922 Postea
2947 1868 3175 1924 collecta
3225 1869 3428 1934 brevis,
3466 1888 3587 1942 qum

2007 1961 2092 2006 est
2146 1950 2262 2006 Vox
2287 1965 2463 2008 nostra
2497 1965 2566 2020 te,
2601 1955 2857 2022 Domine,
2901 1967 3006 2014 etc.
3055 1960 3478 2034 Cujusmodique
3515 1965 3588 2018 si-

2012 2043 2168 2096 miles
2199 2043 2252 2096 in
2279 2044 2614 2100 collectaneo
2647 2047 2826 2116 plures
2855 2048 3146 2116 habentur;
3190 2061 3244 2106 et
3285 2067 3500 2122 semper
3531 2055 3586 2108 iu

2011 2133 2118 2188 fune
2141 2135 2358 2190 additur
2389 2135 2456 2191 Et
2487 2141 2554 2192 ad
2593 2139 2846 2209 beneﬁcia
2891 2143 3186 2210 recolenda,
3230 2155 3336 2202 etc.
3369 2149 3448 2202 Ad
3474 2149 3588 2203 sitt—

2007 2226 2162 2296 gulas
2191 2227 2381 2302 horas,
2409 2239 2606 2300 prmter
2631 2233 2698 2286 ad
2737 2233 3030 2292 matutinas
3063 2236 3252 2293 laudes
3299 2249 3356 2296 et
3393 2241 3460 2296 ad
3495 2257 3586 2297 ve-
3643 2285 3654 2292 .

2009 2335 2216 2390 speras,
2261 2323 2401 2378 sicut
2431 2325 2562 2378 nihil
2603 2335 2685 2380 est
2721 2327 2956 2382 medium
3005 2328 3146 2384 inter
3189 2330 3306 2386 illos
3351 2343 3587 2402 quatuor

2011 2410 2270 2480 psalmos,
2301 2427 2438 2482 quos
2487 2429 2646 2484 supra
2681 2418 2978 2472 memoravi
3023 2419 3284 2474 horarum
3333 2425 3589 2492 appendi-

2011 2501 2126 2557 eios
2145 2545 2159 2568 ,
2187 2511 2244 2558 et
2273 2504 2418 2560 inter
2449 2505 2584 2560 istos
2607 2507 2742 2562 duos
2761 2509 3032 2577 psalmos;
3084 2511 3162 2566 sic
3194 2513 3359 2566 etiam
3386 2523 3440 2568 et
3463 2530 3586 2569 ver-

2009 2609 2104 2650 sus
2131 2604 2184 2650 et
2207 2596 2451 2652 collecta:
2483 2598 2771 2653 amborum
2801 2601 2958 2654 simul
2990 2601 3410 2674 conjunguutur,
3439 2616 3493 2661 et
3523 2611 3588 2662 ad

2011 2700 2269 2756 vesperas
2291 2687 2344 2742 hi
2374 2689 2439 2744 de
2461 2690 2690 2746 canticis
2721 2701 2846 2746 sunt
2865 2693 3099 2762 prio‘res,
3133 2695 3276 2750 sicut
3303 2705 3358 2752 et
3387 2698 3440 2752 iu
3471 2699 3587 2769 ipso

2012 2774 2151 2830 libro
2171 2776 2523 2846 psalmorum.

2082 2867 2304 2924 Letauia
2353 2871 2428 2925 ita
2475 2872 2802 2929 inchoatur:
2860 2873 3040 2946 Hyrie,
3101 2876 3318 2947 eleison,
3362 2877 3586 2942 Christe,

2012 2959 2236 3028 eleison,
2267 2962 2498 3030 Christe,
2543 2965 2670 3020 audi
2709 2982 2832 3032 nos,
2877 2975 2982 3022 etc.
3031 2969 3103 3022 Ita
3139 2970 3392 3041 deinceps
3417 2963 3592 3027 itemi-

2013 3059 2213 3106 nantur
2241 3053 2305 3108 de
2330 3055 2532 3109 sanctis
2565 3055 2688 3126 plus
2729 3057 2910 3112 minus
2942 3059 3282 3130 septuaginta
3327 3071 3455 3116 tres.
3491 3062 3590 3118 Se-

2014 3152 2242 3212 quentes
2271 3159 2460 3198 versus
2485 3145 2550 3198 ad
2584 3145 2757 3214 ipsam
2801 3145 3037 3200 divinam
3089 3150 3588 3218 pronuntiat'onem

2016 3231 2320 3286 destinandi
2367 3241 2494 3287 sunt
2529 3233 2886 3306 quadraginta
2933 3245 3060 3293 tres.
3113 3237 3212 3306 Qui
3253 3251 3434 3297 autem
3465 3254 3588 3314 post

2017 3321 2350 3376 Dominicam
2383 3323 2716 3388 orationem,
2761 3336 2816 3380 ct
2851 3337 2971 3394 post
3009 3328 3140 3382 alios
3169 3332 3402 3399 psalmos
3433 3345 3592 3388 antc-

2015 3411 2212 3467 cedunt
2241 3410 2526 3478 collectas,
2575 3423 2698 3466 sunt
2725 3413 3030 3484 hujusmodi
3059 3431 3074 3469 :
3109 3417 3174 3470 Et
3203 3421 3392 3474 ueniat.
3431 3421 3500 3474 Et
3525 3424 3592 3477 de

2015 3511 2210 3556 czutero
2253 3501 2414 3555 iidem
2464 3501 2557 3570 qui
2603 3501 2860 3558 dicuntur
2894 3507 2959 3558 ad
2999 3505 3388 3578 psalmodiam,
3445 3511 3588 3568 Dens

2017 3593 2256 3655 auribus,
2288 3591 2392 3646 nisi
2419 3590 2510 3646 hic
2533 3592 2704 3658 solus,
2735 3593 2957 3648 Oremus
2983 3613 3078 3664 pro
3103 3597 3346 3663 ﬁdelibus
3398 3603 3589 3671 defun-

2015 3685 2132 3738 ctis.
2183 3683 2465 3750 Culleone,
2515 3683 2692 3750 Deus,
2771 3687 2854 3740 cui
2911 3689 3200 3757 proprium.
3251 3689 3590 3764 Omnipotens

2014 3775 2342 3843 sempiterno.
2377 3773 2514 3828 Deus
2541 3776 2632 3845 qui
2659 3777 2814 3844 facis.
2866 3775 3166 3844 Prtetende,
3209 3779 3458 3850 Domine,
3491 3785 3582 3854 fa-

2017 3865 2144 3919 mul.
2189 3864 2330 3919 Deus
2369 3883 2399 3920 α
2427 3883 2530 3935 quo
2556 3877 2738 3921 sancta
2781 3867 3060 3923 desideria.
3087 3871 3127 3924 A
3162 3871 3368 3928 Pascha
3419 3891 3590 3946 usque

2017 3957 2084 4014 ad
2123 3957 2466 4014 festivitatem
2515 3960 2686 4014 sancti
2733 3959 3012 4044 Michaelis
3053 3974 3239 4020 contra
3295 3975 3586 4037 tempesta-

2019 4057 2124 4103 tem
2171 4049 2306 4126 psal.
2357 4049 2702 4106 Benetlixisti.
2755 4049 2799 4103 Α
2837 4052 2992 4106 domo
3030 4063 3149 4108 tua.
3193 4056 3441 4128 Absolve,
3490 4058 3596 4112 Do-

2017 4142 2172 4194 mine.
2223 4141 2384 4208 Deus,
2431 4143 2521 4212 qui
2559 4159 2615 4197 es
2651 4154 2954 4198 sanctorum
3015 4145 3264 4217 splendor
3313 4152 3592 4206 mirabilis.

2016 4233 2320 4302 Aliquando
2349 4245 2403 4288 et
2433 4235 2571 4298 aliae,
2605 4236 2648 4290 si
2688 4237 2930 4297 videtur,
2971 4247 3030 4291 et
3065 4239 3110 4292 si
3142 4253 3278 4307 opus
3309 4240 3468 4294 fuerit
3494 4259 3594 4312 pro

2019 4325 2112 4379 tali
2141 4341 2324 4388 causa,
2355 4327 2644 4380 adduntur.
2678 4327 2757 4380 Ad
2785 4326 3022 4394 psalmos
3072 4329 3440 4384 anniversalcs
3471 4344 3595 4400 post

2017 4415 2183 4484 capit.
2223 4415 2462 4470 Collecta
2490 4428 2573 4470 est
2597 4430 2694 4483 pro
2725 4416 2998 4471 defunctis
3043 4416 3331 4484 fratribus,
3365 4417 3592 4486 Pnrsta,

2011 4507 2254 4568 Domine,
2283 4520 2579 4574 qua'sumus
2615 4514 2670 4558 ut
2701 4504 2911 4572 animle,
2936 4515 3038 4560 etc.
3071 4506 3174 4560 Pro
3209 4507 3594 4574 familiaribus,

2011 4597 2247 4664 Absolve,
2283 4597 2519 4650 Domine.
2551 4595 2687 4651 Hinc
2715 4611 2932 4666 quoque
2969 4598 3014 4652 si
3054 4597 3343 4667 aliquando
3371 4600 3422 4654 in
3453 4599 3598 4668 ρεια-

2013 4690 2318 4760 dragesima
2388 4698 2608 4758 propter
2661 4687 2897 4757 aliquam
2965 4687 3314 4744 festivitatem
3371 4691 3594 4760 triginta

2015 4783 2208 4852 psalmi
2232 4782 2508 4846 dicuntur,
2542 4782 2640 4836 hos
2675 4791 2980 4850 sequuntur
3007 4782 3094 4836 isti
3121 4785 3372 4838 versiculi
3402 4795 3455 4838 et
3484 4787 3598 4841 col-

2019 4872 2203 4928 lectus:
2235 4871 2462 4927 Ostende
2476 4873 2644 4938 nobis,
2677 4871 2920 4926 Domine.
2949 4870 3071 4926 Fiat
3102 4873 3458 4931 misericordia
3482 4891 3596 4931 ξιτ.

2019 4965 2203 5022 Salvos
2235 4965 2319 5035 {ac
2344 4981 2536 5020 sentos.
2573 4965 2722 5019 Mitte
2744 4965 2847 5032 eis,
2883 4965 3129 5032 Domine,
3179 4971 3464 5023 auxilium.
3495 4973 3601 5024 Pro

2021 5060 2268 5114 ﬁdelibus
2295 5057 2585 5122 defunctis,
2603 5055 2848 5128 Requiem
2871 5067 3142 5112 retentam.
3177 5057 3342 5124 Deus,
3368 5061 3453 5114 cui
3483 5077 3604 5128 pro-

2019 5151 2216 5222 prium.
2260 5147 2557 5212 Praetemie,
2586 5147 2833 5202 Domine.
2865 5150 3111 5213 Absolve,
3149 5147 3392 5208 Domine.
3421 5149 3608 5204 Omni-
3635 5217 3644 5224 .

2019 5253 2198 5286 natans
2231 5241 2540 5286 senmiterne
2581 5239 2751 5286 Deus-
2811 5243 2902 5286 nui
2947 5242 3206 5286 minarum-
3249 5243 3324 5286 ΔιΙ
3355 5255 3504 5286 vogn-
3539 5242 3608 5286 tle
