4030 5354
537 347 634 404 651

1589 345 1904 432 υρειιιιιοι
1931 345 2426 405 CLUNMCENSIS
2467 347 2772 406 MONACﬂl

3697 345 3832 403 633

537 472 730 519 matnt.
779 477 900 534 qua:
949 471 1345 531 prtcccsscrunt
1395 471 1620 532 propter
1649 477 1842 518 causas
1870 465 2118 534 superius
2151 467 2194 525 Α
2226 465 2360 520 citer
2388 467 2663 522 eteadem
2691 465 2850 521 modo
2879 481 2985 535 quo
3019 466 3070 520 in
3099 465 3216 521 aliis
3237 467 3493 522 EcheSiis
3525 473 3821 521 cantatur.

539 556 762 620 relatas,
817 555 1124 608 habeantur
1163 567 1377 622 quoque
1426 553 1491 606 ad
1533 567 1678 623 vesp.
1715 554 1780 607 Et
1828 556 1894 610 de
1943 555 2120 610 ollieio

537 651 640 702 hoc
682 657 765 701 est
807 646 1086 702 sciendum
1129 646 1270 714 quod
1323 645 1366 700 si
1413 644 1595 700 brevis
1651 661 1751 716 pro
1809 646 1988 716 aliquo
2029 649 2118 702 de-

513 737 721 794 .functo
773 737 846 791 ita
901 737 1143 799 venerit,
1185 744 1246 790 ut
1301 751 1397 806 pro
1471 751 1537 790 eo
1581 735 1674 790 fiat
1709 745 1832 792 ante
1885 755 2115 804 nonam,

537 839 649 882 tres
703 837 909 882 tantum
967 826 1205 881 collectae
1257 833 1382 880 sunt
1432 826 1692 882 dicendae.
1755 825 1938 884 Prima
1998 844 2118 898 quae

535 921 668 977 alias
735 920 870 974 solet
919 919 1032 974 dici
1093 933 1190 988 pro
1255 917 1652 984 familiaribus;
1717 923 1954 978 secunda
2019 937 2118 992 pro

533 1011 792 1066 fratribus
825 1019 1020 1063 nostra:
1045 1009 1510 1079 congregationis;
1549 1011 1706 1064 tertia
1736 1026 1836 1082 pro
1863 1013 2118 1068 omnibus

535 1099 780 1156 fidelibus
809 1097 1094 1154 defunctis.
1131 1099 1200 1152 Et
1235 1110 1461 1169 propter
1501 1101 1604 1154 hoc
1645 1109 1962 1155 consuetum
2003 1101 2118 1156 otii-

533 1194 677 1248 cium
707 1191 1132 1256 nonontittatur,
1150 1191 1194 1245 si
1229 1201 1437 1261 tempus
1463 1201 1518 1244 et
1547 1191 1661 1247 dies
1685 1199 1766 1247 est
1787 1191 2112 1261 huiusmodi,

533 1293 592 1338 ut
643 1286 743 1340 rite
783 1297 905 1357 post
935 1304 1189 1358 vesperas
1219 1299 1436 1358 agatur.
1467 1291 1666 1346 Verum
1707 1290 1848 1361 quod
1881 1290 2113 1360 primum

532 1385 616 1430 est
642 1392 740 1446 pro
769 1377 1010 1448 quolibet
1047 1395 1220 1450 nuper
1262 1379 1553 1447 defuncto,
1619 1393 1942 1451 quacunque
1985 1383 2113 1436 hora

531 1471 710 1542 agitur
760 1471 1014 1541 prmdicta
1069 1473 1313 1534 collecta,
1365 1473 1542 1542 primo
1595 1488 1808 1544 quoque
1859 1472 1976 1527 loco
2007 1487 2114 1527 non

536 1571 798 1627 mutatur,
831 1572 883 1617 et
928 1571 1053 1617 tunc
1085 1578 1188 1616 non
1219 1572 1302 1618 est
1335 1579 1432 1632 pro
1475 1561 1832 1618 familiaribus
1865 1563 2113 1618 dicenda.

529 1657 683 1721 Item,
739 1655 783 1710 si
831 1655 953 1710 talis
991 1653 1395 1710 anniversarius
1443 1656 1682 1710 evenerit
1719 1669 1818 1725 pro
1839 1669 1947 1724 quo
1992 1661 2116 1708 sunt

527 1748 791 1816 pulsanda
840 1745 1020 1800 omnia
1045 1744 1222 1816 signa,
1256 1744 1476 1800 habebit
1505 1745 1737 1815 primum
1763 1744 1938 1799 locum
1959 1757 2022 1798 ea
2049 1743 2115 1797 de

529 1837 905 1892 anniversario
935 1835 1181 1891 collecta.
1217 1837 1321 1889 Aut
1359 1835 1404 1889 si
1451 1821 1859 1890 anniversarius
1887 1845 1968 1890 est
1993 1834 2113 1890 talis
2149 1811 2190 1867 Β

529 1931 766 1994 fetuum,
793 1931 1018 1984 dicenda
1049 1931 1226 1998 primo
1255 1937 1306 1982 ct
1331 1928 1612 1997 pluraliter
1639 1943 1702 1982 ea
1730 1928 1952 1982 collecta
1992 1943 2114 1996 quae

529 2032 613 2078 est
649 2037 746 2092 pro
787 2019 1022 2074 feminis.
1057 2021 1128 2074 At
1155 2019 1196 2074 si
1241 2035 1406 2074 unum
1438 2017 1674 2074 officium
1703 2027 1788 2074 est
1817 2029 2113 2088 utrumque

527 2111 762 2180 primum
791 2127 888 2180 pro
919 2109 1098 2180 aliquo
1139 2124 1310 2178 nuper
1351 2107 1628 2174 defuncto,
1679 2119 1735 2164 et
1779 2108 1906 2182 pro]
1931 2109 2112 2178 aliquo

531 2202 622 2256 tali
655 2201 1052 2268 anniversario,
1083 2201 1447 2270 prmponenda
1499 2209 1584 2254 est
1635 2215 1850 2269 semper
1888 2197 1976 2252 illa
2011 2214 2112 2267 pro

529 2309 704 2364 nuper
748 2295 1026 2358 defuncto,
1079 2293 1166 2348 cui
1221 2301 1274 2347 et
1324 2291 1556 2362 amplius
1613 2307 1718 2346 non
1781 2291 2006 2360 contigit
2053 2301 2104 2345 ut

527 2388 760 2456 quisque
808 2385 925 2455 ejus
967 2401 1064 2454 pro
1095 2383 1400 2453 huiusmodi
1442 2384 1794 2437 meminisset.
1829 2383 1982 2450 Quod
2033 2383 2110 2451 ip-

527 2497 646 2534 sum
679 2494 892 2548 quoque
933 2477 1332 2533 observandum
1366 2485 1448 2532 est
1481 2476 1533 2530 in
1577 2476 2008 2545 appendeutibus
2057 2481 2112 2528 et

525 2573 772 2639 chpcris
817 2579 873 2624 et
915 2577 1106 2622 matut.
1161 2569 1216 2622 lu
1263 2566 1641 2622 festivitatibus
1673 2565 2112 2636 Qumlragesima:

519 2677 772 2731 'vespcrtc
803 2677 899 2730 pro
933 2660 1224 2724 defunctis,
1257 2660 1348 2730 qui
1379 2667 1505 2714 tunc
1535 2659 1809 2724 dicuntur,
1851 2669 1958 2711 tam
1983 2667 2110 2711 sunt

523 2755 793 2824 praecipue
823 2769 919 2822 pro
953 2752 1330 2816 familiaribus,
1364 2767 1524 2822 quam
1575 2759 1628 2805 ct
1659 2759 1852 2804 matut.
1885 2750 2106 2815 laudes;

527 2847 651 2902 ideo
687 2859 791 2900 non
841 2846 958 2899 alite
1005 2845 1268 2907 collectae,
1295 2859 1396 2898 nec
1433 2842 1541 2897 alio
1571 2841 1969 2911 subiunguntur
2017 2857 2108 2896 or-

529 2939 655 2992 dine
691 2953 852 3006 quam
879 2937 942 2990 ad
972 2945 1162 2990 malut.
1193 2935 1274 2990 Ad
1303 2935 1564 3006 psalmos,
1610 2935 1699 3003 qui
1731 2945 1846 3002 post
1878 2933 2112 3003 comple-

527 3031 726 3085 torium
759 3045 974 3100 quoque
1005 3031 1106 3084 sub
1135 3029 1352 3084 silentio
1383 3029 1655 3092 dicuntur,
1681 3037 1806 3082 sunt
1847 3027 1901 3081 hi
1941 3027 2108 3082 versi-

2225 555 2384 609 Solus
2417 557 2697 622 introitus,
2745 557 2887 612 sicut
2933 565 2992 612 et
3027 557 3161 612 alias
3209 559 3374 612 moris
3399 567 3522 622 est,
3567 559 3829 612 secundo

2225 657 2342 716 post
2372 645 2554 701 Gloria
2590 645 2766 712 Patri,
2813 660 2904 703 ter.
2922 649 3266 718 repetendus.
3301 650 3378 704 De
3407 651 3654 706 versibus
3675 649 3826 704 om:-

2224 736 2408 790 rendis
2445 735 2582 790 nihil
2621 737 2766 792 aliud
2801 737 3007 792 referre
3049 739 3194 806 novi,
3249 740 3350 794 ni~i
3383 750 3684 810 praecentor
3719 755 3828 795 se-

2221 830 2460 884 cundum
2502 831 2646 900 quod
2697 831 2798 886 sibi
2845 831 3059 886 videtur
3104 832 3365 901 imponit,
3429 849 3574 886 nunc
3603 848 3820 894 unum,

2221 934 2364 974 nunc
2389 935 2600 985 omnes,
2636 922 2872 976 maxime
2913 931 3135 992 propter
3173 923 3484 978 offerentes.
3537 923 3672 977 Nam
3705 940 3824 994 per

2222 1017 2331 1064 tres
2359 1011 2474 1066 dies
2499 1013 2815 1082 septimanae
2845 1022 3104 1084 quotquot
3141 1023 3270 1068 sunt
3298 1017 3364 1070 de
3387 1015 3616 1072 sinistro
3635 1017 3824 1070 choro

2219 1099 2288 1154 ab
2329 1101 2414 1155 his
2454 1101 2714 1170 offertur,
2750 1120 2852 1174 pax
2883 1107 3044 1160 datur
3072 1115 3126 1161 et
3169 1108 3470 1178 accipitur;
3521 1117 3578 1163 et
3607 1108 3824 1178 quibus

2219 1192 2397 1246 visum
2439 1193 2602 1249 fuerit
2629 1197 2696 1250 ab
2723 1197 2807 1250 his
2836 1211 3030 1268 corpus
3062 1197 3272 1253 Domini
3306 1200 3562 1266 sumitur,
3585 1193 3824 1270 propter

2220 1282 2364 1352 quod
2409 1283 2575 1338 etiam
2611 1295 2719 1340 tres
2749 1285 2939 1340 hostia:
2971 1298 3378 1355 consecrantur;
3402 1305 3499 1360 per
3530 1290 3669 1344 alios
3699 1301 3822 1344 tres

2219 1387 2246 1425 a
2274 1373 2468 1426 dextro
2498 1374 2687 1430 eadem
2719 1375 3094 1432 vicissitudine
3126 1387 3178 1432 et
3211 1392 3398 1449 pacem
3424 1379 3724 1450 accipiunt,
3753 1387 3820 1432 et

2194 1463 2644 1528 communicant,
2675 1463 2718 1518 si
2747 1465 2838 1534 qui
2869 1465 3078 1520 volunt.

2817 1623 3048 1680 CAPUT
3083 1623 3190 1681 \ifl.

2221 1715 2328 1770 l’ro
2357 1717 2545 1788 quibus
2571 1715 2824 1772 dicuntur
2852 1717 3085 1774 coilecta:
3113 1721 3166 1774 in
3195 1719 3358 1774 missa
3379 1737 3475 1792 pro
3513 1721 3812 1792 defunctis.

2287 1831 2366 1885 Ad
2417 1831 2638 1886 missam
2675 1846 2774 1902 pro
2809 1831 3110 1900 defunctis,
3161 1841 3272 1888 tam
3315 1835 3379 1890 de
3416 1835 3594 1904 primo
3635 1837 3810 1890 choro

2217 1937 2380 1992 quam
2429 1923 2496 1978 de
2545 1923 2749 1982 altero.
2791 1923 2968 1978 solent
3013 1939 3202 1979 onmes
3241 1925 3458 1980 offerre.
3497 1925 3670 1994 llnjus
3697 1928 3810 1982 col-

2217 2015 2370 2070 lecta:
2399 2031 2542 2070 nunc
2573 2013 2777 2086 plures,
2809 2031 2952 2070 nunc
2979 2015 3251 2085 potiores;
3287 2031 3570 2072 numerum
3621 2029 3805 2072 tamen

2215 2109 2486 2162 decimum
2515 2123 2618 2162 non
2649 2109 2939 2163 excedunt.
2969 2108 3217 2179 I‘ersmpe
3247 2121 3428 2164 autem
3456 2111 3632 2180 prima
3667 2112 3809 2167 solet

2215 2201 2567 2255 collectarum
2595 2201 2788 2256 eadem
2815 2217 2937 2272 qttae
2975 2203 3040 2270 ad
3073 2201 3360 2258 oliicicinm
3391 2214 3474 2260 est
3504 2205 3719 2274 prima;
3753 2215 3809 2260 et

2225 2293 2348 2363 ejus
2377 2293 2641 2358 secunda,
2677 2294 2762 2348 hic
2791 2294 2955 2348 etiam
2987 2296 3224 2350 sccmnla
3261 2309 3360 2366 pro
3387 2297 3806 2362 anniversariis;

2215 2385 2370 2440 tertia
2399 2401 2496 2455 pro
2519 2385 2900 2454 pontificibus;
2935 2387 2988 2440 id
3020 2397 3102 2442 est
3136 2387 3298 2454 Dens,
3319 2390 3408 2456 qui
3427 2389 3566 2442 inter
3593 2402 3806 2454 apost.;

2213 2486 2406 2545 quarta
2452 2489 2553 2544 pro
2597 2474 2958 2532 familiaribus
2985 2477 3226 2543 nostris;
3275 2479 3590 2548 quintapro
3623 2479 3810 2533 fratri-

2216 2569 2350 2634 bus;
2406 2577 2560 2624 sexta
2611 2583 2705 2638 pro
2737 2569 2952 2636 regibus
3005 2571 3412 2640 Hispaniarum.
3457 2569 3806 2636 Omnipotens

2211 2663 2522 2730 sempiterna
2559 2660 2694 2714 Deus
2727 2661 2780 2716 in
2815 2663 2968 2732 cujus
3007 2665 3242 2716 hutnana
3273 2663 3541 2728 conditio;
3568 2665 3806 2731 septima

2212 2767 2310 2821 pro
2342 2751 2524 2819 regina
2555 2749 2960 2822 Hispaniarum,
2983 2762 3036 2808 et
3067 2767 3163 2824 pro
3190 2753 3470 2808 sororibus
3493 2761 3552 2808 et
3575 2753 3704 2806 aliis
3727 2753 3804 2806 fe-

2213 2843 2377 2896 minis
2409 2843 2803 2910 familiaribus;
2845 2853 3056 2910 octava,
3092 2845 3331 2907 .‘ucliua.
3357 2844 3598 2912 Domine,
3619 2859 3804 2898 aurern

2213 2943 2390 3000 tuum,
2441 2935 2759 3004 parentibus
2795 2943 2849 2991 et
2889 2937 3314 3008 consanguineis
3359 2938 3595 3002 nostris;
3659 2951 3804 2992 nona

2214 3039 2313 3095 pro
2343 3026 2596 3081 omnibus
2620 3027 2711 3095 qni
2740 3027 2791 3082 in
2822 3026 2942 3082 loco
2970 3037 3156 3082 nostro
3183 3037 3312 3082 sunt
3335 3027 3559 3097 sepulti;
3589 3027 3804 3084 decima

525 3123 634 3178 cull
653 3121 983 3177 etcollectze:
1005 3119 1332 3186 Quoniamtu
1355 3117 2036 3182 illuminas,etc.Quoniam
2057 3118 2110 3170 in
2143 3153 2184 3208 Γ
2219 3133 2316 3188 pro
2336 3119 2591 3173 omnibus
2616 3117 2862 3173 fidelibus
2885 3107 3186 3184 defunctis;
3217 3116 3510 3172 novissima
3539 3131 3640 3187 pro
3665 3118 3804 3172 vivis

525 3225 573 3268 te
602 3215 731 3282 erip.
761 3207 2113 3278 Domitms,illnminatio.Dominus,protectoreita'.
2220 3219 2276 3265 et
2301 3208 2590 3274 defunctis,
2627 3209 2680 3264 id
2711 3218 2827 3273 est,
2877 3207 3192 3264 Structorem
3229 3219 3454 3262 tuorum.
3487 3207 3716 3266 (λιγείῃ-ε
3745 3209 3802 3264 ἰιι

525 3305 786 3377 Exsurge,
821 3305 1063 3360 Domine.
1107 3303 1250 3358 Deus
1275 3345 1289 3370 ,
1317 3303 1408 3374 qui
1449 3301 1722 3356 illuminas
1751 3312 1974 3366 noctem,
2007 3310 2114 3356 etc.
2219 3303 2326 3356 alio
2361 3303 2480 3358 loco
2505 3304 2616 3374 jam
2655 3313 2782 3358 sunt
2813 3314 3128 3373 praenotata:
3171 3318 3270 3373 pro
3299 3303 3498 3373 quibus
3523 3301 3800 3358 dicantur.

1145 3393 1375 3451 CAPUT
1405 3394 1492 3450 Vl.

549 3491 637 3546 De
659 3491 948 3545 missarum
969 3487 1270 3552 soiemniis;
1293 3497 1339 3542 et
1369 3488 1422 3540 |°
1463 3487 1535 3540 De
1561 3487 1762 3556 majore
1794 3487 1951 3539 missa
1971 3486 2081 3556 pri-

1145 3561 1276 3614 vatis
1299 3559 1500 3612 diebus.

599 3677 976 3750 Interrogatio.
1029 3676 1168 3744 Quot
1219 3678 1412 3732 missis
1455 3676 1632 3731 acturi
1682 3675 1815 3731 estis
1865 3677 2112 3746 quotidie

535 3769 864 3840 generaliter
891 3769 943 3823 in
975 3769 1280 3823 conventu?

611 3859 918 3925 Responsio.
955 3859 1100 3912 Duas
1128 3876 1141 3912 :
1171 3859 1400 3926 primam
1431 3857 1500 3912 de
1527 3857 1614 3912 die
1633 3897 1647 3920 ,
1681 3857 1932 3922 alteram,
1962 3857 2006 3911 si
2032 3866 2114 3913 est

527 3949 646 4005 dies
677 3949 942 4020 privatus,
989 3963 1086 4018 pro
1133 3947 1426 4002 defunctis.
1477 3947 1550 4001 De
1581 3963 1688 4017 quo
1713 3959 1771 4000 ut
1797 3947 1936 4000 ultro
1965 3948 2106 4002 inse-

527 4057 646 4097 ram
695 4042 836 4113 quod
889 4049 942 4094 tu
984 4049 1164 4094 tamen
1209 4054 1454 4110 quaerere
1505 4056 1612 4095 non
1667 4039 1899 4094 libenter
1943 4039 2114 4108 negli-

528 4147 709 4204 geres,
734 4129 990 4200 majorem
1025 4131 1248 4185 missam
1278 4137 1331 4184 tu
1358 4129 1586 4198 privatis
1612 4129 1802 4194 diebus
1832 4128 1971 4184 solet
2015 4129 2112 4182 ite-

531 4241 647 4279 rum
677 4223 877 4279 letania
913 4222 1248 4294 pra-venire,
1283 4237 1402 4290 quae
1428 4229 1604 4274 tamen
1641 4235 1748 4274 non
1774 4228 1856 4274 est
1887 4218 2110 4272 multum

527 4313 756 4383 prolixa,
787 4313 960 4368 tribus
1008 4321 1219 4367 tantum
1257 4311 1464 4367 sanctis
1496 4311 1559 4365 de
1581 4311 1806 4381 singulis
1832 4310 2114 4364 ordinibus

527 4405 890 4461 nominandis.
927 4404 1104 4458 Prima
1139 4403 1366 4459 collecta
1395 4405 1706 4474 praemissa,
1751 4405 1832 4456 lue
1879 4402 1982 4455 rite
2027 4415 2114 4454 sc-

2219 3391 2326 3450 Sed
2357 3395 2498 3450 sicut
2539 3395 2675 3450 ordo
2720 3395 3074 3450 collectarum
3113 3394 3406 3463 aliquando
3443 3403 3690 3448 mutatur
3731 3394 3802 3448 ad

2217 3483 2476 3552 cilicium,
2503 3486 2576 3540 ita
2601 3501 2698 3556 per
2721 3486 2868 3542 vices
2897 3485 3062 3540 etiam
3088 3494 3325 3542 mutatur
3357 3485 3444 3541 hic
3471 3485 3554 3540 vel
3581 3494 3804 3556 proptrr

2216 3574 2455 3644 aliquem
2487 3589 2660 3645 nuper
2691 3574 3042 3639 defunctum,
3065 3575 3147 3630 vel
3187 3585 3408 3644 propter
3439 3574 3674 3644 aliquem
3703 3589 3804 3628 an-

2217 3667 2612 3732 niversarium;
2643 3677 2762 3736 post
2795 3667 3080 3722 duodecim
3107 3681 3326 3737 quoque
3359 3667 3804 3730 lectiones,siout

2214 3773 2431 3828 semper
2475 3759 2751 3814 matutinae
2787 3757 3164 3814 defunctorum
3202 3758 3560 3814 familiaribus
3597 3759 3802 3815 nostris

2216 3861 2341 3904 sunt
2363 3852 2660 3921 deputaue,
2694 3851 2765 3905 ita
2793 3853 2954 3906 missa
2986 3850 3370 3908 defunctorum
3417 3853 3676 3922 deputata
3713 3861 3800 3906 est

2215 3943 2562 4012 pontificibus
2591 3943 2887 4010 Romanis,
2911 3953 2966 3997 et
2999 3953 3287 4014 propterea
3317 3953 3444 4000 tunc
3481 3945 3658 4014 prima
3689 3945 3802 4000 col-

2215 4035 2355 4088 lecta
2385 4051 2482 4105 pro
2513 4037 2593 4090 eis
2614 4035 2879 4100 dicenda,
2907 4047 2960 4091 et
2985 4037 3103 4091 dum
3144 4037 3211 4091 de
3257 4037 3432 4092 medio
3475 4039 3804 4092 auferuntur

2215 4145 2334 4199 qua:
2359 4137 2413 4184 et
2449 4137 2641 4183 matut.
2679 4127 3034 4184 familiaribus
3077 4129 3278 4184 nostris
3319 4131 3606 4200 deputatae,
3663 4139 3802 4184 sunt

2216 4222 2542 4277 auferendze.
2575 4223 2878 4292 Sequentes
2921 4231 3099 4276 autem
3137 4231 3320 4277 tenent
3347 4223 3595 4277 ordinem
3628 4223 3796 4290 supra

2217 4323 2610 4379 memoratum;
2642 4315 2735 4370 sed
2771 4329 2992 4380 earum,
3022 4330 3158 4384 quas
3187 4316 3296 4370 dixi
3345 4323 3464 4386 post
3511 4316 3800 4372 duodecim

2221 4405 2479 4460 lectiones
2509 4403 2864 4469 auferendas,
2917 4415 2976 4460 ut
3005 4407 3184 4461 adhuc
3217 4407 3594 4472 meminerim,
3647 4415 3802 4462 tanta

527 4509 803 4570 qnuntur:
861 4497 939 4551 De
983 4497 1132 4566 cujus
1183 4497 1398 4550 dextera
1444 4497 1650 4550 beatum
1687 4492 1924 4548 Petrum.
1965 4490 2106 4546 Con-
2141 4495 2186 4555 D
2214 4503 2296 4551 est
2327 4495 2614 4548 multitudo
2639 4493 2851 4549 illorum
2878 4495 2972 4564 qui
3001 4511 3192 4550 omnes
3239 4495 3470 4565 professi
3516 4507 3642 4552 sunt
3667 4514 3800 4552 cou-

529 4592 674 4654 cede,
698 4605 1023 4660 quwsumus,
1063 4588 1388 4656 omnipotens
1413 4585 1586 4650 Deus,
1639 4593 1691 4638 ut
1723 4586 1857 4638 inter
1894 4592 2112 4638 sanetur.

534 4681 874 4745 Quwsumus,
905 4679 1230 4748 omnipotens
1257 4675 1420 4739 Deus,
1457 4688 1509 4727 ut
1537 4675 1747 4744 famuli.
1775 4675 2112 4744 Omnipotens

527 4774 858 4840 sempiterne.
897 4770 1033 4824 Deus
1081 4771 1169 4840 qui
1205 4771 1312 4838 fac.
1345 4767 1484 4822 Deus
1523 4785 1554 4820 α
1600 4783 1724 4838 quo.
1771 4765 2114 4834 Omnipotens

529 4864 838 4932 sempiterna
869 4861 1042 4928 Deus,
1069 4863 1314 4914 miserere
1355 4859 1544 4930 famul.
1599 4861 1680 4913 Ab
1727 4870 1835 4912 oet.
1891 4857 2116 4910 Pascha:

529 4967 702 5023 usque
723 4951 788 5006 ad
819 4951 1016 5004 festum
1047 4949 1104 5003 S.
1137 4949 1415 5004 Michaelis
1441 4967 1452 5002 :
1481 4949 1520 5000 A
1565 4949 1718 5002 domo
1743 4957 1858 5006 tua.
1905 4959 2118 5016 qua’su-

529 5061 664 5102 mus.
695 5043 937 5110 Quorum
971 5059 1091 5097 eum
1123 5041 1370 5110 quzedum
1416 5041 1550 5095 satis
1590 5042 1703 5094 sint
1745 5049 1867 5094 nota
1895 5045 2115 5109 proptr

2220 4586 2549 4655 gregationis
2579 4597 2780 4640 nostrae
2809 4595 2862 4639 ut
2892 4585 3172 4640 rarissime
3201 4588 3286 4642 his
3311 4585 3580 4643 defunctis
3607 4603 3800 4644 carea-

2219 4693 2362 4742 mus,
2395 4693 2492 4746 pro
2519 4676 2716 4745 quibus
2749 4685 2954 4746 septem
3003 4675 3176 4732 officia
3223 4678 3386 4732 simul
3425 4695 3546 4733 cum
3585 4691 3800 4749 septem

2221 4771 2403 4824 missis
2432 4779 2558 4823 sunt
2583 4771 2820 4839 agenda;
2868 4779 2921 4823 et
2965 4781 3250 4840 pr0ptcrea
3291 4787 3397 4826 non
3433 4779 3516 4828 est
3545 4771 3647 4826 alia
3677 4787 3802 4842 qua:

2221 4869 2328 4914 tam
2351 4861 2666 4929 frequenter
2699 4861 2874 4928 prima
2907 4861 3118 4914 dicatur
3140 4877 3303 4930 quam
3338 4875 3400 4916 ea
3429 4877 3550 4932 qua:
3582 4877 3679 4930 pro
3701 4863 3802 4918 hu—
3877 4857 3888 4868 ’

2211 4951 2446 5021 jusmodi
2471 4962 2554 5006 est
2581 4954 2902 5017 constituta,
2933 4953 2981 5007 id
3005 4965 3126 5021 est,
3163 4954 3302 5009 Deus
3331 4956 3420 5009 cui
3446 4973 3594 5026 prop.
3633 4956 3704 5010 At
3747 4958 3798 5012 si

2217 5046 2462 5098 evenerit
2495 5044 2614 5098 talis
2659 5044 3066 5100 anniversarios
3101 5061 3198 5104 pro
3224 5061 3330 5102 nuo
3363 5045 3624 5102 pulsanda
3665 5056 3798 5100 sunt
