4030 5354
247 271 352 326 (553

1041 245 1616 310 eossuerumxns
1655 203 2193 296 Cl.UN|.\CENSES.
2229 265 2292 272 —
2339 229 2536 286 LIBER
2567 225 2843 284 ramus.

3416 217 3519 270 (.iii

247 375 658 438 anniversarias
686 383 736 426 et
771 371 946 442 prima
973 369 1136 422 missa
1167 381 1268 433 pro
1313 363 1481 414 fratre
1528 373 1696 426 nuper
1741 355 1832 408 de—
1867 364 1910 418 Α
1938 363 2155 414 cratur;
2211 347 2312 400 Illal
2365 346 2502 398 forte
2552 344 2603 396 in
2655 341 2778 394 aliis
2827 335 3110 410 prmeipuis
3160 333 3340 397 lenis;
3395 344 3524 388 tunc

247 476 462 536 functo,
485 467 696 536 quodin
721 465 824 518 alio
849 463 966 516 loco
988 460 1050 512 de
1068 457 1242 510 ollieio
1261 455 1374 522 jam
1403 451 1534 514 dixi,
1570 450 1654 504 ltie
1676 447 1838 502 etiam

253 571 475 618 tenetur
507 566 564 610 ut
606 556 694 610 illa
717 554 948 610 collecta
985 565 1084 620 pro
1121 563 1290 616 ntuprr
1331 544 1584 598 defuncto
1627 553 1840 609 praepo-

253 661 432 710 natur,
465 657 520 702 et
547 661 608 700 ea
643 659 761 714 qua:
802 651 885 696 est
933 640 1000 694 de
1039 636 1412 690 anniversario
1455 641 1736 699 sequatur.
1781 627 1842 680 Et

255 745 360 798 hoc
395 737 696 794 notandum
727 743 783 786 ιιι
813 731 900 786 illa
933 729 1110 800 prima
1139 728 1298 779 missa
1317 739 1424 798 opru
1457 737 1628 790 nuper
1659 718 1844 774 defun-

255 843 344 887 cto
369 842 647 896 nunquam
673 825 901 883 dicatur,
929 819 1030 874 nisi
1057 818 1206 886 prius
1231 814 1466 866 oliieium
1491 812 1562 865 sit
1593 811 1842 880 praemis-

259 937 402 975 sum.
455 917 532 972 De
560 924 723 971 cantu
767 920 949 966 autem
981 908 1162 963 missa:
1198 903 1572 960 defunctorum
1621 913 1726 952 non
1765 903 1850 950 est

262 1009 490 1066 multant
546 1003 690 1076 quod
753 1017 890 1072 opus
951 999 1022 1054 sit
1083 1005 1142 1052 ut
1210 995 1458 1057 dicatur;
1531 985 1676 1060 quod
1763 995 1848 1040 ta-

265 1119 384 1158 men
425 1095 814 1156 mstimaverim
897 1107 1002 1146 non
1047 1087 1352 1144 tacendum.
1415 1082 1640 1148 Quoties
1694 1079 1853 1134 solito

265 1191 566 1247 solemnius
607 1189 788 1260 agitur
823 1185 938 1238 sive
969 1198 1065 1258 pro
1089 1193 1280 1234 recens
1303 1176 1580 1238 defuncto,
1614 1174 1727 1228 sive
1757 1185 1852 1240 pro

265 1279 666 1342 anniversario,
690 1277 896 1348 primus
921 1286 1210 1344 puerorum
1245 1283 1412 1338 cappa
1444 1265 1664 1320 indutus
1697 1269 1852 1317 tenet

263 1373 523 1432 chorum,
561 1385 589 1421 a
618 1367 824 1422 duobus
847 1362 1028 1434 pueris
1063 1359 1200 1413 albis
1233 1356 1434 1411 inalutis
1459 1363 1708 1409 cantatur
1731 1367 1854 1422 gra-

270 1462 449 1528 duale,
479 1459 562 1514 vel
589 1458 732 1530 quod
758 1457 825 1510 ab
851 1453 971 1508 aliis
1015 1450 1414 1522 responsorium
1455 1445 1774 1518 appellatur,
1800 1452 1856 1497 et

271 1555 346 1609 ita
374 1563 466 1616 ut,
508 1565 666 1604 versu
703 1547 876 1612 linito,
907 1541 1164 1616 graduale
1205 1555 1234 1593 a
1260 1539 1522 1610 principio
1544 1545 1841 1606 repetatur.

271 1643 582 1716 Aliquando
615 1641 737 1696 talis
775 1633 1136 1693 anniversalis
1170 1633 1348 1702 agitur
1381 1639 1490 1684 tam
1522 1627 1752 1683 celebris
1799 1633 1858 1680 ut

1945 443 2078 496 alius
2103 455 2262 512 quant
2313 437 2402 508 qui
2457 436 2676 488 missam
2710 431 2953 488 cantabit
2991 428 3126 484 stola
3159 427 3482 497 prmeiuctus
3507 467 3524 490 ,

1947 533 2076 588 facit
2099 527 2600 588 consecrationem;
2647 539 2750 590 qua
2775 529 3096 588 consumpta
3133 517 3362 588 aspergit
3412 518 3523 587 pri-

1949 641 2094 680 mum
2123 639 2246 678 cum
2277 635 2416 690 aqua
2465 617 2749 672 benedicta
2789 613 3161 684 pavimentum
3200 611 3254 663 in
3297 609 3530 664 cireuitn

1947 717 2136 772 altaris
2163 713 2405 784 majoris,
2437 719 2490 766 et
2521 709 2750 763 aliorum
2781 705 3032 760 altarium
3062 717 3180 770 (pta:
3213 709 3336 756 sunt
3362 701 3416 755 in
3451 701 3532 754 vi-

1949 808 2104 870 cino,
2147 815 2200 860 et
2229 813 2416 874 postea
2465 800 2680 852 fratres.
2731 795 2849 850 Uno
2897 809 3164 850 converso
3205 809 3328 846 eum
3370 807 3534 848 crtzce

1951 896 2176 954 sinistro
2198 891 2314 960 ejus
2341 891 2498 946 lateri
2527 889 2726 960 iugiter
2751 887 3086 948 adh-mente,
3119 893 3174 938 ct
3198 881 3371 938 altero
3402 899 3536 938 con-

1951 993 2220 1042 secratam
2249 997 2445 1050 aquam
2475 977 2791 1050 praeferente
2833 975 3128 1046 perlustrat
3171 973 3392 1029 claustri
3419 973 3536 1028 eiii-

1954 1075 2130 1138 ciuas,
2183 1073 2234 1126 in
2273 1069 2500 1142 singulis
2533 1083 2695 1124 unam
2733 1065 3016 1122 collectam
3047 1063 3536 1120 benedictiuualem

1954 1167 2201 1222 dicendo.
2237 1165 2478 1218 Primum
2537 1163 2754 1216 deruunt
2810 1159 3182 1222 inﬁrmorum;
3240 1157 3296 1220 ‘2,
3334 1157 3540 1210 dormi-

1957 1259 2186 1323 torium;
2236 1257 2292 1320 ὅ,
2345 1253 2726 1318 refectorium;
2777 1251 2833 1316 4,
2865 1251 3154 1320 eoquinat‘u
3195 1248 3540 1318 regularem;

1956 1351 2009 1412 ὕ,
2052 1349 2350 1406 cellarium.
2384 1347 2693 1401 Conventus
2721 1359 2844 1398 eum
2875 1343 3240 1412 exspectando
3269 1340 3399 1394 l'acit
3428 1339 3542 1408 pti—

1958 1459 2100 1498 mam
2154 1442 2440 1496 stationem
2497 1439 2551 1492 iu
2604 1436 2830 1494 ecclesia
2892 1437 3108 1490 Sancta:
3183 1435 3402 1500 Mai-ire,
3451 1433 3544 1488 ubi

1959 1545 2013 1591 et
2037 1549 2144 1588 una
2170 1531 2398 1586 collecta
2429 1530 2494 1584 de
2521 1530 2636 1599 ipsa
2668 1527 2834 1583 tonali
2869 1536 2952 1582 est
2987 1527 3432 1596 pronuntiatione
3463 1523 3546 1576 di-

1960 1629 2166 1690 cenda;
2191 1621 2426 1678 secunda
2460 1629 2586 1674 ante
2615 1617 3028 1682 dormitorium;
3059 1607 3218 1670 tertia
3249 1625 3376 1669 ante
3407 1615 3550 1668 rel'e—

279 1705 392 1792 duo
411 1737 566 1808 pueri
599 1749 788 1790 rursus
823 1727 1082 1804 graduale
1111 1723 1380 1782 cantaturi
1410 1721 1600 1778 sericis
1629 1721 1863 1776 iuduan-
1895 1707 1940 1766 Β
1967 1715 2241 1781 ctorium;
2271 1721 2466 1784 quarta
2497 1711 2656 1766 simul
2696 1725 2818 1764 cum
2847 1709 2967 1776 ipso
2991 1708 3044 1760 in
3084 1705 3349 1760 vestibulo
3374 1705 3551 1760 cecle-

275 1843 368 1883 tur
397 1827 617 1892 tunicis,
647 1836 704 1880 et
735 1827 840 1878 duo
871 1823 1068 1877 fratres
1112 1815 1300 1888 cappis
1335 1816 1405 1870 ad
1447 1823 1681 1870 tractant
1731 1827 1864 1868 can-

273 1921 528 1987 tandum,
552 1919 642 1990 qui
675 1929 849 1974 tamen
879 1915 1011 1972 satis
1043 1927 1168 1968 raro
1195 1918 1468 1966 cantatur.

863 2045 1092 2106 CAPUT
1131 2043 1268 2102 Vlll.

499 2143 576 2196 De
607 2140 808 2210 majore
843 2139 1002 2194 miua
1035 2137 1088 2192 in
1129 2136 1312 2190 diebus
1337 2130 1652 2188 Dominicis.

361 2257 414 2308 In
444 2252 740 2308 Dotninicis
765 2251 958 2304 diebus
985 2248 1054 2302 ad
1077 2247 1339 2316 majorem
1377 2245 1596 2298 missam
1625 2239 1876 2295 introitus

285 2358 412 2418 post
463 2361 680 2402 reer
731 2343 988 2398 dimidius
1030 2341 1168 2396 solet
1217 2333 1876 2406 recanlari,post'Gloria

289 2439 446 2493 Patri
481 2448 648 2492 totus.
681 2435 862 2490 Gloria
906 2437 962 2489 in
1005 2419 1224 2489 accisis
1259 2433 1368 2488 Deo
1413 2445 1686 2501 nunquam
1713 2428 1876 2484 omit—

287 2530 428 2584 titur
455 2527 560 2582 nisi
591 2527 644 2582 in
676 2527 924 2582 Adventu
949 2524 1182 2589 Domini,
1207 2532 1260 2578 et
1291 2538 1320 2576 a
1348 2521 1754 2592 Septuagesima
1786 2535 1878 2572 us-

295 2635 406 2690 que
435 2619 506 2673 ad
535 2617 774 2673 Pascha.
819 2613 936 2671 Una
985 2623 1194 2670 tantum
1243 2613 1464 2668 collecta
1503 2621 1588 2667 est
1627 2610 1880 2665 dicenda.

287 2709 574 2768 ‘Gradnale
595 2726 626 2764 ιι
653 2708 864 2764 duobus
893 2707 1088 2762 albatis
1117 2715 1388 2768 cantatur,
1407 2705 1494 2758 vita
1525 2713 1584 2758 ut
1617 2719 1772 2758 versu
1803 2703 1870 2756 {i-

295 2810 418 2863 nito
465 2823 496 2862 a
543 2807 812 2880 principio
847 2814 1142 2875 repetatur.
1177 2803 1306 2858 Item
1340 2801 1554 2856 alleluia
1593 2815 1622 2854 a
1655 2799 1880 2854 duolms.

311 2905 516 2957 Versus
544 2899 804 2957 oﬂ'ertorii
846 2914 1034 2955 omnes
1076 2905 1319 2954 cantant.
1364 2895 1566 2950 Tamen
1615 2893 1716 2948 nisi
1747 2907 1887 2946 llltlls

299 2995 486 3060 oﬂ‘ert,
513 2996 610 3050 sed
650 2994 890 3064 quinque
920 2992 1090 3047 simul
1109 2991 1346 3054 hostias;
1393 2998 1452 3042 nt
1481 2987 1572 3058 qui
1621 2985 1888 3040 voluerint

1967 1810 2081 1876 size;
2115 1809 2302 1880 quinta
2333 1823 2361 1860 a
2383 1805 2586 1876 pascha
2627 1815 2799 1872 usque
2829 1800 2895 1854 ad
2927 1799 3283 1854 Peutccosten
3327 1797 3393 1850 ad
3420 1811 3550 1850 san-

1969 1911 2112 1956 ctam
2135 1914 2378 1962 crucem,
2412 1897 2501 1952 ubi
2531 1909 2718 1950 rursus
2751 1909 2870 1948 mos
2899 1901 2984 1946 est
3013 1901 3073 1946 ut
3106 1891 3171 1946 de
3203 1889 3288 1944 illa
3315 1904 3420 1944 uua
3442 1888 3552 1960 cul-

1971 1993 2110 2047 lecta
2141 1991 2374 2046 dicatur.
2407 1985 2658 2058 Singulas
2698 1984 2957 2040 collectas
2999 1982 3086 2036 hic
3111 1981 3400 2035 nominare
3449 1995 3552 2034 una

1973 2096 2150 2150 vacat,
2197 2085 2324 2154 quia
2359 2083 2493 2138 satis
2519 2089 2647 2136 sunt
2673 2088 2836 2144 none,
2859 2079 2966 2132 nisi
3004 2079 3077 2132 de
3101 2078 3348 2142 duabus,
3377 2077 3560 2132 nescio

1975 2179 2020 2232 si
2053 2176 2195 2248 apud
2226 2174 2554 2229 Teutonicos
2603 2181 2676 2226 tta
2716 2179 2844 2226 sunt
2889 2171 2944 2226 in
2976 2185 3107 2234 usu;
3147 2185 3252 2224 uua
3281 2185 3406 2240 qua:
3431 2179 3559 2224 ante

1977 2283 2193 2340 portam
2219 2267 2462 2324 ecclesiae
2479 2264 2808 2319 dicendaiest
2834 2263 2975 2318 inter
2999 2261 3352 2325 cantandum,
3385 2261 3434 2314 id
3457 2271 3560 2323 est,

1981 2363 2202 2418 Domine
2221 2361 2352 2416 Jesn
2381 2358 2618 2422 Christe;
2651 2355 2819 2412 altera
2850 2371 2969 2426 qua:
2997 2354 3050 2409 in
3075 2354 3271 2418 choro,
3317 2351 3408 2406 l'ia
3435 2369 3556 2406 san-

1982 2463 2184 2508 ctorum
2211 2450 2464 2504 omnium.
3488 2451 3496 2458 °

2589 2603 2818 2660 CAPUT
2861 2601 2963 2656 X1.”

2343 2700 2414 2753 De
2463 2698 2762 2752 diversitate
2801 2687 3206 2748 solemnimmm.

2057 2813 2428 2883 InIcrrngatfo.
2444 2811 2500 2863 In
2517 2809 2638 2862 aliis
2654 2806 2826 2870 festis,
2843 2805 2886 2860 si
2901 2803 3303 2876 processioucm
3319 2817 3421 2854 non
3444 2801 3570 2855 faci—

1991 2910 2090 2975 tis,
2113 2905 2350 2976 nunquid
2379 2913 2556 2978 tamcu
2586 2899 2688 2954 alia
2715 2896 2895 2954 omnia
2931 2895 3128 2952 tenetis
3151 2903 3205 2950 ct
3239 2893 3563 2956 observatis,

1989 3017 2108 3072 qua:
2123 3003 2175 3056 in
2195 3002 2380 3056 diebus
2399 3000 2696 3054 Dominicis
2710 2994 3202 3058 suntobservanda,
3219 2999 3309 3046 aut
3325 2999 3406 3046 cst
3425 2991 3576 3061 quid-

313 3087 520 3156 possint
569 3085 990 3141 communicare.
1046 3085 1238 3138 Pacem
1297 3081 1572 3152 accipiunt
1625 3077 1885 3133 universi.
1917 3053 1960 3116 (δ
1992 3053 2316 3164 ἑιηιηῳιοα
2343 3053 2841 3148 θωκέθηέυιράιίεε),

313 3181 444 3248 Ipsae
481 3186 660 3232 autem
685 3177 876 3231 hostia:
898 3192 1020 3231 cum
1047 3175 1255 3230 iuerint
1285 3182 1616 3229 consecrata?
1635 3213 1649 3236 ,
1681 3177 1892 3226 mutan-

314 3254 672 3336 “arquatum:
699 3283 820 3322 cum
863 3265 970 3321 illis
1003 3279 1123 3335 qum
1155 3266 1210 3318 in
1254 3264 1476 3334 pixide,
1523 3271 1580 3316 et
1635 3263 1686 3314 iu
1729 3275 1890 3314 aurea

319 3357 570 3412 columba
621 3373 784 3428 super
811 3357 984 3411 alta‘re
1023 3356 1294 3426 pendente
1325 3355 1530 3424 iugiter
1571 3351 1889 3414 servantur;

315 3449 554 3502 maxime
583 3457 806 3516 propter
839 3447 1092 3500 .iulirmos
1115 3485 1128 3510 ,
1171 3453 1242 3500 ut
1285 3442 1547 3514 quidquid
1573 3441 1640 3495 de
1666 3441 1745 3495 eis
1775 3451 1896 3493 cve-

299 3539 464 3602 .niat,
495 3539 750 3592 viaticqu
797 3538 865 3591 sit
907 3538 958 3590 in
989 3548 1262 3606 promptu.
1293 3535 1570 3588 Mutantur
1595 3540 1774 3584 autem
1805 3543 1899 3597 per

315 3647 546 3686 ntamnn
571 3630 784 3684 diaconi
827 3629 878 3682 in
915 3628 1062 3682 ιιιιιιιὶ
1091 3627 1178 3682 die
1209 3625 1485 3680 Dominica
1527 3637 1590 3676 ea
1623 3622 1688 3676 de
1713 3634 1896 3684 causa,

319 3733 393 3778 ne
419 3721 576 3792 longo
606 3721 712 3776 situ
742 3719 922 3789 aliquo
949 3718 1110 3774 modo
1141 3717 1272 3772 [iant
1297 3717 1615 3772 deteriores.

944 3847 1170 3904 CAPUT
1200 3847 1286 3902 IX.

422 3938 563 3993 Item
591 3939 653 3993 de
682 3939 840 3992 missa
871 3937 1168 3992 matutinali
1205 3939 1260 3991 in
1288 3937 1364 3990 dit
1377 3936 1468 3989 bus
1491 3933 1800 3988 Dominicis.

399 4051 556 4106 Tunc
585 4051 652 4106 ad
695 4053 916 4106 missam
943 4065 1156 4120 quoque
1187 4048 1558 4104 matutinalem
1605 4047 1658 4101 in
1702 4045 1904 4100 eisdem

329 4143 524 4198 diebus
551 4143 858 4206 veniamus;
904 4143 1018 4196 hate
1060 4141 1318 4196 nimirum
1351 4155 1454 4194 non
1481 4139 1584 4192 alia
1617 4137 1754 4192 solet
1788 4150 1908 4190 esse

331 4243 569 4302 quamet
597 4231 788 4300 major,
821 4233 1026 4287 scilicet
1047 4232 1111 4286 de
1139 4231 1246 4286 die.
1277 4229 1403 4284 Post
1425 4229 1656 4299 primam
1682 4226 1908 4281 collecta

332 4323 570 4378 secmtda
592 4332 672 4376 est
699 4323 764 4376 de
789 4321 1074 4376 Trinitate.
1105 4320 1300 4376 Postea
1350 4319 1431 4374 bae
1477 4332 1666 4372 omnes
1695 4331 1816 4386 qua:
1854 4316 1908 4369 in

335 4415 563 4487 privatis
616 4413 806 4467 diebus
860 4411 928 4465 ad
985 4411 1244 4480 majorem
1283 4409 1503 4463 missam
1540 4407 1824 4471 dicuntur,

339 4505 636 4560 novissime
684 4505 1000 4557 Sanctorum
1033 4515 1264 4555 morum.
1289 4499 1548 4555 Cantatur
1584 4507 1762 4552 autem
1790 4498 1915 4552 abs-

339 4614 444 4669 que
472 4595 730 4669 Symbolo
766 4595 1084 4666 apostolico,
1119 4593 1220 4647 nisi
1248 4591 1540 4661 aliquando
1587 4591 1825 4655 eveniat,
1861 4599 1920 4643 ut

342 4699 564 4758 prepter
608 4687 848 4756 aliquam
882 4684 1284 4753 tribulationem
1313 4681 1463 4751 plebs
1495 4681 1767 4736 rusticana
1793 4695 1921 4734 cou-

347 4791 568 4836 vocetur
595 4781 666 4834 ad
701 4779 948 4834 eamdem
985 4761 1207 4832 missam
1235 4774 1598 4835 audiendam;
1643 4782 1770 4827 tunc
1817 4788 1922 4828 non

341 4872 636 4926 nniittitur.
661 4869 719 4924 Si
751 4879 832 4923 est
871 4870 922 4923 in
948 4867 1372 4936 Quadragesima
1396 4905 1412 4929 ,
1458 4865 1664 4934 absque
1711 4874 1884 4918 tractu
1907 4903 1923 4929 ,

347 4965 392 5020 si
443 4965 495 5020 in
526 4963 767 5033 paschali
813 4972 1053 5033 tempore
1101 4977 1224 5016 cum
1281 4976 1388 5014 uno
1433 4971 1642 5016 tantum
1691 4960 1923 5015 alleluia.

349 5059 512 5113 Solus
549 5060 700 5128 prior
741 5056 898 5110 oll‘ert
943 5072 1102 5110 unam
1151 5063 1360 5108 tantum
1407 5053 1662 5110 hostiam.
1709 5053 1750 5106 A
1810 5053 1926 5108 dia-

353 5165 488 5202 cono
523 5149 717 5220 aceipit
743 5163 928 5218 pacem
951 5148 1111 5205 alicui
1137 5145 1270 5202 foris
1303 5145 1528 5200 chorum
1569 5143 1639 5198 de
1660 5144 1934 5214 pepnlari-

353 5240 454 5296 bus
478 5239 730 5294 dandam.
761 5239 1026 5298 Diaconus
1047 5250 1266 5310 quoque
1281 5249 1348 5289 ex
1366 5250 1514 5292 more
1541 5235 1928 5290 communicat.

2065 3185 2216 3256 Resp.
2245 3185 2360 3238 Alia
2389 3195 2516 3240 sunt
2549 3184 2702 3254 plura
2735 3183 2787 3236 iu
2819 3181 3018 3250 quibus
3061 3177 3194 3233 nihil
3241 3177 3420 3246 agitur
3459 3189 3574 3230 am-

1997 3277 2134 3348 plius
2161 3293 2320 3346 quam
2354 3277 2406 3330 in
2433 3275 2674 3346 qualibet
2707 3273 2980 3330 Dominica
3013 3271 3131 3335 die;
3163 3277 3218 3324 et
3240 3269 3345 3322 alia
3369 3275 3494 3322 sunt
3518 3268 3572 3320 in

1997 3370 2190 3439 quibus
2217 3371 2318 3424 boc
2332 3368 2714 3438 superadditur
2741 3365 2884 3436 quod
2907 3363 3278 3418 invitatoriam
3303 3359 3576 3420 cantaturi

1999 3460 2134 3516 albis
2179 3460 2490 3524 induantur,
2539 3460 2764 3528 etquod
2807 3455 3082 3518 sacerdos,
3131 3453 3269 3506 lecto
3307 3460 3432 3520 post
3483 3465 3580 3502 no-

2001 3561 2220 3608 cturnos
2265 3551 2576 3622 Evangelia,
2625 3565 2749 3606 cum
2789 3547 2914 3603 alba
2959 3545 3099 3600 redit
3145 3544 3196 3598 in
3225 3543 3473 3606 chorum,
3521 3549 3582 3594 ut

2003 3642 2211 3697 albatus
2241 3642 2306 3696 ad
2334 3645 2604 3697 eainicum
2635 3637 2906 3710 Evangelii
2937 3637 3108 3690 altare
3153 3635 3414 3698 inccnset,
3447 3641 3503 3686 ut
3529 3632 3582 3684 in

2006 3735 2344 3805 Depositionc
2383 3735 2442 3789 S.
2483 3733 2692 3796 llilarii,
2718 3733 2770 3788 in
2799 3731 3016 3788 Octavis
3045 3726 3376 3798 Epiphaniae,
3408 3724 3458 3778 in
3485 3725 3588 3778 lie-

2007 3827 2160 3882 stoS.
2185 3826 2426 3896 Agnetis,
2453 3825 2510 3880 S.
2530 3825 2773 3895 Agatltze,
2791 3823 2850 3878 S.
2876 3820 3137 3884 Matthiae,
3161 3819 3220 3872 in
3249 3816 3594 3887 Depositiune

2010 3918 2068 3972 5.
2093 3917 2360 3987 Gregorii,
2393 3915 2450 3971 S.
2503 3915 2804 3981 Benedicti,
2850 3913 2902 3968 in
2939 3909 3364 3968 Annuntiatiune
3391 3907 3449 3963 S.
3483 3907 3594 3960 Ma-

2011 4005 2124 4071 ria},
2169 4007 2220 4060 in
2253 4006 2454 4062 Octava
2501 4003 2846 4062 Ascensionis
2893 4003 3130 4066 Domini,
3163 4000 3216 4054 in
3248 3997 3594 4068 Depositione

2012 4099 2068 4154 S.
2094 4071 2384 4155 Confortia:
2405 4098 2655 4168 virginis,
2683 4097 2734 4150 in
2762 4096 2960 4152 Octava
2985 4095 3042 4149 S.
3059 4091 3285 4148 Joannis
3311 4089 3587 4158 Baptistae;

2013 4191 2064 4246 in
2095 4191 2472 4246 Translatioue
2497 4189 2556 4244 S.
2601 4188 2840 4252 Martini,
2879 4187 2930 4240 iu
2973 4185 3172 4241 Octava
3205 4180 3600 4252 Translationis

2014 4286 2071 4339 s.
2120 4283 2416 4345 Benedicti,
2463 4282 2514 4334 in
2565 4249 2907 4350 Depositione
2954 4277 3012 4334 s.
3044 4277 3257 4340 Brictii,
3289 4249 3598 4328 ίιΐιιοιέἶνέί

1946 4395 1990 4452 υ
2019 4375 2076 4431 S.
2111 4375 2342 4436 .‘llarliui,
2390 4373 2442 4426 in
2487 4371 2831 4441 Depositione
2875 4369 2932 4425 S.
2964 4367 3280 4430 Clementis,
3310 4367 3362 4420 in
3394 4363 3598 4420 Octava

2021 4467 2368 4530 8.Αιιι1τθ;ιε;
2411 4466 2464 4520 in
2493 4463 2782 4518 Nativitate
2826 4463 2884 4517 S.
2916 4461 3116 4524 Lueim,
3164 4461 3216 4514 iu
3259 4459 3604 4528 Depositioue

2023 4563 2080 4616 S.
2131 4559 2418 4624 Silvestri;
2451 4567 2506 4612 et
2553 4558 2656 4610 hoc
2701 4557 2876 4624 ipsum
2919 4553 3030 4608 ﬁeri
3081 4553 3219 4607 solet
3257 4551 3312 4606 in
3367 4551 3608 4618 quinque

2025 4651 2321 4706 Dominicis
2338 4651 2548 4714 diebus,
2575 4649 2625 4702 id
2648 4657 2732 4704 est
2748 4647 2802 4702 in
2819 4649 2989 4716 prima
3005 4645 3284 4698 Dominica
3297 4642 3606 4706 Adventus;

2027 4747 2079 4800 iu
2125 4744 2555 4815 Septuagesima,
2587 4740 3034 4810 Quadragesitna,
3085 4747 3140 4792 et
3185 4735 3374 4790 liamis
3409 4735 3610 4804 palma-

2029 4852 2164 4890 I‘lllll.

2101 4927 2240 4981 Sunt
2283 4926 2389 4992 alia
2417 4939 2536 4994 qua:
2579 4924 2630 4978 iu
2671 4924 2774 4977 huc
2804 4921 3122 4994 przecellunt
3169 4921 3310 4991 quod
3347 4919 3532 4974 l'urmre
3565 4919 3618 4972 in

2032 5019 2198 5075 choro
2233 5019 2502 5088 tapetibus
2547 5015 2954 5084 eooperiuntur,
2989 5013 3128 5082 quod
3157 5015 3223 5070 ad
3273 5027 3528 5080 vesperas
3567 5020 3624 5064 et

2035 5114 2332 5173 matutinas
2375 5123 2502 5168 ante
2537 5111 2708 5164 altare
2737 5113 2902 5170 'cerei
2945 5109 3187 5182 quinque
3233 5108 3622 5162 accenduntur.

2037 5224 2158 5265 cum
2181 5206 2338 5270 alias,
2372 5206 2475 5262 nisi
2501 5213 2610 5258 tres
2625 5204 2766 5274 quod
2793 5205 3054 5264 sacerdos
3085 5203 3274 5256 altaria
3301 5202 3544 5262 incensat
3573 5198 3624 5250 in

2039 5315 2226 5354 canna.
2251 5303 2394 5354 quod
2423 5299 2490 5354 ad
2519 5299 2734 5354 easdem
2773 5302 2939 5354 horas
2981 5299 3088 5354 duo
3116 5298 3264 5354 pueri
3289 5313 3330 5348 re
3349 5287 3626 5354 sponsor-ia
