4030 5354
435 255 540 312 659

1485 246 1806 305 UDALRICI
1847 242 2338 301 CLUNIACENSIS
2369 241 2670 300 MONACIII

3588 240 3693 298 ϐω

432 369 645 422 caeteris
668 367 734 421 ad
763 365 1021 435 majorem
1067 365 1286 420 missam
1317 365 1617 430 servitur-is,
1651 363 1848 418 faciunt
1885 377 2010 432 pro-
2043 361 2087 420 Α
2121 359 2325 412 denarii
2361 359 2586 428 singulis
2631 360 2958 429 pauperibus
2987 377 3013 412 a
3051 359 3277 431 singulis
3305 358 3563 412 fratribus
3593 361 3686 414 tri-

431 459 732 514 cessiouem
760 459 826 511 ad
851 473 1044 512 novum
1069 457 1245 524 ignem
1263 456 1709 516 consecrandum,
1735 459 2013 508 cantantes

433 549 698 620 psalmum
730 547 1251 618 quinquagesimum.
1295 545 1432 598 Ante
1467 543 1864 614 processionem
1890 555 2010 610 por-

433 649 580 694 tatur
625 627 794 706 crux,
827 655 964 708 aqua
1003 637 1285 692 benedicta
1323 645 1377 690 et
1429 631 1782 699 thurilntium,
1836 641 2010 686 tamen

433 732 550 786 sine
573 731 714 800 igne,
743 737 800 784 ut
839 744 1007 784 novus
1039 727 1199 798 ignis,
1243 736 1526 797 postquam
1557 733 1904 780 consecratus
1933 723 2014 777 fu-

427 829 552 884 erit,
582 818 1292 891 aspergaturetiucensetur
1313 817 1378 870 ad
1407 813 1850 870 benedicendum.
1879 811 2012 868 Ora-

433 912 524 974 tio,
565 905 787 964 Domine
827 909 989 969 Deus,
1029 904 1189 960 Pater
1223 907 1565 974 omnipotens.
1630 903 1734 958 Per
1780 902 2011 957 mediam

432 1009 610 1053 autem
665 997 946 1054 ecclesiam
995 1004 1340 1051 revertuntur
1385 995 1436 1049 in
1490 996 1715 1050 chorum
1747 991 2012 1050 cantando

429 1094 664 1162 psalmos
679 1109 794 1158 LIII,
811 1109 918 1159 Lvt,
935 1109 1044 1160 th,
1059 1107 1241 1146 Lxxlx.
1259 1091 1378 1162 Ipso
1397 1091 1485 1146 die
1501 1092 1600 1145 rite
1623 1089 1800 1144 lumen
1824 1088 1878 1143 in
1895 1103 2012 1158 pcr-

427 1187 531 1237 tira
571 1193 822 1254 portatur
871 1199 898 1236 a
945 1183 1169 1240 custode
1221 1181 1494 1242 ecclesim.
1544 1181 1596 1234 in
1627 1180 1928 1234 Parasceve
1980 1193 2009 1230 a

424 1275 629 1344 priore,
653 1274 704 1328 in
735 1273 976 1328 Sabhato
999 1283 1186 1329 sancto
1233 1289 1260 1326 a
1302 1273 1501 1327 domno
1523 1271 1716 1325 abbate
1743 1269 1824 1325 vel
1865 1285 1894 1323 a
1925 1283 2011 1324 sa-

423 1363 682 1429 cerdote;
733 1363 868 1434 lapis
912 1364 1179 1434 pretiosus
1231 1362 1454 1416 bet-illus
1485 1363 1549 1414 de
1585 1375 1691 1429 quo
1743 1361 1882 1426 ignis
1928 1367 2013 1414 est

421 1435 818 1521 prmlucémlus,
887 1453 988 1507 sub
1041 1453 1282 1506 custodia
1337 1451 1672 1522 apocrisiarii
1740 1459 2007 1505 servatur.

422 1544 593 1607 Quem
643 1551 854 1596 tantum
901 1542 1220 1612 prmceutori
1256 1541 1496 1606 adhibet,
1547 1539 1605 1594 ut
1651 1539 1721 1593 ab
1759 1553 1826 1595 eo
1871 1539 2011 1609 ignis

421 1631 764 1699 proferatur;
825 1632 1188 1702 eamdemque-
1233 1631 1350 1701 ipso
1399 1631 1506 1697 die,
1555 1631 1608 1685 in
1665 1629 2009 1701 processione

423 1721 564 1776 idem
594 1721 766 1792 major
798 1722 1038 1776 θοριρείιε
1078 1733 1264 1776 custos
1279 1719 1502 1789 bajula’t.

502 1813 608 1866 Sed
633 1823 690 1867 ut
727 1813 795 1868 ad
841 1813 1000 1868 istum
1036 1813 1100 1867 de
1131 1828 1237 1883 quo
1271 1812 1450 1882 agitur
1489 1812 1726 1877 redeam,
1766 1825 1888 1866 cum
1916 1823 2008 1864 ve-

423 1901 603 1956 nerint
650 1902 702 1956 in
749 1903 999 1966 chorum,
1048 1902 1440 1972 complicantur
1477 1900 1692 1964 format,
1736 1901 1876 1956 sicut
1924 1909 2010 1955 est

424 1999 759 2054 consuetudo
803 2000 854 2053 in
902 2001 988 2055 his
1039 1999 1226 2056 diebus
1258 2001 1310 2054 in
1345 1999 1540 2070 quibus
1580 1999 1736 2054 venia
1773 2014 1878 2053 non
1923 2005 2010 2052 est

424 2090 675 2158 petenda.
725 2090 962 2147 Pulsatis
1004 2093 1256 2147 omnibus
1316 2092 1489 2164 signis
1535 2101 1788 2147 cantatur
1841 2091 2004 2145 missa

425 2181 644 2245 festive,
683 2190 862 2236 tamen
917 2184 1122 2253 absque
1166 2181 1348 2236 Gloria
1401 2181 1456 2236 in
1499 2181 1735 2244 excelsis,
1781 2189 1838 2235 et
1885 2187 2008 2250 post

423 2285 642 2325 versum
666 2269 850 2326 Gloria
875 2270 1026 2327 Patri
1061 2272 1314 2328 introitus
1338 2287 1442 2326 non
1467 2271 1682 2326 dicitur;
1735 2271 2006 2326 Diaconus

421 2360 717 2416 dalmatica
751 2363 1014 2428 induitur,
1043 2364 1413 2419 subdiaconus
1445 2365 1650 2428 tunica,
1681 2363 1870 2433 cappis
1914 2363 2004 2432 qui

421 2453 732 2522 gradnalcm
781 2456 1139 2511 cantaveriut.
1191 2455 1394 2512 Omnes
1441 2456 1714 2524 accipiunt
1775 2469 2005 2524 pacem,

421 2559 722 2613 "sanesque
751 2546 1184 2609 communicant;
1225 2553 1280 2600 et
1323 2560 1422 2614 per
1460 2544 1582 2599 illos
1613 2554 1848 2613 quatuor
1891 2543 2007 2597 dies

421 2635 827 2702 communicare
897 2649 1005 2689 non
1071 2636 1358 2704 quisquam
1425 2633 1656 2689 fratrum
1713 2631 2003 2697 omiserit,

423 2726 644 2779 etiamsi
690 2725 833 2778 aliud
897 2726 1002 2780 tale
1048 2726 1176 2795 quid
1215 2727 1263 2780 ei
1321 2725 1610 2793 contigerit
1661 2723 2005 2778 dormiendo.

425 2815 600 2867 Finita
633 2815 808 2868 missae
833 2815 1010 2870 talmla
1047 2815 1350 2886 percutitur
1383 2829 1480 2884 pro
1511 2813 1667 2884 signo
1705 2814 1772 2867 ad
1803 2813 2006 2868 orat-io-

425 2919 548 2958 nem
601 2915 974 2974 vesperarum,
1025 2919 1189 2975 quam
1233 2904 1422 2960 formis
1471 2905 1664 2958 iterum
1722 2903 2006 2974 explicatis

323 3045 336 3058 ,
427 2994 634 3048 facium
665 2995 1090 3064 procumbendo.
1121 2996 1332 3051 Interea
1375 3011 1506 3052 vero
1547 2997 1860 3051 reconditur
1897 2996 2004 3050 Do-

2117 447 2372 503 buuntnr.
2425 449 2701 505 Inclinatis
2748 452 2998 505 outnihus
3041 453 3302 506 dicendus
3354 461 3436 506 est
3477 467 3690 512 versus,

2113 551 2169 597 et
2217 542 2438 597 collecta
2493 557 2520 596 a
2571 541 2769 597 domno
2814 543 3028 607 abbate,
3072 543 3213 598 sicut
3263 554 3317 598 et
3369 545 3419 596 in
3477 545 3700 599 cameris

2114 633 2304 688 diebus
2344 634 2410 688 ad
2439 634 2752 690 mandatum
2801 651 3096 706 pauperum
3125 637 3227 692 dici
3267 625 3588 720 solent,.~ita
3627 653 3696 690 ne

2112 728 2283 797 possit
2332 729 2528 783 audiri.
2575 729 2642 784 Et
2689 729 2742 784 in
2782 729 2926 784 lnmc
2948 731 3112 784 etiam
3183 731 3398 784 modum
3439 729 3708 799 imposito

2113 817 2320 887 psalmo
2351 817 2596 873 Miserere
2645 821 2763 884 mei,
2813 819 2968 883 Deus,
3017 831 3073 876 et
3117 822 3260 876 facto
3289 831 3417 878 ante
3450 833 3506 876 et
3551 832 3706 876 retro

2113 907 2340 962 redeunt
2364 909 2420 962 in"
2448 909 2749 964 ecclesiam.
2783 911 2998 966 Interim
3023 923 3201 966 autem
3221 913 3346 966 dum
3378 914 3698 968 mandatum

2115 998 2276 1054 fiebat
2320 1015 2576 1061 percussa
2622 1015 2705 1056 est
2757 1002 2935 1056 tabula
2985 1003 3149 1058 tantis
3197 1003 3408 1059 vicibus
3475 1009 3698 1073 quantis

2112 1089 2264 1159 signa
2300 1089 2475 1143 solent
2498 1089 2572 1144 ad
2592 1105 2743 1160 vesp.
2767 1091 3000 1162 pulsari;
3037 1092 3128 1147 sed
3159 1101 3422 1148 conventu
3453 1094 3696 1147 intrante

2113 1178 2342 1249 provisa:
2393 1189 2515 1232 sunt
2563 1180 2760 1235 tabula:
2815 1185 2978 1249 quam
3029 1183 3229 1252 plures,
3289 1199 3408 1252 qua:
3463 1183 3516 1236 in
3577 1183 3698 1236 vice

2113 1267 2389 1336 signorum
2426 1269 2665 1322 omnium
2705 1285 2739 1322 a‘
2762 1271 3076 1326 custodibus
3108 1271 3352 1327 ecclesia:
3395 1273 3462 1326 ad
3489 1273 3704 1328 ostium

2113 1355 2281 1427 ipsius
2321 1357 2566 1413 ecclesia:
2614 1360 2884 1415 stantibus
2933 1363 3329 1430 percutiuntur.
3381 1361 3696 1419 Cantantur

2115 1459 2352 1514 veSperae
2381 1461 2531 1501 more
2572 1448 2980 1514 canonicorum,
3023 1465 3191 1520 pucro
3225 1451 3521 1506 inchoante
3571 1468 3705 1507 cum

2111 1533 2350 1604 quinque
2403 1535 2646 1606 psalmis,
2697 1546 2753 1593 et
2803 1541 2991 1594 eodem
3049 1541 3208 1596 modo
3247 1558 3356 1614 quo
3400 1553 3454 1599 et
3495 1554 3696 1600 matut.

2113 1624 2302 1680 Iaudes
2328 1625 2623 1693 liniuntur;
2667 1638 2887 1699 preptcr
2915 1632 3056 1699 quod
3087 1641 3262 1686 tamen
3295 1649 3362 1688 ne
3389 1635 3698 1688 aestimaves

2040 1714 2084 1774 B
2121 1717 2198 1772 ris
2223 1725 2280 1771 ut
2304 1717 2369 1771 ad
2415 1717 2552 1774 alias
2591 1719 2755 1775 horas
2799 1721 2888 1776 alii
2922 1723 3132 1792 psalmi,
3159 1739 3320 1794 quam
3349 1727 3440 1794 qui
3490 1726 3696 1791 solent,

2110 1806 2437 1862 dicerentur.
2487 1807 2675 1864 Omnia
2721 1827 2786 1866 ex
2847 1821 2958 1867 toto
3006 1814 3196 1869 altaria
3243 1815 3546 1880 nudantur;
3597 1831 3708 1887 pto-

2110 1897 2360 1969 cymbala
2407 1901 2710 1969 percutitur
2769 1903 2970 1969 tabula,
3025 1913 3080 1959 ct
3141 1905 3191 1959 in
3241 1905 3534 1961 refectorio
3597 1923 3696 1976 pro

2109 1991 2282 2045 scilla.
2331 1991 2431 2048 Ubi
2485 2010 2675 2049 rursus
2729 1995 2868 2050 sicut
2923 1997 2974 2051 in
3024 1998 3262 2066 capitulo
3305 2014 3425 2068 quae
3464 2001 3694 2054 dicenda

2109 2091 2256 2146 sunt.
2289 2085 2471 2139 omnia
2503 2097 2696 2154 praeter
2726 2086 2992 2142 lectiones
3035 2091 3134 2144 sub
3163 2089 3376 2145 silentio
3415 2091 3693 2159 dicuntur,

2108 2184 2164 2230 et
2191 2175 2256 2228 ad
2281 2175 2568 2231 ecclesiam
2604 2178 2676 2231 ita
2704 2179 3102 2249 regrediuntur.

2179 2265 2259 2318 Ad
2297 2267 2608 2321 mandatum
2643 2269 2787 2338 quod
2833 2269 2976 2324 inter
3011 2269 3212 2326 fratres
3257 2279 3340 2327 est
3368 2273 3701 2344 gerendum,

2112 2353 2520 2408 hebdomadarii
2552 2357 2784 2425 primum
2817 2357 3000 2413 lavant
3035 2360 3201 2430 pedes
3232 2361 3462 2416 fratrum
3495 2373 3552 2418 et
3581 2379 3690 2418 non

2111 2449 2352 2512 tergunt;
2403 2459 2537 2512 quos
2579 2445 2812 2502 domnus
2855 2447 3022 2504 abbas
3067 2463 3303 2517 sequens
3335 2459 3446 2506 tam
3489 2453 3700 2508 iterum

2107 2529 2252 2586 lavat
2280 2547 2440 2602 quam
2473 2535 2651 2606 tergit.
2679 2535 2778 2591 Cui
2814 2538 2977 2592 etiam
3009 2547 3118 2594 tres
3149 2540 3346 2596 fratres
3375 2543 3688 2614 obsequun-

2111 2633 2198 2678 tur
2247 2625 2408 2695 pedes
2467 2625 2694 2682 fratrum
2761 2630 2906 2685 inter
2963 2631 3248 2686 lavandum
3297 2638 3688 2698 sustentando.

2109 2733 2305 2785 aquam
2331 2722 2688 2789 apportando,
2728 2732 2784 2778 et
2807 2725 3140 2796 manutergia
3173 2727 3452 2789 mutando,
3480 2737 3536 2782 et
3563 2743 3696 2781 cum

2109 2808 2174 2861 ad
2206 2807 2342 2862 alias
2383 2810 2530 2865 vices
2565 2811 2632 2866 de
2669 2827 2772 2866 una
2810 2828 2948 2882 aqua
2999 2815 3208 2869 duobus
3239 2816 3497 2871 fratribus
3545 2833 3698 2888 aqua

2111 2899 2279 2968 pedes
2325 2900 2588 2967 laventur,
2618 2903 2708 2959 hic
2738 2905 2956 2974 quidem
2995 2921 3099 2960 non
3145 2907 3246 2962 nisi
3273 2907 3386 2961 uni.
3429 2907 3686 2963 Fratrum

2108 2997 2285 3044 autem
2337 2994 2884 3050 tanta'multitudine
2931 2995 3194 3063 collecta,
3258 2999 3515 3054 nimirum
3566 3001 3688 3070 plus

429 3083 688 3138 mihicum
723 3099 922 3155 corpus
954 3100 984 3140 a
1030 3087 1318 3142 sacerdote
1365 3097 1510 3141 retro
1556 3087 1748 3141 altare.
1781 3086 2002 3142 Ponitur
2031 3056 2076 3118 (ἶ
2109 3081 2406 3150 aliquando
2430 3099 2592 3153 quam
2623 3085 3004 3151 ducentorum,
3031 3090 3148 3143 dies
3173 3103 3278 3143 non
3313 3089 3603 3155 sufﬁceret,
3641 3093 3698 3146 si-

426 3177 482 3230 iu
509 3186 700 3246 pateua
723 3191 907 3242 aurea,
944 3188 998 3232 et
1026 3185 1218 3248 patena
1246 3177 1390 3233 inter
1420 3177 1672 3234 scutellas
1703 3191 1922 3244 aureas,
1951 3185 2006 3231 et

429 3270 607 3324 adhuc
651 3269 891 3325 scutelke
929 3271 1071 3324 inter
1115 3269 1330 3326 tabulas
1367 3279 1672 3340 argenteas,
1699 3284 1819 3338 qua:
1848 3269 2005 3322 facta:

427 3370 550 3414 sunt
579 3361 652 3414 ad
689 3370 895 3415 textum
947 3361 1235 3431 evangelii.
1267 3361 1346 3417 Eo
1385 3373 1566 3415 autem
1593 3377 1700 3430 quo
1729 3361 1799 3414 ab
1842 3359 2000 3414 altari

427 3463 676 3520 portatur
702 3469 822 3508 eum
847 3455 1042 3518 cereis,
1075 3463 1276 3508 etcum
1311 3454 1543 3523 plurimo
1581 3453 1824 3518 incenso,
1855 3461 2000 3521 post-

425 3559 588 3611 quam
637 3557 698 3596 se
727 3545 977 3597 exuerint
1015 3544 1107 3613 qui
1138 3543 1204 3596 ad
1236 3545 1456 3599 missam
1485 3543 1812 3606 servierunt,
1851 3544 2006 3597 dom-

427 3646 554 3683 num
581 3631 828 3686 abbatem
855 3631 1247 3700 praecedentem
1277 3647 1472 3687 omnes
1499 3641 1803 3702 sequuntur
1829 3633 2004 3703 (sedet.

425 3723 570 3775 enim
617 3722 834 3780 interim
879 3723 932 3776 in
973 3723 1162 3793 choro)
1192 3731 1247 3778 et
1287 3735 1417 3778 eum
1447 3725 1502 3778 in
1549 3724 1894 3780 refectorium
1943 3735 2003 3780 ut

425 3811 644 3868 mistum
681 3814 952 3883 accipiant
975 3823 1182 3868 tantum
1209 3815 1584 3886 unusquisque
1613 3818 1678 3870 de
1709 3816 1848 3872 libra
1875 3831 1998 3880 sua,

425 3912 482 3958 et
525 3905 674 3973 potio
713 3905 794 3960 eis
821 3905 1154 3976 pigmentato
1185 3908 1522 3977 propinatur.
1558 3907 1788 3974 Quando
1812 3921 2002 3962 conse-

430 3999 638 4062 derint,
693 3999 776 4054 vel
831 4000 1050 4068 quando
1099 4001 1468 4066 surrexerint,
1517 4001 1652 4055 nihil
1699 4001 1890 4057 dicunt
1937 4001 2006 4055 de

433 4108 618 4158 versu,
675 4092 1012 4148 solummodo
1059 4101 1186 4147 ante
1215 4091 1420 4147 faciunt
1467 4103 1522 4148 et
1569 4102 1740 4149 retro.
1782 4093 2002 4150 Interim

429 4201 698 4256 pauperes
729 4187 780 4240 in
821 4185 1116 4242 claustrum
1149 4187 1442 4243 introducti
1489 4191 1786 4245 consedere
1809 4189 2004 4258 juben-

432 4285 540 4330 tur.
567 4275 646 4328 Ad
675 4291 808 4345 quos
857 4275 1052 4331 fratres
1091 4277 1376 4332 venientes
1421 4278 1474 4332 in
1517 4277 1622 4333 alia
1675 4289 1828 4347 parte
1855 4279 2004 4334 elau-

2107 3171 2338 3227 donmus
2366 3175 2533 3230 abbas
2569 3175 2720 3231 solus
2751 3177 2822 3231 ita
2854 3180 3168 3232 mandatum
3201 3179 3438 3248 faceret;
3469 3195 3690 3252 propter

2105 3262 2248 3331 quod
2277 3264 2416 3320 alter
2443 3281 2660 3336 quoque
2687 3267 2854 3322 frater
2899 3284 2968 3324 ex
3005 3271 3280 3339 prioribus
3306 3269 3620 3337 assumitur,
3655 3292 3696 3327 a-

2106 3371 2212 3426 quo
2244 3359 2499 3414 similiter
2540 3375 2604 3416 ex
2652 3362 2820 3418 altera
2853 3373 3006 3434 parte
3036 3374 3288 3436 geratur;
3335 3375 3390 3422 et
3419 3368 3462 3420 si
3509 3368 3688 3421 visum

2107 3447 2292 3512 fuerit,
2322 3451 2499 3505 adhuc
2527 3451 2616 3506 alii
2643 3452 2751 3507 duo
2770 3461 2774 3464 '
2794 3463 3165 3509 assumuntur.
3197 3455 3404 3522 Quibus
3431 3457 3694 3511 omnibus

2106 3541 2272 3594 simul
2297 3557 2418 3596 cum
2464 3543 2581 3613 ipso
2626 3543 2828 3600 domno
2884 3545 3078 3601 abbate
3117 3547 3432 3617 priusquam
3489 3563 3694 3616 aquam

2105 3633 2422 3688 ministrent
2441 3636 2510 3689 ad
2549 3651 2742 3691 manus
2779 3635 3032 3702 fratrum,
3070 3637 3320 3692 lavantur
3359 3637 3524 3707 pedes
3553 3639 3694 3692 foris

2105 3725 2402 3793 capitulum
2436 3741 2464 3780 a
2495 3727 2756 3783 fratribus
2791 3729 2882 3799 qui
2913 3729 2981 3783 ab
3011 3728 3114 3784 hoc
3159 3729 3362 3784 fuerint
3397 3729 3684 3784 nominati.

2107 3817 2182 3870 Illi
2215 3825 2392 3870 autem
2431 3817 2530 3871 soli
2561 3819 2652 3886 qui
2683 3819 2856 3888 prima
2899 3819 2984 3874 vel
3027 3821 3262 3876 secunda
3285 3821 3402 3874 vice
3436 3819 3691 3875 laverunt

2106 3905 2274 3975 pedes
2327 3903 2582 3970 fratrum,
2633 3907 2687 3961 in
2739 3908 2920 3962 medio
2953 3909 3176 3978 capituli
3219 3920 3344 3965 ante
3391 3909 3596 3965 faciunt
3633 3920 3696 3963 et

2107 4007 2255 4050 retro
2309 3997 2625 4066 priusquam
2673 4001 2932 4065 sedeant,
2979 4017 3212 4072 quorum
3258 4019 3388 4058 cum
3429 4003 3506 4058 sit
3543 4017 3692 4056 “IIIIS

2106 4089 2336 4144 domnus
2386 4089 2591 4156 abbas,
2658 4099 2784 4148 tunc
2844 4093 2945 4164 ipsi
3011 4095 3244 4163 primum
3297 4095 3479 4150 sedem
3530 4109 3690 4149 suam

2107 4181 2313 4250 petenti
2348 4192 2642 4252 assurgunt
2673 4183 2888 4252 fratres,
2923 4194 2978 4241 et
3007 4186 3165 4242 datur
3190 4188 3238 4243 ei
3271 4187 3421 4242 locus
3451 4203 3480 4240 a
3504 4187 3698 4258 priore

2105 4287 2298 4342 parum
2325 4275 2612 4330 secedente
2643 4277 2732 4347 qui
2774 4277 2830 4332 in
2865 4279 2994 4334 sede
3019 4295 3113 4334 sua
3159 4280 3402 4334 sedebat.
3447 4279 3562 4333 Hoc
3591 4295 3689 4332 au-

427 4370 528 4429 stri
561 4383 660 4440 per
685 4369 934 4424 ordinem
977 4371 1300 4436 consistunt,
1348 4380 1401 4426 et
1433 4372 1502 4425 ita
1549 4383 1607 4426 ttt
1639 4373 1848 4443 priores
1875 4389 2004 4442 pau-

2111 4371 2216 4418 tem
2245 4372 2420 4418 totum
2445 4375 2800 4437 posteaquam
2829 4368 3196 4424 calceamenta
3220 4369 3506 4423 distributa
3533 4379 3688 4432 sunt,

431 4465 652 4532 poribus
679 4465 788 4518 sint
825 4464 1125 4534 prepiores.
1150 4464 1270 4534 ipse
1301 4465 1552 4520 dominus
1576 4469 1743 4521 abbas
1776 4468 2002 4535 imponit

427 4553 799 4621 antiphonam,
829 4555 914 4609 vel
939 4564 1258 4625 przecentor,
1286 4553 1546 4610 Dominus
1563 4557 1739 4621 Iesus,
1767 4567 1822 4611 et
1835 4558 2004 4612 ‘veuia

429 4645 634 4715 petitur
676 4645 744 4698 ab
785 4646 1070 4702 universis.
1109 4646 1398 4700 Inchoatur
1439 4649 1772 4712 mandatum,
1807 4659 1860 4702 et
1900 4651 2006 4703 duo

431 4734 592 4788 simul
630 4749 698 4788 ex
725 4749 830 4788 una
858 4745 1012 4804 parte
1053 4736 1233 4790 lavant
1276 4745 1330 4792 et
1363 4747 1604 4808 tergunt,
1639 4747 1694 4795 et
1737 4755 1804 4794 ex
1834 4740 2003 4794 altera

432 4829 540 4881 duo
567 4827 718 4897 pueri
743 4841 990 4882 seorsum
1020 4845 1140 4884 cmn
1171 4831 1446 4898 magistris
1471 4833 1585 4886 suis
1609 4841 1667 4886 et
1699 4847 1824 4886 cum
1857 4833 2005 4886 infir-

431 4921 554 4976 mis.
586 4920 832 4975 l’salmus
857 4937 978 4974 vat
1007 4922 1355 4994 subiungitur
1379 4926 1690 4995 autiphoua:
1709 4928 1996 4996 praedicta,

435 5015 748 5071 Mandatum
793 5034 1000 5080 uorum,
1025 5033 1145 5087 qua:
1169 5029 1222 5073 et
1261 5035 1358 5089 per
1381 5021 1620 5092 singulos
1649 5039 1838 5078 versus
1863 5024 2005 5092 ejus-

431 5109 552 5160 dem
582 5107 776 5176 psalmi
801 5107 1088 5176 repetitur;
1125 5117 1308 5177 postea
1335 5112 1572 5180 psalmus
1599 5129 1787 5178 cxvm,
1821 5115 1872 5167 in
1898 5129 2005 5183 quo

427 5199 624 5252 iterum
677 5198 943 5268 repetitur
987 5208 1110 5267 post
1156 5209 1279 5252 octo
1333 5213 1547 5256 versus.
1594 5203 1726 5258 Cum
1783 5204 1850 5258 ad
1903 5206 2006 5260 hoc

431 5305 647 5354 quoque
670 5299 886 5344 ventum
921 5289 1083 5342 fuerit
1115 5297 1175 5340 ut
1211 5291 1278 5342 ad
1315 5305 1507 5346 manus
1538 5309 1830 5354 pauperum
1863 5311 2002 5354 aqua

2107 4455 2290 4510 statim
2337 4456 2390 4510 in
2435 4457 2675 4528 capitulo
2722 4458 2822 4512 fuit
2865 4461 3198 4515 ordinatum.
3239 4461 3446 4516 Praeter
3495 4461 3696 4514 solitas

2107 4547 2435 4615 antiphonas
2461 4563 2584 4617 qum
2620 4558 2745 4602 sunt
2773 4550 2838 4605 de
2865 4552 3142 4618 mandato,
3181 4552 3416 4606 habetur
3449 4551 3692 4621 hymnus

2106 4637 2276 4690 Flavii
2299 4637 2460 4708 primi
2495 4638 2874 4698 Cabilonensis
2897 4643 3158 4712 episcopi,
3195 4641 3370 4697 Tellus
3399 4659 3461 4696 ac
3490 4643 3686 4696 mitem

2100 4727 2325 4798 jubilent
2371 4729 2426 4782 in
2473 4732 2648 4800 magni
2701 4747 2847 4785 caena
2890 4730 3173 4801 Principis,
3221 4733 3312 4802 qui
3357 4733 3408 4786 in
3455 4731 3560 4785 hoc
3595 4730 3688 4784 die

2107 4829 2162 4874 et
2208 4819 2276 4872 ad
2323 4819 2428 4874 hoc
2487 4822 2802 4878 mandatum
2855 4831 2976 4891 post
3043 4823 3272 4894 primam
3333 4823 3683 4891 antiphouam

2107 4921 2382 4977 cantatur,
2418 4921 2472 4968 et
2513 4914 2584 4968 ita
2615 4923 2674 4969 ut
2701 4929 2800 4985 per
2840 4916 3082 4983 singulos
3111 4931 3302 4970 versus
3333 4916 3536 4986 primus
3565 4912 3686 4980 ejus

2109 5022 2300 5063 versus
2321 5015 2620 5077 repetatur.
2645 5007 2888 5063 Peractis
2912 5009 3164 5063 omnibus
3179 5019 3426 5063 cessatur
3443 5024 3476 5060 a
3495 5015 3680 5070 cantu,

2107 5107 2292 5152 custos
2317 5096 2564 5152 ecclesiae
2609 5099 2842 5168 percutit
2873 5097 3108 5152 tabulam
3155 5114 3254 5168 pro
3293 5099 3476 5167 signo;
3517 5097 3680 5150 intrat

2107 5189 2369 5245 diaconus
2395 5190 2512 5244 alba
2542 5197 2598 5244 et
2635 5189 2771 5258 stola
2813 5191 3050 5249 indutus.
3082 5197 3140 5244 et
3169 5198 3376 5244 textum
3407 5185 3682 5256 Evangelii

2109 5295 2350 5354 portans,
2401 5300 2562 5354 quem
2607 5283 2920 5354 praecedunt
2961 5283 3400 5338 unusostiarius
3439 5281 3684 5338 eet-lesize
