4030 5354
201 333 296 390 661

1016 336 1448 396 CONSUETCDI
1505 339 1588 394 ES
1628 333 2166 394 CLUNMCENSES.
2199 365 2268 374 —-
2308 331 2508 388 LIBER
2551 327 2874 384 PRIML'S.°

3367 322 3472 376 662.

200 445 407 510 let-tus;
465 449 624 504 lectio
667 451 954 506 inchoatur
993 453 1060 508 ab
1097 469 1160 509 eo
1189 455 1328 516 loco.
1381 455 1509 507 Ante
1535 456 1668 506 diem
1707 451 1784 520 [ρ-
1815 461 1852 512 Α
1887 449 2078 514 rabilu;
2140 449 2403 520 hymnus,
2463 445 2608 500 Urna:
2658 443 2861 512 ﬁdelis,
2925 443 3016 512 qui
3085 439 3470 509 reciprocando

202 550 342 592 stum
381 536 630 604 Part-hcc,
657 549 714 594 et
749 533 1070 609 perducitur
1111 557 1282 612 usque
1329 543 1396 596 ad
1437 559 1559 596 cum
1589 543 1783 603 locum,

207 627 419 697 Surgite
449 644 632 684 camus
658 632 799 685 hinc.
831 631 980 686 Tunc
1015 643 1068 685 et
1105 631 1300 688 fratres
1325 648 1576 702 percussa
1611 631 1784 684 tabula

204 733 260 773 se
299 718 504 784 levant,
555 729 616 774 ut
665 737 720 775 tn
767 721 1122 776 refectoriunt
1165 725 1506 792 prteccdcntc
1539 723 1782 780 diacono,

203 822 326 862 cum
373 811 730 878 processione
771 821 914 865 eant.
950 812 1046 870 Ubi
1093 827 1283 866 rltI‘SIIS
1311 813 1402 884 qui
1445 813 1694 866 laverunt
1733 821 1788 866 et

207 907 480 951 terscrunt
525 900 698 970 pedes
747 900 998 964 fratrum,
1053 902 1236 956 vinum
1284 917 1498 970 quoque
1537 901 1786 954 munilrrs

205 987 514 1055 propinant,
557 997 614 1043 et
665 1005 856 1044 manus
911 991 1252 1056 osculantur,
1291 991 1398 1044 illis
1440 991 1758 1057 obsequenti

207 1078 326 1140 bus,
379 1089 440 1132 et
489 1079 674 1134 vinum
715 1082 1136 1150 apportantibus
1184 1081 1276 1151 qui
1325 1083 1377 1136 in
1420 1081 1656 1151 capitulo
1699 1080 1784 1132 fu-

204 1180 363 1224 erunt
391 1171 664 1226 obsecuti.
697 1172 932 1227 Diacono
971 1173 1038 1226 ad
1067 1175 1292 1243 gradum
1319 1175 1482 1228 stanti
1517 1175 1692 1228 adhuc
1734 1182 1786 1226 et

205 1260 426 1330 legenti,
473 1270 530 1318 et
559 1263 650 1332 qui
681 1277 802 1317 cum
829 1277 896 1316 eo
939 1273 1104 1326 stant,
1149 1263 1498 1333 pr0pinatur;
1537 1263 1678 1332 quod
1719 1262 1788 1316 ab

207 1353 336 1421 ipsis
381 1354 434 1406 in
485 1363 704 1422 pateras
751 1369 878 1408 suas
921 1363 1238 1424 apportatas
1281 1353 1596 1418 infunditur,
1629 1361 1682 1406 et
1714 1352 1788 1406 ita

205 1445 428 1511 pou-itur
457 1459 557 1514 per
583 1445 720 1498 alios
769 1446 837 1498 ad
868 1459 1108 1500 mensam
1137 1445 1514 1515 principalem,
1543 1453 1602 1497 ut
1637 1443 1786 1498 ﬁnita

205 1531 456 1596 lectione,
499 1544 556 1584 et.
605 1535 674 1586 ibi
707 1533 850 1587 facto
895 1545 1018 1588 ante
1053 1544 1108 1586 et
1143 1543 1287 1588 retro
1329 1535 1672 1588 considentcs
1711 1531 1790 1586 bi-

205 1622 350 1674 bant.
387 1621 816 1691 Completorinm
853 1624 954 1678 sub
995 1625 1212 1678 silentio
1259 1633 1340 1679 est
1377 1623 1692 1686 dicendum;
1735 1629 1788 1676 ct

205 1713 270 1765 de
305 1721 530 1778 caetero,
576 1715 819 1782 exceptis
867 1715 1150 1770 nocturnis
1195 1725 1250 1769 et
1293 1715 1594 1776 matutinis,
1647 1712 1788 1766 nulla

1887 550 2156 596 Cantator.
2203 541 2576 594 Pavimentum
2635 537 2906 606 tapetibus
2957 543 3042 590 est
3083 541 3467 594 constratum;

1889 631 2124 684 nmxime
2173 639 2394 700 propter
2447 629 2564 682 illos
2625 627 2714 696 qui
2771 626 2822 678 in
2875 624 3014 679 albis
3072 631 3200 678 sunt
3249 635 3470 676 crucem

1889 721 2190 776 adoraturi.
2243 721 2310 775 Et
2351 720 2583 790 primum
2629 717 2848 787 quidem
2885 715 3144 770 sacerdos
3188 713 3374 770 casula
3416 722 3472 766 et

1891 811 2027 868 stola
2062 821 2274 866 exutus.
2309 811 2436 866 Post
2476 823 2672 878 pueros
2701 809 2936 862 adorant
2966 807 3188 862 infirmi.
3243 803 3496 872 Quando~

1888 921 2016 960 crux
2060 905 2328 968 aufertur,
2379 903 2676 972 imponitur
2710 900 3028 970 antipboua,
3075 898 3246 966 Super
3289 897 3500 950 omniu-

1889 993 2052 1060 ligna,
2086 1002 2140 1046 ct
2169 993 2322 1048 venia
2353 993 2557 1062 petitur
2599 991 2856 1046 secundo.
2895 991 2950 1044 Si
2981 989 3103 1058 quis
3131 987 3468 1058 popularium

1889 1100 2106 1138 crucem
2155 1085 2382 1138 adorare
2425 1082 2680 1144 voluerit,
2735 1080 2860 1135 huic
2911 1079 3062 1134 locus
3109 1086 3255 1132 retro
3297 1075 3510 1130 altare-

1891 1175 2072 1230 datur.
2115 1177 2210 1230 Die
2259 1176 2459 1244 priore,
2494 1181 2828 1244 prteccntore
2881 1171 3220 1240 providente,
3261 1176 3468 1222 tantum

1889 1280 1972 1322 est
2007 1275 2346 1322 reservatum
2388 1263 2755 1326 eucharistizn,
2807 1262 2874 1318 de
2901 1277 3008 1332 quo
3039 1263 3230 1316 iterum
3263 1258 3471 1328 possint

1890 1374 2080 1414 omnes
2117 1357 2548 1414 communicare.
2576 1356 2654 1409 Eo
2681 1371 2788 1424 quo
2821 1355 3056 1424 reposita
3095 1359 3177 1406 est
3221 1355 3470 1419 procedi-

1889 1461 1980 1507 tur
2015 1465 2205 1506 rursus
2245 1465 2368 1504 cum
2417 1449 2640 1502 incenso
2667 1457 2724 1502 et
2773 1445 3112 1501 candelabris
3153 1441 3380 1509 duobus,
3414 1451 3473 1494 ut

1891 1545 2174 1614 frangatur
2201 1550 2256 1597 et
2288 1540 2560 1596 dividatur
2601 1539 2742 1593 sicut
2791 1535 3108 1591 sumendum
3148 1541 3251 1596 est,
3281 1547 3309 1585 a
3340 1529 3472 1586 duo-

1889 1633 1990 1690 bus
2033 1633 2310 1704 prioribus
2357 1631 2494 1686 atbis
2542 1641 2597 1684 et
2647 1628 2826 1684 casula
2883 1625 3117 1689 indutis;
3163 1631 3218 1676 et
3259 1623 3472 1676 ab'uno
3519 1647 3526 1654 -

1891 1725 2104 1779 illorum
2144 1724 2286 1780 calix
2343 1731 2554 1777 tenetur
2601 1735 2726 1774 cum
2779 1718 2904 1771 vino
2949 1729 3054 1770 non
3107 1719 3428 1767 consecrato
3456 1727 3484 1760 :4

117 1794 122 1802 ’
207 1804 480 1872 regularis
509 1805 640 1858 hora
669 1805 776 1860 alio
799 1807 957 1860 modo
983 1821 1152 1876 usque
1181 1807 1246 1860 ad
1277 1821 1532 1876 vesperas
1563 1807 1784 1862 Sabbati
1819 1791 1860 1848 Β
1892 1817 1993 1870 hoc
2023 1818 2182 1870 modo
2205 1813 2448 1870 defertur
2486 1811 2552 1864 ad
2603 1809 2798 1872 altare,
2845 1806 2932 1859 ubi
2963 1819 2992 1858 a
3034 1801 3318 1858 sacerdote
3345 1800 3484 1854 sola-

203 1897 402 1951 sancti.
433 1895 490 1952 Si
517 1899 640 1967 quis
667 1907 848 1954 autem
875 1899 1130 1954 fratrum-
1151 1899 1284 1954 foris
1313 1901 1518 1968 positus
1544 1902 1782 1970 paschali

206 1987 540 2043 solemnitati
595 1991 707 2046 vult
761 1992 1045 2056 interesse,
1105 1993 1158 2046 in
1191 2003 1384 2060 quarta
1429 1993 1562 2046 feria
1605 1995 1784 2049 debet.

204 2081 440 2138 venisse.
469 2083 548 2151 ⁵Αι
603 2083 650 2137 si
708 2083 848 2138 forte
903 2099 1001 2154 per
1048 2085 1424 2156 negligentim
1473 2085 1780 2155 contigerit,

205 2171 324 2226 sive
363 2172 438 2227 sit
468 2181 652 2228 noster
695 2175 976 2242 professus
1003 2175 1118 2230 sive
1147 2175 1442 2230 monachus
1469 2187 1786 2242 extraneos,

203 2273 266 2317 ut
291 2278 398 2316 non
423 2263 602 2318 veniat
627 2264 732 2318 nisi
767 2265 986 2334 inipsis
1017 2265 1186 2320 tribus
1213 2265 1424 2330 diebus,
1453 2279 1570 2335 post
1597 2247 1790 2336 quaut-

203 2355 336 2409 libet
366 2356 554 2410 horam
587 2355 794 2409 finitam
823 2367 1107 2427 postquam
1137 2371 1194 2411 se
1224 2357 1422 2412 fratres
1457 2359 1522 2411 ad
1551 2358 1786 2412 sonitum

203 2447 510 2501 levaverint
541 2448 608 2503 de
637 2447 847 2512 formis,
901 2449 1118 2504 solitam
1151 2449 1582 2504 benedictionem
1619 2450 1784 2504 hate-

205 2537 314 2602 bit;
359 2551 520 2590 nemo
573 2548 754 2594 tamen
787 2539 935 2594 illum
976 2541 1256 2596 osculatur
1289 2541 1358 2595 ab
1404 2557 1470 2596 eo
1513 2553 1788 2598 momento

204 2630 390 2684 Carna:
433 2631 668 2698 Domini,
708 2645 814 2700 quo
855 2647 958 2700 pax
993 2633 1044 2687 in
1087 2633 1328 2688 Ecclesia
1357 2633 1682 2704 generaliter
1706 2644 1788 2690 est

205 2721 354 2787 data,
383 2737 556 2791 usque
581 2723 710 2776 dum
755 2739 858 2794 pax
895 2725 1090 2780 iterum
1123 2726 1285 2780 detur
1313 2727 1366 2780 in
1399 2725 1626 2796 prarl'ato
1653 2725 1788 2782 Sab-

203 2814 335 2868 bato
363 2825 554 2870 sancto
583 2815 650 2870 ad
673 2819 1130 2874 communionem.

803 2910 1030 2966 CAPUT
1069 2911 1202 2966 Xlll.

791 2999 870 3056 De
900 3002 1208 3060 Paraacere.

278 3087 336 3142 In
376 3088 684 3146 Parasceve
726 3093 790 3146 ad
841 3095 1070 3164 primam
1123 3097 1284 3152 nudis
1331 3097 1554 3167 pedibus
1593 3097 1794 3151 debent

204 3179 448 3235 universi
489 3183 706 3249 venire;
754 3199 857 3255 qua
899 3188 998 3240 sub
1027 3187 1245 3243 silentio
1287 3189 1460 3254 ﬁnita,
1487 3197 1788 3258 sequuntur

209 3272 500 3328 manifeste
549 3283 757 3345 septem
805 3278 998 3347 psalmi
1049 3281 1208 3334 simul
1239 3296 1362 3335 cum
1412 3281 1632 3346 letauia,
1672 3295 1789 3347 quae

210 3363 344 3419 nihil
385 3366 470 3419 sui
513 3365 655 3435 juris
682 3376 736 3422 et
777 3371 1183 3426 consuetudinis
1213 3372 1419 3426 carebit
1455 3372 1506 3425 in
1547 3371 1791 3424 versibus

207 3462 264 3510 et
287 3455 556 3511 collectis.
587 3457 801 3514 Exeunt
834 3460 1030 3516 fratres
1068 3462 1116 3515 in
1163 3463 1456 3517 claustrum
1483 3461 1790 3524 considere,

211 3550 270 3597 et
293 3547 664 3602 communiter
697 3547 1018 3618 incipientes
1044 3560 1211 3604 totum
1250 3551 1568 3606 Psalterium
1595 3551 1792 3604 decan-

213 3645 350 3690 tant.
387 3637 592 3701 Tertia,
629 3647 684 3694 et
733 3641 850 3696 dum
880 3652 1171 3712 sequentes
1216 3645 1364 3698 horae
1397 3649 1686 3696 caulantur
1725 3639 1791 3694 ad

213 3729 504 3783 ecclesiam
536 3729 756 3787 Sancta:
793 3731 994 3796 Marini,
1039 3735 1166 3802 quia
1211 3731 1382 3802 maior
1433 3731 1673 3787 Ecclesia
1713 3730 1794 3783 in-

214 3819 372 3873 terim
408 3832 684 3890 seopatur,
723 3831 777 3876 et
825 3825 996 3892 pulvis
1034 3825 1158 3880 inde
1188 3826 1394 3879 levatus
1442 3839 1546 3878 non
1587 3839 1648 3878 se
1685 3832 1792 3876 tam

213 3911 321 3966 cito
381 3915 624 3984 deponit.
675 3917 759 3972 Ad
813 3918 1250 3986 proccssionem,
1305 3933 1424 3987 quae
1477 3918 1543 3971 ad
1593 3933 1790 3972 novum

216 4001 396 4072 ignem
445 4006 644 4060 iterum
673 4017 754 4061 est
785 4010 1010 4078 agenda,
1052 4009 1244 4064 debent
1288 4009 1424 4064 albis
1456 4025 1574 4064 esse
1622 4011 1792 4064 induti

214 4107 406 4146 omnes
427 4095 520 4162 qui
550 4097 618 4150 ad
647 4097 880 4152 oﬂicittm
909 4100 1086 4154 missae
1117 4109 1240 4154 sunt
1263 4100 1534 4154 servituri.
1567 4099 1796 4155 Tractus

217 4182 444 4240 Domine
475 4189 681 4254 audivi,
707 4207 734 4242 a
769 4192 1084 4246 cantoribus
1107 4191 1410 4258 inchoatus,
1452 4193 1525 4248 ita
1549 4204 1798 4247 cantatur

219 4287 276 4329 ut
319 4289 442 4346 post
501 4279 746 4350 singulos
792 4297 980 4337 versus
1023 4299 1052 4336 a
1097 4283 1272 4352 primo
1316 4299 1474 4338 versu
1519 4294 1798 4354 repetatur

220 4383 359 4425 nunc
393 4373 630 4440 integro,
671 4389 814 4428 nunc
843 4375 1063 4429 dimidio
1093 4385 1299 4431 tractus
1345 4375 1503 4444 Eripe
1539 4393 1640 4442 me,
1689 4375 1796 4429 Do-

1893 1911 2171 1968 Domiuica
2211 1909 2398 1966 Oratio
2427 1907 2651 1962 dicenda
2698 1913 2802 1970 est,
2833 1905 3031 1973 illaque
3071 1900 3320 1961 collecta,
3365 1897 3462 1950 Li-

1891 2007 2013 2058 bera
2051 2019 2173 2068 nos;
2207 2011 2259 2057 et
2287 2017 2408 2058 cum
2440 1999 2725 2054 manifeste
2763 1997 2998 2060 dicatur,
3033 1994 3138 2048 Per
3165 1994 3342 2048 omnia
3372 2008 3472 2046 sw-

1890 2096 2010 2151 cnla
2041 2095 2380 2158 seculorum,
2431 2092 2582 2151 illud.
2633 2089 2752 2144 Pax
2783 2089 3016 2151 Domini,
3063 2101 3166 2141 non
3205 2084 3470 2154 sequitur,

1891 2187 2017 2259 quia
2071 2201 2174 2242 nec
2225 2186 2440 2254 signum
2489 2181 2638 2254 pacis
2681 2195 2746 2236 eo
2805 2181 2890 2234 die
2935 2181 3108 2234 datur.
3165 2173 3502 2245 Aliquando.

1889 2287 2008 2334 erat
2047 2277 2135 2332 illa
2171 2277 2452 2347 diligentia
2502 2285 2578 2339 ut,
2629 2283 2914 2344 postquam
2945 2284 3132 2324 omnes
3170 2267 3494 2324 communi--

1894 2373 2174 2430 caverant,
2211 2363 2472 2435 quidquid
2526 2363 2800 2416 residuum
2849 2369 2968 2414 erat
3009 2357 3078 2412 ab
3116 2356 3316 2410 eisdem
3347 2369 3471 2424 prc-

1889 2459 2120 2531 shyteris
2161 2459 2249 2523 qui
2301 2462 2714 2527 apportaverant
2753 2468 2874 2508 cum
2915 2463 3102 2520 magna
3143 2447 3468 2506 reverentia.

1889 2557 1944 2602 et
1982 2547 2193 2604 cautela
2241 2555 2570 2610 sumeretur,
2623 2553 2680 2597 et
2735 2542 2882 2596 nibil’
2923 2542 3141 2596 omnino
3175 2539 3230 2592 in
3272 2537 3468 2593 crasti-

1891 2655 2016 2694 num
2045 2639 2325 2694 remansit.
2373 2637 2525 2705 Quod
2573 2637 2734 2691 etiam
2793 2649 2904 2704 ego
2927 2648 3042 2686 non
3093 2631 3254 2686 aliter
3295 2629 3464 2693 novi,

1889 2732 1992 2788 nisi
2038 2732 2365 2802 generaliter
2411 2729 2742 2785 consuetudo
2789 2729 2857 2780 sit
2916 2727 3142 2780 aliarum
3193 2724 3466 2778 Ecclesia-

1893 2842 2035 2893 rum,
2089 2827 2156 2880 de
2232 2839 2338 2895 quo
2391 2831 2569 2878 tamen
2628 2837 2732 2873 non
2789 2819 2878 2874 hic
2927 2819 3084 2871 modo
3147 2829 3468 2884 tttagnnpore

1889 2929 2144 2982 curatur;
2203 2925 2258 2970 et
2301 2923 2408 2969 tam
2461 2915 2560 2968 hoc
2605 2913 2692 2964 die
2738 2923 2897 2978 quam
2949 2907 3004 2960 in
3053 2907 3184 2966 alio,
3237 2905 3286 2958 si
3337 2905 3472 2974 quid
3491 2925 3516 2953 ί·

1890 3006 2418 3064 communit-antibus
2463 3002 2748 3073 supererit,
2789 3009 3118 3054 reservatur.
3169 2996 3470 3066 Postquam

1892 3110 2072 3153 autem
2103 3111 2291 3150 omnes
2333 3091 2876 3156 communicaverint,
2921 3087 3220 3158 percutitur
3263 3085 3463 3148 tabula,

1841 3173 1859 3192 ¹
1895 3197 1952 3242 ιιι
1979 3186 2072 3242 fiat
2104 3185 2278 3240 oratio
2313 3182 2638 3252 vespertina.
2691 3180 2904 3236 Exeunt
2943 3177 3139 3232 fratres
3191 3176 3354 3245 pedes
3389 3175 3468 3228 la-

1893 3293 2045 3344 vare,
2079 3285 2132 3332 et
2163 3291 2221 3330 se
2260 3275 2527 3329 calceare.
2569 3271 2776 3338 Quibus
2803 3269 3150 3324 redeuntibus
3178 3280 3364 3320 omnes
3395 3264 3469 3318 si-

1895 3371 2010 3426 mul
2064 3369 2256 3423 tabula:
2305 3365 2700 3438 percutiuntur,
2746 3371 2800 3418 et
2839 3376 3080 3432 vesperae
3106 3360 3486 3414 dccantantur-

1895 3465 1994 3520 sub
2023 3461 2259 3522 silentio,
2286 3469 2340 3514 ct
2362 3473 2484 3514 cum
2507 3457 2710 3512 eisdem
2729 3453 2948 3524 psalmis
2977 3451 3175 3522 prioris
3201 3449 3330 3514 diei,
3363 3448 3466 3502 nisi

1895 3555 2100 3624 primus
2145 3551 2412 3612 aufertur,
2463 3557 2518 3602 et
2555 3561 2652 3616 pro
2701 3561 2764 3600 eo
2803 3543 3024 3615 ponitur
3072 3542 3124 3595 in
3175 3539 3470 3596 novissimo

1895 3643 2134 3712 psalmus
2172 3639 2498 3694 centesimus
2549 3635 2994 3707 quadragesimus
3023 3631 3233 3686 tertius.
3277 3628 3334 3684 In
3381 3643 3462 3682 rc-

1898 3734 2124 3790 fectorio
2175 3749 2277 3788 nou
2323 3731 2556 3786 habetur
2601 3729 2704 3784 nisi
2743 3727 2900 3798 panis
2943 3735 2999 3781 et
3043 3726 3226 3780 herbae
3263 3722 3467 3788 crudae.

1897 3825 2078 3878 vinum
2097 3822 2322 3892 justitiis
2352 3820 2585 3875 infusum
2611 3819 2780 3890 magis
2803 3818 2962 3874 datur
2983 3817 3048 3871 ad
3071 3815 3471 3886 eleemosynam

1896 3931 2056 3987 quam
2083 3916 2370 3986 quisquam
2395 3913 2574 3978 bibat;
2621 3911 2766 3982 quod
2797 3910 2964 3966 etiam
2995 3909 3052 3964 fit
3081 3906 3320 3962 secundo
3347 3919 3468 3958 cum

1898 4007 2096 4060 iterum
2139 4013 2374 4076 pergunt
2423 4003 2475 4058 in
2523 4002 2870 4058 refectoriutn
2919 4000 3076 4070 quasi
3119 4013 3272 4054 more
3316 3995 3492 4050 solito»

1898 4095 2150 4160 bibituri;
2199 4109 2385 4148 verum
2427 4092 2818 4148 decollatione
2846 4099 3072 4158 surgunt
3101 4089 3169 4141 ad
3209 4085 3462 4139 Charita-

1901 4195 2030 4252 tem,
2062 4195 2116 4241 et
2143 4187 2210 4240 de
2237 4185 2360 4240 vino
2389 4183 2532 4253 quod
2559 4196 2687 4238 tunc
2709 4182 3027 4252 pr0pinatur
3053 4177 3228 4232 nu-llus
3251 4176 3498 4230 omnino“

1899 4277 2184 4350 praesumit
2232 4277 2528 4339 abstinere,
2582 4283 2642 4328 ut
2687 4289 2791 4328 non
2839 4268 3230 4340 aliquantulum
3273 4273 3474 4333 gustet.

1900 4370 2164 4426 Custodes
2187 4365 2442 4422 Ecclesiae
2479 4365 2662 4419 statim
2688 4371 2810 4432 post
2841 4373 3094 4428 vesperas
3124 4354 3331 4426 singula
3375 4353 3472 4407 de-

219 4459 375 4524 mitte,
407 4471 468 4512 ut
495 4461 584 4514 alii
612 4471 818 4518 tractus
851 4479 879 4516 a
917 4465 1048 4519 solis
1075 4466 1408 4520 cantoribus.
1441 4443 1628 4520 Passio
1662 4466 1802 4536 legi-
1829 4468 1873 4526 [)
1902 4472 2066 4528 super
2099 4458 2438 4525 int-mperunt
2466 4451 2658 4506 altaria
2691 4451 2871 4504 lavare
2897 4449 3204 4518 diligenter,
3239 4443 3468 4514 primum

225 4561 310 4602 tur
353 4551 563 4621 absque
593 4553 938 4620 salutatione,
969 4572 1090 4624 qua:
1133 4565 1312 4610 tamen
1352 4557 1404 4610 in
1451 4558 1578 4610 aliis
1605 4558 1796 4612 diebus

224 4655 324 4694 non
355 4654 438 4698 est
467 4647 695 4700 omissa.
728 4647 982 4703 Collectis
1011 4651 1401 4704 consummatis
1426 4651 1629 4719 qutein
1678 4651 1800 4705 mis-

223 4731 317 4786 sali
343 4735 632 4804 habentur,
671 4738 780 4794 duo
805 4742 1279 4797 sacerdotesalbis
1303 4752 1352 4795 et
1386 4743 1582 4798 casulis
1606 4743 1798 4806 induti,

225 4837 510 4887 etcrucem
544 4833 781 4900 allulttri,
813 4835 939 4889 illnc
970 4837 1058 4890 ubi
1090 4851 1220 4889 crux
1263 4845 1346 4890 est
1372 4847 1525 4890 extra
1573 4838 1796 4890 chorum

227 4920 280 4975 in
307 4923 580 4979 dexteram
613 4935 824 4996 partem
861 4926 1177 4991 abscedunt,
1213 4935 1274 4980 et.
1302 4927 1446 4982 inter
1473 4928 1796 4997 portandum

225 5024 442 5070 cantant
469 5019 566 5072 bos
593 5027 704 5070 tres
730 5033 918 5072 versus
943 5015 1145 5084 I’opule
1171 5033 1390 5082 meur,a
1423 5017 1634 5071 duobus
1659 5018 1797 5081 aliis,

231 5107 364 5174 Quia
411 5110 568 5163 eduxi
612 5121 698 5174 te;
745 5109 886 5174 Quid
937 5111 1096 5163 ultra.
1148 5109 1292 5176 Quos
1333 5125 1524 5164 versus
1561 5109 1802 5180 singulos

231 5202 466 5224 --~--!n.._
493 5216 514 5224 ρ.
555 5199 761 5224 ,Ιηιιὶηια
797 5198 912 5224 ..Ιῖἒι-
947 5209 1216 5224 ..-μίμου-.-
1275 5196 1422 5224 Αηέ--
1473 5215 1496 5224 ιι
1531 5197 1696 5224 ΤΙ-λιι-
1751 5209 1798 5224 ..ι

1903 4563 2026 4603 cum
2066 4563 2227 4617 aqua,
2275 4553 2460 4616 postea
2493 4543 2652 4610 vino;
2702 4543 2768 4596 ad
2813 4542 2954 4612 quod
2983 4539 3148 4592 etiam
3195 4550 3332 4606 opus
3373 4547 3476 4586 nec

1903 4639 2124 4708 spongia
2169 4645 2382 4701 carent,
2421 4634 2718 4705 quemlibet
2763 4631 3060 4687 itnbibente
3091 4627 3382 4696 liquorum,
3416 4633 3480 4676 ut

1903 4746 2024 4787 cum
2055 4745 2117 4786 ea
2147 4729 2370 4784 nitidius
2401 4729 2514 4799 ipsa
2551 4727 2802 4780 laventur
2831 4722 3045 4777 altaria.

1981 4823 2152 4878 Inter.-
2196 4822 2382 4876 Altare
2437 4815 2732 4890 principale
2781 4825 2968 4870 erattte
3011 4812 3210 4866 ttudum
3264 4805 3479 4878 quando

1903 4932 2100 4986 corpus
2119 4913 2338 4970 Domini
2367 4911 2627 4967 dabatur?

1977 5008 2134 5079 Resp.
2174 5003 2428 5068 Minime;
2461 5017 2568 5055 uno
2599 5000 2818 5070 interim,
2849 4999 3016 5052 linteo
3045 5003 3164 5050 erat
3199 5001 3474 5066 Oper-tum.

1976 5101 2144 5155 Inter.
2185 5097 2240 5151 lu
2267 5095 2385 5150 loco
2411 5095 2502 5148 illo
2523 5092 2794 5162 passionis
2821 5111 2834 5146 :
2867 5089 3164 5146 Diuiserunt
3191 5090 3292 5142 sibi
3325 5092 3482 5140 uesti—

1905 5202 2078 5224 mnaln
2111 5204 2223 5224 man
2269 5186 2622 5224 cirnninlnrnn.
2653 5183 2839 5224 niinnn
2872 5183 3028 5224 n'lntln
3053 5197 3080 5224 ει
3110 5181 3300 5224 νηΙὶῖἀῗ
