4030 5354
504 231 608 285 0ϋὸ

1541 241 1860 300 υυΑυιιοι
1900 244 2346 304 CLUNIACESIS
2381 247 2684 306 MONACHI

3680 249 3786 305 σδι

509 343 594 424 γ);
637 358 828 406 verum
863 353 964 408 ltoc
1002 353 1203 410 omisso
1251 355 1367 412 sine
1408 371 1517 424 me,
1559 365 1620 411 ut
1675 358 1809 414 ordo
1843 368 2093 414 teneatur
2122 369 2166 424 Α
2201 362 2473 434 Evangelii
2503 371 2623 434 post
2653 363 3028 433 antipltonatn,
3059 363 3308 434 quamvis
3335 372 3416 418 ter
3443 373 3782 427 recantetur,

510 435 806 518 ίηιταὲςιίιιε.

1103 537 1330 595 CAPUT
1367 539 1502 594 XIV.

1017 629 1096 684 De
1130 629 1362 686 Sabbnto
1394 641 1598 686 sancto.

593 720 647 774 In
702 719 942 776 Sabbalo
995 729 1185 776 sancto
1242 732 1364 791 post
1414 731 1610 778 matut.
1677 726 1939 782 continuo
1995 709 2102 780 non

521 813 680 867 modo
702 813 894 868 altaria
926 813 1339 882 cooperittntnr,
1383 813 1478 868 sed
1509 815 1674 870 etiam
1714 825 1824 871 tota
1871 817 2101 872 ecclesia

521 903 697 974 palliis
741 911 1005 970 ornatur,
1057 904 1373 973 nullumque
1424 903 1648 960 linteum
1712 921 1875 976 super
1935 907 2104 962 altare

519 997 737 1067 aliquod
776 997 1010 1050 tnittitur
1041 999 1184 1066 quod
1215 1012 1320 1052 nou
1354 999 1424 1052 sit
1446 998 1652 1068 optime
1683 998 1941 1054 lavatum.
1975 1000 2105 1056 Post

519 1089 812 1158 capitulum
839 1129 854 1151 ,
899 1099 954 1144 et
992 1097 1114 1160 post
1160 1099 1411 1154 sextam,
1457 1089 1654 1145 fratres
1702 1091 2000 1162 loquuntur
2051 1093 2104 1148 in

521 1181 782 1236 claustro.
823 1179 954 1236 Post
1007 1196 1206 1236 nonam
1255 1181 1598 1250 processione
1640 1183 1804 1250 facta,
1847 1185 2025 1256 primo
2073 1201 2102 1238 a

522 1273 746 1328 diacono
786 1274 906 1328 laus
957 1273 1098 1328 cerei
1137 1281 1222 1328 est
1264 1273 1509 1345 legenda.
1561 1274 1616 1328 In
1665 1275 1821 1346 cujus
1872 1276 2106 1344 quodam

524 1365 646 1420 loco
673 1380 796 1419 cum
845 1363 1139 1434 aliquando
1189 1380 1296 1419 non
1342 1367 1478 1422 bene
1529 1366 1844 1432 haberetur,
1893 1367 1938 1422 0
1977 1367 2107 1437 felix

522 1460 709 1530 culpa,
765 1470 811 1514 et
863 1459 1004 1529 quod
1055 1467 1324 1529 peccatum
1371 1458 1501 1513 Adte
1539 1461 1888 1514 necessarium
1939 1469 2106 1524 esset,

523 1559 650 1606 ante
693 1551 793 1604 ltos
831 1563 1002 1604 annos
1047 1551 1280 1604 domnus
1312 1548 1478 1606 abbas
1518 1550 1722 1618 Optime
1761 1548 1914 1614 fecit,
1963 1550 2106 1618 quod

523 1642 654 1698 fecit
702 1643 940 1708 abradi,
985 1652 1041 1696 et
1085 1657 1154 1696 ne
1203 1641 1434 1710 amplius
1483 1640 1757 1711 legeretur
1799 1641 2102 1698 interdixit.

525 1733 630 1804 lpsi
673 1747 802 1786 vero
841 1745 1000 1787 cereo
1048 1739 1352 1800 praecentor
1399 1710 1647 1786 inscribit
1695 1741 1895 1800 quotus
1934 1746 2112 1788 annus
2142 1710 2183 1768 Β

532 1828 604 1879 sit
640 1823 934 1878 Dominicm
967 1822 1386 1889 lncaruationis,
1420 1835 1586 1894 quota
1631 1823 1858 1880 indictio
1887 1839 2115 1880 concur-

525 1931 652 1972 rens
683 1925 737 1972 et
762 1924 988 1986 epactze.
1023 1914 1159 1968 Cum
1191 1923 1412 1968 ventum
1445 1914 1610 1970 fuerit
1633 1913 1702 1968 ad
1731 1915 1876 1970 hunc
1902 1915 2106 1982 locum,

527 2009 765 2077 Suscipe,
794 2016 972 2062 sancte
1021 2005 1200 2072 Pater,
1244 2007 1438 2060 incensi
1475 2005 1636 2075 hujus
1677 2005 2000 2075 sacriﬁcium
2031 2023 2111 2061 ve-

523 2103 846 2172 spertinum,
897 2100 1159 2155 diaconus
1193 2099 1245 2152 in
1293 2113 1360 2154 eo
1405 2097 1769 2154 foraminibus
1809 2107 1936 2154 ante
1972 2115 2112 2168 pne-

524 2193 736 2248 cavatis
781 2208 997 2248 crucem
1055 2193 1182 2247 facit
1223 2208 1346 2246 cum
1386 2191 1627 2261 quinque
1653 2191 1842 2260 granis
1882 2189 2112 2246 incensi.

525 2286 754 2355 Quando
811 2285 1007 2355 legitur
1069 2283 1316 2338 Rutilans
1367 2284 1500 2354 ignis
1565 2281 1826 2348 ascendit,
1884 2289 2014 2336 tunc
2059 2292 2116 2338 et

528 2395 725 2437 cereus
773 2380 1010 2450 primum
1060 2377 1398 2434 accenditur.
1451 2375 1577 2430 Inde
1627 2375 1874 2446 sequitur
1928 2374 2116 2442 lectio,

527 2472 598 2526 In
643 2471 935 2542 principio;
969 2471 1170 2536 oratio,
1225 2469 1365 2522 Deus
1408 2467 1741 2540 qui;.lectio
1786 2467 1846 2534 2,
1887 2465 2116 2520 Factum

525 2574 638 2630 est;
667 2573 898 2628 tractus,
943 2559 1226 2618 Cantemus
1268 2561 1516 2626 Domino,
1549 2561 1642 2630 qui
1673 2575 1704 2614 a
1746 2558 1955 2615 duobus
1985 2573 2118 2614 can-

533 2666 678 2712 tatur
703 2673 771 2720 es
805 2667 956 2722 toto;
999 2655 1201 2720 oratio,
1225 2653 1362 2708 Dens
1393 2654 1589 2723 cujus;
1623 2652 1785 2707 lectio
1826 2653 1882 2718 5,
1917 2650 2116 2720 Appre-

529 2751 752 2804 hendent
810 2759 1001 2819 septem
1058 2747 1338 2812 mulieres;
1389 2747 1588 2811 oratio,
1657 2745 1798 2800 Deus
1841 2745 1932 2816 qui
1981 2761 2114 2810 nos;

536 2851 763 2905 tractus,
817 2839 1018 2904 Vinea;
1061 2839 1222 2894 lectio
1264 2839 1320 2904 4,
1349 2836 1479 2892 [huc
1521 2847 1596 2892 est
1647 2837 1971 2902 hereditas;
2008 2844 2120 2890 tra-

531 2942 675 2996 ctus,
723 2930 981 2996 Attende;
1036 2930 1238 2993 oratio,
1297 2927 1439 2982 Deus
1487 2928 1576 2996 qui
1637 2927 1962 2992 Ecclesium;
2009 2935 2120 2982 tra-

531 3033 676 3085 t-tns,
724 3020 872 3074 Sicut
929 3037 1146 3086 cerrus;
1197 3019 1395 3084 oratio,
1445 3017 1982 3072 Concede.-Letania
2023 3019 2120 3074 tri-

532 3114 616 3183 pla
669 3123 923 3168 cantatur
967 3128 994 3168 a
1041 3113 1251 3168 duobus
1293 3111 1627 3176 cantoribus,
1661 3111 1756 3182 qui
1807 3119 1862 3167 et
1892 3113 2118 3170 chorum

537 3215 722 3261 tenent
764 3207 950 3276 cappis
1005 3205 1226 3271 iudutis,
1275 3213 1330 3260 et
1375 3204 1818 3275 prmcinentibus,
1867 3213 1922 3260 et
1970 3213 2120 3261 utro-

531 3313 638 3370 que
667 3299 836 3353 choro
875 3299 1188 3370 singulatim
1220 3297 1614 3368 respondente;
1655 3297 1724 3351 ad
1766 3297 1980 3366 singula
2023 3313 2120 3352 no-

535 3390 680 3444 mina
723 3398 1060 3454 sanctorum,
1099 3399 1295 3460 praeter
1344 3389 1679 3459 angelorum,
1711 3388 2008 3444 inclinatur
2049 3390 2120 3446 ab

535 3481 619 3534 his
648 3495 678 3534 a
707 3480 904 3550 quibus
938 3481 1312 3546 nominantur,
1361 3481 1461 3537 nisi
1492 3493 1854 3550 plaicentores
1885 3499 1990 3540 non
2033 3483 2122 3538 in-

535 3571 760 3624 clinant.
795 3569 872 3624 De
913 3571 1184 3640 baptismo
1225 3571 1360 3626 nibil
1401 3587 1500 3628 nos
1545 3572 1982 3640 intromittimus,
2021 3591 2122 3631 nec

537 3666 605 3720 ab
635 3664 748 3718 ullo
793 3665 844 3718 in
892 3665 1126 3720 ecclesia
1175 3675 1356 3720 nostra
1401 3667 1729 3722 celebratur.
1778 3668 2004 3724 Letania
2041 3669 2124 3724 in.

537 3758 734 3812 t'ltoata
777 3757 959 3812 statim
1005 3773 1129 3810 cum
1177 3758 1449 3827 tapetibus
1491 3759 1878 3828 cooperiuntur
1913 3759 2120 3826 formae,

541 3848 1150 3922 tittita,pronuntiatur
1195 3865 1225 3900 a
1274 3857 1520 3914 cantore,
1575 3849 1872 3902 Accendite.
1921 3850 2123 3904 Accen-

539 3943 741 3994 duntur
781 3955 899 4008 qua:
930 3949 1058 3994 sunt
1097 3949 1222 3994 ante
1245 3941 1420 3994 altare
1447 3939 1710 4006 candelae,
1753 3950 1806 3994 et
1837 3942 2126 4011 pulsantur

539 4032 721 4086 omnia
770 4033 950 4101 signa,
991 4031 1382 4101 cooperiunutr
1419 4047 1542 4088 cum
1581 4033 1852 4102 tapetibus
1893 4033 2124 4100 fortine;

543 4125 834 4179 Incboatnr
877 4125 1041 4180 missa
1073 4139 1195 4178 cum
1229 4122 1414 4194 Kyrie,
1457 4123 1688 4189 eleisan;
1725 4126 1973 4194 sequitur
2001 4123 2124 4180 Glo-

541 4217 624 4270 ria
657 4218 712 4268 in
741 4213 984 4280 excelsis,
1013 4223 1068 4270 et
1100 4223 1297 4268 caetera
1341 4213 1658 4270 solentttiter
1685 4215 1890 4270 omnia.
1920 4214 2126 4272 Cereus

542 4305 723 4363 nullus
762 4315 1010 4376 portatur
1059 4315 1186 4360 ante
1225 4305 1566 4360 sacerdotem
1610 4306 1678 4360 ad
1727 4305 1900 4362 altare
1946 4322 2130 4374 proce-

2207 462 2386 508 tamen
2417 455 2594 528 adhuc
2622 461 2676 508 et
2709 453 2880 523 ipsius
2915 454 3224 523 antipbona:
3255 454 3485 510 melodia
3523 463 3788 510 canmur

2203 562 2328 601 cum
2357 547 2603 612 alleluia;
2632 546 2858 602 collecta
2889 545 3032 600 Deus
3051 547 3140 616 qui
3166 547 3322 601 hanc.
3355 545 3646 602 Processio
3669 561 3788 614 qua:

2203 640 2270 692 ad
2295 639 2578 694 ecclesiam
2602 638 2660 694 S.
2677 638 2858 694 Maria:
2871 637 2984 692 ﬁeri
3005 638 3164 698 solet,
3187 647 3431 692 mutatur
3444 639 3514 692 ad
3541 647 3788 692 sanctam

2203 746 2447 796 crucem,
2493 731 2636 786 sicut
2679 731 2844 786 etiam
2897 731 2952 786 in
2999 731 3150 786 omni
3203 729 3464 794 Sabbato,
3496 729 3594 786 sed
3625 729 3792 784 modo

2207 839 2330 878 cum
2383 824 2752 893 responsorio,
2799 823 2938 877 Dum
2973 823 3268 885 transisset,
3317 831 3580 890 sequente
3631 835 3790 876 versu

2205 926 2261 972 et
2283 917 2504 972 collecta
2527 933 2648 972 cum
2669 915 2832 972 tonali
2855 915 3319 986 pronuntiatione,
3345 913 3510 968 Dicite
3531 914 3588 966 in
3613 911 3788 966 natio-

2209 1009 2358 1062 nibus
2391 1022 2409 1060 :
2443 1007 2580 1064 Deus
2636 1009 2726 1079 qui
2769 1025 2866 1078 pro
2908 1008 3098 1062 salute.
3153 1004 3420 1062 Generale
3473 1003 3790 1058 Mandatum

2207 1109 2354 1155 esset
2383 1099 2715 1166 faciendum,
2741 1100 2846 1156 nisi
2877 1099 3021 1170 quod
3045 1097 3248 1154 factum
3277 1107 3364 1153 est
3393 1097 3444 1152 in
3481 1096 3658 1152 Cinna
3691 1094 3800 1150 Do-

2209 1192 2378 1258 mini;
2429 1203 2486 1248 et
2535 1195 2640 1249 hoc
2685 1193 2851 1249 etiam
2887 1189 3244 1248 constitutum
3274 1200 3412 1246 esta
3435 1190 3596 1244 beato
3633 1187 3800 1242 Patre

2208 1283 2458 1350 0dilone,
2505 1294 2566 1340 ut
2607 1285 2651 1340 si
2697 1284 2832 1341 festa
2875 1283 3146 1354 praecipua
3187 1282 3240 1336 in
3280 1296 3502 1350 vespera
3543 1278 3800 1342 Subbali,

2212 1377 2366 1443 Qum,
2399 1387 2458 1432 ut
2487 1377 2749 1446 scriptum
2781 1385 2888 1442 est,
2917 1375 3128 1430 lacessit
3155 1375 3210 1429 in
3239 1375 3412 1444 prima
3451 1373 3694 1436 Sabbati,
3741 1371 3800 1425 id

2217 1477 2304 1524 est
2351 1469 2405 1522 in
2463 1468 2767 1533 Dominiea,
2815 1466 3118 1532 evenerint,
3175 1463 3484 1518 Mandatum
3523 1461 3578 1516 in
3611 1460 3804 1529 quinta

2213 1559 2346 1614 feria
2382 1558 2728 1628 praecedente
2758 1557 3116 1626 anticipetur,
3149 1567 3216 1610 ne
3249 1553 3509 1608 fratribus
3537 1549 3802 1620 prolixio-

2213 1652 2362 1706 ribus
2406 1650 2606 1720 vigiliis
2653 1648 3020 1714 laboraturis,
3077 1645 3319 1701 Mandali
3375 1657 3596 1714 quoque
3647 1641 3804 1696 labor

2217 1743 2460 1798 accedat.
2491 1742 2646 1810 Quod
2679 1751 2894 1797 tenetur
2919 1741 2974 1796 itt
3005 1741 3243 1810 quinque
3273 1737 3564 1809 praecipuis
3599 1733 3800 1796 festis;

2217 1847 2273 1892 et
2311 1837 2544 1892 domnus
2571 1835 2742 1890 abbas
2767 1835 2872 1890 hoc
2899 1830 3289 1902 superaddidit,
3319 1825 3801 1885 commemoratio-

2216 1945 2342 1984 nem
2373 1936 2579 1984 sanctas
2609 1925 2898 1982 Trinitatis
2925 1943 2941 1991 ;
2999 1923 3224 1980 Vincula
3257 1923 3317 1978 S.
3345 1920 3492 1978 Petri
3519 1937 3535 1988 ;
3575 1919 3806 1974 Festum

2219 2019 2474 2076 Omnium
2522 2017 2872 2080 Sanctorum,
2915 2015 2977 2070 S.
3009 2013 3252 2080 Martini;
3280 2011 3658 2083 llypapautem
3699 2007 3808 2062 Do-

2217 2112 2372 2176 mini,
2403 2118 2458 2167 et
2489 2110 2894 2166 Dedicationem
2927 2107 3207 2164 Ecclesia}.

2807 2263 3036 2322 CAPUT
3073 2264 3188 2320 XV.

2343 2361 2420 2414 De
2447 2361 2560 2430 ipsa
2590 2367 2760 2424 nocte,
2787 2358 2861 2414 vel
2883 2358 2968 2413 die
2999 2357 3422 2413 Resurrectionis
3453 2356 3689 2412 Domini.

2295 2476 2352 2530 in
2387 2476 2498 2544 ipsa
2538 2481 2700 2529 nocte
2726 2471 3024 2528 Dominieas
3051 2470 3486 2526 Resurrectionis
3507 2470 3642 2524 satis
3669 2471 3806 2524 novi

2220 2566 2347 2634 quia
2374 2564 2660 2640 vobiscum
2691 2563 2746 2616 in
2775 2561 3057 2618 nocturnis
3083 2577 3188 2616 non
3223 2559 3618 2615 concordatnus
3645 2576 3808 2632 aget»

2220 2657 2496 2710 dis:nam
2543 2664 2601 2709 et
2653 2651 2872 2722 psalmi,
2919 2660 2976 2708 et
3022 2651 3308 2716 lectiones,
3355 2658 3412 2702 et
3457 2649 3808 2718 responsoria

2219 2747 2429 2817 pariter
2451 2746 2518 2801 ad
2553 2743 2944 2800 duodenarium
2991 2742 3326 2813 pertingunt,
3379 2755 3694 2810 quanquam
3747 2742 3804 2794 in

2221 2843 2638 2914 antipltouarum
2672 2853 2902 2896 numero
2931 2839 3034 2894 nisi
3065 2847 3174 2894 tres
3204 2837 3514 2906 antipbnme
3557 2837 3806 2892 habean-

2221 2946 2330 3003 tur,
2373 2949 2602 3006 quarttm
2645 2932 2822 3002 prima
2865 2939 3120 2988 cantatur
3162 2945 3328 3000 super
3353 2928 3560 2999 primos
3581 2941 3802 2998 quoque

2225 3045 2320 3084 sex
2345 3027 2621 3098 psalmos;
2649 3024 2886 3082 secunda
2919 3037 3081 3094 super
3111 3021 3246 3078 alios
3275 3037 3370 3078 sex
3398 3037 3415 3087 ;
3457 3021 3616 3076 tertia
3647 3033 3812 3090 Super

2226 3122 2462 3178 cantica.
2517 3118 2592 3174 De
2643 3116 2924 3188 pulsandis
2967 3114 3146 3186 primo
3191 3112 3446 3168 omnibus
3487 3111 3660 3182 signis
3711 3126 3818 3181 pro

2224 3211 2376 3268 scilla
2405 3227 2420 3277 ;
2461 3211 2530 3265 de
2557 3209 2732 3264 tribus
2761 3206 2939 3279 palliis
2971 3220 3137 3276 super
3164 3203 3337 3260 altare
3381 3201 3704 3268 mittendis;
3745 3203 3818 3257 de

2223 3307 2448 3362 incenso
2503 3301 2649 3357 inter
2703 3307 3002 3356 nocturnos
3059 3305 3144 3353 ter
3200 3293 3686 3358 circumferendo;
3746 3291 3814 3346 de

2224 3394 2590 3467 responsoriis.
2633 3401 2828 3448 octavo
2860 3401 2917 3446 et
2945 3389 3288 3450 duodecimo,
3327 3393 3618 3456 postquam
3647 3382 3818 3437 semel

2225 3499 2442 3546 cantata
2469 3486 2690 3550 fuerint,
2732 3485 2929 3540 iterum
2969 3481 3302 3552 repetendis,
3340 3485 3503 3534 vacat
3529 3477 3616 3544 (ut
3647 3473 3812 3529 modo

2226 3582 2406 3636 dicam
2437 3578 2580 3649 quod
2613 3575 2928 3632 meminisse
2964 3572 3144 3643 potes)
3173 3571 3286 3642 jam
3323 3569 3378 3622 in
3421 3565 3810 3637 superioribus

2227 3671 2450 3734 dixisse,
2479 3667 2569 3722 ubi
2605 3665 2946 3721 mentionem
2979 3662 3082 3718 feci
3112 3661 3180 3716 de
3213 3657 3530 3714 diversitate
3555 3654 3812 3712 solemni—-

2227 3769 2422 3814 latum.
2449 3758 2530 3812 Ad
2559 3757 2862 3812 matutinas
2897 3753 3086 3810 laudes
3121 3751 3454 3822 singularum
3487 3747 3810 3816 autiphona-

2227 3867 2346 3906 rum
2391 3849 2620 3904 tnelodia
2665 3846 2934 3917 repetitur
2986 3859 3110 3900 cum
3161 3841 3398 3896 alleluia.
3445 3840 3504 3893 ln
3551 3837 3644 3892 die
3683 3851 3810 3892 cum

2227 3943 2364 3996 hora
2393 3956 2498 3994 una
2521 3953 2750 4008 quaeque
2781 3935 3056 4007 pr0priam
3089 3933 3288 3988 habeat
3329 3929 3712 4000 antipltonam,
3753 3933 3814 3979 ut

2229 4035 2282 4088 in
2329 4040 2582 4103 promptu
2625 4039 2708 4086 est
2753 4029 2809 4084 in
2855 4026 3242 4097 antipbonario
3289 4024 3495 4088 videre,
3531 4022 3602 4076 ad
3649 4018 3810 4088 Vesp.

2229 4137 2393 4193 super
2439 4121 2678 4194 psalmos
2731 4135 2838 4174 non
2887 4117 3182 4186 antipbona
3221 4115 3316 4170 sed
3351 4121 3558 4168 tantum
3591 4110 3816 4167 alleluia

2231 4217 2330 4281 ita,
2375 4216 2559 4270 Iesum
2601 4229 2754 4284 quem
2795 4211 3054 4284 qumritis.
3101 4209 3182 4263 Ad
3231 4207 3636 4278 processionem
3685 4213 3811 4274 post

2231 4326 2425 4380 aquam
2465 4307 2843 4371 benedictam,
2893 4304 3210 4374 antipbuna,
3247 4301 3368 4355 Vidi
3413 4315 3630 4369 aquam,
3673 4309 3760 4353 etc
3793 4339 3809 4362 ,

539 4407 776 4467 dentem,
811 4418 912 4459 nec
937 4413 1063 4458 ante
1093 4401 1442 4472 Evangelium
1472 4401 1572 4455 nisi
1607 4403 1888 4456 incensum
1915 4401 2112 4457 sultnn.
2145 4416 2192 4475 ι)
2220 4419 2340 4462 cum
2382 4399 2564 4456 Gloria
2605 4398 2779 4462 Patri,
2821 4395 3135 4466 proceditur
3173 4392 3237 4446 ad
3275 4391 3565 4446 ecclesiam
3594 4389 3654 4442 S.
3707 4387 3812 4440 Ma-

540 4500 694 4554 'I‘ttuc
735 4500 900 4554 etiam
954 4497 1190 4568 primum
1225 4497 1270 4550 si
1301 4497 1424 4566 quis
1467 4497 1814 4551 sacerdotum
1865 4495 2118 4566 privatim

545 4591 766 4643 missam
797 4601 1017 4644 cantare
1049 4588 1308 4651 voluerit,
1341 4587 1616 4642 licentiam
1647 4588 1896 4656 accipere
1922 4595 2118 4657 pozest,

539 4692 593 4734 et
628 4680 881 4736 similiter
928 4681 1152 4752 incipiat
1179 4696 1208 4733 a
1241 4679 1425 4749 Kyrie,
1467 4679 1684 4733 eleison.
1720 4679 1775 4733 ltt
1813 4694 1972 4734 caena
2019 4679 2122 4734 Do-

445 4801 450 4808 -
543 4773 675 4826 mini
717 4774 899 4841 potuit
931 4772 1094 4826 etiam
1129 4772 1246 4826 sine
1278 4771 1498 4826 licentia
1527 4783 1655 4825 ante
1683 4770 1948 4840 majorem
1995 4770 2124 4824 mis-

441 4912 446 4918 .
541 4882 656 4921 sant
690 4875 936 4930 cantare,
975 4866 1309 4935 sedabsqne
1335 4864 1586 4932 candela,
1617 4863 1744 4932 quia
1778 4877 1950 4917 novus
1979 4861 2124 4930 ignis

547 4959 786 5015 nondum
815 4967 930 5015 erat
963 4967 1334 5014 consecratus.
1385 4957 1440 5011 In
1481 4959 1586 5012 isto
1620 4965 1804 5011 autem
1831 4955 1918 5010 die
1947 4971 2122 5024 quan-

547 5067 714 5122 quam
745 5053 925 5122 Agnus
967 5052 1060 5106 Dei
1105 5067 1212 5106 non
1257 5053 1490 5112 dicatur,
1525 5067 1626 5120 pas
1659 5061 1838 5105 tamen
1863 5051 1932 5104 ab
1955 5049 2128 5102 omni-

556 5147 656 5198 bus
705 5145 871 5198 datur
909 5154 964 5198 ct
1003 5143 1286 5213 accipitur,
1342 5151 1416 5206 ct,
1474 5153 1532 5196 ttt
1581 5157 1741 5212 supra
1779 5141 2020 5203 memini,
2057 5139 2128 5192 ab

551 5238 808 5292 omnibus
827 5237 1281 5292 communicatur.
1299 5236 1460 5291 Missa
1489 5245 1729 5306 peracta,
1756 5235 1940 5291 statim
1963 5232 2130 5288 scilla:

589 5345 664 5354 .n...‘
711 5329 868 5354 ..2--.υ1
913 5329 1196 5354 ..ιιι-,νυοι-ιίιιη

1263 5326 1288 5354 Δ
1307 5328 1336 5354 ,Ι
1383 5339 1660 5354 naAn-‘Annn‘
1691 5329 1828 5354 κει-ιι.
1875 5334 1924 5354 nl
1971 5325 2123 5354 (εἴηηο

2225 4497 2317 4550 ria:
2357 4507 2479 4548 cum
2512 4487 2854 4558 responsorio
2909 4485 3128 4539 Veniens
3177 4501 3208 4538 a
3257 4481 3495 4544 Libano;
3545 4479 3632 4533 vel
3683 4493 3809 4531 cum

2224 4589 2350 4654 alio,
2379 4583 2524 4654 quod
2557 4591 2735 4636 tamen
2773 4594 2880 4634 non
2905 4578 3126 4632 finiatur
3160 4575 3280 4631 sine
3323 4571 3574 4628 Alleluia.
3603 4569 3804 4638 Sequi-

2225 4697 2312 4739 tttr
2343 4682 2670 4751 antiphoua.
2713 4677 2779 4730 In
2811 4677 2895 4730 die
2933 4672 3330 4728 resurrectionis
3376 4685 3522 4732 metu,
3571 4664 3808 4719 alleluia.

2227 4776 2308 4838 Et,
2349 4773 2494 4828 Sedit
2533 4759 2773 4839 angelus,
2819 4779 2948 4820 cum
2999 4777 3158 4817 versu
3206 4758 3572 4826 Crucifixum;
3616 4753 3684 4808 ad
3729 4753 3812 4806 in-

2229 4867 2446 4919 troitum
2499 4859 2746 4916 ecclesia:
2800 4855 3134 4923 antipltona,
3193 4851 3438 4906 Christus
3487 4861 3808 4916 resurgens;

2229 4955 2281 5008 in
2325 4954 2552 5007 chorum
2584 4946 2857 5003 redeundo
2895 4944 3218 5014 antipbona,
3251 4940 3316 4994 Et
3347 4939 3494 4994 valde
3521 4951 3696 4990 mane.

2300 5041 2471 5096 Inter.
2515 5038 2574 5093 Si
2622 5035 2910 5092 dicendum
2941 5043 3027 5088 cst
3057 5034 3107 5087 in
3137 5032 3228 5084 tali
3261 5032 3350 5086 die
3375 5028 3622 5089 collecta,
3653 5023 3810 5093 cujus

2229 5147 2387 5201 supra
2419 5129 2474 5184 in
2500 5129 2732 5199 quodam
2772 5125 2890 5180 loco
2941 5122 3258 5188 meministi,
3313 5121 3366 5176 id
3409 5129 3514 5184 est,
3561 5117 3658 5172 Via
3687 5133 3808 5170 san~

2229 5235 2453 5278 clarum.

2309 5313 2440 5354 ηριη
2510 5310 2728 5354 Πιὶηιιρ-
2773 5321 2873 5354 nec
2917 5307 2968 5354 in
3003 5304 3108 5354 ulla
3139 5303 3280 5354 solet
3315 5299 3594 5354 Dominiea
3631 5310 3804 5352 rema-
