4030 5354
273 281 376 341 665

1085 289 1654 352 CONSUETUDINES
1683 296 2216 364 CLUNIACENSES.
2263 341 2318 351 —
2349 311 2548 368 LIBER
2581 315 2856 376 PRIMUS.

3426 331 3532 387 663

277 399 438 454 Petro
467 409 522 454 et
551 398 742 465 Paule,
785 409 840 456 et
867 417 1058 456 versus
1109 405 1200 459 ille
1245 405 1542 475 Cruci/imus
1589 421 1848 465 remanet.
1882 417 1926 472 Α
1963 419 2148 474 nescio
2187 439 2308 492 qua:
2345 425 2638 482 Gallienum
2675 445 2886 488 nomon:
2925 443 3234 492 cantantur.
3273 438 3376 495 Per
3400 441 3532 498 alios

275 491 434 544 Missa
506 502 874 548 sacrosancta:
919 495 1024 548 diei
1073 501 1344 566 quomodo
1393 501 1698 556 celebretur
1747 519 1850 559 non

271 595 406 648 opus
433 581 604 636 habes
635 583 828 636 iterant
855 583 1064 650 audire,
1095 585 1140 638 si
1171 585 1310 640 bene
1339 588 1532 642 recolis
1551 605 1710 658 supra
1741 607 1852 646 me-

271 679 482 724 morata
506 670 578 723 de
597 669 912 726 diversitate
931 673 1352 730 solemuitatum.
1383 677 1536 742 Quod
1569 688 1746 734 tamen
1778 681 1848 736 ibi

271 775 404 826 non
433 760 545 814 dixi
577 779 591 814 :
622 761 880 817 Introitus
909 771 992 817 ter
1013 775 1345 833 recantatur,
1391 769 1514 838 quia
1561 770 1694 825 duos
1725 787 1847 826 vcr-

271 866 366 906 sus
415 851 604 906 habet.
657 853 772 906 Duo
819 867 1034 924 quoque
1085 857 1236 925 paria
1291 868 1574 914 cantorum
1629 861 1752 917 hinc
1797 871 1852 918 et

271 942 418 1006 inde,
451 943 538 997 vel
567 945 612 998 si
646 945 880 1011 videtur,
927 947 1110 1017 plures
1163 959 1477 1006 statuuntur
1517 954 1584 1008 ad
1631 969 1850 1024 prosam

271 1031 702 1098 concinendam;
747 1035 944 1102 quibus
993 1039 1190 1092 chorus
1235 1055 1332 1109 per
1377 1056 1600 1098 ueumas
1629 1061 1848 1115 respon-

269 1121 378 1176 det.
429 1123 514 1178 Ad
567 1125 749 1196 Agnus
795 1126 893 1182 Dei
959 1129 1096 1200 tropi
1147 1131 1365 1200 quidam
1415 1135 1760 1204 adjiciuntur,
1791 1149 1846 1194 et

265 1215 586 1270 communio
615 1225 736 1284 post
761 1233 978 1272 versum
1007 1235 1162 1275 suum
1197 1223 1441 1280 iteratur.
1477 1225 1702 1297 llymnis
1723 1245 1844 1284 om-

269 1301 418 1354 nium
451 1303 714 1360 horarum
758 1307 976 1362 additur
1013 1324 1150 1364 unus
1181 1326 1389 1378 versus,
1423 1315 1474 1369 id
1505 1325 1590 1371 est
1623 1316 1846 1384 Quamu-

267 1405 405 1458 tnus,
445 1403 634 1446 auctor
675 1398 944 1464 onmium;
983 1409 1038 1454 et
1079 1404 1410 1461 novissimus
1459 1409 1532 1462 ita
1581 1420 1840 1477 mutatur,

267 1478 450 1534 Gloria
489 1484 608 1550 tibi,
660 1485 900 1554 Domine,
925 1493 1014 1558 qui
1033 1497 1332 1558 surrexisti.
1359 1510 1464 1554 etc.
1498 1500 1650 1567 Quod
1673 1505 1840 1560 etiam

269 1579 486 1626 tenetur
534 1589 704 1644 usque
740 1579 806 1633 ad
843 1569 1230 1640 Ascéusiouem
1283 1587 1514 1646 Domini.
1569 1593 1838 1664 Prazfatio,

269 1658 336 1714 Te
359 1663 572 1730 quidem
619 1669 758 1721 omni
809 1682 1054 1742 tempore,
1102 1692 1198 1744 per
1243 1687 1408 1734 totam
1459 1683 1618 1738 istam
1672 1658 1841 1757 septi;

265 1765 482 1806 matiam
533 1755 762 1812 dicenda
793 1769 878 1816 est
905 1763 973 1818 ad
1014 1774 1302 1838 utramque
1342 1772 1582 1828 missam.
1619 1775 1710 1831 Est
1736 1753 1838 1833 au-
1867 1753 1916 1814 Β

267 1853 372 1900 tem
405 1847 512 1902 alia
543 1855 902 1920 consuetudo,
951 1859 1166 1926 quoties
1209 1862 1407 1928 iuerint
1441 1867 1726 1924 duodecim
1767 1872 1841 1928 lc»

263 1935 502 2004 ctioues,
533 1947 588 1994 et
625 1957 727 1994 una
759 1945 944 2000 eadem
986 1948 1210 2004 collecta
1239 1953 1470 2019 dicatur,
1507 1966 1562 2012 et
1592 1959 1658 2014 ad
1687 1975 1834 2031 vesp.

263 2036 318 2080 et
343 2030 410 2082 ad
440 2029 788 2102 Evangelium
815 2046 934 2105 post
959 2049 1272 2108 nocturnos,
1315 2054 1370 2099 et
1400 2047 1466 2100 ad
1501 2049 1733 2114 tertiam,
1783 2029 1840 2106 et

263 2119 516 2184 missam,
559 2130 616 2174 et
665 2123 860 2178 iterum
907 2127 974 2182 ad
1023 2144 1307 2199 vesperas;
1357 2137 1500 2204 quod
1554 2147 1732 2194 tamen
1781 2141 1834 2196 in

275 2207 373 2260 hac
419 2209 530 2273 die,
580 2219 635 2264 et
667 2212 720 2266 in
777 2215 879 2270 hac
931 2219 1230 2285 septimana
1280 2224 1598 2281 observatur
1643 2239 1836 2299 prteter

261 2297 328 2350 ad
379 2299 526 2354 solas
579 2317 868 2372 vesperae,
937 2317 994 2364 ut
1030 2313 1368 2381 prtetnissum
1419 2327 1502 2372 est
1547 2320 1600 2374 in
1653 2322 1834 2393 vigilia

271 2386 512 2447 Pascha.

847 2491 1072 2551 CAPUT
1111 2499 1248 2554 XVI.

351 2575 429 2630 De
457 2580 690 2634 secunda
719 2580 852 2648 feria
873 2595 920 2638 et
950 2587 1130 2642 diebus
1158 2591 1376 2661 majoris
1401 2598 1726 2665 septimantv.

326 2665 624 2722 Transacto
655 2670 742 2724 die
771 2671 1074 2742 Dominica,
1123 2679 1174 2734 in
1223 2686 1462 2739 secunda
1500 2687 1655 2755 feria,
1689 2699 1740 2746 et
1773 2693 1826 2748 in

251 2757 374 2813 aliis
421 2761 614 2816 diebus
657 2773 713 2818 et
764 2767 1014 2824 noctibus
1057 2769 1298 2839 ejusdem
1341 2779 1684 2847 septimana},
1720 2800 1824 2838 non

251 2849 354 2902 nisi
399 2850 506 2905 duo
551 2853 704 2923 signa
741 2856 882 2910 sicut
913 2859 962 2912 in
996 2863 1222 2928 privatis
1262 2868 1328 2920 ad
1368 2879 1664 2925 nocturnos
1711 2873 1828 2942 pul-

249 2949 460 3005 santur,
493 2944 588 3012 qui
617 2959 740 3000 cum
777 2947 1062 3006 duodecim
1095 2956 1336 3024 psalmis,
1391 2961 1532 3016 sicut
1574 2973 1700 3018 sunt
1728 2981 1826 3034 per

243 3029 414 3085 Icrias
444 3035 702 3100 ordinati,
734 3051 996 3108 aguntur;
1031 3047 1126 3100 sed
1159 3047 1418 3106 lectiones
1450 3063 1560 3108 tres
1591 3063 1822 3110 tantum-

243 3121 404 3176 modo
437 3139 502 3176 ex
538 3125 842 3197 Evangeliis
883 3133 1036 3187 fiunt.
1083 3137 1226 3193 Puer
1264 3157 1402 3196 unus
1449 3144 1818 3204 invitatorium

246 3224 454 3268 cantat.
489 3217 568 3270 Ad
601 3221 900 3278 matutinos
927 3226 1214 3294 pulsantur
1251 3235 1432 3288 omnia
1473 3239 1642 3306 signa,
1675 3249 1728 3294 et
1757 3243 1822 3296 de

243 3311 440 3358 etatem
470 3307 602 3362 liunl
633 3311 812 3365 omnia
845 3311 1054 3372 festive.
1105 3319 1210 3374 illa:
1259 3333 1442 3378 autem
1484 3341 1604 3394 qua:
1637 3328 1688 3382 in
1721 3331 1821 3384 Do-

243 3393 442 3450 n.inita
493 3409 726 3456 cantata:
764 3415 888 3459 sunt
913 3409 978 3462 ad
1031 3413 1350 3478 matutinos,
1381 3425 1566 3484 postea
1597 3421 1820 3490 singultu

243 3486 310 3538 ad
358 3487 604 3556 singulas
669 3497 960 3552 matutinas
1005 3511 1296 3558 cautautur
1325 3522 1494 3577 usque
1523 3511 1588 3563 ad
1615 3486 1820 3567 Sahha-

243 3584 376 3641 tum,
407 3587 462 3632 et
494 3583 562 3634 ad
593 3584 730 3640 alias
759 3587 919 3644 horas
940 3589 1210 3648 habentur
1231 3597 1538 3667 antiphona:
1563 3603 1628 3657 de
1651 3603 1818 3659 Evan-

241 3667 400 3737 gelio.
435 3671 514 3726 Ad
547 3675 696 3730 solos
725 3687 1022 3736 nocturnos
1070 3693 1126 3738 et
1183 3703 1438 3757 vesperas
1481 3709 1644 3762 super
1671 3697 1818 3763 psal-

239 3774 356 3815 mos
401 3779 507 3818 non
545 3766 650 3820 nisi
699 3769 912 3826 alleluia
953 3785 1222 3841 cantatur,
1256 3781 1324 3834 ad
1357 3783 1640 3841 melodiam
1671 3790 1814 3844 anti-

239 3851 542 3919 phonarum
575 3857 902 3929 formatum;
953 3875 1010 3920 et
1063 3869 1240 3937 primo
1289 3871 1342 3926 in
1393 3875 1526 3930 feria
1576 3881 1814 3936 secunda

237 3943 476 4010 alleluia,
509 3957 568 4001 ut
595 3945 896 4022 Postulaui,
937 3959 1168 4029 Angelus
1194 3975 1392 4032 autem,
1438 3967 1621 4024 Jesum
1662 3988 1813 4042 quem

236 4039 448 4102 qum-is.
473 4038 530 4093 lu
563 4043 720 4098 tertia
749 4046 904 4114 feria,
943 4059 1018 4116 ut,
1057 4063 1104 4105 et
1129 4071 1244 4109 ecce
1271 4067 1424 4113 teme
1459 4071 1648 4118 motus.
1695 4063 1812 4118 Prae

237 4129 439 4183 timore.
473 4131 664 4188 Nonne
691 4153 780 4189 cor
801 4150 1054 4195 nostrum.
1089 4143 1146 4197 ln
1177 4157 1366 4214 quarta
1401 4149 1534 4205 [cria
1569 4161 1648 4216 ut,
1681 4153 1811 4208 Erat

237 4227 428 4272 autem.
465 4219 532 4274 Et
559 4226 912 4291 respicientes.
960 4229 1082 4286 Scio
1125 4237 1264 4305 quod
1287 4237 1491 4294 Jesum.
1537 4242 1589 4295 lu
1619 4245 1806 4312 quinta

237 4303 364 4360 feria
413 4320 492 4374 ut,
533 4307 687 4366 Stetit
731 4315 905 4373 Jesus.
954 4303 1258 4390 Oportebat,
1298 4337 1352 4382 et
1395 4331 1586 4387 iterum
1626 4303 1807 4391 .ieszun

235 4411 378 4460 quem
409 4403 667 4468 quaeritis.
699 4403 758 4459 In
786 4418 936 4462 sexta
971 4411 1104 4466 feria
1150 4423 1227 4478 ut,
1265 4417 1454 4475 Nonne
1486 4425 1582 4493 sic.

234 4500 440 4552 gressat.
494 4489 816 4558 Cruciﬁxus.
889 4497 965 4555 De
1013 4503 1096 4557 his
1130 4505 1302 4560 tribus
1352 4511 1577 4581 singulis
1631 4519 1804 4584 prima

233 4593 440 4650 semper
459 4592 545 4638 est
573 4586 636 4639 ad
669 4588 870 4656 primos
893 4607 986 4646 sex
1011 4596 1247 4663 psalmos
1275 4611 1690 4674 nocturnorum;
1723 4625 1806 4664 se-

237 4671 405 4724 cunda
437 4675 502 4727 ad
535 4671 670 4730 alios
701 4692 834 4743 sex;
891 4683 1045 4736 tertia
1079 4687 1146 4738 ad
1188 4703 1333 4758 vesp.
1367 4691 1422 4745 lu
1455 4693 1691 4751 Sabbato
1726 4710 1801 4764 ut,

239 4757 360 4815 Noli
399 4765 547 4834 flere.
615 4765 762 4822 Venit
819 4769 1012 4827 Maria.
1083 4757 1300 4848 Vespere
1345 4795 1540 4839 autent.
1585 4788 1642 4841 In
1697 4757 1804 4859 quo

235 4851 396 4908 etiam
425 4857 491 4908 ad
519 4857 652 4912 alias
684 4859 845 4914 horas
891 4879 994 4918 non
1032 4866 1132 4920 nisi
1165 4867 1376 4926 alleluia
1407 4886 1678 4932 cantatur.
1719 4880 1802 4935 Ad

236 4953 358 4998 mat.
391 4956 469 5012 ut,
501 4949 729 5020 Angelus
782 4965 977 5010 autem.
1032 4957 1114 5012 Ad
1171 4962 1400 5029 primaut
1451 4984 1530 5036 ut,
1586 4969 1652 5024 Et
1683 4991 1800 5029 ecce

236 5041 381 5090 terra:
411 5051 602 5096 motus.
636 5043 716 5096 Ad
761 5045 997 5111 tertiam,
1032 5049 1157 5116 Prtr
1186 5053 1390 5111 timore.
1435 5062 1515 5116 Ad
1561 5074 1794 5133 sextam,

237 5119 358 5177 Erat
405 5139 594 5186 autem.
626 5131 709 5186 Ad
744 5149 964 5200 nonam,
993 5139 1056 5193 Et
1089 5143 1438 5208 respicientes.
1467 5153 1546 5206 Ad
1579 5153 1798 5210 missam

237 5219 606 5278 tuatutinalem.
648 5239 748 5294 per
794 5234 960 5282 totam
1004 5231 1362 5298 septimanam
1404 5255 1658 5298 cantatur
1686 5247 1800 5301 olli—

236 5302 402 5354 Cium-
441 5308 717 5354 Rostra-rari
768 5313 896 5354 num
925 5319 966 5354 ui
999 5337 1097 5354 nn.-
1127 5331 1234 5354 hmo
1260 5327 1369 5354 .I:....
1403 5350 1462 5354 ___
1579 5335 1614 5354 2-

1959 519 2070 567 tres
2109 515 2176 568 ad
2213 517 2386 572 instar
2423 519 2530 574 diei
2581 521 2894 580 Dominicaa.
2953 529 3031 582 Ad
3072 545 3354 600 ,vesperas-
3397 550 3530 602 (pto-

1953 617 2058 670 que
2137 621 2240 660 non
2315 618 2594 666 mutantur
2656 613 2710 668 hi
2779 617 2972 684 psalmi
3053 619 3194 673 Dixit
3269 622 3528 680 Dominus

1953 691 2178 748 Domino
2229 713 2339 752 meo
2367 741 2382 764 ,
2435 709 2488 754 et
2525 704 2708 758 caeteri
2750 719 2918 776 usque
2965 709 3032 764 ad
3081 725 3335 782 vesperas
3393 713 3528 770 Sab-

1949 783 2086 840 hali.

2529 884 2755 940 CAPUT
2789 887 2951 946 XVII.

1949 963 2026 1020 De
2051 967 2135 1022 die
2160 979 2362 1037 octaro,
2399 983 2446 1027 et
2478 977 2740 1044 quomodo
2767 979 2834 1032 de
2859 991 3046 1036 ra'tero
3069 983 3138 1036 ad
3163 1000 3340 1040 omnes
3367 987 3524 1042 horas

2475 1057 2725 1101 cantatur
2763 1049 2993 1106 alleluia.

2019 1148 2253 1208 Octavus
2300 1153 2414 1209 dies
2459 1153 2680 1213 Pascha:
2719 1164 2986 1228 quomodo
3015 1163 3082 1218 sit
3109 1165 3390 1231 colendus,
3421 1184 3522 1238 per

1946 1242 2288 1296 occasionem
2319 1245 2550 1300 aliarum
2594 1246 2952 1305 festivitatum
2991 1253 3102 1322 iam
3147 1259 3396 1326 superius
3423 1274 3520 1312 au-

1947 1329 2094 1396 disti,
2129 1334 2272 1402 quod
2304 1351 2445 1390 nunc
2475 1348 2652 1392 tamen
2685 1341 3009 1400 adnectitur.
3039 1347 3118 1400 Ad
3139 1361 3391 1418 vesper-as
3413 1365 3520 1406 non

1945 1419 2034 1476 alii
2067 1423 2262 1491 psalmi
2313 1441 2476 1494 quam
2529 1427 2748 1486 feriales
2799 1434 3073 1490 dicuntur.
3108 1439 3187 1494 Ad
3228 1449 3371 1494 noct.
3415 1458 3519 1496 nou

1945 1511 2048 1566 alia
2101 1518 2440 1584 respousoria
2489 1535 2652 1588 quam
2704 1537 2824 1592 quae
2856 1525 2908 1579 in
2937 1527 3107 1596 prima
3143 1538 3298 1584 nocte
3341 1529 3522 1584 Domi-

1943 1601 2081 1656 uictt
2111 1603 2548 1663 Resurrectiouis
2573 1619 2700 1665 sunt
2730 1621 2966 1678 cantata,
2999 1631 3119 1686 qua:
3151 1627 3204 1672 et
3234 1635 3328 1688 per
3352 1629 3519 1674 totam

1945 1703 2256 1766 sequentem
2309 1701 2667 1770 septimanam
2740 1705 2811 1758 ita
2876 1710 3139 1762 cantanda
3201 1709 3518 1778 perdurant.

1945 1783 2104 1840 Missa
2157 1791 2514 1859 matutinalis,
2565 1791 2734 1862 Quasi
2782 1799 2937 1852 modo
2965 1799 3158 1870 ,geniti.
3217 1799 3388 1870 Major
3435 1813 3521 1856 est

1941 1877 2134 1932 eadem
2173 1890 2372 1950 praue:-
2415 1885 2558 1953 quod
2608 1887 2756 1943 solus
2811 1889 3062 1946 introitus
3112 1908 3235 1947 eum
3293 1893 3518 1949 introitu

1941 1965 2224 2026 [Κριαννίπί
2273 1985 2534 2042 mutatur,
2568 1987 2622 2034 et
2670 1981 2823 2050 prius
2867 1983 3080 2039 alleluia
3113 1995 3216 2052 est,
3253 1983 3378 2041 Post
3409 1987 3518 2042 dies

1939 2071 2076 2116 octo.
2111 2063 2195 2118 Ab
2225 2065 2315 2121 illo
2347 2079 2526 2124 autem
2557 2071 2644 2126 die
2675 2087 2796 2128 cum
2828 2077 2894 2128 ad
2924 2092 3112 2132 omnes
3145 2079 3310 2134 horas
3347 2095 3516 2148 usque

1937 2153 2004 2206 ad
2047 2153 2434 2213 Aseensionem
2485 2161 2698 2218 Domini
2736 2181 2954 2236 semper
2996 2168 3210 2224 alleluia
3239 2181 3512 2237 cantetur,

1939 2251 2118 2299 tamen
2163 2249 2215 2304 iu
2260 2251 2407 2306 nullo
2441 2255 2612 2322 reperi
2644 2258 3024 2328 antiphonario
3051 2273 3440 2332 przenotatum,
3469 2267 3512 2320 si

1935 2349 2044 2402 quo
2081 2347 2231 2394 certo
2283 2343 2476 2400 ordine
2531 2355 2678 2402 tanta
2731 2354 2940 2406 cantari
2995 2353 3227 2412 debeant
3273 2358 3510 2416 alleluia.

1934 2425 2164 2492 Quaesivi
2212 2433 2480 2490 curiosius
2511 2453 2538 2490 a
2573 2441 2806 2508 quodam
2839 2442 3038 2512 juvene
3071 2450 3400 2519 perspicacis
3430 2453 3515 2507 iu-

1932 2519 2094 2588 genii,
2119 2531 2174 2576 et
2217 2525 2308 2592 qui
2335 2524 2448 2594 jam
2477 2543 2573 2596 per
2609 2531 2798 2602 viginti
2829 2536 3066 2606 quinque
3095 2541 3382 2610 continuos
3411 2560 3510 2598 au-

1931 2627 2030 2665 uos
2059 2613 2112 2666 in
2146 2613 2383 2672 claustro
2430 2622 2782 2690 morabatur,
2831 2627 2958 2695 quid
3005 2629 3131 2686 inde
3183 2635 3412 2689 sentiret
3455 2645 3513 2690 et

1927 2700 2128 2768 sciret;
2167 2707 2312 2773 quod
2343 2707 2454 2776 ipse
2482 2712 2614 2766 mihi
2647 2715 2848 2782 retulit,
2883 2718 3012 2773 illud
3043 2721 3131 2776 hic
3161 2737 3190 2775 a
3225 2739 3311 2778 me
3341 2724 3510 2780 refer-

1927 2799 2034 2846 tur.
2077 2793 2132 2847 lu
2169 2797 2314 2851 omni
2362 2801 2636 2858 Dominica
2671 2807 2737 2860 ad
2761 2808 2996 2877 primum
3027 2821 3352 2866 nocturnum
3383 2814 3511 2868 alle-

1923 2881 2030 2937 luia
2079 2883 2371 2944 Postulavi.
2421 2891 2499 2946 Ad
2553 2899 2871 2965 secundum,
2917 2902 3145 2973 Angelus
3179 2918 3374 2959 autem.
3420 2906 3504 2960 Ad

1923 2982 2157 3048 cantica,
2187 2984 2249 3038 Et
2272 3003 2392 3040 erce
2409 2999 2564 3044 teme
2585 3003 2776 3048 motus.
2803 2995 2882 3048 Ad
2908 2996 3114 3063 laudes,
3142 2995 3266 3052 Prw
3289 3001 3507 3064 timore;

1925 3071 1991 3124 ad
2031 3073 2284 3141 primam,
2333 3074 2562 3148 Surgens
2599 3093 2806 3147 autem;
2853 3087 2918 3139 ad
2963 3087 3198 3152 tertiam,
3227 3089 3295 3144 tle
3328 3091 3498 3144 Evan-

1925 3161 2085 3230 gelio,
2114 3161 2180 3218 Ut
2213 3168 2376 3221 multa
2405 3171 2650 3238 quidem;
2681 3175 2746 3228 ad
2778 3186 3006 3244 sextam,
3039 3176 3167 3232 Erat
3190 3191 3361 3234 autem
3385 3197 3404 3246 ;
3431 3181 3505 3236 ad

1925 3266 2156 3319 nouam,
2211 3255 2276 3309 Et
2317 3261 2679 3329 respicientes;
2721 3267 2789 3320 ad
2819 3283 3092 3338 vesperas,
3120 3270 3302 3326 Iesum
3349 3290 3504 3343 quem

1921 3345 2133 3412 qutrris.
2173 3345 2227 3401 lu
2259 3352 2496 3404 secunda
2531 3352 2662 3410 feria
2703 3372 2824 3412 cum
2854 3359 3048 3414 iterum
3100 3377 3237 3430 opus
3284 3364 3352 3417 sit
3395 3380 3502 3420 ιιοιι

1919 3436 2288 3504 paucioribus,
2341 3451 2400 3494 ut
2455 3443 2526 3496 ita
2582 3445 2782 3514 dicam,
2843 3450 3095 3516 alleluiis,
3147 3454 3501 3510 uisitantqu

1920 3539 2028 3580 una
2073 3529 2251 3584 minus
2289 3543 2510 3604 propter
2537 3539 2748 3593 Cantica
2782 3551 2910 3596 tunc
2941 3559 3047 3597 non
3079 3545 3330 3611 dicenda,
3365 3563 3500 3602 catt-

1921 3625 2104 3673 tautur
2126 3623 2315 3677 eodem
2346 3641 2454 3695 quo
2497 3643 2658 3700 supra
2702 3633 2894 3688 ordine
2937 3635 3150 3690 alleluia
3190 3649 3268 3704 ut,
3305 3637 3500 3694 l’ostu-
3583 3655 3588 3662 '

1917 3708 2039 3764 lavi.
2092 3711 2318 3783 Angelus
2341 3725 2545 3772 autem.
2581 3719 2648 3774 Et
2678 3739 2792 3777 ecce
2843 3735 2996 3780 terra:
3045 3739 3238 3782 motus.
3275 3729 3396 3785 Prw
3426 3734 3496 3786 ti-

1917 3815 2080 3856 more.
2110 3801 2186 3859 De
2222 3806 2534 3879 Evangelia,
2590 3813 2724 3868 Erat
2774 3827 2969 3872 autent.
3025 3819 3092 3872 la't
3141 3824 3498 3891 respicientes.

1915 3891 1972 3946 lu
2019 3897 2321 3965 matutinis,
2365 3899 2548 3956 Jesum
2579 3922 2728 3976 quem
2773 3911 2989 3978 qua’ris.
3045 3913 3098 3966 lu
3151 3915 3308 3968 tertia
3363 3915 3497 3970 feria

1915 3983 2134 4041 alleluia
2168 4000 2248 4052 ut,
2298 3989 2450 4046 Stetit
2486 3993 2665 4051 Jesus.
2699 3998 3002 4067 Oportebat.
3043 4001 3231 4058 Nonne
3260 4008 3355 4072 sic.
3393 4007 3498 4072 ραι

1913 4087 2030 4129 sunt
2059 4078 2112 4132 Ιιὶ
2142 4097 2423 4138 sermones.
2451 4087 2526 4142 De
2555 4088 2869 4160 Evangelio,
2905 4093 2972 4146 Et
3004 4110 3303 4164 coegerunt.
3339 4099 3498 4155 Mane

1913 4169 2202 4224 nobiscum.
2233 4173 2552 4230 Nonne'cor
2578 4191 2834 4236 nostrum.
2868 4184 2922 4236 lu
2956 4195 3151 4254 quarta
3175 4187 3332 4254 feria,
3367 4189 3496 4246 Noli

1909 4259 2052 4326 ﬂere.
2099 4259 2250 4316 Venit
2282 4263 2480 4319 Maria.
2543 4269 2612 4322 Et
2657 4271 2897 4340 ingressi.
2935 4275 3000 4329 Et
3033 4277 3184 4332 valde
3213 4297 3385 4335 mane.
3419 4284 3496 4340 De

1912 4351 2228 4422 Evangelio,
2261 4355 2342 4410 Ite
2391 4359 2646 4416 nuntiate.
2692 4363 2894 4420 Iterum
2950 4370 3082 4422 venit
3137 4369 3332 4425 Μανία.
3371 4372 3492 4428 Scio

1626 4427 1693 4480 El
1728 4429 1805 4482 ἱιι·
1833 4439 1883 4500 ῐ)
1908 4442 2046 4510 quod
2095 4436 2390 4500 Jesumflu
2428 4446 2616 4516 quinta
2662 4452 2915 4509 similiter
2941 4465 3000 4510 ut
3035 4457 3086 4512 iu
3131 4463 3389 4516 secunda.
3433 4465 3489 4518 lu

1910 4541 2060 4586 sexta
2093 4543 2147 4588 ut
2180 4535 2230 4589 in
2259 4539 2440 4604 tertia,
2481 4554 2707 4612 excepto
2731 4547 2872 4613 quod
2910 4547 2976 4602 ad
3013 4563 3264 4619 vesperas
3293 4571 3487 4610 ειιιιιιιο

1910 4631 1998 4677 ιιιι·
2025 4626 2262 4694 aHeluia,
2303 4631 2524 4704 Vespere
2555 4647 2748 4691 autent.
2787 4637 2863 4695 De
2893 4639 3183 4712 Evangelio
3213 4655 3290 4709 ut,
3321 4645 3492 4702 Multa

1905 4715 2134 4785 quidem,
2167 4720 2272 4785 vel,
2311 4722 2462 4778 Mitte
2493 4743 2705 4780 manuni
2757 4738 2926 4785 tuam.
2982 4729 3095 4803 Ego
3125 4751 3241 4788 sum
3279 4735 3490 4792 I’astor.

1907 4805 2175 4863 Modicum
2221 4821 2272 4866 et
2319 4833 2422 4870 non
2463 4817 2701 4872 videbitis
2734 4838 2836 4876 me.
2877 4823 2932 4878 In
2973 4823 3212 4882 Sabban
3241 4829 3492 4884 similiter

1907 4905 1965 4953 ut
1995 4899 2045 4952 in
2079 4899 2214 4955 feria
2245 4918 2466 4975 quarta,
2500 4919 2726 4979 excepto
2771 4917 2917 4984 quod
2959 4917 3023 4970 ad
3067 4933 3326 4988 vesper-as
3357 4923 3490 4977 alle—

1905 4989 2032 5045 luia.
2109 4992 2482 5069 Quodcunque
2546 5011 2728 5057 autem
2791 5007 2844 5064 in
2922 5009 3226 5079 septimana
3299 5015 3495 5086 legitur

1902 5079 2276 5149 Evangeliutu,
2329 5089 2396 5143 de
2439 5104 2503 5144 eo
2535 5089 2601 5143 ad
2639 5093 2858 5151 tertiam
2913 5097 3060 5151 omni
3112 5101 3200 5156 die
3247 5115 3494 5160 cantatur

1906 5171 2139 5224 alleluia.

2453 5271 2917 5346 carur;xvuL
