4030 5354
456 328 558 387 667

465 537 574 591 alio
604 534 852 603 locojant
900 550 1005 589 non
1053 536 1218 602 tacui,
1265 545 1394 591 ante
1436 545 1730 592 nocturnos
1781 553 1883 591 non
1944 537 2043 591 nisi

466 627 774 698 quindecim
801 628 1012 682 cantica
1054 628 1318 696 graduum
1360 619 1632 690 dicuntur.
1686 645 1822 699 quos
1851 638 1906 684 et
1937 645 2047 684 nta-

465 719 654 772 tutina:
681 717 862 772 laudes
889 727 1208 787 sequuntur,
1258 719 1404 774 ttttllo
1451 725 1677 790 pro'rsus
1733 720 1941 790 psalmo
1975 720 2050 774 itt-

471 811 779 878 terposito;
822 811 914 864 sed
957 819 1086 886 post
1119 811 1418 865 matutinas
1456 810 1641 866 laudes
1671 822 1725 866 ct
1759 813 1895 867 alias
1949 811 2046 866 Im-

471 915 581 962 ras,
624 901 688 954 dc
720 901 996 954 consuetis
1027 901 1252 971 psalmis
1291 913 1576 956 reutanent
1605 903 1730 964 duo,
1765 903 1970 973 primus
1997 912 2052 957 et

471 995 764 1056 secundus,
812 1002 866 1048 et
911 993 1054 1047 inter
1101 1008 1292 1062 preces
1344 993 1582 1063 psalmus
1635 995 1914 1060 Miserere;
1960 997 2048 1066 qtti

475 1093 655 1138 tamen
699 1093 820 1151 post
859 1083 1090 1152 primam
1139 1099 1243 1137 non
1289 1085 1561 1138 omittitur
1611 1101 1714 1153 pro
1759 1087 2051 1141 abbatibus

475 1177 679 1231 nostris
709 1176 1001 1243 defunctis,
1036 1192 1135 1232 nec
1163 1178 1486 1232 matutitmnt
1520 1178 1921 1240 defunctorum,
1953 1194 2050 1234 nec

471 1269 614 1323 Deus
655 1269 894 1334 nuribus,
929 1284 1025 1324 nec
1055 1281 1172 1340 post
1205 1273 1434 1340 primam
1468 1281 1672 1342 septem
1705 1271 1896 1340 psalmi
1925 1287 2048 1325 cum

472 1358 584 1411 suis
611 1359 977 1427 appendieiis;
1011 1369 1132 1428 post
1157 1359 1395 1428 psalmos
1426 1375 1522 1429 pro
1551 1360 1844 1416 tricenario
1868 1377 2054 1417 recens

473 1448 714 1503 defuncti
765 1451 1058 1504 dormitum
1107 1451 1172 1504 ad
1223 1451 1358 1506 lecta
1403 1462 1772 1518 revertuntur,
1810 1453 1910 1508 nisi
1945 1465 2052 1508 tam

470 1541 619 1595 clara
651 1543 723 1598 sit
747 1531 864 1598 dies
891 1553 948 1596 ut
971 1542 1084 1610 jam
1115 1541 1294 1598 littera
1317 1543 1558 1614 dignosci
1587 1545 1760 1615 possit
1812 1546 1864 1600 itt
1897 1546 2052 1600 lihro.

474 1634 627 1700 Quod
658 1635 700 1689 si
735 1651 930 1691 aurora
981 1635 1214 1705 primum
1265 1636 1453 1706 incipit
1508 1653 1768 1708 apparere
1813 1639 2059 1694 calccant

477 1741 560 1790 se,
591 1735 646 1780 et
673 1727 812 1781 nihil
842 1737 1104 1782 exucntes
1131 1727 1357 1797 pedibus
1381 1739 1536 1782 extra
1566 1730 1759 1785 lectum
1787 1731 2059 1800 protensis

1461 327 1780 384 L‘DALlllCl
1819 327 2319 412 CLUﬁlACENSIS
2355 329 2662 410 MOtVACill

458 445 515 502 in
543 443 773 516 privatis
803 443 992 524 diebus
1027 445 1246 500 fiebant.
1282 445 1461 500 Primo
1505 461 1756 516 namque,
1807 447 1948 516 quod
1992 423 2042 497 in
2079 449 2118 502 Λ

3621 335 3722 392 668

2224 445 2486 516 lltlert'og.
2525 448 2650 502 lltec
2681 463 2898 518 quoque
2939 449 3160 506 licentia
3197 459 3252 506 et
3281 452 3414 508 hora
3449 451 3724 522 loquendi,

2151 552 2310 606 quant
2341 539 2550 608 prolixa
2581 540 2717 594 solet
2745 542 2900 598 esse?

2223 631 2376 701 Iicsp.
2415 631 2494 687 Eo
2541 641 2938 702 tempore'quo
2983 635 3218 705 primunt
3245 637 3312 690 ad
3339 636 3730 690 monasterium

2151 723 2294 788 veni,
2323 724 2577 780 sacerdos
2602 725 2990 794 quiprivatatn
3025 726 3246 780 missam
3275 736 3502 782 cantare
3529 727 3694 780 voluit
3715 767 3730 786 ,

2155 813 2324 882 potuit
2366 828 2486 867 eam
2531 812 2746 868 interitu
2797 813 2982 880 finire;
3031 815 3172 884 quod
3207 825 3386 870 tamen
3417 816 3579 869 modo
3610 832 3736 870 raro

2153 905 2452 976 contingit,
2507 907 2631 978 quia
2693 906 2980 962 multitudo
3033 907 3264 962 fratrum
3321 909 3644 972 acervavit;
3705 923 3736 960 a

2154 1001 2351 1068 quihus
2375 999 2500 1054 dum
2528 1001 2594 1056 ad
2628 1010 2914 1072 utramque
2947 1002 3170 1056 missam
3197 1001 3444 1067 offertur,
3469 1002 3600 1055 dum
3630 1016 3736 1070 pat
3823 1063 3842 1078 ε

2155 1091 2315 1144 datur
2342 1101 2394 1146 et
2429 1090 2718 1162 accipitur,
2765 1093 2891 1146 dum
2941 1093 2994 1146 in
3041 1091 3276 1162 capitulo
3307 1092 3372 1146 de
3407 1105 3516 1144 uno
3542 1099 3638 1144 aut
3660 1089 3740 1144 al-

2161 1197 2275 1242 tero
2309 1187 2408 1242 hoc
2441 1194 2496 1242 et
2525 1186 2654 1242 illtul
2690 1187 3040 1250 reclamatur,
3077 1186 3204 1242 dum
3232 1185 3395 1242 tantis
3422 1185 3473 1238 itt
3506 1183 3742 1238 refecto-

2162 1275 2240 1330 rio
2274 1276 2532 1342 servitur,
2561 1293 2666 1332 non
2699 1277 2918 1332 minima
2948 1291 3074 1345 pars
3097 1275 3418 1346 expenditur
3446 1273 3584 1340 diei;
3615 1288 3742 1342 qua:

2163 1379 2342 1426 tamen
2374 1370 2585 1442 singula
2613 1369 2805 1427 ordine
2835 1380 3021 1426 nostro
3057 1369 3208 1428 salvo
3237 1377 3292 1424 et
3318 1369 3530 1438 integro
3561 1381 3744 1422 rema-

2163 1478 2292 1518 nere
2346 1479 2449 1516 ttou
2495 1473 2743 1534 possunt.
2807 1462 3036 1533 PrOptcr
3089 1462 3233 1532 quod
3293 1461 3424 1516 hora
3485 1460 3746 1529 loquendi

2163 1557 2477 1610 necessario
2509 1555 2678 1627 magis
2706 1565 2788 1612 est
2819 1555 3002 1610 brevis
3030 1571 3044 1619 ;
3079 1564 3136 1608 et
3159 1555 3203 1610 si
3233 1553 3410 1608 minus
3439 1552 3749 1621 aliquantu-

2163 1644 2270 1696 lttttt
2310 1643 2604 1714 loquimur,
2652 1645 2704 1699 in
2753 1645 2854 1702 hoc
2897 1633 3106 1699 ordinis
3141 1645 3358 1714 quidem
3391 1657 3554 1698 nemo
3582 1643 3751 1696 sentit

2165 1736 2330 1790 ttllttttt
2355 1751 2475 1792 esse
2496 1736 2901 1792 detrimentum.
2929 1737 3146 1792 i‘ulsato
3172 1736 3326 1806 signo
3341 1736 3410 1790 ad
3431 1735 3674 1792 tertiam,
3691 1743 3754 1786 et

478 1811 775 1886 Ῠιῖιὶῖπέοιὶῑν
797 1833 966 1887 ιιειιιιο
988 1817 1112 1872 dum
1134 1818 1370 1873 εοίιῖῑυηι
1398 1819 1642 1886 audiam.
1677 1823 1818 1889 (ιιιοά
1845 1821 2056 1891 538m"!l
2094 1793 2136 1850 Β
2165 1829 2413 1885 oratione
2435 1827 2601 1895 facta,
2633 1829 2822 1884 sedent
2867 1829 2918 1882 itt
2943 1830 3108 1884 choro
3135 1827 3376 1898 legentes
3414 1839 3590 1894 usque
3617 1823 3752 1876 dum

481 1916 565 1960 est
617 1908 894 1977 surgendi,
941 1909 1032 1978 qui
1067 1917 1124 1964 et
1167 1909 1258 1963 tali
1312 1925 1527 1980 semper
1555 1911 1686 1964 hora
1721 1911 1837 1966 fieri
1880 1911 2058 1976 debet,

483 2008 545 2054 ut
575 2007 858 2070 postquam
913 2017 1105 2055 manus
1149 2017 1274 2056 suas
1322 2001 1492 2056 frater
1537 2012 1589 2056 et
1625 2001 1817 2058 faciem
1851 2003 2060 2068 laverit,

484 2099 649 2158 caput
680 2089 914 2160 pexerit,
962 2098 1017 2145 ct
1061 2091 1112 2145 in
1148 2079 1375 2146 ecclesia
1407 2101 1516 2148 tres
1545 2093 1832 2148 orationes.
1854 2094 2062 2155 fecerit.

485 2181 540 2235 in
566 2181 804 2238 claustro
833 2183 1030 2239 sedens
1059 2193 1270 2239 tantum
1301 2185 1486 2242 videre
1525 2186 1766 2256 incipiat,
1801 2195 1859 2240 ut
1885 2185 2066 2258 legere

485 2273 678 2341 possit.

559 2360 824 2432 Inferrog.
895 2361 963 2417 Et
1021 2363 1140 2418 ista:
1197 2375 1310 2418 tres
1371 2381 1509 2435 quas
1562 2365 1700 2420 dicis
1758 2366 2067 2431 orationes,

487 2453 628 2509 scire
659 2455 817 2510 velint
855 2455 1154 2526 cuiusmodi
1187 2472 1307 2512 esse
1337 2457 1596 2525 debeant,
1630 2466 1687 2514 et
1715 2456 1869 2527 cujus
1897 2473 2068 2528 quau-

491 2545 679 2598 titulis.

561 2634 718 2705 Resp.
757 2635 918 2692 Certe
948 2639 1090 2707 quod
1137 2653 1240 2710 ego
1268 2639 1478 2702 'sci'am,
1517 2638 1700 2694 nullus
1725 2639 1916 2695 modus
1947 2655 2066 2696 cer-

492 2733 579 2782 rus
599 2737 684 2782 est
709 2728 790 2782 eis
821 2731 1104 2799 praefixos,
1135 2731 1260 2801 quia
1299 2745 1404 2786 non
1443 2733 1802 2786 communiter
1831 2732 1985 2798 fiunt,
2016 2739 2072 2786 et

495 2819 866 2888 unusquisque
920 2834 1042 2874 cum
1101 2823 1336 2890 primum
1401 2821 1609 2874 venerit
1673 2822 1724 2876 in
1787 2822 2070 2877 ecclesiam

499 2906 632 2963 facit
659 2909 750 2964 cas
787 2909 1133 2978 singulariter
1157 2921 1212 2966 et
1239 2911 1567 2980 separatim;
1612 2927 1750 2966 unus
1779 2923 1957 2968 tamen
1990 2929 2074 2969 se-

497 3001 710 3056 niorum
749 3002 1010 3056 novitium
1055 3017 1163 3056 τηε·-
1185 3002 1369 3057 docuit
1401 3011 1458 3056 nt
1490 3014 1696 3075 septem
1729 3005 1972 3074 psalmos
1994 3005 2074 3060 di-

2167 1921 2424 1976 saccrdos
2452 1929 2508 1976 ct
2533 1919 2624 1975 alii
2671 1919 2738 1974 ad
2784 1920 3008 1974 missam
3060 1919 3312 1976 servituri
3365 1925 3491 1972 sunt
3542 1915 3754 1970 vestiti.

2169 2013 2296 2070 Post
2319 2015 2537 2070 missam
2563 2013 2753 2068 sedent
2778 2013 2830 2068 in
2857 2014 3097 2068 claustro
3125 2013 3320 2066 iterum
3353 2010 3602 2081 legentes
3625 2021 3756 2062 cum

2169 2119 2361 2175 magna
2393 2095 2678 2176 disciplina
2707 2114 2764 2160 et
2803 2104 3042 2170 silentio,
3087 2117 3256 2172 usque
3299 2104 3425 2156 dum
3447 2100 3630 2171 pueri,
3663 2114 3759 2154 ac-

2169 2209 2328 2266 Cepto
2353 2197 2534 2261 misto,
2564 2196 2633 2251 de
2655 2196 2945 2252 rcfcctorio
2968 2205 3188 2260 exeant,
3214 2203 3266 2248 et
3285 2193 3392 2248 alta
3418 2208 3548 2248 recc
3573 2192 3762 2261 legere

2172 2287 2513 2342 adoriantur.
2545 2285 2694 2353 Quos
2722 2301 2843 2342 eum
2893 2287 3342 2356 primuntcttstos
3369 2281 3618 2338 ecclesiae
3664 2297 3760 2334 au—

2171 2378 2352 2442 dierit,
2377 2379 2556 2432 statim
2578 2377 2643 2432 ad
2669 2386 2880 2434 sextam
2905 2379 3116 2446 signum
3155 2374 3376 2446 pulsare
3397 2389 3504 2428 non
3549 2371 3758 2426 tardae.

2177 2466 2242 2520 Et
2269 2483 2336 2522 ne
2363 2477 2520 2536 putes
2549 2482 2648 2522 nos
2691 2466 2836 2521 ultra
2884 2465 3102 2520 modum
3149 2462 3344 2522 vigiliis
3383 2461 3622 2533 gravari,
3661 2475 3762 2528 pao

2174 2572 2240 2612 eo
2265 2557 2410 2627 quod
2445 2574 2548 2611 nox
2579 2555 2692 2625 jam
2727 2555 2912 2626 incipit
2947 2565 3056 2608 tam
3099 2553 3280 2608 brevis
3317 2565 3460 2614 esse,
3487 2559 3542 2606 et
3573 2562 3758 2602 tamen

2174 2657 2294 2718 post
2321 2647 2614 2702 matutinos
2643 2645 2801 2702 solita
2833 2660 2936 2700 non
2964 2645 3262 2699 mitteretur
3285 2641 3756 2712 psalmodia;.tua-

2168 2735 2273 2805 jori
2330 2737 2539 2792 custodi
2587 2735 2832 2792 ecclesia:
2871 2743 2956 2790 est
3004 2733 3314 2802 iniunctum
3363 2729 3518 2800 quasi
3555 2743 3656 2798 pro
3680 2728 3760 2780 le-

2177 2828 2364 2896 gitimo
2395 2827 2746 2898 sempiterno,
2795 2835 2856 2881 ttt
2905 2826 3024 2896 ipso
3072 2823 3394 2894 providente
3443 2837 3540 2890 per
3587 2831 3760 2872 to'am

2175 2927 2416 2975 aestatem
2443 2929 2722 2990 postquam
2747 2919 3028 2989 prandium
3067 2917 3230 2971 fuerit
3273 2925 3574 2986 peractum,
3627 2921 3762 2964 tunc

2177 3010 2411 3080 primum
2460 3010 2538 3064 sit
2573 3010 2746 3064 media
2791 3009 2927 3064 dies.
2979 3007 3178 3064 Eodem
3219 3020 3434 3076 quoque
3483 3011 3763 3058 metuente

497 3109 678 3148 ecrcm
734 3093 878 3150 inter
925 3095 1070 3163 ipsas
1114 3103 1226 3150 tres
1253 3098 1569 3163 orationes;
1625 3113 1811 3153 verum
1846 3089 2074 3170 quisque
2105 3137 2150 3198 Ο
2181 3101 2354 3156 solent
2377 3117 2436 3155 se
2463 3099 2657 3155 fratres
2683 3099 3006 3170 generaliter
3039 3099 3104 3152 ad
3149 3097 3480 3168 pausandutn
3529 3093 3766 3150 colloca.

495 3187 640 3254 quod
685 3185 910 3241 voluerit
957 3195 1098 3250 oret,
1149 3195 1336 3252 tamen
1377 3197 1663 3257 postquam
1711 3189 1862 3257 pueri
1891 3191 1956 3245 de
1982 3205 2074 3246 ec-

493 3277 656 3330 clesia
685 3278 944 3343 exierint,
973 3285 1028 3332 et
1059 3277 1238 3348 legere
1273 3280 1624 3349 ittcmpcriut,
1657 3281 1702 3335 si
1735 3289 1921 3350 postea
1955 3298 2072 3337 ntov

495 3385 612 3423 ram
645 3369 853 3435 fecerit,
901 3380 958 3425 ut
1005 3387 1110 3426 non
1145 3380 1200 3426 et
1239 3372 1352 3442 ipse
1384 3373 1450 3426 ad
1482 3372 1767 3428 lectionem
1804 3381 1963 3428 exeat
1987 3389 2076 3429 sc-

498 3463 650 3530 dere,
705 3463 862 3518 facile
905 3464 1131 3520 incurrit
1161 3473 1217 3519 ut
1251 3466 1303 3520 in
1337 3466 1574 3536 capitulo
1623 3465 2076 3536 reprehendatur.

495 3557 633 3612 Cum
686 3568 866 3614 autent
919 3570 1087 3614 terna:
1133 3560 1390 3616 similiter
1434 3565 1709 3618 orationes
1763 3563 1936 3627 ﬁant,
1983 3561 2078 3616 sed

497 3655 858 3708 communiter
897 3667 1023 3710 ante
1056 3666 1370 3724 nocturnos,
1400 3667 1455 3712 ct
1485 3667 1604 3728 post
1639 3657 2077 3724 completoriunt,

500 3755 559 3798 et
609 3745 662 3799 itt
712 3747 892 3802 hieme
924 3748 976 3802 itt
1011 3751 1238 3819 privatis
1273 3758 1400 3804 ante
1429 3751 1668 3814 tertiam,
1718 3750 1784 3802 de
1826 3749 1910 3803 his
1942 3747 2082 3802 forte

505 3852 722 3902 possunt
768 3837 968 3907 aliqttid
1000 3843 1141 3909 quod
1193 3841 1478 3910 quaesieris
1528 3840 1731 3895 dicere.
1781 3837 1912 3892 Nam
1964 3854 2082 3910 quae

507 3936 630 3996 post
675 3927 1088 3997 eomplctorium
1133 3929 1288 3994 fiunt,
1335 3930 1401 3984 de
1446 3915 1841 3998 his'ttunqttam
1871 3943 1956 3982 me
1983 3943 2082 3981 au-

507 4019 690 4075 diente
722 4022 952 4089 qttatstio
981 4031 1100 4076 erat
1137 4031 1195 4076 ut
1234 4020 1464 4092 antpiius
1489 4019 1783 4092 quidquam
1808 4021 1874 4075 ad
1903 4020 2082 4088 singu-

510 4111 589 4166 las
618 4127 778 4181 quam
811 4112 922 4167 sola
961 4112 1240 4167 Dominica
1289 4111 1462 4166 oratio
1509 4112 1805 4166 diceretur.
1847 4112 1921 4166 De
1966 4109 2086 4166 aliis

509 4217 633 4256 cum
663 4203 890 4270 quarstio
919 4213 1086 4268 esset,
1115 4202 1182 4256 ad
1215 4201 1462 4256 ultimum
1495 4201 1690 4255 domno
1721 4201 1901 4256 abbati
1932 4215 2084 4256 cont-

509 4294 712 4363 placuit
753 4305 808 4350 ct
849 4297 949 4352 hoc
979 4295 1227 4354 diflinivit
1257 4304 1316 4350 ut
1359 4295 1426 4350 ad
1465 4295 1608 4366 ipsas
1651 4309 1867 4364 quoque
1900 4295 2086 4350 Oratio

508 4388 791 4447 Dominica
846 4389 1288 4456 diceretur,.sed
1341 4389 1590 4466 tractim,
1648 4389 1972 4460 diligenter,
2031 4401 2088 4444 et

2183 3209 2264 3260 re,
2293 3210 2600 3264 quanquam
2634 3195 2768 3248 tales
2799 3193 2906 3248 siut
2938 3193 3108 3263 magis
3142 3190 3327 3245 intenti
3373 3189 3438 3244 ad
3473 3188 3763 3243 lectionem

2181 3303 2341 3361 quam
2374 3288 2440 3340 ad
2465 3285 2862 3356 pausationettt.
2895 3283 3042 3338 Nona
3085 3291 3286 3347 autem,
3327 3280 3392 3336 ad
3423 3293 3585 3349 quam
3633 3289 3766 3332 sunt

2183 3393 2242 3432 sc
2267 3377 2519 3439 lcvaturi,
2543 3375 2678 3430 adeo
2701 3375 2850 3428 tarda
2874 3375 2978 3428 erit
3007 3383 3062 3426 ttt
3087 3380 3370 3443 postquam
3399 3370 3449 3424 in
3471 3368 3766 3426 rcf'ectorio

2183 3469 2448 3530 bibet-int,
2485 3477 2540 3522 et
2595 3468 2788 3522 iterum
2833 3465 3083 3535 loquendi
3125 3464 3396 3518 licentiam
3445 3461 3762 3522 habuerint,

2182 3557 2422 3612 eamdem
2451 3557 2703 3627 loquendi
2743 3558 2950 3622 horam,
3009 3556 3190 3610 ethoc
3239 3551 3580 3606 intervallum
3635 3561 3766 3603 ante

2185 3666 2435 3720 vcspcras
2458 3667 2560 3704 non
2588 3651 2858 3705 in'unerito
2884 3649 3062 3720 potius
3091 3647 3322 3702 dixerim
3363 3645 3564 3700 nullum
3599 3659 3762 3713 quam

2185 3757 2428 3812 parvum.
2457 3741 2662 3812 Sa‘pius
2691 3759 2922 3812 namque
2949 3743 3260 3812 priusquam
3292 3754 3480 3794 onmes
3517 3738 3568 3792 in
3609 3737 3762 3790 clau-

2185 3845 2298 3889 stro
2327 3835 2662 3899 cousideant,
2687 3844 2743 3890 et
2772 3835 2966 3905 aliqu‘s
2991 3833 3216 3888 fratrum
3243 3831 3326 3887 vel
3359 3846 3520 3886 unum
3537 3831 3759 3884 verbum

2185 3924 2368 3990 faciat,
2397 3926 2636 3996 pulsatur
2664 3927 2876 3998 signum
2899 3926 2965 3980 ad
2987 3939 3262 3996 vcspcras,
3290 3931 3344 3978 et
3370 3937 3496 3978 ecce
3535 3921 3604 3975 ibi
3637 3919 3764 3974 finis

2187 4015 2455 4086 loquendi.
2487 4015 2676 4072 Pestea
2711 4031 3046 4087 quacunque
3082 4014 3494 4084 suutgcrcnda,
3540 4025 3766 4081 perraro

2189 4109 2534 4180 contingitut
2566 4127 2667 4165 ttott
2693 4112 2762 4165 ita
2793 4119 3052 4180 gerantur
3083 4117 3139 4162 ιιι
3175 4122 3340 4162 ιιιιιιιιι
3383 4114 3504 4176 post
3533 4105 3762 4156 alterum

2191 4201 2321 4255 nihil
2349 4203 2568 4255 omnino
2595 4202 2893 4256 differatur.
2927 4199 3166 4254 Pulsatio
3215 4211 3450 4266 namque
3487 4195 3763 4266 signorum

2189 4293 2351 4348 cilius
2374 4303 2452 4348 csl
2481 4292 2642 4354 facta,
2670 4294 2800 4346 nihil
2823 4293 2965 4346 aliud
2996 4291 3211 4345 ittleritn
3240 4289 3564 4344 habentibus
3583 4301 3764 4356 agere,

2191 4387 2294 4440 nisi
2326 4387 2468 4458 quod
2501 4387 2550 4441 in
2578 4387 2744 4442 choro
2773 4387 2959 4441 sedent
2989 4393 3042 4438 et
3083 4383 3285 4454 legunt.
3329 4383 3458 4436 Post
3491 4393 3768 4448 vesperas,

507 4491 747 4537 attente:
779 4494 834 4537 et
867 4494 1043 4538 tamen
1087 4483 1188 4536 rite
1220 4481 1340 4547 ,illte
1388 4473 1668 4536 orationes.
1711 4489 1836 4536 ante
1871 4482 2084 4535 tertiam
2120 4506 2163 4563 υ
2193 4495 2382 4544 cmna;
2417 4489 2538 4549 post
2558 4495 2790 4542 contam,
2821 4494 2976 4534 creua
3009 4477 3365 4542 servitorum;
3399 4481 3518 4544 pest
3553 4485 3766 4523 cmnam

507 4591 616 4630 non
649 4577 822 4632 solent
855 4586 964 4631 tant
995 4577 1187 4631 breves
1214 4591 1375 4646 quam
1416 4575 1480 4628 ad
1524 4575 1937 4645 completorium
1971 4579 2090 4628 ter-‘

513 4666 729 4732 minari,
767 4683 864 4723 nec
895 4668 999 4722 illa:
1027 4675 1153 4721 ante
1195 4675 1508 4728 nocturnos,
1557 4665 1790 4719 maxime
1822 4665 1873 4718 itt
1907 4665 2084 4720 nocti-

515 4759 615 4812 bus
659 4758 1012 4830 longioribus,
1071 4767 1177 4812 tant
1227 4757 1418 4812 breves
1469 4773 1632 4826 quam
1675 4769 1800 4812 ante
1845 4759 2082 4811 tertiam.

509 4851 646 4904 Aliae
683 4864 898 4920 quoque
930 4849 1203 4903 orationes
1243 4847 1467 4918 singulis
1503 4847 1649 4902 lteris
1677 4847 2087 4918 prtcnt'tttettdte,

515 4943 646 4997 nihil
673 4952 800 4997 sunt
827 4941 1061 5012 amplius
1107 4958 1266 5011 quam
1317 4941 1504 4996 eadem
1547 4940 1734 4996 Oratio
1784 4940 2084 4994 Dominica.

515 5035 597 5089 ΛιΙ
649 5033 792 5089 solas
841 5047 1099 5102 vesperas
1125 5047 1221 5100 pro
1252 5031 1475 5100 antiquo
1507 5045 1655 5085 more
1687 5029 1804 5101 plus
1845 5031 2088 5100 aliquan-

519 5127 690 5166 Inlnm
733 5125 1106 5166 m-mlnmmlnr
1175 5133 1226 5166 III
1264 5121 1576 5166 Rvmltnlttm
1625 5122 1979 5166 nnnctnlimtm
2046 5122 2094 5166 ςί

2190 4572 2534 4635 serviturum,
2581 4571 2810 4626 cilicium
2859 4586 2954 4642 pro
3004 4569 3306 4632 defunctis;
3353 4573 3480 4636 post
3513 4560 3769 4626 οΠῙείιιιῐὶο

2190 4664 2422 4728 collatio,
2461 4676 2510 4718 ct
2539 4665 2608 4717 ita
2638 4663 2701 4716 ad
2733 4663 3160 4733 completuriutn.

2777 4817 3004 4872 CAPUT
3045 4817 3183 4872 XIX.

2196 4913 2270 4966 De
2301 4911 2450 4965 fertili
2482 4910 2804 4963 Itcbdumudu
2835 4921 2944 4978 post
2977 4907 3198 4970 Pascha,
3223 4918 3268 4960 cl
3296 4907 3359 4960 dc
3385 4903 3584 4961 ca’tcris
3611 4917 3770 4972 usque

2613 4983 2680 5032 mf
2708 4982 3071 5033 Ascensioncm
3115 4979 3346 5032 Domini.

2267 5119 2322 5166 In
2367 5119 2520 5166 tertia
2565 5129 2684 5166 ttosl
2721 5117 2926 5166 Pascha
2970 5115 3268 5166 sentintana
3313 5111 3654 5166 resoonsoria
3705 5110 3768 5164 de
