4030 5354
187 381 268 438 659

891 368 1478 426 CONSUE'I‘UDINES-
1504 358 2045 420 CLUNIACENSES.
2073 391 2140 400 --
2179 357 2376 414 LIBER
2418 355 2702 413 PRIMUS.

3308 347 3414 402 0'70

189 503 251 555 vis
312 489 648 550 Ascensionis
711 485 914 540 nnntini
939 526 952 548 ,
1001 493 1054 538 et
1097 483 1146 536 in
1205 484 1480 536 [totninica
1535 493 1734 548 pr:rr.c-
1767 481 1808 534 Λ
1841 477 1982 544 pitur
2008 493 2034 528 a
2067 477 2264 543 pueris.
2291 475 2418 528 Post
2445 485 2650 526 sextam
2679 469 2830 525 scilla
2851 477 3092 532 sonatur,
3124 463 3422 520 ascendunt

187 591 338 644 dente.

747 669 974 726 ctrttr
1013 647 1132 722 xxi

189 781 254 834 De
291 770 638 848 festivitatibus
682 775 982 852 agn-torui:
1035 777 1151 830 qua:
1193 757 1428 812 eveniunt
1466 773 1496 808 a
1535 749 1738 807 Pascha

621 833 784 907 usqo'ur
815 835 886 888 ad
921 833 1278 886 Pentecoste».

253 961 284 1016 Α
307 955 500 1012 Pascha
537 963 708 1020 usque
733 948 797 1002 ad
835 945 1192 1000 Peuteeostcn
1240 947 1574 1009 quazcunque
1617 947 1742 987 san-

185 1063 378 1111 clerum
399 1043 662 1100 festivitas
700 1037 960 1100 evenerit,
1009 1029 1404 1104 quantumlibet
1449 1023 1740 1080 reverenda

185 1149 260 1203 sit
280 1155 325 1199 et
345 1139 586 1202 colenda,
618 1145 798 1188 tamen
827 1129 892 1184 ad
917 1137 1210 1182 nocturnos
1259 1137 1362 1176 non
1399 1119 1580 1189 plures
1615 1131 1744 1170 can-

189 1245 356 1292 tantur
381 1229 686 1298 aatiphona:
736 1235 896 1292 quam
937 1233 1041 1272 una
1073 1223 1278 1270 tantum
1311 1209 1548 1272 afleluia,
1593 1205 1741 1261 scili—

191 1339 266 1387 cet
287 1339 438 1394 super
461 1318 710 1375 Ρειιιιιιοε
737 1325 899 1368 senos
921 1319 973 1366 et
1000 1323 1160 1364 senos
1180 1346 1196 1370 ,
1227 1312 1450 1371 excepta
1479 1299 1538 1352 S.
1566 1293 1746 1351 Maria:

191 1388 596 1477 Annttntialioue
617 1417 673 1462 et
693 1403 950 1460 'I'ransitn
979 1403 1036 1456 S.
1061 1396 1358 1454 Benedicti.
1404 1393 1484 1447 Ad
1527 1388 1748 1445 matuti-

191 1527 277 1566 nas
297 1507 486 1568 laudes,
519 1501 562 1558 si
595 1497 718 1554 talis
741 1507 821 1552 est
847 1489 1112 1549 festivitas
1134 1505 1254 1560 quzc
1279 1485 1525 1558 proprias
1553 1481 1750 1536 habeat

192 1603 526 1674 antiphonas,
572 1603 632 1650 ut
665 1599 974 1649 sanctorum
1019 1581 1383 1654 apostolorum
1427 1571 1655 1644 Philippi
1697 1581 1752 1626 et

191 1671 376 1753 Jacobi,
415 1687 500 1744 vel
527 1693 726 1744 sancta:
760 1677 977 1743 crucis,
1001 1675 1082 1730 ha:
1110 1689 1214 1728 non
1253 1671 1580 1726 omittuntur
1621 1679 1752 1720 ean-

193 1785 283 1838 tari
305 1751 371 1836 ad
397 1777 581 1832 laudes
609 1783 665 1830 et
691 1771 824 1826 alias
853 1769 1048 1832 horas;
1103 1773 1156 1818 at
1193 1763 1238 1816 si
1271 1773 1377 1814 non
1445 1755 1609 1811 habet
1651 1751 1750 1806 nisi

191 1893 300 1946 qua:
327 1883 640 1928 communes
670 1873 814 1929 sunt,
851 1863 916 1918 de
954 1855 1284 1932 quibuslibet
1329 1851 1552 1916 sanctis,
1599 1857 1659 1902 ut
1687 1845 1756 1900 In

192 1969 462 2024 caelestibus
491 1963 682 2034 regnis,
709 1967 842 2022 cte.,
873 1955 956 2008 ha:
985 1966 1086 2006 nec
1111 1951 1176 2005 ad
1206 1947 1413 2010 laudes,
1439 1957 1538 1998 nec
1569 1941 1634 1994 ad
1663 1939 1760 1992 ho-

193 2077 298 2116 ram
327 2058 486 2112 ullam
521 2031 822 2124 regularem
861 2053 1180 2109 cantautur;
1238 2039 1334 2097 sed
1373 2045 1582 2092 tantum
1631 2031 1762 2085 alle-

193 2153 312 2217 luia,
358 2159 410 2206 et
439 2163 506 2203 eo
535 2145 694 2201 modo
733 2157 841 2211 quo
871 2137 1183 2195 earumdem
1217 2133 1637 2202 antipbouarum
1679 2129 1764 2179 est

197 2241 434 2298 melodia.
483 2239 752 2293 Cantator
795 2241 976 2286 autem
1015 2228 1118 2283 hoc
1159 2225 1388 2280 ordine:
1444 2221 1525 2276 Ad
1561 2217 1765 2288 primos

199 2352 282 2392 sex
311 2333 546 2406 psalmos
577 2338 967 2384 nocturnorum
997 2319 1230 2383 alleluia,
1259 2327 1318 2370 ut
1347 2315 1414 2369 In
1441 2312 1764 2374 velamento;

201 2429 260 2480 ad
285 2427 416 2480 alios
444 2439 560 2484 sex,
593 2429 675 2484 ttt,
711 2417 826 2471 Lux.
848 2423 1130 2484 perpetua;
1167 2409 1234 2463 ad
1259 2406 1472 2464 cantica
1518 2401 1730 2458 alleluia
1752 2439 1766 2464 ,

202 2531 253 2575 nt
279 2517 386 2590 Ego
411 2533 530 2570 sum
559 2515 706 2578 vitis;
731 2512 797 2565 ad
827 2509 1014 2562 Iaudes
1039 2513 1096 2559 ut
1125 2503 1192 2558 In
1219 2499 1538 2561 cazlestibus;
1575 2495 1640 2550 ad
1661 2493 1770 2564 pri-

203 2583 356 2672 mani,
383 2617 442 2660 ιιι
467 2605 532 2658 In
557 2603 874 2662 velamento;
900 2597 966 2650 ad
989 2593 1226 2658 tertiam,
1249 2599 1306 2644 ut
1335 2586 1516 2643 Sancti
1541 2594 1588 2640 et
1611 2583 1772 2653 justi;

203 2699 262 2752 ad
283 2705 516 2757 sextam,
541 2700 600 2745 ttt
625 2690 741 2743 Lux
769 2695 1046 2758 perpetua;
1080 2681 1144 2736 ad
1170 2695 1388 2742 nonam,
1419 2685 1478 2732 ut
1515 2675 1582 2728 In
1625 2673 1776 2727 cccle-

202 2789 390 2848 stibns;
418 2783 486 2838 ad
519 2792 794 2850 vesperas,
831 2785 890 2830 ttt
925 2775 1036 2844 Ego
1069 2787 1206 2827 sum.
1257 2770 1314 2826 Si
1349 2763 1776 2838 autentpropria:

205 2880 466 2934 habentur
495 2873 826 2942 antipbonte,
865 2877 924 2922 ut
961 2869 1030 2920 de
1063 2863 1270 2920 sanctis
1309 2860 1558 2930 Philippo
1597 2865 1652 2914 et
1688 2853 1778 2910 Ja-

205 2971 352 3034 cobo,
394 2977 520 3021 tunc
542 2978 706 3033 super
725 2961 998 3016 canticum
1023 2973 1130 3012 non
1155 2954 1386 3017 alleluia,
1415 2953 1508 3008 sed
1528 2949 1782 3021 antipho—

207 3083 265 3120 na
291 3063 404 3136 Ego
433 3079 548 3118 sum
575 3060 693 3114 vitis
715 3075 836 3113 cera
859 3062 1128 3112 cantatur.

1837 581 2027 622 omnes
2071 567 2124 620 in
2162 567 2561 626 dormitorium,
2601 559 2758 632 quasi
2801 557 3188 628 aliquantulum
3231 569 3422 624 pausa-

1842 663 1977 726 turi;
2012 679 2130 718 cum
2161 662 2372 731 signum
2409 657 2569 712 fuerit
2619 655 2880 716 auditum,
2931 651 3131 706 calceis
3171 649 3238 704 atl
3287 645 3424 700 lecta

1840 752 2100 816 dimissis,
2129 751 2286 806 undis
2325 749 2548 820 pedibus
2605 744 2958 808 descendunt,
3002 741 3184 794 lat-ant
3235 750 3428 792 manus

1839 844 2136 906 etfaciem,
2166 843 2343 914 capita
2389 847 2613 910 pexunt,
2655 847 2710 893 et
2751 835 2974 890 veniunt
3017 833 3066 886 in
3115 829 3424 886 ecclesiam.

1845 937 2006 992 Facta
2033 935 2276 989 oratione
2307 931 2604 1004 imponitur
2631 929 2699 984 ab
2733 943 2837 982 uno
2859 939 3151 998 puerorum
3179 921 3427 992 autiplto-

1845 1041 1937 1090 na,
1973 1023 2228 1094 Exsurge,
2263 1022 2520 1086 nomine;
2549 1029 2672 1090 post
2711 1015 2852 1071 Deus
2893 1013 3146 1077 auribus,
3183 1011 3431 1079 sequitur

1845 1129 2055 1178 versus,
2087 1111 2316 1167 Ostende
2347 1111 2528 1173 nobis;
2557 1107 2742 1180 Kyrie,
2769 1107 2985 1170 eleison,
3024 1099 3188 1176 Pater
3225 1109 3430 1162 ncster;

1847 1207 2087 1278 psalmus
2114 1204 2484 1271 sexagesimus
2515 1211 2724 1264 sextus,
2754 1209 2806 1254 et
2839 1197 2924 1253 die
2953 1195 3124 1250 altero
3161 1192 3436 1262 sexagesi-

1849 1311 1970 1352 mus
1989 1311 2204 1360 nonus;
2245 1307 2456 1358 versus,
2489 1291 2552 1346 Et
2577 1291 2776 1354 veniat;
2801 1287 3058 1350 collecta;
3089 1281 3313 1338 Mentem
3355 1279 3437 1350 fu-

1849 1389 2008 1444 milia:
2030 1397 2152 1442 tunc.
2179 1385 2499 1440 Sanctorum
2521 1383 2760 1450 reliquite
2781 1379 3088 1442 cruciculis,
3104 1373 3357 1447 capsulis,
3377 1381 3436 1426 et

1851 1477 2104 1548 uuxis(5)
2129 1475 2348 1530 inclusae
2378 1489 2473 1544 per
2497 1472 2693 1527 fratres
2719 1487 2748 1524 a
2779 1469 3075 1526 secretario
3105 1465 3437 1524 dividuntur.

1853 1585 1911 1630 ιιι
1933 1575 2000 1630 ab
2022 1575 2102 1629 eis
2113 1572 2252 1628 collo
2267 1583 2540 1641 suspensa:
2555 1575 2857 1638 portentur.
2879 1564 3200 1632 Priusquam
3223 1567 3442 1618 exeant.

1853 1667 2138 1739 pulsantur
2164 1663 2342 1720 omnia
2382 1661 2552 1731 signa.
2599 1659 2739 1712 Crux
2779 1665 2834 1712 et
2871 1670 3008 1726 aqua
3045 1649 3351 1710 benedicta,
3391 1653 3446 1700 et

1857 1769 2039 1816 textus
2075 1753 2350 1828 Evangelii
2395 1751 2679 1824 prtel'ertur
2723 1743 3074 1821 proccssioni.
3137 1741 3448 1809 Sequuntur

1861 1852 2092 1924 primum
2120 1845 2390 1910 conversi,
2415 1841 2590 1914 pueri,
2629 1847 2904 1902 cantores,
2934 1843 2987 1889 et
3016 1832 3228 1904 priores
3254 1839 3442 1884 extre-

1861 1949 1958 2002 mi.
1987 1945 2120 2002 Cum
2151 1940 2400 1997 venerint
2423 1937 2490 1992 ad
2509 1935 2708 1992 ostium
2725 1929 2978 1988 vestibuli
3001 1925 3274 1990 ecciesiar,
3306 1931 3454 1978 stant

1864 2040 1971 2094 duo
1998 2035 2181 2092 famuli
2208 2047 2330 2086 cum
2357 2027 2574 2102 gemino
2615 2025 2762 2079 fasce
2797 2019 3137 2082 baculorum,
3172 2023 3228 2070 et
3266 2029 3294 2067 a
3325 2012 3450 2066 sin-

1865 2133 2004 2206 gulis
2029 2127 2288 2185 fratribus
2309 2123 2504 2194 singuli
2528 2119 2898 2190 accipiuntur;
2925 2127 3062 2180 quos
3104 2110 3298 2164 iterum
3331 2105 3456 2159 ret!-

1868 2197 2078 2281 duntad
2095 2219 2293 2276 ostium
2312 2217 2455 2271 illius
2477 2211 2834 2280 ecclesichua
2854 2213 3086 2275 pergunt
3109 2219 3120 2254 :
3149 2199 3236 2252 ttbi
3253 2197 3320 2250 de
3333 2211 3458 2248 stu:-

1869 2319 1974 2372 ctis
2032 2327 2260 2385 quorum
2319 2307 2390 2364 ibi
2451 2303 2750 2378 patrocinia
2797 2307 2946 2362 sunt,
2996 2293 3314 2363 anlipltona,
3372 2287 3456 2338 vel

1873 2404 2220 2477 reSpousorio
2255 2407 2494 2462 cantato.
2536 2393 2867 2460 collectaque
2906 2384 3216 2454 subjttncta,
3255 2378 3460 2432 faciunt

1871 2499 2171 2555 orationem
2201 2507 2321 2548 cum
2357 2486 2703 2544 inclinatione
2725 2485 3004 2536 consueta.
3029 2475 3291 2530 Cantator
3315 2481 3458 2521 nona

1877 2587 2172 2664 (cantanda
2213 2597 2430 2656 quoque
2473 2581 2526 2635 in
2571 2574 2902 2634 monasterio
2950 2570 3106 2639 signo
3149 2563 3360 2636 pulsato
3388 2557 3455 2611 ad

1877 2648 2067 2738 horam
2101 2648 2496 2746 competentem
2538 2685 2567 2723 a
2611 2663 2833 2720 custode
2863 2657 3148 2718 Ecclesite.
3201 2659 3256 2708 et
3290 2650 3356 2704 ab
3385 2648 3466 2701 in-

1879 2774 2051 2831 firmis
2088 2769 2179 2840 qui
2225 2769 2292 2822 atl
2333 2761 2736 2834 processionem
2780 2755 2932 2811 exire
2973 2765 3079 2805 non
3117 2738 3464 2818 potuerunt),

1881 2867 2058 2938 agitur
2087 2863 2250 2916 missa
2281 2859 2476 2912 iterum
2517 2854 2584 2908 de
2612 2850 2727 2915 die;
2781 2856 2836 2902 et
2869 2851 2988 2914 post
3029 2839 3260 2911 primam
3306 2829 3468 2888 coite-

1882 2971 2026 3015 ctam
2054 2971 2158 3012 uon
2197 2952 2300 3007 nisi
2333 2965 2436 3002 una
2467 2943 2706 3002 secundo
2735 2936 3027 3009 apponitur
3047 2933 3114 2988 de
3134 2939 3468 2985 commento.

1883 3049 2094 3104 ratione
2135 3045 2278 3100 illius
2313 3039 2522 3103 sancti,
2561 3034 2717 3104 cujus
2765 3031 2836 3086 ibi
2877 3023 3144 3083 confessio
3183 3028 3287 3074 est.
3333 3015 3470 3072 Cum

291 3115 393 3136 η,
437 3115 450 3118 ,

271 3155 440 3210 Inter.
468 3153 602 3223 Ipsa:
629 3160 808 3204 autem
832 3147 1141 3218 antipltona:
1161 3143 1228 3200 de
1247 3141 1451 3200 sanctis
1475 3143 1781 3194 remanent-

1891 3144 2094 3198 lectum
2147 3137 2311 3193 fuerit
2355 3129 2742 3204 Evangelium,
2789 3115 3193 3178 obedientiarii,
3241 3121 3473 3180 quorum

210 3263 270 3302 ne
297 3247 372 3300 ita
403 3241 738 3299 incantata}?

277 3335 438 3404 Resp.
473 3333 712 3386 Minime.
741 3329 874 3384 Nam
915 3329 1080 3384 etiam
1128 3326 1372 3398 quotidie
1405 3326 1458 3380 in
1501 3302 1608 3378 hoc
1655 3331 1791 3376 tem-

213 3443 340 3497 pore
365 3435 642 3490 cantatur,
673 3423 879 3478 scilicet
909 3421 976 3476 ad
1019 3421 1275 3492 suffragia
1323 3428 1675 3480 sanctorum;
1723 3415 1790 3469 ad

215 3529 404 3574 matut.
429 3517 638 3582 latntes,
671 3525 724 3570 et
745 3529 997 3584 vesperas
1019 3515 1084 3568 de
1105 3511 1364 3568 Omnibus
1387 3510 1620 3566 Sanctis.
1639 3506 1792 3576 Quod

215 3627 394 3667 moras
421 3610 550 3664 facit
579 3609 645 3663 ad
673 3607 776 3662 alia
807 3605 1108 3670 festinanti,
1141 3606 1186 3660 si
1211 3604 1436 3674 expedio
1458 3601 1790 3670 singulatim,

217 3720 309 3759 nec
337 3717 474 3773 opus
499 3709 584 3756 est
623 3700 848 3754 multum
875 3699 1128 3768 cuiquam
1153 3695 1418 3766 diligenti,
1447 3701 1497 3749 et
1535 3693 1586 3746 in
1616 3707 1798 3746 mona-

219 3795 382 3853 sterio
413 3791 674 3849 manenti.

1563 3300 1780 3318 ww.

805 3877 1031 3934 CAPUT
1071 3875 1212 3931 XXI.

756 3973 836 4028 De
875 3972 1271 4042 Rogationibus.

289 4071 344 4124 In
389 4063 782 4138 Rogationibtts
831 4071 951 4132 post
1003 4072 1298 4117 nocturnos
1339 4057 1505 4112 ﬁnitis
1559 4055 1806 4112 laudibus

225 4177 318 4232 pro
345 4160 640 4223 defunctis,
681 4167 812 4212 euut
832 4155 1148 4216 dormitum,
1173 4162 1228 4206 et
1254 4151 1482 4220 amplius
1503 4148 1664 4204 solito
1683 4149 1808 4200 dor-

230 4255 422 4318 miunt,
453 4251 666 4307 sciticet
693 4261 865 4317 usque
895 4245 962 4299 ad
987 4253 1167 4302 ortum
1215 4240 1372 4305 solis,
1419 4233 1640 4308 propter
1665 4235 1808 4304 quod

231 4343 478 4400 omissuri
507 4350 634 4396 sunt
669 4337 1048 4401 meridianam,
1079 4349 1180 4389 nec
1206 4332 1405 4395 sonitu,
1437 4339 1497 4383 nt
1519 4329 1683 4382 moris
1707 4335 1808 4392 est,

233 4439 534 4492 excitantur
551 4450 568 4500 ;
588 4441 766 4487 tamen
787 4437 1072 4501 postquam
1089 4425 1238 4496 pueri
1265 4423 1442 4492 legere
1471 4419 1810 4489 iuctnperint,

1893 3237 2120 3291 interest
2144 3231 2210 3285 ad
2239 3241 2477 3283 mensam
2509 3199 2739 3276 fratrum
2769 3212 2995 3273 servire,
3032 3203 3304 3262 licentiam
3333 3197 3472 3252 acci-

1893 3326 2104 3396 pientes
2135 3321 2505 3376 revertuntur,
2531 3305 2801 3374 simulque
2830 3301 2938 3354 dno
2968 3297 3165 3351 fratres
3199 3290 3292 3359 qui
3339 3300 3474 3354 cap-

3195 3383 3206 3396 ,
3412 3374 3474 3396 ΔΑ,

1894 3374 1978 3487 pis
2019 3411 2212 3471 induti,
2255 3406 2413 3462 nudis
2462 3411 2642 3456 tamen
2696 3393 2924 3466 pedibus
2969 3383 3372 3459 processionem
3409 3374 3476 3430 ad

1895 3509 2096 3566 ostium
2123 3500 2369 3559 ecclesiae
2404 3503 2534 3550 sunt
2559 3487 2853 3559 recepturi,
2883 3493 2936 3540 et
2964 3479 3220 3536 letauiam
3243 3472 3482 3530 breviter

1899 3601 1952 3654 in
1986 3598 2158 3652 choro
2185 3592 2382 3644 iterato
2425 3580 2718 3642 cantaturi,
2751 3591 2813 3630 ea
2839 3571 3068 3629 mclodia
3101 3575 3154 3624 et
3183 3566 3268 3621 his
3317 3559 3486 3616 versi-

1899 3689 2038 3746 culis
2061 3684 2154 3756 qui
2185 3682 2252 3738 ad
2283 3681 2386 3734 hoc
2415 3683 2542 3730 sunt
2564 3669 2787 3726 inventi.
2823 3667 3074 3734 Vespera:
3109 3673 3208 3730 pro
3237 3651 3486 3710 ﬁdelibus
3574 3703 3576 3706 ,
3603 3685 3605 3688 ι

1901 3777 2172 3836 deIunctis
2195 3782 2322 3829 sunt
2347 3765 2618 3828 dicendae;
2655 3758 2888 3814 ofﬁcium
2919 3747 3242 3808 remanebit.

2485 3916 2710 3978 CAPUT
2749 3913 2912 3970 XXII.

2363 4021 2435 4075 De
2464 4015 2780 4072 Ascens-iane
2809 4002 3045 4060 Domini.

1981 4140 2244 4199 Ascensio
2270 4133 2477 4190 Domini
2501 4143 2610 4200 quo
2643 4121 2800 4179 modo
2839 4119 2910 4174 sit
2933 4106 3284 4172 celebranda,
3309 4112 3363 4158 et
3389 4102 3494 4158 hoc
3579 4144 3586 4148 .

1913 4237 2055 4290 inter
2085 4231 2223 4286 alias
2253 4193 2577 4282 festivitates
2601 4213 2910 4273 invenitur;
2943 4203 3086 4276 quod
3114 4210 3289 4254 tamen
3319 4193 3498 4248 adhuc

1915 4333 2163 4396 superest
2189 4330 2247 4374 nt
2276 4319 2512 4371 dicatur.
2543 4311 2600 4364 lu
2638 4304 2818 4376 vigilia
2847 4301 2912 4354 ad
2961 4307 3216 4364 vesperas
3248 4286 3497 4352 collecta,

1917 4381 2106 4478 Adesto
2151 4405 2612 4483 supplicationibus
2643 4396 2852 4454 nostris.
2887 4387 2949 4448 In
2989 4390 3106 4460 ipso
3150 4384 3236 4440 die
3295 4381 3501 4434 Ascen-

551 4475 568 4500 ,
589 4474 765 4487 ..η-ω..
789 4474 1238 4501 ,,..--.,..-,--,ρ----
1269 4474 1372 4492 κ-ς-
1425 4474 1434 4475 ,
1617 4474 1629 4489 ,

237 4529 462 4598 amplius
488 4529 672 4595 jacere
693 4537 800 4577 non
829 4527 1126 4574 morantur.
1172 4517 1304 4570 Post
1335 4513 1566 4583 primaut
1608 4521 1662 4564 et
1695 4525 1781 4579 pos

1881 4505 1893 4553 ι
1920 4517 2107 4578 simis,
2137 4506 2465 4574 antipltonm,
2498 4511 2616 4566 qua!
2641 4499 2874 4547 cantata:
2917 4491 3042 4540 sunt
3063 4479 3138 4534 ad
3162 4474 3348 4530 Iaudes
3373 4485 3504 4526 can-

2387 4593 2401 4598 -
2493 4589 2525 4598 ..
2636 4587 2648 4598 .
2781 4597 2784 4598 ,
2866 4579 2947 4598 ut-
3004 4568 3365 4598 ..._....u.-......:ocn
3445 4569 3497 4598 ul

241 4630 342 4675 tres
395 4620 631 4688 psalmos
693 4615 786 4685 qui
844 4619 1164 4682 sequuntur,
1227 4608 1538 4679 priusquam
1611 4613 1814 4673 septem

243 4714 428 4781 psalmi
467 4713 744 4774 dicantur,
797 4704 1156 4774 interponitur
1211 4701 1298 4755 illa
1349 4697 1647 4769 psalmodia
1699 4709 1820 4766 quae

245 4815 360 4872 post
381 4805 676 4860 matutinos
705 4795 1078 4882 remansitnid
1104 4803 1216 4860 est,
1247 4793 1389 4848 Deus
1423 4792 1672 4852 auribus;
1697 4799 1751 4841 et
1776 4785 1820 4840 si

246 4897 392 4967 cujus
429 4896 666 4952 defuncti
719 4881 1040 4947 tricenarius
1074 4890 1268 4958 agitur,
1319 4887 1487 4943 Verba
1523 4901 1658 4938 mea.
1698 4881 1826 4936 Post

249 5003 448 5059 septem
471 4991 708 5060 psalmos
734 4995 788 5041 et
818 4985 1074 5039 Ietaoiam
1125 4981 1306 5036 statim
1353 4981 1598 5050 sequitur
1640 4975 1823 5037 missa,

255 5097 354 5136 non
384 5081 599 5138 utsolct
624 5095 725 5152 pro
749 5076 1036 5140 defunctis,
1076 5075 1168 5129 sed
1205 5075 1272 5128 de
1309 5071 1394 5128 die
1429 5089 1550 5127 cmn
1586 5067 1828 5123 collectis

257 5176 538 5239 consuetis,
573 5183 630 5229 et
667 5170 958 5226 novissime
992 5168 1080 5223 illa
1118 5180 1331 5234 quoque
1371 5166 1572 5229 addita,
1611 5161 1830 5215 Sancto-

262 5281 370 5318 rum
407 5277 656 5330 tuorum;
699 5263 766 5316 ad
805 5277 961 5330 quam
1007 5269 1187 5314 tamen
1230 5269 1416 5310 netues
1459 5255 1712 5320 offerunt,
1739 5251 1831 5310 sed

1921 4617 2104 4666 tantur
2137 4601 2302 4657 etiam
2337 4593 2404 4648 ad
2460 4589 2595 4644 alias
2636 4587 2819 4644 horas,
2866 4579 2952 4633 illa
3004 4568 3390 4643 praztermissa,
3445 4569 3504 4612 ut

1922 4701 2090 4758 moris
2127 4701 2212 4750 est
2255 4701 2492 4758 semper,
2535 4691 2588 4736 et
2637 4677 2740 4733 alia
2788 4672 2996 4728 scilicet
3045 4679 3164 4734 qua:
3211 4669 3293 4716 cst
3343 4670 3505 4726 super

1925 4796 2184 4864 hymnum
2233 4783 2398 4837 trium
2436 4785 2750 4847 puerorum.
2796 4766 2876 4819 Ad
2907 4759 3050 4816 solas
3077 4767 3336 4823 vcsperas
3369 4747 3526 4800 AlIe-r

1926 4845 2130 4946 luimut
2156 4845 2452 4941 antiphona
2477 4865 2635 4919 Pater
2662 4865 2874 4920 sancte;
2907 4853 2972 4905 ad
3010 4862 3146 4918 quos
3176 4845 3340 4900 etiam
3367 4847 3511 4910 post-

1927 4922 2130 4946 ......,....
2391 4922 2414 4923 _

1927 4993 1989 5030 ca
2023 4969 2168 5026 omni
2212 4965 2327 5028 die,
2360 4969 2415 5016 et
2445 4955 2512 5010 ad
2559 4951 2772 5009 cantica
2827 4959 2996 5014 usque
3029 4939 3094 4993 ad
3125 4937 3482 4990 Pentecoste-tt
3515 4922 3532 4932 ’

1931 5070 2182 5120 cantatur
2219 5055 2284 5109 ad
2319 5048 2615 5106 matutinas
2646 5039 2855 5105 laudes,
2893 5045 2950 5090 ttt
2982 5032 3070 5086 Sic
3095 5029 3292 5088 veniet;
3317 5022 3381 5078 ad
3413 5029 3519 5073 tera

1935 5159 2087 5220 tiam,
2114 5149 2204 5204 Illi
2233 5153 2409 5199 autem
2443 5135 2696 5210 profecti;
2745 5134 2812 5188 ad
2847 5135 3139 5188 nocturnos
3179 5131 3234 5175 et
3277 5118 3344 5174 ad
3392 5111 3524 5166 alias

1936 5215 2100 5308 horas
2129 5239 2317 5300 eodem
2350 5234 2531 5299 modo,
2565 5239 2622 5288 ut
2653 5227 2803 5300 prius
2832 5229 2901 5284 de
2937 5219 3166 5302 Pascha.
3210 5215 3272 5302 In.
3315 5221 3524 5284 proccs-

2477 5327 2500 5346 D
2535 5337 2548 5346 α
2585 5344 2590 5345 γ
2645 5321 2732 5346 Ιξαξ

2694 5321 2733 5346 ..2
2767 5341 2870 5346 μ-μ.
2903 5316 3119 5346 ..Αηξο---ο
3144 5299 3212 5346 In“
3242 5299 3529 5346 :snnlﬂGIﬂl“
