4030 5354
568 351 664 407 6'il

1607 362 1646 418 [Ἴ
1659 361 1926 417 DALRICI
1966 359 2466 418 CLUNIACENSIS
2507 361 2811 420 MONACIII

3743 370 3864 428 672

569 471 648 522 vel
675 477 945 538 posterior
999 487 1102 526 non
1159 484 1242 526 est
1290 473 1432 528 aliud
1481 490 1642 544 quam
1697 477 2036 544 respuusoria
2087 475 2151 530 ad
2187 483 2224 536 Α
2258 483 2312 527 et
2355 475 2420 528 ad
2459 484 2698 529 sanctam
2740 475 2966 530 Crucem
3013 481 3434 548 responsorium,
3477 482 3862 550 Apparuerunt

569 559 742 626 ipsum
777 563 917 616 diem
953 565 1308 632 pertinentia;
1337 567 1386 618 id
1413 576 1492 620 est
1523 567 1698 636 primo
1721 568 2146 636 responsorium,

569 649 768 704 Eduxit
797 651 1078 719 Dominus;
1109 656 1273 720 aliud,
1303 655 1468 712 Panis
1509 660 1728 724 nubent;
1763 661 2058 714 novissime
2093 662 2149 724 in,

565 742 753 807 choro,
800 740 906 796 Viri
935 742 1184 812 ιϐαιὶίωὶ.
1225 746 1354 801 Item
1395 764 1518 804 eum
1561 752 1904 819 responsorio
1948 753 2013 807 ad
2059 769 2145 808 vc-

568 845 758 899 speras
786 843 840 888 et
870 835 936 887 ad
969 839 1262 893 matutinas
1315 839 1499 895 laudes
1545 843 1659 896 ﬁeri
1685 843 1821 900 solet
1871 847 2147 914 processio

565 921 631 976 :id
659 936 1161 984 samrtamcrucem.
1197 932 1276 986 Ad
1321 935 1548 1004 hymnos
1591 937 1832 989 omnium
1891 937 2144 994 horarum

563 1017 704 1086 sicut
733 1017 784 1070 in
819 1016 1023 1073 Pascha
1050 1025 1339 1090 apponitur
1363 1041 1550 1080 versus
1579 1026 1682 1090 ille,
1719 1027 1798 1080 Da
1846 1029 1991 1082 nobis
2019 1029 2146 1084 illuc

559 1105 740 1158 sedula
767 1107 1035 1162 devotione
1079 1101 1286 1164 tendere
1321 1129 1341 1166 :
1369 1123 1446 1178 et,
1505 1114 1685 1168 Gloria
1731 1118 1840 1180 tibi,
1902 1117 2140 1186 Domine,

558 1196 647 1263 qui
673 1197 884 1251 scandis
924 1215 941 1252 :
988 1209 1040 1252 et
1078 1201 1356 1273 hucasque
1408 1201 1486 1260 ad
1519 1207 1904 1275 Pentecoste";
1957 1227 2142 1266 verum

557 1290 810 1344 etiamad
841 1303 1082 1359 octavas,
1125 1297 1188 1349 ad
1251 1307 1380 1352 mat.
1433 1287 1618 1356 Iaudes
1668 1314 1723 1355 et
1769 1319 1915 1372 vesp.
1969 1305 2142 1373 prima

557 1380 744 1432 eadem
779 1381 1002 1436 collecta
1037 1400 1252 1455 semper
1282 1397 1364 1443 est
1404 1391 1656 1457 dicenda,
1699 1391 1956 1458 Concede,
1999 1413 2142 1466 qure-

556 1484 758 1520 sumus.
816 1469 932 1536 Quo
988 1481 1166 1529 tamen
1217 1477 1332 1532 sola
1380 1490 1642 1549 sequente
1699 1483 1972 1536 Dominiea
2033 1502 2138 1540 non

558 1568 790 1614 tenetur.
819 1563 882 1616 Et
912 1565 1040 1632 quia
1071 1569 1136 1620 de
1163 1567 1492 1625 Ascensione
1519 1587 1622 1626 non
1658 1574 1838 1629 multae
1871 1585 1994 1648 sunt
2032 1577 2138 1630 col-

559 1647 736 1714 lectae,
766 1649 1038 1721 eliguntur
1061 1657 1274 1725 Quoque-
1303 1670 1668 1729 competentes
1701 1665 1766 1717 de
1793 1665 2140 1734 paschalibus

552 1740 621 1792 ad
645 1741 778 1794 alias
804 1743 986 1810 horas,
1023 1754 1081 1799 ut
1107 1758 1208 1811 est,
1263 1749 1599 1820 Omnipotens
1640 1755 1946 1823 sempiterne
1973 1757 2136 1824 Deus,

2251 565 2530 632 apostolis;
2571 566 2621 618 in
2661 567 2829 622 choro
2873 571 3297 638 rcsponsorium,
3347 571 3582 642 Spiritus
3611 584 3857 627 sanctus.

2250 655 2506 722 Quamvis
2543 670 2720 712 autent
2751 674 2941 714 omnes
2976 661 3110 715 (ialli
3148 678 3253 716 non
3285 679 3614 734 magnOpere
3653 677 3860 720 curent

2252 747 2320 800 de
2349 749 2526 817 prosis
2549 749 2986 816 Teutonicornm,
3019 761 3196 808 tamen
3227 753 3386 810 beato
3427 755 3588 810 Patre
3618 755 3858 810 0dilone

2249 837 2527 892 adnitente
2574 848 2627 892 et
2679 838 2744 894 de
2795 841 3128 898 nostratibus
3183 849 3487 908 asserente,
3541 845 3657 900 lucc
3706 847 3852 910 sola,

2249 927 2435 982 Sancti
2485 928 2714 1000 Spiritus
2759 933 2898 986 adsit
2955 935 3102 988 nobis
3153 937 3350 1005 gratia,
3391 936 3628 990 obtinuit
3678 947 3742 992 ut
3799 940 3854 991 in

2250 1030 2435 1074 nostro
2467 1021 2584 1076 loco
2607 1023 2658 1076 in
2692 1025 2792 1079 isto
2823 1026 2907 1080 die
2933 1037 3262 1084 cantarctur.
3290 1029 3370 1083 Ad
3401 1032 3554 1100 cujus
3589 1048 3854 1103 vesperas

2240 1125 2410 1179 super
2433 1111 2668 1180 psalmos
2694 1125 2948 1170 cantatur
2987 1117 3233 1186 Alleluia,
3269 1130 3326 1175 ut
3369 1122 3692 1191 antiphona,
3737 1123 3850 1178 Lo—

2245 1204 2566 1274 quebantur;
2590 1205 2654 1258 ad
2694 1207 2821 1262 Mat.
2857 1208 2907 1263 in
2945 1211 3179 1264 secunda
3216 1211 3371 1280 feria,
3415 1224 3492 1280 ut,
3525 1215 3666 1268 Dum
3703 1233 3852 1268 com-

2245 1292 2545 1360 plercutur;
2569 1298 2634 1350 ad
2669 1299 2903 1363 tertiam,
2933 1299 3149 1370 chlcti.
3189 1301 3284 1358 llis
3317 1303 3486 1358 tribus
3515 1306 3850 1374 antiphona-

2245 1398 2364 1436 rum
2399 1385 2642 1442 melodiis
2682 1388 2855 1444 locum
2908 1393 3072 1446 semel
3105 1403 3386 1464 acceptum
3433 1411 3540 1451 non
3574 1399 3848 1451 mutanti-

2243 1470 2362 1534 bus,
2391 1472 2458 1526 ad
2488 1473 2623 1528 alias
2650 1475 2813 1530 horas
2841 1487 3134 1532 cantantar
3172 1480 3289 1534 aliae
3325 1493 3379 1536 et
3429 1483 3494 1537 de
3526 1470 3756 1553 pascha,
3791 1495 3848 1538 et

2249 1561 2313 1616 de
2339 1562 2653 1634 Evangelia,
2679 1575 2732 1622 et
2755 1567 2820 1622 de
2845 1569 3176 1634 Ascensione
3208 1573 3452 1640 Domini;
3484 1576 3534 1630 in
3562 1577 3766 1644 quibus
3791 1587 3848 1632 et

2242 1667 2348 1706 non
2386 1652 2520 1708 alius
2550 1664 2674 1711 tunc
2697 1659 2831 1712 ordo
2860 1669 3090 1728 tenetur,
3121 1663 3221 1717 nisi
3247 1675 3547 1733 praecentor
3571 1667 3678 1722 hoc
3717 1685 3846 1737 pro-

2240 1742 2406 1808 videt,
2428 1753 2482 1798 et
2510 1744 2801 1816 imponenti
2829 1760 3232 1820 praemonstrat,
3250 1761 3306 1806 ut
3325 1753 3469 1808 nulla
3497 1756 3847 1826 relinquatur

555 1830 744 1900 deduc,
776 1842 882 1888 cm.
913 1835 1079 1904 Deus,
1110 1841 1200 1909 qu,-
1231 1845 1300 1893 αα
1330 1853 1578 1898 (“emam
1609 1847 1792 1912 vitam,
1826 1861 1932 1904 em
1991 1823 2136 1905 pm,
2174 1823 2214 1880 Β
2245 1849 2366 1902 qua:
2389 1849 2493 1890 non
2529 1836 2582 1888 in
2623 1835 2724 1891 hac
2747 1839 3045 1908 septimana
3075 1853 3384 1899 recautetur
3419 1861 3446 1900 a
3481 1847 3666 1914 nobis,
3693 1848 3844 1904 vide-

555 1923 710 1991 fatio,
764 1927 868 1992 Qui
917 1941 1030 2000 post
1089 1931 1852 2007 Ilesurrcctiouem,etc.,non
1908 1945 2138 2016 amplius

554 2021 756 2076 dicitur
790 2039 949 2092 quam
981 2027 1034 2080 iu
1055 2028 1238 2097 primo
1267 2031 1354 2085 die
1382 2033 1447 2086 ad
1477 2023 1761 2104 utram'lue
1798 2038 2040 2102 missam,
2083 2049 2139 2094 et

555 2109 608 2161 in
627 2121 816 2164 rctava
833 2115 897 2166 ad
915 2125 1218 2186 utramque.
1235 2119 1535 2176 Notandum
1551 2131 1729 2178 autem
1743 2127 1884 2196 quod
1900 2128 2136 2196 psalmus

551 2198 634 2251 Αιι
669 2200 968 2270 Dominum,
1020 2208 1108 2276 qui
1161 2209 1212 2262 in
1261 2209 1540 2266 duodecim
1587 2213 1930 2283 lectionibus,
1978 2219 2132 2272 simul

550 2307 672 2345 enirn
701 2295 907 2360 psalmo
944 2295 1080 2353 Voce
1112 2319 1223 2354 mea
1254 2303 1390 2358 solet
1429 2305 1532 2360 dici
1575 2321 1673 2374 pro
1721 2307 1896 2364 ollicio
1945 2310 2136 2366 defun-

549 2394 782 2446 ctorum,
817 2402 920 2442 non
947 2397 1032 2443 est
1057 2391 1315 2448 dicendus
1341 2393 1390 2448 in
1415 2393 1516 2450 hac
1542 2398 1912 2465 solemnitate,
1951 2415 2051 2455 nec
2081 2402 2132 2455 in

549 2473 630 2526 eis
654 2473 938 2544 similibus,
973 2481 1098 2548 quia
1137 2493 1190 2538 et
1233 2485 1530 2555 antiquitus
1574 2489 1628 2542 in
1690 2489 1886 2546 talibus
1943 2491 2134 2547 diebus

548 2562 782 2620 cilicium
809 2583 914 2622 non
937 2570 1126 2625 ﬁebat.

1107 2681 1334 2736 CAPUT
1377 2683 1564 2738 XXIII.

999 2769 1077 2825 De
1117 2773 1292 2844 vigilia
1323 2773 1676 2836 Pentecostes.

549 2914 552 2918 .
617 2873 677 2928 In
711 2873 892 2944 vigilia
933 2878 1283 2938 Pentecostes
1315 2897 1438 2954 post
1471 2889 1764 2960 capitulmu
1805 2893 2126 2964 loquuntur;

549 2975 672 3033 post
705 2971 916 3026 tertiam
949 2975 1144 3042 silent;
1179 2989 1299 3048 post
1323 2991 1535 3037 sextam
1567 2997 1697 3042 eunt
1744 2990 1814 3042 ad
1863 2990 1998 3045 lecta
2033 3009 2128 3048 sua

543 3058 736 3114 eodem
765 3065 922 3119 modo
949 3081 1058 3134 quo
1085 3069 1136 3122 in
1163 3075 1534 3138 rogationibus
1580 3077 1800 3142 facturi.
1852 3098 2020 3152 usque
2059 3085 2126 3138 ad

2241 1922 2368 1977 licet
2395 1925 2621 1996 singulis
2651 1929 2802 1997 quasi
2842 1930 3086 1986 ultimum
3130 1935 3246 1990 vale
3285 1934 3530 1992 iacturis.
3565 1939 3840 1996 Horarum

2241 2011 2422 2082 hymni
2466 2015 2662 2070 iterum
2711 2033 2815 2072 non
2866 2031 3051 2075 carent
3099 2039 3204 2078 uno
3253 2041 3409 2080 versu
3452 2029 3832 2096 superaddite,

2241 2106 2450 2162 scilicet
2495 2108 2607 2176 hic,
2661 2107 2884 2179 Christe,
2925 2131 3060 2169 nunc
3101 2117 3364 2186 piissime;
3413 2127 3468 2176 et
3501 2161 3516 2187 ,
3581 2121 3669 2178 Sit
3717 2123 3842 2180 laus

2243 2195 2416 2253 Patri.

2803 2316 3032 2374 CAPUT
3085 2317 3254 2402 xxv.

2649 2404 2726 2460 De
2755 2416 2934 2466 octavo
2965 2409 3050 2463 die
3074 2409 3425 2468 Pentecostes.

2305 2513 2540 2575 Octavus
2589 2519 2708 2576 dies
2757 2521 3106 2580 Pentecostes
3159 2541 3263 2582 non
3319 2537 3426 2581 tam
3473 2545 3574 2598 pro
3616 2539 3834 2596 octavo.

2235 2622 2394 2676 quam
2435 2624 2534 2678 pro
2581 2614 3108 2674 commemoratione,
3143 2626 3344 2670 sancta:
3377 2617 3662 2676 Trinitatis
3697 2623 3834 2676 cele-

2235 2699 2440 2754 bratur.
2475 2701 2555 2756 Ad
2589 2702 2742 2770 cujus
2767 2705 2930 2760 etiam
2979 2707 3190 2777 priores
3218 2725 3490 2779 vesperas,
3521 2713 3666 2780 quod
3697 2715 3834 2769 alias

2235 2804 2360 2844 raro
2385 2791 2502 2845 ﬁeri
2529 2793 2688 2858 solet,
2720 2809 2881 2866 super
2901 2798 3143 2867 singulos
3173 2800 3412 2868 psalmos
3445 2803 3676 2872 singulae
3701 2821 3829 2859 can-

2235 2891 2418 2938 tantur
2458 2886 2769 2956 antiphonae
2824 2891 2889 2944 de
2936 2901 3122 2947 saneta
3173 2893 3460 2950 Trinitate.
3507 2897 3830 2966 'Capitnlnm

2234 2981 2342 3026 tam
2384 2976 2451 3030 ad
2475 2991 2734 3046 vesperas
2782 2993 2942 3048 quam
2983 2983 3053 3037 ad
3101 2987 3394 3042 matutinas
3423 2987 3628 3055 laudes,
3661 3001 3716 3044 et
3743 2991 3829 3044 ad-

2233 3065 2339 3120 huc
2379 3068 2545 3122 etiam
2579 3073 2643 3124 ad
2681 3073 2917 3140 tertiam,
2949 3075 3272 3144 Benedictio,
3318 3091 3365 3134 et
3395 3082 3634 3142 claritas.
3663 3095 3712 3138 et
3741 3103 3828 3140 sa-

547 3151 946 3212 incboationcm
979 3159 1136 3216 ollicii
1167 3175 1516 3221 antenonam
1563 3169 1872 3238 inchoandi,
1911 3151 1977 3230 de
2017 3191 2124 3245 quo

2233 3158 2454 3224 pientia;
2484 3160 2737 3231 hymnus,
2779 3164 2824 3220 0
2873 3166 2966 3220 lux
3009 3168 3160 3223 beata
3213 3169 3462 3226 Trinitas.
3509 3175 3822 3246 Evangelia,

544 3242 707 3298 lectio
756 3238 1221 3314 prima,'Tent‘avit
1255 3255 1431 3323 Deus;
1461 3262 1709 3332 sequitur
1752 3265 1978 3320 collecta
2008 3267 2126 3324 sine

541 3332 885 3404 salutatione,
917 3338 1078 3405 Deus,
1112 3345 1202 3413 qui
1241 3345 1295 3398 in
1319 3347 1606 3404 Abraham.
1635 3353 1824 3410 Lectio
1865 3359 2123 3425 secunda,

541 3421 759 3493 Scripsit
795 3425 1018 3498 Moyses.
1068 3431 1316 3500 Tractus,
1353 3437 1575 3494 Attende
1609 3443 1812 3498 cretum.
1861 3421 2122 3514 Collecla,

537 3513 699 3580 Deus,
720 3518 808 3586 qui
838 3535 930 3574 nos
959 3539 1052 3590 per
1072 3527 1370 3595 prop/tetas.
1395 3529 1580 3587 Lectio
1609 3536 1788 3599 tertia,
1821 3513 2120 3607 Apprelien-i

535 3603 656 3656 dent
689 3617 878 3674 septem
910 3609 1176 3669 mulieres.
1203 3616 1454 3684 Tractus,
1491 3621 1652 3677 Vinea
1687 3625 1828 3694 facta
1860 3603 1954 3682 est.
1995 3629 2120 3684 Col-

535 3694 697 3760 lecla,
720 3698 860 3752 Deus
880 3703 968 3771 qui
998 3721 1092 3758 nos
1118 3707 1188 3760 ad
1214 3711 1485 3766 caelestem.
1519 3714 1700 3770 Lectio
1720 3731 1932 3784 quarta,
1961 3721 2120 3774 Audi.

537 3783 727 3840 Israel.
748 3790 1006 3858 Collecta,
1049 3796 1188 3852 Deus
1220 3801 1679 3860 incommutabilis.
1713 3807 1966 3876 Tractus,
1998 3813 2119 3866 Sic-

536 3891 594 3933 ut
635 3899 835 3938 cerrus.
882 3886 1137 3945 Colleeta.
1185 3891 1442 3962 Concede,
1499 3916 1818 3970 qua-sumus.
1863 3905 2121 3961 Cantator

539 3975 737 4028 lctania
781 3979 964 4032 eodem
1011 3983 1169 4037 modo
1220 4001 1326 4054 quo
1377 3989 1426 4042 in
1475 3991 1668 4060 vigiliis
1713 3995 1961 4064 I’aschzc;
2005 4001 2117 4068 ipsa

533 4083 750 4150 quoque
801 4069 1108 4131 missa'non
1160 4079 1494 4138 dissimiliter
1539 4103 1636 4158 per
1681 4091 1886 4157 omnia,
1923 4105 2120 4162 prmlcr

531 4164 676 4232 quod
719 4165 882 4222 habet
915 4177 1132 4224 cantum
1171 4173 1480 4243 oll'erendae,
1523 4191 1574 4233 et
1615 4183 1756 4251 quod
1797 4185 1976 4256 Agnus
2019 4187 2118 4241 Ι)ρὶ

531 4258 694 4313 simul.
714 4275 832 4314 cum
860 4265 1240 4320 conm'iuuione
1263 4279 1345 4323 est
1372 4271 1677 4330 dicendum.
1704 4277 1843 4333 Ante
1867 4295 2116 4350 vesperas

529 4361 796 4416 emuntur,
829 4357 895 4408 ad
924 4371 1061 4426 quos
1089 4359 1250 4414 etiam
1282 4363 1418 4417 sicut
1447 4366 1497 4420 in
1541 4368 1774 4424 Sabbato
1806 4385 1990 4428 sancto
2021 4375 2116 4428 ite-

533 4455 650 4492 rum
685 4457 798 4495 non
831 4444 918 4499 alii
953 4448 1144 4515 psalmi
1174 4467 1334 4520 quam
1373 4455 1590 4513 furiales
1627 4471 1754 4514 sunt
1793 4463 2026 4528 dicendi,
2065 4465 2112 4519 id

2226 3245 2358 3302 Erat
2410 3252 2564 3306 homo
2595 3271 2659 3308 ea:
2695 3254 2999 3324 Pharismis,
3031 3264 3400 3330 pronuntiato,
3445 3267 3592 3320 nulla
3645 3245 3822 3324 tamen

2224 3336 2340 3406 ejus
2369 3339 2588 3396 homilia
2619 3343 2836 3416 legitur.
2863 3351 2956 3404 sed
2988 3363 3170 3406 sermo
3205 3356 3376 3409 sancti
3429 3356 3680 3428 Gregorii
3717 3361 3822 3414 Na-

2225 3429 2466 3484 zianzeni
2502 3433 2730 3499 scilicet,
2765 3435 2838 3490 De
2864 3438 3190 3494 solemnitate
3220 3443 3496 3498 hodierna.
3538 3445 3822 3504 I’rocessio

2223 3536 2345 3576 cum
2392 3529 2736 3595 respousorio
2782 3531 2847 3584 ad
2896 3541 3140 3588 sanctam
3180 3535 3442 3602 Crucem;
3473 3540 3618 3593 sicut
3647 3541 3816 3596 etiam

2223 3623 2344 3684 post
2373 3618 2666 3674 matutinas
2693 3621 2893 3676 laudes.
2925 3623 3006 3677 Ad
3049 3635 3362 3693 nocturnos,
3398 3629 3498 3693 Tu,
3543 3630 3816 3686 Trinitatis

2223 3707 2428 3770 unitas;
2459 3708 2525 3762 ad
2557 3708 2766 3777 Iaudes,
2811 3711 3070 3792 Splendor
3095 3727 3329 3784 paterna:
3376 3721 3592 3788 gloria';
3633 3733 3812 3777 tamen

2222 3810 2346 3850 cum
2395 3799 2718 3857 solemniore
2758 3793 2991 3862 melodia
3029 3824 3190 3879 quam
3241 3814 3572 3880 quotid'aua.
3633 3817 3814 3883 Quan-

2222 3902 2383 3952 quam
2420 3890 2632 3947 illorum
2683 3895 3004 3966 hymnorum
3053 3901 3281 3956 melodia
3314 3904 3404 3973 qui
3436 3916 3732 3963 cantantur
3762 3911 3816 3964 in

2223 3975 2430 4034 Pascha
2464 3981 2536 4036 ita
2560 3985 2630 4037 sit
2659 3985 2816 4055 plana
2855 3997 2906 4043 et
2937 3989 2988 4042 in
3020 3991 3308 4059 directum,
3337 4005 3390 4050 et
3425 3997 3474 4050 in
3510 3998 3627 4068 ipso
3657 4017 3814 4056 sacro

2221 4078 2424 4126 Sancta:
2459 4072 2750 4132 Dominicm
2779 4077 3214 4138 Resurrectionis
3261 4101 3366 4140 non
3406 4089 3576 4158 magis
3621 4091 3812 4145 solem-

2223 4161 2306 4216 uis
2346 4178 2508 4232 quam
2557 4167 2600 4220 si
2633 4167 2792 4222 iidem
2822 4171 3008 4242 hymni
3036 4174 3104 4228 ad
3135 4175 3388 4245 aliquem.
3423 4189 3478 4233 ut
3510 4181 3582 4234 ita
3607 4183 3810 4250 dicam,

2221 4253 2486 4320 privatum
2535 4257 2674 4312 diem
2709 4261 3075 4328 pertinerent;
3119 4268 3260 4335 quod
3289 4270 3444 4324 nobis
3489 4273 3740 4330 relictum
3777 4293 3807 4330 a

2219 4343 2564 4412 simplicitate
2591 4350 2870 4406 seniorum
2909 4364 3217 4412 nostrorum
3249 4361 3424 4414 adhuc
3461 4362 3532 4414 ita
3569 4373 3804 4430 tenetur,

2220 4443 2272 4487 et
2293 4435 2337 4488 si
2369 4452 2472 4506 qua
2503 4453 2730 4507 persona
2760 4451 2906 4498 esset
2937 4445 3287 4518 idonea,qua3
3311 4450 3362 4504 id
3397 4451 3594 4508 domno
3621 4458 3804 4513 abbati

529 4539 613 4584 est
657 4532 1020 4603 Conﬁteantur
1044 4555 1062 4592 :
1095 4543 1342 4612 collecta,
1373 4545 1601 4616 Pra’sta,
1635 4571 1953 4623 qua'sumus,
2005 4568 2108 4614 etc.
2146 4538 2188 4594 D
2218 4536 2534 4623 Si'ggercrﬂ
2579 4538 2627 4582 οι
2675 4531 2948 4599 suadere“
2989 4536 3232 4596 [omlSSis
3261 4545 3537 4599 emendari
3563 4547 3800 4617 jubere"

1088 4657 1316 4714 CAPUT
1363 4659 1552 4718 XXIV.

527 4731 607 4790 De
622 4737 732 4806 ipso
755 4741 836 4794 die
851 4741 1203 4814 Pcutecostes,
1229 4763 1274 4804 et
1296 4769 1357 4804 ea
1383 4771 1500 4823 qua:
1529 4761 1762 4828 sequitur
1787 4757 2108 4830 Septimana.

597 4847 895 4920 Utdiguum
918 4869 1022 4922 est,
1042 4863 1211 4918 sancti
1238 4863 1746 4936 SpiritusAdvenlni
1770 4889 2108 4946 nequaquam

525 4941 703 4995 minus
729 4943 972 5001 defertur
1001 4965 1160 5018 quam
1189 4963 1242 5007 et
1271 4956 1560 5020 Domiuiezn
1593 4959 2013 5032 Resurrrctioni.
2051 4966 2106 5020 In

523 5033 608 5082 illa
639 5047 812 5082 nocte.
852 5049 900 5082 nt
931 5041 980 5082 in
1011 5043 1101 5082 illn
1144 5046 1232 5082 ,κο
1271 5049 1528 5082 n..:.t....:.l
1561 5069 1654 5082 ..κη
1685 5059 1982 5082 ..,...,...η-..ε..
2025 5075 2077 5082 ,η

2213 4615 2354 4670 sicut
2377 4627 2430 4671 ct
2459 4620 2524 4672 de
2553 4623 2735 4678 multis
2757 4625 2880 4680 aliis
2905 4627 3017 4696 jam
3051 4629 3196 4686 fecit.
3225 4633 3280 4688 In
3321 4636 3408 4690 die
3446 4615 3628 4693 autem
3665 4658 3806 4712 prin-

2214 4705 2323 4762 fato
2369 4709 2531 4764 missa
2589 4715 2921 4771 matutinalis
2967 4727 3050 4772 est
3097 4721 3162 4774 de
3205 4721 3407 4792 Spiritu
3457 4705 3686 4795 sancto';
3733 4732 3801 4786 ad

2211 4813 2370 4866 quam
2399 4800 2484 4854 illa
2516 4805 2760 4871 pra-latio
2775 4823 2882 4862 non
2913 4811 3198 4876 omittitur,
3219 4813 3322 4879 Qui
3341 4825 3626 4875 ascendens
3647 4839 3801 4892 super

2209 4905 2386 4941 omnes
2429 4891 2618 4956 ccelos;
2669 4896 2808 4950 sicut
2858 4900 3019 4954 etiam
3069 4918 3165 4971 per
3194 4914 3358 4960 totam
3403 4891 3796 4977 prmeedcntem

2209 4978 2563 5048 septimanam
2605 4985 2670 5036 ad
2700 4993 2986 5056 utramque
3017 4993 3253 5048 nrissam.
3285 4997 3363 5050 Ad
3395 5005 3794 5068 proceSSioncm
