4030 5354
173 333 272 386 i373

931 325 1506 384 CONSUETbDINiLS
1555 325 2092 382 CLUNIACENSES.
2141 357 2208 366 —-
2249 324 2450 381 LIBER
2487 323 2766 380 PRIMUS.

3339 327 3445 382 674i

171 451 248 502 Ad
279 453 560 502 secundas
585 448 850 516 \‘espcras
878 443 928 496 in
961 445 1146 496 ultima
1179 459 1338 512 super
1360 443 1592 512 psaltltos
1621 443 1764 496 anti—
1797 449 1838 506 Α
1871 457 1994 495 cum
2047 441 2218 496 visum
2267 439 2448 504 fuerit,
2493 441 2740 510 pulsatur
2781 441 2996 512 signum
3043 443 3110 496 ad
3169 443 3380 498 tertiam
3432 466 3444 500 :

171 544 372 610 phona,
426 557 534 594 non
573 547 702 592 sunt
755 539 859 592 alia
915 537 1074 592 verba
1125 551 1286 604 quam
1339 536 1482 590 illius
1519 535 1759 604 capituli,

169 633 480 686 Benedictio
505 645 552 685 et
581 631 828 692 claritas;
859 637 1142 698 propterea
1193 638 1432 680 mutatur
1469 629 1760 696 capitulum

169 729 222 773 ut
265 721 514 782 dicatur,
561 719 874 772 Benedictus
919 716 1058 770 Dens
1109 727 1156 770 et
1205 714 1385 770 Pater.
1433 717 1507 772 De
1559 715 1762 785 Spiritu

167 817 356 864 Sancto
393 817 653 862 curuatur
679 807 996 876 antiphona,
1029 805 1198 860 Hodie
1225 807 1461 874 completi
1484 817 1602 860 sunt
1633 821 1652 857 .'
1697 808 1762 862 de

166 911 352 956 sancta
409 915 596 966 cruce,
645 899 726 952 vel
757 899 934 968 potius
969 900 1034 952 de
1075 898 1490 960 ltcsurreetioue
1527 897 1758 962 Domini,

168 992 410 1048 Christus
463 1008 772 1062 resurgens,
823 991 1178 1060 sequentibus
1225 989 1604 1045 consentaneis
1653 989 1764 1044 col-

167 1085 258 1140 lect
271 1087 336 1140 is.

737 1173 964 1230 CAPUT
1008 1173 1199 1230 XXVI.

231 1269 308 1322 De
341 1271 642 1338 septimana
671 1279 912 1339 sequente
935 1279 1049 1336 post
1077 1278 1288 1322 octavas
1325 1266 1684 1324 Pentecostes.

231 1360 620 1430 Interrogatio.
663 1361 838 1431 Agitis
886 1369 1110 1416 octavas
1139 1360 1206 1414 de
1237 1359 1432 1414 Sancta
1462 1357 1760 1412 Trinitate?

233 1453 554 1521 Responsio.
590 1454 830 1508 Minime.
875 1453 1046 1524 Major
1081 1461 1260 1510 tamen
1311 1454 1476 1507 missa
1509 1463 1760 1506 cantatur

167 1561 260 1613 per
291 1553 471 1598 totam
517 1545 878 1614 septimanam
929 1545 994 1598 dc
1040 1553 1228 1598 sancta
1261 1543 1548 1608 Triuitate,
1589 1553 1646 1600 et
1691 1545 1758 1600 ad

168 1650 426 1704 resperas
475 1651 640 1706 super
683 1635 954 1690 canticum
1001 1635 1275 1704 Evangelii
1323 1644 1576 1690 cantatur
1617 1635 1758 1690 auti~

167 1728 362 1796 phona.
397 1727 698 1797 Postquam
749 1727 862 1782 sola
913 1727 1192 1782 Dominica
1245 1726 1410 1781 fuerit
1463 1737 1754 1790 transacta,

169 1819 344 1872 statim
393 1819 644 1872 redimus
693 1820 758 1874 ad
809 1829 1042 1888 quatuor
1099 1819 1334 1889 psalmos
1369 1835 1462 1888 per
1515 1819 1754 1888 singulas

169 1911 322 1964 horas
353 1911 642 1976 dicendas,
675 1921 728 1964 et
757 1913 824 1964 ad
863 1913 1048 1966 venias
1076 1911 1336 1980 petendas
1369 1913 1436 1964 ad
1469 1912 1617 1964 initia
1651 1916 1752 1966 lto-

171 2017 344 2055 rarum
387 2021 400 2056 :
440 2003 505 2056 ad
551 2013 846 2058 nocturnos
886 2016 1100 2071 quoque
1139 2003 1192 2056 in
1235 2001 1460 2070 privatis
1507 2003 1754 2056 noctibus

171 2093 296 2146 nihil
347 2094 590 2162 amplius
653 2093 848 2164 legitur
909 2109 1072 2161 quam
1117 2109 1238 2162 qua:
1290 2093 1474 2147 scribit
1531 2103 1753 2148 sumtus

171 2185 514 2250 Benedictus,
537 2201 643 2238 una
671 2185 990 2254 parvissima
1017 2185 1178 2238 lectio
1207 2199 1326 2238 cum
1351 2182 1510 2236 simili
1537 2199 1754 2252 respon.

173 2279 332 2332 surio.
359 2278 462 2332 Est
488 2279 634 2332 aliud
664 2279 808 2348 quod
838 2277 1190 2332 constitutum
1217 2285 1302 2330 cst
1333 2285 1392 2330 ut
1427 2275 1480 2328 in
1509 2276 1747 2330 secunda

177 2369 298 2424 iet-ia
333 2371 500 2440 hujus
529 2372 1092 2443 suptilitaitaiscrnper
1117 2380 1342 2441 agatur;
1369 2371 1568 2440 quippe
1593 2379 1753 2440 quot-

175 2476 298 2534 quot
321 2466 710 2522 defunctorum
739 2467 792 2520 in
839 2465 958 2522 loco
997 2475 1184 2521 nostro
1227 2477 1356 2521 sunt
1395 2465 1613 2534 sepulti,
1653 2479 1752 2534 pro

179 2561 256 2616 his
291 2563 529 2618 domnus
567 2563 736 2618 abbas
775 2563 1081 2632 specialiter
1122 2562 1404 2618 constituit
1449 2573 1506 2615 ut
1561 2577 1748 2616 eorum

179 2659 476 2712 recordatio
519 2659 624 2712 hae
663 2658 782 2712 vice
816 2657 1214 2712 studiosissime
1257 2656 1372 2710 ﬁat.
1401 2655 1555 2722 Quod
1583 2657 1750 2709 etiam

179 2768 264 2820 pro
293 2755 466 2822 ipsius
499 2755 676 2810 edicto
708 2767 806 2822 per
849 2753 1032 2806 omnia
1065 2751 1182 2806 loca
1223 2759 1406 2806 nostra
1439 2750 1554 2805 ﬁeri
1591 2749 1748 2804 solet.

181 2843 274 2898 Pro
298 2845 608 2916 lmjusmodi
638 2853 760 2914 post
785 2858 1038 2912 vesperas
1072 2843 1366 2911 regulares,
1405 2852 1462 2896 et
1495 2841 1750 2909 suifragia

177 2945 504 3000 sanctorum,
527 2937 844 3005 priusquam
871 2935 1196 3005 procedatur
1217 2935 1286 2988 ad
1306 2933 1588 2990 ecclesiam
1615 2931 1750 2988 San-

177 3037 268 3081 ctae
306 3027 494 3083 Maria:
521 3066 536 3093 ,
591 3027 818 3098 pulsatis
865 3027 1074 3097 prolixe
1121 3028 1374 3082 omnibus
1427 3027 1628 3097 signis,
1695 3025 1748 3080 in

177 3115 330 3172 choro
360 3129 601 3187 aguntur
653 3133 893 3188 vesperae
935 3133 1032 3188 pro
1075 3117 1322 3172 ﬁdelibus
1365 3116 1650 3181 defunctis,
1695 3126 1750 3172 et
1777 3131 1822 3192 ρ

176 3215 347 3272 postea
393 3207 630 3263 cilicium
671 3207 834 3262 simili
867 3207 1043 3262 modo.
1086 3207 1141 3261 in
1172 3205 1418 3276 sequenti
1463 3207 1550 3261 die
1587 3207 1750 3262 missa

178 3297 510 3352 matutinalis
535 3299 884 3368 propensiore
907 3299 1088 3353 studio
1112 3307 1197 3353 est
1229 3297 1574 3362 celebranda,
1601 3309 1656 3350 et
1681 3297 1749 3351 ab

175 3391 418 3446 omnibus
471 3392 844 3447 sacerdotibus
903 3391 1130 3460 privata:
1171 3392 1350 3445 missa:
1411 3405 1510 3460 pro
1545 3391 1748 3444 eisdem

177 3481 474 3536 cantanda.
507 3480 700 3536 Verum
743 3490 799 3536 et
841 3481 909 3536 ad
951 3481 1170 3546 missas,
1201 3482 1268 3535 ad
1299 3493 1556 3548 vesperas
1583 3489 1638 3533 et
1681 3479 1749 3534 ad

175 3569 424 3636 oﬂieium,
455 3583 512 3629 et
537 3575 832 3628 matutinas
859 3573 1034 3643 primo
1067 3573 1290 3628 dicenda
1319 3579 1404 3624 est
1425 3587 1488 3626 ea
1526 3571 1748 3626 collecta

176 3660 306 3715 Deus
334 3663 496 3732 cujus
528 3663 880 3718 miseratione.
925 3661 1214 3718 Duodecim
1245 3673 1509 3730 pauperes
1539 3661 1606 3714 ad
1649 3675 1748 3730 pa-

176 3766 292 3806 nem
321 3763 380 3809 et
417 3755 629 3820 vinum,
655 3755 836 3810 edulio
864 3755 1046 3810 carnis
1071 3754 1345 3824 adjuncto,
1369 3754 1599 3808 ubertim
1623 3760 1748 3807 sunt

181 3841 474 3910 reﬁciendi,
522 3853 576 3898 et
601 3845 815 3900 cunctis
852 3843 976 3899 aliis
1009 3843 1336 3913 pauperibus
1361 3841 1748 3911 supervenien-

179 3931 312 3989 tibus
341 3935 412 3989 de
435 3951 578 4004 pane
613 3943 669 3990 et
704 3935 826 3990 vino
857 3933 1230 3990 misericordia
1257 3933 1634 4004 impendenda.

689 4095 692 4099 .
733 4047 958 4104 CAPUT
994 4047 1090 4102 XX
1102 4047 1204 4101 VII.

257 4138 332 4194 De
363 4139 576 4210 jejunio
601 4139 840 4204 Quatuor
870 4137 1178 4208 Temporum
1201 4142 1252 4192 in
1285 4155 1455 4192 mense
1477 4139 1656 4193 Jnm'o.
1735 4151 1738 4154 '

239 4235 560 4324 Priusquam
593 4251 729 4306 ultra
762 4251 1170 4322 progrediamur
1204 4251 1460 4304 debemus
1509 4261 1563 4304 et
1601 4249 1741 4324 jeju-

179 4341 242 4394 nii
268 4343 512 4409 Quatuor
525 4341 850 4412 Temporum
870 4341 1198 4406 meminisse,
1215 4343 1358 4410 quod
1379 4357 1499 4395 cum
1522 4341 1576 4394 in
1603 4355 1746 4396 anno

1865 533 2112 586 oratione
2139 531 2306 598 facta,
2339 533 2631 586 induuntur
2660 532 2818 598 albis,
2849 542 2972 602 post
2995 532 3206 588 tertiam
3235 539 3439 606 cappis.

1865 623 2128 678 Cantator
2157 623 2390 678 oilicium
2431 623 2666 692 Spiritus
2715 624 2924 678 Domini
2975 643 2989 678 :
3044 625 3110 680 ad
3163 626 3306 694 quod
3363 637 3444 680 ta-

1867 729 1986 768 men
2021 714 2217 786 legitur
2249 717 2314 770 de
2353 716 2575 770 Actibus
2604 717 2970 784 apostolorum
3009 716 3215 772 ferialis
3261 717 3441 784 lectio,

1865 815 1916 860 ct
1943 805 2292 875 Evangelium
2327 807 2534 862 feriale.
2563 807 2692 862 Post
2731 817 2938 862 sextam
2971 809 3124 877 quasi
3159 813 3440 878 pausaturi

1863 897 2240 952 dormitoruim
2275 900 2574 954 ascendunt
2610 917 2622 952 :
2671 899 2854 952 audito
2891 898 3045 968 signo
3079 899 3441 965 descendunt,

1863 987 2046 1043 lavant
2073 1003 2268 1044 manus
2295 999 2350 1044 et
2385 989 2600 1052 faciem,
2641 997 2694 1042 et
2737 989 3024 1042 ecclesiam
3055 989 3280 1044 intrant.
3316 989 3446 1046 l’ost

1863 1080 2188 1144 orationem,
2210 1089 2263 1134 et
2295 1071 2645 1150 posteaquam
2677 1081 2931 1136 sacerdos
2959 1097 3083 1136 cum
3117 1082 3228 1136 suis
3255 1086 3446 1146 satira:

1863 1169 2050 1240 gancis
2096 1168 2202 1222 erit
2251 1169 2494 1234 vestitus,
2535 1169 2824 1238 imponitur
2853 1168 3107 1234 oilicium,
3147 1169 3286 1224 Deus
3323 1188 3442 1224 cum

1859 1261 2194 1332 egredereris.
2249 1261 2328 1314 Ad
2381 1261 2524 1330 quod
2581 1277 2702 1314 cum
2773 1260 3020 1330 legantur
3070 1262 3188 1316 dote
3239 1261 3432 1316 lectio-

1863 1366 1982 1416 nes,
2012 1352 2128 1404 dute
2159 1363 2374 1420 quoque
2398 1349 2638 1404 collecta:
2667 1349 2940 1416 dicuntur,
2971 1359 3026 1418 ct
3053 1365 3158 1404 non
3185 1351 3436 1420 amplius.

1861 1441 2042 1494 Prima
2093 1440 2256 1496 lectio
2311 1449 2396 1494 est
2443 1439 2510 1494 (le
2559 1439 2697 1494 libro
2740 1439 3058 1509 Sapientia);
3088 1440 3438 1512 Evangelium

1861 1533 1926 1588 de
1963 1531 2206 1602 quinque
2239 1531 2476 1586 millibus
2507 1531 2787 1586 hominum
2828 1532 2880 1585 in
2921 1532 3158 1602 quiaque
3206 1535 3438 1604 panibus

1861 1633 1915 1678 ct
1962 1623 2172 1678 duobus
2221 1622 2462 1692 piscibus
2522 1622 2800 1676 saturatis.
2862 1621 3104 1690 Catulus,
3168 1624 3440 1692 Alleluia,

1861 1729 2084 1770 mumne
2118 1723 2402 1778 cantatur,
2445 1713 2538 1768 scd
2590 1715 2958 1770 tantummodo
3015 1717 3438 1785 respousorium,

1791 1789 1832 1846 Β
1865 1806 1944 1860 vel
1975 1805 2118 1874 quod
2145 1805 2234 1858 alii
2267 1803 2596 1860 Gradualem
2627 1815 2840 1860 vocant.
2873 1804 2990 1858 Una
3021 1807 3140 1860 vice
3166 1807 3436 1874 reﬁciunt,

1854 1908 1976 1968 post
2023 1911 2244 1960 nouam,
2281 1907 2335 1950 et
2382 1897 2543 1966 adipe
2589 1898 2882 1952 abstinent.
2929 1898 2988 1952 ln
3023 1899 3210 1955 diebus
3249 1900 3438 1970 jejunii

1855 1988 2122 2044 secuturis
2143 1987 2277 2042 nihil
2298 1997 2383 2042 est
2409 1988 2567 2042 aliter
2591 1989 2878 2058 agendum,
2909 1999 3136 2060 excepto
3163 1993 3306 2062 quod
3337 2007 3438 2047 nec

1855 2084 2062 2152 eappis,
2097 2094 2194 2132 nec
2219 2077 2358 2132 albis
2389 2079 2713 2148 generaliter
2739 2079 3052 2147 induuntur,
3101 2093 3154 2136 et
3180 2084 3438 2150 collecttr,

1855 2187 1973 2243 qua:
1998 2169 2254 2224 dicuntur
2275 2168 2326 2220 in
2351 2167 2576 2237 privatis
2607 2168 2815 2234 diebus,
2840 2169 2906 2222 ad
2937 2171 3152 2226 missam
3177 2172 3436 2241 majorem

1855 2277 1958 2316 non
1989 2263 2332 2318 omittuntur.
2375 2263 2518 2318 idem
2549 2273 2728 2318 autem
2759 2263 3022 2332 jejunium
3063 2265 3108 2320 si
3147 2267 3438 2337 contigerit

1853 2363 2008 2406 extra
2031 2351 2418 2432 Pentecosten,
2465 2368 2571 2408 non
2615 2353 2714 2408 alia
2747 2364 2926 2408 tamen
2953 2353 3126 2408 oilicia
3173 2371 3335 2425 quam
3381 2366 3436 2411 et

1854 2443 1920 2498 ad
1951 2444 2303 2500 Pentecosten
2344 2445 2668 2526 pertinentia
2721 2461 2786 2500 ex
2818 2462 2969 2502 more
3009 2457 3325 2514 cantantur;
3358 2459 3432 2516 et,

1853 2538 1910 2591 in
1951 2537 2190 2591 Sabbato
2219 2547 2339 2607 post
2373 2535 2727 2604 oil'erendam,
2750 2538 2840 2606 qui
2867 2539 3270 2608 responsorium
3299 2555 3434 2596 cau-

1857 2629 2070 2694 laverit,
2103 2637 2156 2683 ct
2195 2630 2482 2684 lectionem
2516 2629 2708 2700 legerit
2749 2639 2946 2699 praeter
2985 2631 3279 2702 Epistolam
3311 2648 3432 2688 cum

1853 2720 1990 2775 albis
2013 2730 2156 2776 esset
2181 2721 2402 2776 indutus
2431 2721 2569 2776 solet
2591 2737 2650 2776 se
2689 2737 2908 2778 exuere.
2941 2705 3141 2778 Cantor
3170 2724 3260 2794 qui
3285 2733 3436 2784 tenet

1853 2813 2077 2866 chorum
2101 2813 2154 2866 in
2177 2812 2515 2882 cappa,.aliis
2537 2813 2602 2866 ad
2623 2813 2923 2868 orationem
2949 2815 3428 2884 procumbcntibus

1853 2919 1957 2960 non
1989 2903 2310 2974 procumbit,
2343 2915 2396 2959 et
2431 2905 2496 2959 ad
2531 2903 2676 2958 illam
2715 2905 3014 2960 orationem
3049 2922 3168 2976 quae
3205 2907 3264 2962 ﬁt
3310 2918 3436 2964 ante

1853 3011 2050 3050 nonam
2077 2996 2188 3051 exit
2215 2997 2281 3052 de
2316 2997 2503 3050 choro.

1887 3159 1890 3161 _
2383 3085 2612 3142 CAPUT
2665 3087 2896 3144 XXVHL

1863 3177 1963 3232 .De
1995 3177 2141 3246 {cratis
2169 3187 2470 3232 sanctorum
2515 3179 2834 3233 venientibus
2871 3189 2988 3248 post
3034 3179 3395 3238 Pentecosten.

1921 3267 2238 3338 Interrogat.
2287 3269 2368 3324 Ad
2411 3279 2706 3324 nocturnos
2750 3273 3080 3342 privatarum
3123 3275 3358 3326 noctium
3386 3275 3434 3334 si

1853 3359 1974 3414 talis
2011 3359 2186 3424 lectio,
2220 3367 2278 3413 ut
2304 3360 2556 3428 superius
2580 3361 2786 3426 dixisti,
2809 3362 3012 3432 jugiter
3041 3372 3124 3416 est
3153 3364 3429 3436 deputata,

1849 3447 2116 3518 quomodo
2155 3449 2313 3518 agitis
2353 3452 2922 3506 commemorationem
2951 3460 3288 3518 sanctorum,
3331 3469 3430 3522 pro

1849 3537 2043 3606 quibus
2078 3547 2256 3593 tamen
2289 3539 2571 3594 duodecim
2597 3540 2858 3596 lectiones
2886 3557 2990 3596 non
3021 3544 3191 3596 ﬁunt?
3423 3523 3428 3528 ³

1920 3627 2076 3698 Resp.
2107 3627 2246 3684 Bene
2295 3645 2523 3696 mones;
2577 3623 2704 3684 nam
2749 3631 2816 3684 de
2866 3632 3070 3688 sanctis
3123 3633 3432 3702 ltujusmodi

1848 3719 2032 3788 utique
2059 3719 2193 3774 ﬁunt
2227 3729 2338 3774 tres
2368 3719 2634 3777 lectiones
2662 3739 2782 3776 cum
2822 3725 3183 3794 responsoriis
3207 3742 3425 3796 quoque

1850 3812 2046 3880 tribus;
2089 3807 2143 3866 ei
2189 3811 2319 3882 ipsa:
2367 3814 2622 3870 lectiones
2669 3825 2936 3887 cxcerptze
2986 3825 3112 3873 sunt
3153 3817 3220 3876 de
3247 3819 3431 3889 aliquo

1847 3891 2096 3956 sermone
2131 3903 2214 3958 vel
2243 3903 2460 3958 homilia
2488 3919 2608 3972 qua:
2634 3905 2698 3958 ad
2728 3905 2830 3960 hoc
2861 3907 3097 3960 maxime
3123 3918 3432 3978 competere

1847 3994 2080 4058 videtur,
2133 4012 2441 4066 quanquam
2503 4014 2608 4052 non
2659 3999 2732 4052 ita
2787 3998 2942 4052 ﬁeret
2997 3999 3050 4052 in
3087 4000 3432 4070 paschalibus

1803 4087 2054 4148 'diebus.
2103 4088 2157 4142 in
2206 4089 2402 4160 quibus
2441 4089 2486 4143 si
2553 4090 2650 4144 tria
2705 4092 3046 4160 responsoria
3094 4093 3430 4146 canebantur
3485 4116 3487 4118 ·

1847 4179 1911 4233 de
1964 4181 2186 4241 sanctis,
2241 4191 2418 4235 tamen
2475 4177 2733 4235 lectiones
2785 4189 2943 4234 erant
2978 4183 3044 4234 dc
3071 4196 3136 4234 eo
3167 4182 3303 4248 libro
3331 4181 3426 4250 qui

1846 4279 1900 4322 et
1921 4284 1983 4322 ea
2015 4269 2272 4338 legendus
2301 4279 2418 4322 erat
2459 4269 2782 4337 septimana.
2817 4269 2884 4322 Et
2930 4279 2986 4321 ιιι
3017 4271 3297 4337 qua'stioni
3325 4279 3429 4322 tua:

1847 4360 2023 4414 adhuc
2065 4359 2265 4430 aliquid
2306 4361 2804 4430 supererogaverim
2837 4361 2904 4414 de
2953 4360 3156 4414 eisdem
3203 4363 3426 4427 sanctis,

179 4443 360 4500 quater
384 4435 622 4500 eveniat,
661 4435 728 4488 ad
757 4449 946 4488 omnes
973 4435 1118 4489 vices
1148 4435 1200 4488 in
1224 4432 1340 4503 ejus
1381 4436 1604 4489 sabbato
1631 4451 1743 4488 ma-

1855 4449 1912 4502 ad
1943 4459 2233 4505 nocturnos
2266 4461 2486 4520 propter
2517 4449 2636 4503 illos
2677 4467 2774 4506 nec
2803 4451 3034 4523 hymnus
3089 4465 3190 4506 nec
3233 4451 3426 4521 psalmi
3475 4493 3482 4504 .

174 4525 254 4592 jor
279 4531 440 4584 missa
472 4545 581 4583 non
619 4529 945 4598 przevenitur
973 4543 1094 4582 cum
1133 4528 1349 4591 letauia,
1385 4543 1483 4581 nec
1513 4528 1580 4581 ad
1618 4543 1738 4582 eam

180 4619 516 4675 collectarum
549 4621 786 4691 amplius
822 4637 983 4691 quam
1013 4625 1078 4677 de
1112 4621 1288 4676 otlieio
1312 4629 1395 4676 est
1422 4621 1737 4687 dicendum;

178 4713 542 4784 necfpiiertur,
587 4717 670 4772 vel
695 4733 800 4786 pax
826 4717 1104 4785 recipitur,
1141 4716 1242 4770 nisi
1274 4715 1340 4770 ab
1365 4730 1502 4780 uno;
1539 4730 1639 4769 nec
1686 4714 1740 4768 in

181 4805 459 4863 refectorio
496 4808 698 4862 dantur
723 4807 913 4862 hostia:
937 4805 1346 4872 inconsecratte,
1381 4807 1519 4860 sicut
1541 4806 1592 4858 in
1623 4805 1742 4860 aliis

180 4899 388 4964 privatis
436 4902 626 4958 diebus
663 4901 861 4956 solent.
906 4899 1018 4954 lloc
1047 4908 1226 4953 autem
1261 4899 1548 4968 jejunium,
1599 4897 1738 4968 quod

183 4990 227 5044 in
271 4979 450 5052 ntense
474 4995 635 5050 Junio
664 4993 866 5062 agitur,
897 5005 1172 5061 nunquam
1201 4991 1376 5060 agitur
1398 5001 1521 5045 ante
1547 4991 1742 5045 Pente-

182 5095 370 5152 costen,
402 5087 615 5142 tametsi
647 5084 800 5155 prius
832 5083 1048 5137 eveniat
1075 5080 1336 5134 terminus
1367 5080 1482 5150 ejus
1523 5079 1738 5148 regula-

183 5172 248 5204 ι-ἶο
276 5192 288 5204 ι
325 5185 372 5204 ιη
406 5177 448 5204 ..ζ
499 5174 708 5204 ...σι-..ιιιῖι
765 5173 815 5204 in
864 5171 970 5204 ἵης-ι
1011 5169 1309 5204 omnii-nona
1372 5167 1712 5204 Dnnlnnnclnc

1843 4540 2058 4596 feriales
2083 4549 2378 4594 mutantur.
2407 4541 2802 4608 lnvitatoriutn,
2827 4541 3346 4612 capitulumhversus
3371 4555 3427 4598 et

1843 4633 2080 4688 collecta:
2107 4635 2170 4688 de
2200 4633 2278 4688 eis
2305 4643 2430 4688 sunt
2461 4634 2708 4688 dicenda.
2755 4633 2836 4687 Ad
2883 4633 3070 4686 laudes
3115 4635 3426 4704 antiphona:

1841 4739 1940 4796 pro
1960 4723 2039 4782 eis
2063 4724 2248 4792 utique
2269 4717 2669 4790 mutanturfet
2694 4725 2892 4794 singuli
2923 4722 3113 4794 psalmi
3155 4724 3425 4777 habentur

1844 4815 1910 4870 de
1945 4816 2024 4870 eis
2047 4815 2112 4872 de
2139 4815 2335 4887 quibus
2357 4825 2514 4882 sunt,
2544 4825 2598 4870 et
2624 4815 2690 4868 ad
2724 4813 2959 4883 reliquas
2987 4813 3148 4864 horas
3171 4814 3426 4883 antipha-

1843 4923 1925 4960 me
1963 4921 2131 4974 usque
2161 4906 2226 4959 ad
2256 4905 2491 4961 cilicium
2516 4906 2728 4968 missw;
2775 4920 2895 4957 cum
2927 4901 3103 4956 cilicio
3133 4917 3320 4957 eorum
3347 4918 3429 4956 re-

1844 5000 2091 5054 cordatio
2118 5015 2184 5051 ex
2220 5007 2334 5053 toto
2359 4997 2631 5054 clauditur
2660 5005 2714 5049 et
2742 4995 2944 5050 linitur.
2977 4991 3114 5046 Nam
3149 5007 3333 5062 postea
3362 4995 3432 5048 ad

1845 5093 2010 5147 horas
2044 5107 2164 5161 qute
2185 5088 2424 5145 oiﬁcium
2457 5102 2786 5159 sequuntur,
2815 5104 2916 5144 nec
2947 5085 3280 5154 antiphonze,
3329 5103 3433 5156 nec

2517 5182 2574 5204 ,Ι-
2635 5182 2764 5204 !_-!-
2837 5182 2942 5204 0-1
2980 5181 3021 5204 ΑΖ
3067 5181 3280 5204 ιι..Α--,.--ξ

2837 5182 2942 5204 0-]
2980 5180 3021 5204 ΑΖ

1844 5180 1984 5204 -ΙΞ--,1
2041 5181 2326 5204 η.·²λ³.σιαοι-μ
2389 5193 2464 5204 --.
2517 5182 2574 5204 ,Ι-
2635 5182 2764 5204 :..-!-
2837 5182 2942 5204 0-1
2980 5180 3021 5204 ΑΖ
3067 5181 3304 5204 AnAn-“En
