4030 5354
538 227 646 284 675

1571 217 1896 276 UDALRICI
1937 217 2434 275 CLUNIACENSKS
2473 219 2776 276 MONACIII

3713 226 3824 281 0'6

537 348 753 402 caetero,
795 337 936 407 quod
961 337 1026 391 ad
1053 335 1388 390 Dominicam
1419 333 1658 406 pertinet
1681 342 1912 386 tenetur.
1941 333 2130 387 Scien-
2159 339 2206 397 Α
2237 333 2370 400 vidi,
2408 349 2514 388 non
2557 343 2674 390 erat
2714 337 2858 391 aliud
2889 351 3050 406 quam
3085 339 3240 396 fabas
3273 356 3440 398 novas
3481 359 3512 396 e
3573 345 3822 399 nondum

543 434 673 485 dum
717 444 932 500 quoque
961 429 1012 482 in
1037 427 1266 497 privatis
1295 427 1490 481 diebus
1519 439 1856 496 qmecunque
1887 425 1953 478 de
2004 439 2132 478 san-

541 523 646 577 ctis
669 521 894 576 collecta
925 521 1066 574 dicta
1100 519 1260 576 fuerit
1296 519 1363 572 ad
1403 533 1680 588 vesperas,
1706 517 1850 586 quod
1893 515 1979 569 illa
2029 531 2132 571 nec

543 615 610 669 ad
632 613 928 668 matutinas
963 611 1169 677 laudes,
1209 627 1317 667 nec
1363 611 1430 668 ad
1464 611 1701 676 tertiam,
1735 625 1836 664 nec
1864 610 1929 664 ad
1961 610 2130 679 majo-

543 721 657 760 rem
692 705 910 760 missam
946 711 1209 758 mutatur.
1483 703 1488 708 ’

1090 793 1320 850 CAPUT
1361 793 1554 850 XXIX.

589 887 666 944 De
686 885 911 958 jejuniis
935 903 1052 958 qua:
1081 887 1200 957 ﬁeri
1227 883 1392 942 solent
1421 895 1612 956 quarta
1656 893 1702 939 et
1738 891 1888 939 sexta
1920 882 2072 953 feria.

610 976 667 1032 Si
727 975 1069 1031 imbecillitas
1123 983 1310 1030 nostra
1355 982 1660 1045 pateretur,
1693 973 1914 1044 dignum
1955 977 2124 1036 esset,

539 1067 834 1122 secundum
861 1065 1096 1120 edictum
1129 1063 1476 1136 przeceptoris
1506 1062 1680 1117 nostri
1725 1061 1899 1118 sancti
1953 1058 2126 1114 Bene—

537 1159 690 1222 dicti,
737 1167 794 1212 nt
841 1166 960 1228 post
991 1165 1212 1212 octavas
1237 1155 1591 1212 'l’entecostes
1635 1155 1818 1209 statim
1865 1153 1920 1208 in
1971 1151 2124 1206 omni

537 1258 730 1318 quarta
761 1256 816 1302 et
845 1255 1000 1302 sexta
1027 1247 1159 1302 feria
1200 1245 1465 1316 jejunium
1511 1243 1851 1308 faceremus;
1886 1243 2030 1313 quod
2077 1240 2125 1295 si

539 1357 644 1394 non
677 1339 944 1408 amplius,
975 1345 1155 1392 tamen
1209 1347 1482 1405 utcunque
1529 1351 1635 1390 non
1684 1333 1991 1389 omittimus
2031 1329 2120 1384 ia-

536 1447 662 1486 cere
699 1431 752 1485 in
783 1445 892 1484 uno
926 1438 974 1484 et
1003 1429 1174 1500 pridie
1205 1425 1589 1500 praedictarum
1619 1425 1912 1489 feriarum;
1943 1424 1994 1478 in
2018 1437 2124 1493 quo

539 1533 661 1594 post
721 1523 934 1577 tertiam
990 1521 1254 1586 silemus,
1311 1528 1432 1592 post
1482 1529 1690 1574 sextam
1746 1518 2122 1574 dormitorium

539 1615 891 1670 ascendentes
917 1611 1237 1668 simulamus
1259 1610 1615 1666 meridianam
1639 1607 1818 1680 potius
1843 1621 2004 1678 quam
2035 1621 2126 1677 ge-

2238 425 2376 480 bene
2431 434 2674 482 maturas
2725 428 2793 484 de
2849 427 3102 486 folliculis
3149 434 3262 489 suis
3319 449 3570 504 egerere,
3625 436 3710 490 vel
3763 437 3824 490 in

2235 516 2398 572 horto
2427 517 2596 573 malas
2623 519 2819 575 herbas
2853 530 2906 575 et
2933 522 3178 590 inutiles,
3221 533 3420 595 ct-qure
3467 528 3640 582 bonas
3683 527 3824 583 her-

2231 607 2329 661 bas
2373 607 2730 675 suti'oeabant,
2790 625 3012 678 eruere;
3056 621 3109 668 et
3153 613 3440 685 aliquando
3497 633 3668 686 panes
3709 617 3828 672 for-

2230 713 2382 754 mare
2411 699 2464 754 in
2493 700 2745 769 pistrino.
2772 703 3022 770 Qualiter
3057 713 3237 761 autem
3271 707 3364 761 fiat
3405 718 3462 762 ut
3499 709 3602 765 hoc
3651 711 3824 763 etiam

2233 787 2496 859 digeram,
2532 793 2585 845 in
2613 791 2701 846 die
2730 807 2837 862 quo
2866 793 3134 864 agendum
3165 805 3277 861 est,
3324 797 3473 854 illico
3521 809 3578 852 nt
3619 799 3824 854 fratres

2229 879 2590 946 surrexerint,
2637 879 2796 936 factis
2832 883 3168 940 orationibus
3213 887 3424 958 signum
3455 888 3704 958 pulsatur
3745 888 3826 943 ad

2233 970 2487 1041 primam,
2519 987 2681 1042 quam
2705 972 2827 1030 aliis
2857 974 3080 1044 psalmis
3110 977 3458 1044 intermissis,
3494 979 3612 1034 sola
3639 981 3826 1050 sequi-

2229 1069 2319 1116 tur
2359 1061 2585 1128 letania,
2636 1063 2917 1132 missaque
2949 1066 3316 1131 matutinalis;
3349 1069 3649 1136 capitulum
3677 1085 3822 1139 quo-

2227 1165 2332 1221 que
2377 1151 2498 1221 plus
2531 1152 2826 1222 corripitur
2853 1167 3036 1223 quam,
3085 1153 3138 1209 in
3167 1156 3288 1211 aliis
3311 1157 3528 1222 diebus;
3562 1173 3666 1212 nec
3691 1174 3822 1212 cum

2226 1241 2548 1314 psalmodia,
2584 1251 2643 1297 ut
2689 1244 2858 1300 moris
2898 1253 3001 1311 est,
3037 1246 3148 1301 itur
3173 1247 3240 1303 ad
3267 1247 3522 1304 Sanctam
3568 1250 3824 1315 Mariam,

2227 1336 2320 1392 sed
2345 1351 2603 1406 percussa
2643 1338 2848 1403 tabula,
2879 1345 2933 1394 et
2977 1339 3257 1410 praemisso
3299 1341 3622 1409 Benedicite,
3667 1344 3830 1398 dom-

2227 1441 2330 1483 nus
2373 1427 2544 1484 abbas
2585 1429 2904 1498 pronuntiat
2944 1431 3188 1488 :Eamus
3238 1433 3305 1487 ad
3359 1447 3495 1505 Opus
3539 1451 3823 1490 manuum.

2223 1519 2524 1590 lmponitur
2571 1519 2866 1591 psalmodia
2916 1538 3036 1593 quae
3085 1533 3209 1595 post
3255 1527 3486 1597 primam
3517 1539 3604 1584 est
3653 1529 3826 1584 inter-

2225 1610 2419 1678 missa;
2451 1610 2710 1667 incedunt
2734 1627 2858 1668 cum
2887 1615 3256 1684 processiOne,
3302 1617 3374 1672 ita
3419 1627 3480 1672 ut
3531 1621 3686 1689 pueri
3715 1621 3828 1674 sint

541 1724 744 1772 ramus,
770 1707 895 1776 quia
931 1721 1050 1760 mox
1093 1704 1348 1776 pulsatur
1398 1703 1611 1775 signum
1657 1711 1715 1757 ut
1761 1702 1815 1757 in
1839 1701 2125 1757 ecclesiam
2159 1690 2202 1751 Β
2229 1703 2410 1773 primi,
2435 1703 2644 1774 priores
2671 1705 2973 1761 novissimi.
3013 1705 3146 1763 Cum
3173 1719 3394 1764 ventum
3441 1711 3606 1766 fuerit
3629 1713 3696 1767 ad
3745 1713 3830 1766 lo-

541 1801 846 1864 redeamns,
888 1797 1079 1852 facturi
1108 1797 1267 1852 nudis
1295 1797 1522 1868 pedibus
1549 1795 1956 1867 processionem
1977 1811 1990 1860 ;
2015 1791 2126 1849 cai-

537 1909 666 1946 ceos
697 1901 910 1945 nostros
940 1890 1260 1960 deponimus
1307 1889 1360 1944 in
1399 1887 1642 1944 claustro
1675 1902 1844 1958 prope
1888 1886 2121 1952 canales,

541 1993 598 2038 ιιι
642 1984 802 2054 pedes
849 1982 1076 2038 lavatnri
1128 1981 1241 2037 sint
1297 1981 1349 2036 in
1381 1987 1653 2053 promptu.
1691 1979 1984 2035 lncboatur
2027 1993 2126 2032 au-

540 2081 648 2128 tem
695 2073 810 2142 ipsa
860 2072 1136 2142 processio
1171 2069 1360 2126 eodem
1393 2069 1554 2126 modo
1581 2083 1691 2140 quo
1722 2069 1774 2123 in
1807 2067 2125 2138 negationi-

543 2165 815 2226 bn‘s,cnm
869 2159 1206 2216 orationibus
1265 2159 1596 2230 antipbonze,
1655 2157 1862 2228 psalmo
1912 2165 1968 2212 et
2011 2157 2124 2213 col-

535 2253 707 2318 lecta;
737 2253 918 2308 tnnnia
955 2253 1106 2320 signa
1137 2267 1242 2306 non
1267 2251 1570 2322 pulsantur,
1603 2249 1698 2306 sed
1739 2258 1948 2305 tantum
1983 2250 2122 2315 duo;

543 2357 600 2402 et
645 2348 745 2402 hoc
801 2346 1084 2400 inchoatur
1120 2355 1242 2400 ante
1295 2344 1577 2398 introitum
1637 2357 1953 2414 puerorum.
1981 2342 2127 2414 Ergo

549 2431 820 2494 cantando
871 2435 1072 2508 aliquid
1125 2451 1224 2506 pro
1279 2435 1552 2506 peccatis,
1599 2444 1658 2490 ut
1683 2441 1768 2490 est
1807 2435 2125 2505 antipbona,

544 2528 812 2598 Propitius
841 2536 971 2592 esto,
998 2536 1052 2581 et
1073 2527 1198 2592 alia,
1241 2525 1514 2592 Miserere,
1541 2525 1782 2590 Domine,
1814 2525 2129 2596 proceditur

541 2637 641 2692 per
694 2620 1064 2676 cmmetzrium
1097 2620 1162 2674 ad
1199 2617 1485 2674 ecclesiam
1519 2617 1578 2673 S.
1612 2607 1842 2684 Mariae;
1877 2620 1944 2673 ad
1973 2618 2127 2688 cujus

545 2713 828 2768 introitum
869 2721 925 2766 et
970 2719 1166 2766 cautus
1225 2719 1280 2764 et
1337 2709 1558 2764 collecta
1609 2717 1694 2765 est
1745 2709 1813 2764 de
1856 2711 1974 2780 ipsa
2025 2710 2129 2765 ι)οι

545 2804 690 2858 mina
743 2809 950 2856 nostra.
999 2799 1384 2855 Procumbitur
1439 2815 1603 2870 super
1658 2799 1862 2854 formas
1906 2799 1973 2854 ad
1999 2815 2126 2856 ora-

545 2893 783 2957 tionem;
837 2891 1069 2947 domnus
1120 2891 1288 2947 abbas
1318 2891 1545 2962 imponit
1573 2891 1838 2962 psalmum
1867 2905 2004 2945 chv
2032 2905 2130 2960 pro

547 2984 631 3036 liis
653 2981 742 3048 qni
779 2981 830 3033 in
865 2980 1172 3035 cmmeterio
1199 2987 1328 3036 sunt
1375 2979 1599 3050 sepulti,
1629 2987 1683 3034 et
1711 2981 1964 3035 sacerdos
2007 2995 2132 3050 pro-

545 3071 794 3140 sequitur
829 3085 953 3125 cum
991 3069 1240 3132 collecta,
1289 3069 1542 3135 Domine,
1589 3069 1742 3140 cujus
1771 3071 2125 3128 miseratione.

546 3161 803 3232 lucipitur
880 3162 1077 3217 letania
1137 3161 1350 3218 duobus
1421 3163 1938 3233 pronuntiantibus,
2002 3179 2126 3220 eum

545 3271 650 3325 qua
679 3269 776 3325 per
799 3255 1098 3310 claustrum
1125 3263 1180 3312 et
1205 3270 1303 3326 per
1329 3255 1654 3311 vestibulum
1689 3255 1934 3312 ecclesiae
1977 3258 2128 3312 veni-

545 3357 635 3403 tur
664 3350 714 3403 in
749 3349 998 3404 chorum.
1033 3347 1200 3416 Sane,
1252 3357 1314 3404 ut
1359 3349 1700 3418 praemissum
1739 3359 1844 3416 est,
1893 3351 2126 3420 primum

545 3441 685 3496 diem
709 3440 1052 3512 jejunamus;
1087 3450 1272 3512 postea
1297 3441 1351 3495 in
1383 3440 1502 3496 loco
1521 3437 1713 3512 jejunii
1744 3441 1964 3511 aliquod
1990 3455 2128 3512 opus

545 3547 804 3586 manuum
870 3533 1070 3602 szepius
1123 3532 1306 3602 agitur
1351 3546 1382 3585 a
1446 3531 1620 3588 nobis.
1687 3531 2128 3602 Quotiescunque

547 3633 729 3679 autem
757 3639 856 3695 per
899 3623 1133 3693 aliquam
1165 3625 1507 3682 occasionem
1542 3623 1854 3694 jejunamus
1886 3625 1938 3680 in
1968 3635 2128 3680 aesta-

547 3727 620 3781 te,
647 3733 752 3770 non
790 3725 1032 3771 mutatur
1079 3717 1212 3772 illud
1256 3717 1325 3772 de
1368 3716 1583 3772 silentio
1625 3723 1745 3787 post
1787 3717 2026 3783 tertiam,
2071 3725 2128 3772 et

548 3809 614 3863 de
642 3807 959 3862 ascensione
982 3807 1284 3862 dormitor-ii
1313 3823 1412 3877 per
1436 3816 1666 3862 sextam.
1695 3807 1760 3861 Et
1786 3807 1829 3862 si
1857 3816 1942 3862 est
1969 3823 2128 3878 quar-

549 3908 600 3952 ta
649 3908 742 3951 aut
793 3905 946 3952 sexta
993 3897 1152 3963 feria,
1202 3897 1452 3964 facimus,
1484 3897 1626 3966 sicut
1655 3897 1815 3955 modo
1850 3897 1983 3964 dixi,
2009 3899 2126 3955 dis-

548 3989 776 4044 calceati
811 3989 1241 4059 processionem,
1281 3997 1508 4060 excepta
1551 3989 1663 4046 sola
1691 3992 1875 4064 vigilia
1913 4005 2126 4052 sancto-

547 4097 666 4134 rum
693 4079 1057 4151 apostolorum
1089 4079 1232 4134 Petri
1280 4081 1336 4136 et
1380 4079 1556 4148 Pauli,
1605 4090 1660 4137 et
1717 4065 2164 4158 Assumptiouis'

545 4179 750 4224 sanctae
805 4169 1022 4236 Marini;
1063 4170 1107 4224 si
1155 4179 1334 4226 tamen
1365 4179 1420 4226 et
1451 4171 1582 4242 ipsa:
1617 4173 1908 4244 aliquando
1935 4192 2126 4234 evene-

548 4261 654 4314 rint
689 4261 740 4314 in
773 4259 862 4314 tali
903 4259 1007 4316 dic.
1029 4259 1186 4315 Solet
1209 4261 1373 4316 etiam
1413 4277 1719 4330 remanere,
1751 4265 1797 4319 si
1843 4281 2002 4337 quem
2035 4269 2126 4324 de-

2227 1807 2351 1848 cum
2395 1795 2675 1866 operandi,
2707 1796 2848 1853 versi
2903 1813 3091 1855 omnes
3131 1800 3196 1855 ad
3237 1799 3502 1857 orientem
3545 1817 3646 1872 per
3671 1803 3826 1858 ordi-

2229 1899 2351 1940 nem
2379 1885 2700 1943 consistunt.
2726 1889 2806 1942 Ad
2837 1889 2997 1945 [luem
3029 1893 3188 1947 unius
3213 1893 3404 1963 psalmi
3447 1893 3659 1949 faciunt
3693 1907 3826 1950 ante

2228 1983 2284 2029 et
2329 1983 2499 2041 retro,
2531 1985 2588 2031 et
2627 1977 2846 2034 domino
2895 1979 3092 2035 abbate
3137 1983 3526 2051 pronuntiante
3574 1993 3702 2038 tunc
3749 1987 3826 2040 di-

2227 2075 2358 2121 cunt
2407 2067 2551 2124 hunc
2595 2083 2834 2132 versum,
2870 2069 3012 2126 Deus
3065 2073 3120 2127 in
3165 2073 3512 2143 adiutorium,
3559 2084 3691 2140 etc.,
3725 2077 3824 2132 Se-

2227 2159 2436 2227 quitur,
2461 2157 2648 2229 Kyrie,
2675 2159 2888 2226 eteison,
2919 2160 3084 2216 Pater
3127 2173 3335 2227 noster;
3383 2163 3605 2230 Versus,
3653 2167 3824 2235 Adju-

2230 2248 2422 2302 torium
2467 2258 2736 2316 nostrum;
2765 2250 2905 2306 facta
2937 2267 3124 2307 rursus
3163 2252 3533 2320 inclinatione,
3557 2256 3824 2326 incipiunt

2227 2341 2466 2411 operari.
2500 2341 2627 2398 Hmc
2655 2353 2836 2398 autem
2863 2344 3164 2414 psalmodia
3209 2359 3330 2415 qua:
3379 2357 3640 2402 cantatur
3683 2349 3823 2402 inter

2227 2431 2592 2502 operandam;
2623 2433 2856 2502 primum
2889 2449 3012 2504 qua:
3034 2437 3300 2491 remansit
3333 2446 3454 2507 post
3483 2438 3737 2507 primam,
3769 2447 3824 2492 ct

2228 2533 2350 2594 post
2373 2523 2700 2594 capitulum;
2734 2535 2922 2596 postea
2961 2541 3150 2583 omnes
3177 2527 3452 2598 regulares
3477 2529 3630 2584 liora:
3671 2546 3823 2584 inore

2229 2613 2616 2670 canonicorum
2641 2631 2673 2670 a
2711 2617 2880 2686 prima
2908 2616 3246 2688 incipientes.
3285 2619 3436 2676 inter
3459 2619 3618 2688 cttjus
3657 2621 3820 2675 etiam

2229 2721 2420 2778 preces
2467 2709 2810 2780 subiungitur
2855 2711 3020 2766 etiam
3057 2711 3300 2782 psalmus
3345 2713 3594 2782 quintus,
3639 2723 3694 2768 et
3733 2730 3820 2768 sc-

2229 2807 2374 2869 ptem
2405 2801 2599 2870 psalmi
2630 2815 2728 2872 per
2753 2801 2892 2858 alias
2923 2802 3088 2858 horas
3135 2805 3321 2870 divisi;
3351 2815 3462 2860 tres
3509 2805 3604 2875 qui
3645 2821 3826 2860 rema-

2231 2899 2360 2946 nent
2387 2893 2482 2948 toti
2511 2893 2652 2950 inter
2680 2909 2871 2966 preces
2909 2896 3246 2967 completorii
3277 2897 3564 2961 dicuntur;
3597 2906 3654 2953 et
3673 2913 3824 2952 com-

2231 2983 2518 3052 pletorium
2543 2985 2720 3056 ipsum
2747 2988 3311 3060 praeceduntresperze
3325 3005 3421 3061 pro
3451 2989 3708 3048 ﬁdelibus
3733 2992 3822 3046 de-

2233 3073 2452 3144 functis,
2479 3079 2844 3134 aduectuntur
2877 3082 3070 3150 psalmi
3103 3083 3202 3154 qui
3247 3083 3422 3138 solent
3463 3083 3571 3140 dici
3601 3101 3705 3155 pro
3745 3085 3822 3138 fa-

2229 3165 2534 3224 miliaribus
2573 3179 2696 3239 post
2751 3171 2992 3239 tertiam,
3039 3181 3098 3228 et
3140 3183 3262 3244 post
3309 3175 3444 3230 duas
3483 3174 3652 3232 horas
3701 3193 3822 3246 qua:

2227 3266 2548 3324 sequuntur.
2581 3257 2639 3314 Si
2681 3259 2858 3316 visum
2907 3261 3074 3318 fuerit
3115 3263 3336 3320 domino
3387 3265 3574 3320 abbati
3619 3277 3680 3320 ut
3709 3283 3822 3320 am-

2229 3345 2370 3414 plius
2417 3357 2730 3419 operentur,
2785 3351 3076 3421 ampliatur
3128 3369 3344 3424 quoque
3391 3355 3698 3425 psalmodia
3753 3357 3820 3412 de

2227 3437 2460 3506 psalmo,
2503 3439 2586 3492 Ad
2619 3439 2898 3496 Dominum
2945 3460 3062 3498 cum
3107 3445 3406 3510 tributarer,
3449 3463 3624 3518 usque
3663 3448 3730 3502 ad
3765 3449 3820 3501 ti-

2230 3541 2356 3582 nem
2425 3527 2698 3596 Psalterii,
2741 3540 2796 3585 et
2836 3539 2962 3588 tunc
3011 3534 3178 3588 etiam
3225 3549 3256 3588 a
3307 3536 3592 3606 principio,
3635 3535 3818 3591 Gloria

2229 3612 2404 3684 Patri,
2425 3629 2562 3686 etc.,
2585 3629 2708 3689 post
2735 3629 2846 3677 tres
2869 3623 3104 3693 psalmos
3125 3627 3464 3696 interposito.
3493 3627 3696 3682 Verum
3719 3630 3820 3683 illis

2228 3713 2450 3784 psalmis
2479 3727 2580 3784 pro
2616 3713 2974 3771 familiaribus
3005 3716 3194 3783 finitis,
3227 3727 3412 3788 postea
3453 3719 3694 3776 douiatius
3728 3721 3822 3775 ab-

2227 3805 2328 3862 bas
2351 3819 2476 3860 eum
2519 3805 2753 3874 primum
2777 3807 3029 3874 voluerit,
3059 3809 3234 3864 innuit
3259 3808 3522 3866 fratribus
3551 3811 3624 3864 ab
3655 3827 3821 3882 opere

2227 3910 2468 3960 cessare,
2505 3904 2562 3952 et
2589 3895 2656 3952 ad
2685 3911 2746 3952 se
2786 3897 2958 3968 magis
2980 3899 3318 3970 appropiare,
3337 3899 3492 3967 jubet
3527 3911 3588 3954 ut
3613 3901 3818 3972 aliquid

2228 3985 2458 4058 legatur,
2483 3985 2644 4042 citius
2684 3997 2862 4044 tamen
2909 3987 3220 4052 finiendum,
3262 3990 3387 4059 quia
3431 3989 3544 4059 ipse
3571 3989 3818 4045 facturus
3869 4015 3874 4020 -

2229 4085 2314 4134 est
2339 4077 2462 4132 inde
2493 4091 2834 4142 sermonem;
2863 4077 3090 4149 loquens
3113 4077 3314 4150 aliquid
3343 4077 3465 4143 tale,
3493 4079 3732 4135 maxime
3751 4079 3818 4132 de

2229 4169 2341 4224 vita
2387 4167 2629 4234 Patrum,
2662 4168 2804 4240 quod
2853 4167 3086 4223 aedificet
3133 4169 3433 4224 audientes.
3475 4170 3592 4238 Quo
3641 4169 3813 4232 ﬁnito,

2231 4257 2426 4314 iterum
2477 4257 2724 4328 imposita
2771 4257 3068 4328 psalmodia
3113 4269 3496 4326 revertuntur;
3543 4277 3732 4330 quam,
3761 4273 3816 4314 et

546 4353 855 4408 functorum
909 4353 1223 4423 sepelimus,
1275 4353 1358 4410 vel
1408 4355 1454 4410 si
1507 4371 1614 4425 qua
1653 4372 1885 4427 persona
1919 4360 2040 4415 talis
2070 4369 2124 4417 οι
2155 4379 2202 4439 D
2227 4347 2381 4417 pueri
2412 4362 2534 4401 cum
2567 4347 2800 4417 primum
2831 4347 3052 4403 claustri
3084 4347 3244 4404 limen
3285 4351 3582 4424 attigerint,
3619 4351 3814 4406 altiore

550 4443 711 4513 hujus
749 4443 1027 4514 dignitatis
1059 4443 1359 4510 advenerit,
1403 4446 1487 4500 cui
1515 4449 1921 4518 processionem
1953 4451 2124 4504 facia-

548 4551 692 4600 mus,
725 4535 803 4590 vel
827 4537 870 4591 si
901 4535 1132 4604 majores
1163 4551 1354 4606 capsas
1395 4548 1610 4596 nostras
1639 4557 1762 4596 eum
1811 4553 2128 4598 sanctorum

550 4627 792 4696 reliquiis
838 4629 904 4682 ad
961 4627 1199 4700 aliquam
1247 4629 1428 4688 villam
1485 4643 1729 4688 nostram
1773 4637 2126 4702 destinamus,

551 4727 608 4772 ut
639 4734 782 4787 saepe
825 4720 1114 4790 contingit,
1167 4735 1266 4791 pro
1305 4721 1501 4776 timore
1549 4725 1852 4793 priedarum
1899 4736 1954 4781 et
1985 4727 2130 4796 rapi-

549 4824 764 4872 narum,
793 4823 915 4863 cum
959 4810 1157 4880 quibus
1211 4820 1262 4866 et
1309 4825 1502 4868 omnes
1553 4812 1741 4878 albati,
1799 4823 1856 4868 et
1901 4815 2129 4884 pulsatis

549 4903 800 4956 omnibus
877 4903 1044 4974 signis
1125 4921 1294 4976 usque
1368 4907 1436 4960 ad
1517 4907 1842 4961 exteriorem
1919 4919 2129 4978 portam

551 4993 792 5055 eximus,
841 5001 895 5046 et
925 4993 1170 5050 eamdem
1221 4995 1584 5050 reverentiam
1615 4997 1908 5052 deferimus
1939 4999 1992 5052 in
2047 5015 2126 5055 re-

551 5081 833 5136 portando.

2229 4453 2362 4494 voce
2389 4439 2585 4502 levant,
2621 4441 2892 4512 necprius
2925 4441 2977 4495 in
3021 4441 3260 4512 capitulo
3303 4445 3608 4499 consistunt
3649 4460 3812 4512 quam

2231 4543 2529 4589 conventus
2569 4541 2694 4588 autc
2742 4533 3059 4603 capitulum,
3092 4534 3314 4590 domino
3338 4535 3530 4590 abbate
3575 4549 3816 4604 promtu—

2233 4623 2402 4680 tiante
2433 4641 2674 4690 versum,
2703 4623 3065 4694 Adjntorium,
3099 4625 3306 4680 faciunt
3339 4627 3574 4681 universi
3605 4638 3736 4682 ante
3761 4635 3818 4679 et

2233 4727 2412 4780 retro;
2455 4724 2510 4770 et
2558 4717 2754 4770 iterum
2807 4717 3112 4784 prtemisso,
3169 4715 3488 4786 Benedicith,
3543 4721 3816 4789 accipiunt

2229 4807 2503 4862 licentiam
2533 4807 2807 4878 loquendi.
2845 4807 2988 4878 Ergo
3025 4823 3162 4863 nona
3193 4823 3408 4880 quoque
3435 4809 3608 4880 magis
3649 4825 3816 4880 quam

2233 4902 2284 4956 in
2322 4899 2442 4954 aliis
2478 4899 2666 4954 diebus
2691 4900 3046 4954 acceleralur.
3085 4901 3376 4972 Postquam
3405 4911 3622 4956 ventum
3651 4901 3816 4954 fuerit

2231 4995 2298 5048 ad
2347 4993 2536 5046 ituram
2587 4991 2860 5062 loquendi,
2905 5007 3092 5048 rursus
3138 4994 3205 5048 ad
3251 5009 3388 5064 opus
3433 5011 3688 5049 manuum
3737 5009 3814 5046 .re

2231 5083 2640 5138 compelluntur.
3407 5081 3410 5083 ‘
