4030 5354
501 259 607 315 679

1501 247 1822 308 UDALRICI
1851 246 2352 303 CLUNIACENSIS
2391 246 2692 304 MONACIII

3671 245 3778 301 680

507 373 956 443 reprehendatur,
1003 378 1196 424 caveat
1231 385 1300 424 ne
1347 367 1586 436 aliquam
1635 367 1782 421 dicat
1833 365 2090 435 ignotam,
2127 365 2170 425 Α
2275 362 2430 434 Resp.
2473 361 2585 418 Hoc
2611 371 2774 418 etiam
2822 379 2850 418 a
2897 361 3096 430 fratre,
3136 362 3288 431 cujus
3331 378 3493 433 supra
3529 363 3774 426 memini,

503 465 597 517 sed
630 479 749 532 qua:
795 461 931 515 bene
961 459 1178 514 simulet
1213 459 1414 530 stylum
1455 457 1858 528 Gregorianum
1879 496 1893 520 ,
1924 465 1978 510 et
2007 456 2089 508 sui

507 551 886 607 mediocritate
913 559 969 604 et
1003 550 1242 619 ipsorum
1275 549 1566 602 verborum
1601 546 1926 601 humilitate.

1057 637 1285 694 CAPUT
1329 637 1538 690 XXXII.

769 729 848 785 De
893 729 1183 782 Nutiritatc
1219 727 1281 782 S.
1315 728 1540 784 Joannis
1571 726 1840 794 Baptisttv.

576 824 725 877 Inter
757 834 905 876 natos
937 821 1212 875 mulierum
1241 861 1255 882 ,
1293 819 1445 886 juxta
1494 820 1660 889 ipsius
1703 819 1911 872 Domini
1945 819 2093 872 testi—

505 917 767 980 monium,
797 932 916 968 cum
955 931 1103 966 nemo
1133 913 1418 966 surrexerit
1459 912 1632 981 major
1663 911 1871 964 Joanne
1911 911 2094 980 Bapti-

502 1017 608 1070 sta,
635 1019 738 1058 non
764 1011 845 1057 est
872 1003 1148 1072 indignum
1181 1003 1224 1056 si
1254 1001 1370 1069 ejus
1405 1015 1620 1070 quoque
1663 999 1976 1054 solemnilas
1999 1016 2089 1054 so-

501 1097 734 1150 lemuius
768 1111 932 1166 quam
964 1095 1196 1148 aliorum
1229 1103 1544 1149 sanctorum
1574 1093 1900 1148 celebretur.
1933 1092 2091 1148 Cele-

501 1191 692 1244 bratnr
741 1199 920 1242 autem
949 1185 1065 1255 ejus
1111 1185 1380 1240 Nulivitas
1411 1200 1532 1239 cum
1577 1184 1806 1248 octavis,
1843 1197 1938 1237 nec
1969 1192 2094 1238 sunt

499 1282 680 1352 plures
723 1289 1037 1335 sanctorum
1069 1293 1165 1348 pro
1195 1278 1390 1346 quibus
1433 1278 1534 1332 hoc
1575 1276 1696 1340 ﬁat,
1733 1285 1936 1329 tantum
1973 1275 2092 1328 aliae

498 1383 738 1444 quatuor
783 1371 1108 1428 festivitates
1145 1369 1394 1424 similiter
1423 1377 1676 1438 aguntur,
1711 1367 1762 1421 id
1789 1376 1893 1428 est,
1923 1365 2088 1420 Nata-

498 1467 570 1522 lis
596 1475 907 1522 sanctorum
937 1461 1300 1534 apostolorum
1341 1461 1490 1515 Petri
1519 1469 1574 1515 et
1607 1459 1758 1514 Pauli
1785 1499 1799 1524 ,
1833 1458 2090 1512 Transla-

499 1559 579 1611 tio
607 1556 664 1610 S.
699 1554 1002 1618 Benedicti,
1027 1552 1344 1621 Assumptio
1371 1559 1572 1607 sanctae
1601 1549 1802 1615 Μανία»,
1829 1557 1884 1604 et
1917 1549 2091 1618 Depo-
2147 1565 2152 1570 ·

499 1649 632 1704 sitio
665 1648 723 1704 S.
774 1645 1026 1710 Martini;
1079 1645 1146 1700 de
1190 1645 1418 1714 quibus,
1451 1652 1514 1696 ut
1543 1643 1716 1712 primo
1745 1641 1921 1696 dicam
1947 1639 2099 1709 quod

495 1753 691 1792 omnes
725 1736 1086 1792 communiter
1115 1735 1338 1799 habent,
1367 1734 1540 1803 prima
1570 1741 1732 1788 nocte
1757 1739 1878 1800 post
1905 1729 2090 1784 laudes

499 1841 560 1886 ct
589 1830 961 1901 prateedcntes
991 1841 1246 1896 vesperas
1281 1825 1459 1896 agitur
1489 1824 1764 1893 processio
1796 1821 1864 1876 ad
1896 1821 2088 1874 altaria

493 1919 860 1990 singulorum,
913 1927 1144 1987 excepto
1201 1915 1378 1969 Natali
1427 1913 1794 1984 apostolorum
1841 1911 1988 1966 Petri
2037 1919 2091 1965 et

499 2009 676 2073 Pauli,
707 2009 757 2064 in
786 2025 1016 2079 quorum
1041 2010 1245 2064 honore
1263 2014 1348 2060 est
1375 2007 1546 2076 ipsum
1571 2004 1744 2058 altare
1771 2000 2086 2074 principale.

497 2103 694 2175 Agitur
723 2111 903 2158 autem
935 2117 1056 2157 cum
1093 2101 1276 2170 aliquo
1311 2099 1676 2170 responsorio,
1703 2097 1926 2152 collecta
1959 2111 2092 2165 quo-

499 2207 606 2263 que
635 2193 812 2262 aliqua
850 2201 1111 2260 sequente
1141 2205 1265 2246 cum
1306 2190 1468 2246 tonali
1499 2188 1956 2259 pronuntiatione.
1987 2187 2092 2240 Per

499 2292 670 2341 totam
723 2281 1058 2353 singularum
1109 2279 1464 2334 festivitatum
1523 2281 1882 2348 septimanam
1931 2278 2088 2332 venia

499 2389 609 2429 non
635 2373 839 2443 petitur
868 2372 933 2425 ad
966 2371 1116 2426 initia
1158 2371 1438 2436 horarum,
1473 2386 1571 2424 nec
1601 2369 1975 2438 procumbitur
2003 2383 2093 2421 su-

496 2481 598 2536 per
649 2463 855 2518 formas
901 2462 967 2516 ad
1011 2477 1220 2533 preces.
1271 2462 1402 2515 Item
1445 2459 1508 2513 ad
1556 2461 1796 2530 Singulas
1837 2461 1998 2514 horas
2025 2460 2091 2514 de

498 2557 800 2629 psalmodia
847 2572 952 2610 non
1004 2556 1181 2609 minus
1225 2555 1498 2608 omittitur
1541 2569 1702 2621 quant
1773 2553 1826 2605 in
1889 2551 2090 2621 pusculi

499 2661 744 2720 tempore
795 2650 1010 2718 quoties
1069 2647 1352 2701 duodecim
1407 2646 1664 2700 lectiones
1715 2661 1818 2698 non
1869 2645 2087 2698 lit-baut.

495 2740 736 2795 Octavus
766 2740 880 2793 dies
911 2747 1053 2792 totus
1079 2747 1164 2792 est
1191 2735 1451 2791 solemnis
1473 2775 1486 2799 ,
1523 2735 1806 2789 duodecim
1845 2735 2093 2789 lectioni-

499 2830 602 2884 bus
652 2828 914 2900 agendus.
957 2827 1014 2881 In
1045 2843 1109 2881 ea
1137 2841 1354 2896 quoque
1381 2825 1680 2888 Dominica,
1713 2826 1756 2878 si
1789 2839 1893 2894 qua
1927 2839 2092 2878 vene-

497 2923 594 2987 rit,
629 2936 735 2976 non
774 2921 919 2975 aliud
971 2920 1169 2990 legitur
1213 2917 1296 2972 vel
1351 2927 1604 2972 cantatur
1639 2933 1798 2986 quam
1841 2919 1907 2970 de
1937 2917 2088 2986 ipsis.

497 3015 556 3069 In
585 3015 813 3084 privatis
863 3015 1134 3078 noctibus,
1181 3011 1395 3068 etiamsi
1445 3011 1518 3066 sit
1565 3021 1776 3079 tempus
1817 3011 2086 3077 :estivum,

499 3119 684 3164 tamen
736 3119 848 3165 tres
883 3108 1142 3164 lectiones
1167 3123 1293 3163 cum
1333 3107 1506 3162 tribus
1532 3106 1890 3176 responset-iis
1921 3105 2085 3168 fiunt;

499 3203 820 3274 principalis
866 3217 1084 3272 quoque
1133 3200 1380 3266 collecta,
1422 3215 1542 3270 qua:
1583 3200 1635 3253 in
1673 3198 1854 3269 primo
1889 3197 1976 3250 die
2025 3195 2091 3250 ad

499 3293 767 3364 majorem
811 3294 1032 3349 missam
1081 3293 1386 3357 dicebatur,
1424 3307 1612 3362 postea
1643 3303 1815 3358 usque
1845 3288 1912 3342 ad
1943 3296 2090 3341 octa-

499 3400 628 3439 vum
659 3385 803 3440 diem
849 3397 1065 3454 semper
1105 3390 1189 3438 est
1231 3381 1459 3437 dicenda
1495 3380 1562 3436 ad
1607 3380 1811 3444 laudes,
1855 3379 2088 3442 tertiam,

497 3477 760 3548 majesem
805 3477 1026 3531 missam
1067 3483 1122 3530 et
1151 3489 1427 3544 vesperas.
1473 3473 1729 3528 Praefatio
1759 3480 1940 3526 autem
1969 3480 2090 3524 tau-

499 3584 616 3628 tum
663 3573 716 3626 in
767 3572 942 3638 primo
967 3571 1052 3626 die
1077 3571 1146 3625 ad
1175 3569 1753 3639 utr-.unqne;missam,
1803 3569 1854 3622 in
1901 3577 2092 3623 octavo

506 3667 596 3720 die
625 3665 691 3718 ad
723 3663 892 3718 solam
927 3662 1210 3730 majorem.
1241 3661 1352 3716 Hoc
1382 3662 1554 3716 solum
1588 3662 1764 3714 minus
1791 3661 2012 3722 habent,
2039 3670 2094 3714 et

501 3757 572 3811 ab
595 3756 714 3810 aliis
737 3755 1022 3818 dissimile,
1046 3753 1314 3807 Nativitas
1343 3753 1516 3806 sancti
1535 3752 1785 3816 Joannis,
1815 3761 1870 3807 et
1896 3751 2094 3807 Trans-

501 3849 632 3904 latio
659 3847 833 3904 sancti
865 3845 1182 3910 Benedicti,
1217 3845 1359 3914 quod
1399 3845 1450 3897 in
1495 3855 1686 3898 octava
1719 3853 1874 3898 nocte
1915 3845 2094 3899 novis-

503 3943 641 3996 sima
658 3949 1046 3995 nocturnorum
1073 3938 1412 4007 responsoria
1441 3945 1565 3992 sunt
1587 3937 1752 3991 dehis
1774 3936 2088 4002 minoribus,

502 4042 564 4086 ut
590 4041 692 4098 est,
727 4032 913 4086 Justus
945 4040 997 4084 ut
1033 4029 1232 4100 palma.
1263 4029 1414 4096 Quod
1449 4039 1625 4084 tamen
1671 4028 1922 4083 onmibus
1947 4028 2094 4096 ejus-

503 4127 625 4181 dem
676 4123 1080 4188 festivitatibus,
1101 4136 1221 4192 qute
1249 4121 1304 4176 in
1336 4129 1525 4176 testate
1563 4121 1806 4185 veniunt,
1835 4130 1922 4175 est
1951 4137 2093 4176 com-

505 4232 700 4282 mune,
733 4216 1013 4272 Dominica
1059 4215 1456 4270 interveniente
1487 4225 1547 4268 ut
1581 4214 1777 4268 sitnilia
1805 4229 2084 4284 responsr

502 4313 584 4367 ria
611 4320 919 4366 caatentur.
967 4311 1132 4382 Igitur
1181 4312 1458 4366 succincte
1499 4312 1780 4381 prmlibato
1817 4313 1983 4380 quod,
2035 4321 2094 4365 ut

2195 471 2438 525 quaerere
2467 473 2571 510 non
2612 457 2792 522 omisi,
2825 466 2878 512 et
2907 458 3050 511 aliud
3093 458 3277 512 nescio
3306 456 3388 512 vel
3425 457 3493 511 de
3521 455 3654 526 ipsis
3683 471 3778 508 oc-

2197 547 2356 610 tavis,
2385 547 2466 626 vpl
2493 549 2560 602 de
2581 548 2722 612 aliis,
2751 548 2854 602 nisi
2886 549 3028 616 quod
3056 548 3147 603 ille
3177 562 3364 603 rursus
3387 547 3518 601 mihi
3542 547 3776 612 dixerit;

2195 653 2294 709 pro
2333 639 2487 708 cujus
2529 640 2858 706 testimonio,
2891 639 3204 697 solemnitas
3247 640 3352 696 diei
3385 641 3582 711 agitur,
3613 639 3660 696 si
3691 655 3780 696 ve-

2195 731 2354 792 nerit,
2399 729 2549 785 verbi
2590 731 2766 800 gratia
2798 731 2849 784 in
2893 731 3030 786 feria
3059 741 3236 798 sexta,
3279 731 3332 786 in
3364 731 3604 786 Sabbato
3631 733 3776 800 quod

2195 821 2442 890 sequitur
2491 822 2542 874 in
2592 822 2766 892 primo
2813 833 3076 877 nocturno
3133 838 3296 892 super
3339 822 3578 892 psalmos
3629 823 3778 876 auti-

2195 915 2394 983 phona,
2441 914 2756 986 Priusquam
2785 927 2834 970 te
2861 915 3162 984 formarem.
3197 917 3252 970 In
3281 916 3318 970 2
3346 916 3670 986 antiphona,
3695 915 3776 968 Ad

2195 1006 2390 1059 omnia.
2421 1005 2500 1060 Ad
2529 1007 2827 1062 matutinas
2867 1008 3060 1062 iterum
3097 1023 3261 1078 super
3295 1008 3550 1078 psalmos.
3593 1007 3780 1060 Elim-

2193 1095 2311 1148 beth
2357 1093 2653 1150 Zacharite.
2707 1097 2881 1167 Super
2921 1107 3068 1152 eaut.
3116 1099 3432 1169 Evangelii,
3475 1097 3780 1152 lnnuebant

2193 1185 2332 1252 patri
2363 1185 2511 1255 ejus;
2543 1185 2610 1239 ad
2635 1187 2888 1255 primam,
2922 1185 3004 1239 Ne
3031 1188 3250 1252 timeas;
3277 1188 3342 1240 ad
3367 1188 3604 1251 tertiam,
3631 1187 3778 1240 Misit

2199 1275 2492 1342 Dominus;
2533 1277 2600 1330 ad
2625 1287 2858 1342 sextum,
2891 1275 3027 1332 Ecce
3054 1277 3210 1342 dedi;
3247 1277 3314 1332 ad
3343 1293 3560 1340 nouam,
3591 1275 3778 1330 Domi-

2195 1385 2294 1420 nus
2335 1369 2398 1422 ab
2431 1380 2616 1434 utero;
2652 1371 2718 1422 ad
2763 1385 3038 1440 vesper-as,
3071 1369 3307 1426 Joannes
3349 1380 3423 1424 est
3457 1385 3676 1432 nomen;
3709 1368 3779 1422 ad

2195 1458 2534 1529 Magnificat,
2567 1457 2676 1512 Pro
2701 1477 2759 1514 eo
2787 1460 2926 1531 quod
2957 1477 3062 1514 non
3099 1461 3384 1514 credidisti.
3415 1460 3494 1513 Ad
3531 1459 3779 1514 Domini-

2195 1565 2314 1604 cam
2345 1551 2399 1604 in
2433 1551 2457 1604 1
2485 1559 2774 1616 nocturno,
2809 1548 2994 1604 Posuit
3027 1567 3084 1606 os
3111 1567 3314 1616 meum;
3341 1552 3394 1604 in
3421 1550 3478 1614 2,
3512 1549 3784 1604 Formano

2195 1657 2310 1706 me;
2363 1642 2431 1698 ad
2475 1651 2622 1697 cant.
2661 1652 2713 1696 et
2758 1642 2827 1696 ad
2883 1642 3178 1698 matutinas
3218 1645 3283 1699 de
3325 1643 3426 1698 SS.
3463 1641 3680 1698 Joanne
3721 1649 3783 1698 et

2125 1710 2166 1767 Β
2194 1731 2391 1798 Paulo;
2447 1741 2568 1802 post
2617 1733 2889 1787 canticum
2929 1733 3241 1805 Evangelii,
3283 1735 3532 1804 Apertum
3575 1744 3654 1788 est
3683 1747 3780 1797 os;

2194 1825 2262 1878 ad
2309 1825 2571 1894 primam,
2617 1823 2922 1889 Etizabeth;
2960 1817 3029 1878 ad
3066 1825 3306 1889 tertiam,
3345 1823 3680 1886 Innuebant;
3711 1821 3784 1877 ad

2193 1927 2424 1984 sextam,
2457 1919 2607 1972 Inter
2635 1930 2818 1982 natos;
2847 1919 2912 1972 ad
2941 1933 3164 1982 nonam,
3198 1917 3275 1970 Tu
3303 1933 3468 1987 puer:
3493 1915 3560 1969 ad
3589 1930 3786 1986 vespa-

2195 2025 2313 2077 ras,
2349 2011 2434 2066 Ex
2469 2020 2616 2066 utero
2655 2013 2970 2076 senectutis;
2998 2011 3066 2066 ad
3105 2010 3414 2081 Magnificat
3443 2025 3459 2063 :
3493 2009 3560 2064 Et
3589 2025 3784 2078 posue-

2195 2112 2317 2156 runt
2347 2119 2548 2158 omnes.
2592 2101 2750 2157 Feria
2780 2103 3016 2158 secunda
3043 2103 3097 2156 in
3127 2104 3152 2156 1
3189 2110 3472 2165 nocturno,
3509 2097 3700 2154 Posuit
3721 2114 3783 2154 as

2193 2207 2396 2258 meum;
2427 2192 2481 2246 in
2505 2192 2570 2259 9.;
2611 2191 2875 2247 Formam
2905 2208 3014 2258 me,
3045 2193 3114 2246 ad
3147 2193 3442 2246 matutinas
3475 2190 3544 2244 de
3575 2189 3636 2244 S.
3671 2188 3780 2243 Ire-

2193 2297 2311 2338 nato
2342 2291 2397 2338 et
2425 2283 2591 2338 sociis
2633 2283 2788 2353 ejus;
2835 2283 2902 2338 de
2943 2281 3001 2338 S.
3041 2281 3252 2338 Joanne
3292 2281 3504 2352 antiph.
3539 2281 3780 2336 Joannes

2193 2375 2496 2439 vocabitur;
2527 2374 2594 2428 ad
2631 2384 2864 2440 sextam,
2907 2374 3071 2444 Reges
3103 2374 3376 2450 ridebam;
3407 2373 3474 2428 ad
3501 2388 3632 2426 non.
3661 2370 3778 2426 Na-

2193 2483 2398 2521 zuru'us
2445 2467 2742 2531 vocabitur;
2795 2467 2860 2522 ad
2901 2481 3174 2536 vesperas,
3207 2465 3330 2535 Ipse
3356 2465 3560 2536 prteibit
3581 2482 3603 2530 ;
3636 2467 3762 2519 item

2199 2555 2338 2610 Puer
2363 2557 2454 2626 qui
2483 2568 2634 2612 natus
2657 2568 2754 2610 est.
2781 2557 2936 2612 Feria
2959 2560 3012 2622 3,
3037 2559 3090 2612 in
3117 2559 3142 2612 1
3173 2566 3458 2620 nocturno,
3491 2556 3608 2610 Erit
3639 2557 3776 2611 enim

2192 2663 2452 2718 magnus;
2501 2648 2554 2702 in
2598 2649 2654 2710 2,
2695 2648 2842 2704 Inter
2869 2660 3050 2716 natos,
3083 2651 3360 2704 matutinae
3387 2651 3452 2706 de
3481 2649 3540 2703 S.
3573 2649 3776 2716 Leone,

2192 2740 2260 2796 de
2316 2740 2373 2796 8.
2424 2739 2673 2806 Joanne,
2737 2739 2813 2794 Tu
2873 2757 3046 2810 puer;
3109 2742 3442 2798 matutinalis
3487 2741 3652 2795 missa
3709 2741 3776 2794 de

2195 2832 2254 2886 8.
2285 2831 2466 2888 Leone
2491 2848 2506 2896 ;
2541 2832 2662 2887 ideo
2691 2831 2756 2886 ad
2789 2832 2958 2886 solam
3001 2832 3231 2903 primam
3263 2833 3556 2900 antiphuna
3585 2832 3654 2886 de
3681 2845 3777 2886 eo-

2193 2923 2344 2987 dem,
2381 2923 2450 2978 ad
2479 2924 2692 2978 tertiam
2713 2965 2728 2990 ,
2753 2923 2990 2978 Joannes
3019 2933 3094 2978 est
3119 2939 3350 2989 nomen;
3379 2925 3448 2980 ad
3479 2935 3622 2981 sext.
3653 2923 3776 2994 Ipse

2191 3013 2429 3080 prazibit;
2479 3014 2546 3067 ad
2599 3027 2726 3066 non.
2765 3009 2850 3065 Ea:
2901 3023 3083 3078 utero;
3133 3013 3201 3068 ad
3250 3029 3504 3084 vesperas
3553 3030 3660 3068 non
3709 3015 3778 3068 de

2193 3103 2253 3158 S.
2283 3101 2519 3168 Joanne,
2561 3105 2656 3158 sed
2687 3105 2754 3158 de
2799 3103 2856 3157 S.
2889 3103 3085 3171 Petro;
3120 3114 3174 3160 et
3205 3105 3226 3159 1
3273 3106 3590 3174 autiphona,
3625 3107 3774 3162 Beati

2191 3195 2374 3260 eritis;
2407 3204 2630 3264 propter
2657 3209 2795 3264 quos
2823 3195 2987 3250 etiam
3015 3205 3295 3250 mutantur
3323 3207 3550 3264 octavae,
3585 3207 3646 3254 ut
3669 3213 3774 3256 non

2191 3285 2426 3356 amplius
2455 3287 2708 3340 dicantur
2747 3287 2818 3342 de
2851 3284 2908 3340 S.
2940 3284 3172 3352 Joanne,
3203 3287 3306 3342 nisi
3337 3297 3460 3357 post
3481 3290 3779 3342 ntatutiuas

2193 3384 2247 3432 et
2273 3391 2524 3447 veSperas
2553 3376 2850 3446 regulares,
2881 3391 2990 3432 una
3018 3378 3311 3446 antipltona
3335 3387 3390 3434 et
3413 3379 3638 3434 collecta
3666 3397 3682 3445 ;
3713 3381 3779 3434 de

2193 3487 2300 3542 quo
2351 3481 2526 3526 tamen
2577 3480 2801 3526 octavus
2853 3471 2972 3526 dies
3021 3470 3253 3540 pleniter
3303 3470 3619 3526 celebratur
3669 3481 3780 3524 tam

2195 3578 2318 3618 cum
2342 3563 2626 3618 duodecim
2652 3562 2722 3616 ad
2747 3570 3040 3617 nocturnos
3066 3561 3396 3630 antipbonis,
3423 3576 3590 3631 quam
3611 3561 3778 3619 etiam

2197 3655 2266 3708 12
2295 3655 2624 3712 lectionibus
2651 3664 2707 3710 et
2741 3655 3129 3724 responsoriis.

2737 3789 2962 3845 CAPUT
3001 3789 3238 3845 XXXIII.

2411 3883 2487 3936 De
2520 3883 2709 3938 Natali
2738 3883 3092 3954 apostolorum
3128 3883 3272 3938 Petri
3297 3893 3348 3938 et
3377 3883 3561 3938 Pauli.

2269 4017 2462 4087 Vigilia
2485 4017 2689 4073 Natalis
2719 4017 2819 4074 SS.
2848 4019 3236 4089 apostolorum,
3263 4030 3318 4076 et
3339 4021 3516 4092 vigilia
3545 4022 3776 4078 Assum-

2195 4110 2394 4178 ptionis
2425 4119 2626 4164 Sancta:
2663 4109 2843 4164 Maria:
2895 4111 3094 4166 habent
3136 4112 3340 4182 aliquid
3369 4113 3680 4182 singulare,
3722 4123 3776 4166 et

2194 4200 2338 4268 quod
2381 4200 2436 4254 in
2483 4200 2644 4254 nullis
2695 4201 2816 4256 aliis
2868 4211 3180 4256 sanctorum
3227 4203 3422 4272 vigiliis
3467 4201 3608 4258 solet
3654 4204 3772 4271 agi;

2197 4307 2318 4344 nam
2365 4293 2432 4346 ad
2469 4293 2728 4364 majorem
2777 4293 2998 4350 missam
3045 4295 3329 4364 pulsantur
3371 4297 3553 4350 omnia
3599 4297 3774 4367 signa.

503 4405 638 4469 dixi,
671 4412 1035 4459 conuuumter
1079 4404 1301 4470 habent,
1331 4405 1620 4458 videndum
1651 4413 1733 4458 est
1761 4404 1918 4458 modo
1945 4403 2086 4473 quod

2193 4390 2270 4447 et,
2309 4391 2505 4452 praeter
2533 4384 2678 4453 quod
2719 4398 2824 4438 non
2857 4384 3134 4452 angelicas
3161 4383 3403 4456 llymnus
3433 4401 3534 4440 nec
3561 4385 3774 4440 alleluia

499 4498 722 4567 preprie
746 4497 988 4567 pertinet
1017 4497 1084 4551 ad
1115 4496 1431 4550 memoriam
1462 4495 1520 4550 S.
1549 4495 1796 4552 Joannis.
1827 4496 1882 4550 ln
1909 4497 2092 4566 vigilia

505 4589 574 4643 ad
603 4603 884 4658 vesperas,
913 4587 1160 4653 collecta,
1195 4585 1430 4653 Prwsta,
1479 4593 1808 4657 qutesumus,
1857 4590 2094 4658 omnipo-

501 4687 612 4732 tens
637 4675 800 4741 Deus,
834 4687 892 4731 ut
925 4677 1130 4746 fantilia
1178 4687 1290 4730 tua.
1331 4676 1390 4730 In
1431 4687 1586 4731 nocte
1615 4680 1681 4732 ad
1721 4677 2090 4749 Evangelinm,

503 4767 762 4834 Concede,
804 4785 1142 4839 quatsumus,
1191 4769 1512 4838 omnipotens
1553 4768 1708 4823 Deus.
1742 4769 1873 4837 Qua:
1913 4779 1968 4824 et
1997 4785 2092 4838 per

503 4869 726 4915 octavas
771 4860 1166 4930 frequentatur.
1207 4861 1286 4915 Ad
1331 4861 1643 4926 matutinas,
1677 4863 1814 4916 Deus
1840 4863 1932 4932 qui
1959 4877 2094 4931 pra:-

503 4963 696 5008 sentem
743 4955 910 5019 diem;
957 4969 1076 5022 qua:
1130 4954 1196 5008 ad
1241 4954 1453 5007 tertiam
1481 4995 1494 5018 ,
1533 4955 1599 5008 ad
1637 4955 1880 5020 missam,
1929 4962 1986 5007 et
2025 4954 2093 5008 ad

955 5061 1016 5066 --..
1072 5046 1250 5066 ξιξ---η
1301 5061 1358 5066 -..
1389 5054 1492 5066 ι-.-
1533 5047 1562 5066 Ιδ
1609 5048 1714 5066 ’.πω
1768 5045 1790 5066 ι

545 5059 754 5066 αμα--..ηε
789 5055 1016 5066 :1--..-l--..
1074 5055 1250 5066 '.I_7_---
1301 5061 1358 5066 -.-
1389 5055 1492 5066 ι-ι-
1533 5055 1562 5066 l'
1610 5055 1714 5066 '-.,._
1772 5055 1962 5066 Il-__-...-
1999 5059 2061 5066 ω.-

2196 4483 2468 4539 cantetur,
2513 4473 2616 4526 alia
2657 4473 2976 4528 solemuiter
3014 4474 3196 4528 omnia
3239 4475 3396 4528 ﬁunt.
3435 4473 3674 4540 Chorus,
3717 4483 3776 4530 ut

2193 4568 2365 4632 aiunt,
2422 4568 2489 4621 ab
2529 4582 2636 4621 uno
2683 4576 2893 4622 tenetur
2937 4568 2988 4622 in
3039 4583 3238 4638 cappa,
3291 4570 3698 4638 responsorium
3743 4585 3772 4624 a

2194 4659 2404 4714 duobus
2453 4667 2706 4712 cantatur
2755 4659 2808 4713 in
2853 4660 3074 4728 cappis,
3127 4659 3490 4714 subdiaconus
3545 4660 3772 4714 vestitur

2197 4749 2398 4816 tunica,
2432 4751 2690 4802 diaconus
2729 4747 3033 4814 dahuatica,
3081 4765 3220 4805 unus
3249 4747 3432 4812 offert,
3464 4765 3658 4804 omnes
3687 4765 3776 4804 ac—

2195 4841 2400 4910 cipiunt
2435 4854 2652 4908 pacem;
2687 4838 2866 4908 It'yrie,
2911 4840 3128 4906 eleisou,
3156 4839 3403 4904 Sanctus,
3439 4839 3623 4910 Agnus
3653 4841 3770 4904 Dei,

2161 4987 2164 4992 ,
2193 4931 2404 5001 singula
2443 4945 2565 4994 cum
2605 4931 2917 5000 quotidiana
2949 4932 3174 4987 melodia
3205 4941 3518 4988 cautantur.
3557 4933 3654 4989 Est
3681 4949 3770 4988 att-

2199 5035 2300 5066 Inm
2337 5025 2387 5066 in
2419 5023 2600 5066 nrinn-
2633 5023 2810 5066 vigilia
2865 5034 2918 5066 ul
2951 5035 3000 5066 nt
3035 5041 3194 5066 egente!
3227 5025 3445 5066 ηιριηίηὲ
3505 5027 3770 5066 εὶς-ςιέιςίιίη
