4030 5354
219 271 313 324 δεῖ

968 265 1550 325 CONSUETUDlNES
1588 264 2130 322 CLUNIACENSES.
2160 295 2229 305 —
2252 262 2455 331 LIBER
2492 261 2771 318 PRIBIUS.

3393 261 3503 319 68$

217 384 557 439 consuetudo
596 393 655 438 ut
686 398 921 453 unquam
954 384 1008 437 in
1038 383 1323 439 duodecim
1348 381 1675 437 lectionibus
1704 381 1807 437 hoc
1840 392 1884 453 Α
1915 380 2170 449 patientia
2211 389 2409 441 vestra,-
2454 378 2520 433 ad
2571 392 2847 447 vesperas,
2886 376 2952 431 In
2992 376 3411 444 regeneratioue;
3438 373 3511 433 ad

222 477 335 532 tlat.

287 563 397 621 Sed
448 573 790 620 revertamur
843 565 911 619 ad
967 563 1143 633 ipsqu
1202 561 1447 618 Natalem
1495 569 1807 648 sanctorum

216 658 615 726 afostolorum.
646 656 886 710 Domnus
916 646 1085 710 abbas
1113 654 1398 709 constituit
1427 663 1555 706 ante
1586 646 1685 707 bos
1717 667 1813 706 an-

220 764 348 813 nos,
381 756 443 806 ut
469 748 536 803 ad
562 749 802 819 psalmos
843 757 1237 805 nocturnorum
1281 748 1362 800 liae
1391 755 1681 800 cantentur
1712 760 1812 799 an—

223 840 482 911 tipliouze,
532 856 764 909 quarum
805 840 981 910 prima
1031 847 1144 905 est,
1201 837 1269 892 In
1316 838 1526 908 plateis.
1576 838 1818 907 Evangeo

222 931 353 986 linat
378 932 628 1002 sequitur
653 946 716 988 ea
739 932 966 987 collecta
993 946 1112 1000 quae
1141 930 1422 987 dicebatur
1443 931 1510 985 ad
1536 945 1815 999 ves-peras,

223 1024 275 1076 id
315 1030 429 1084 est,
462 1022 627 1087 Deus,
657 1025 747 1093 qui
777 1016 1072 1077 Ecclesium
1113 1032 1258 1076 luam
1285 1020 1509 1091 apostoli
1539 1023 1616 1075 tui
1648 1019 1816 1084 Petri.

218 1129 536 1183 quanquam
569 1116 635 1170 ad
661 1114 867 1179 laudes,
894 1122 951 1170 et
977 1114 1043 1170 ad
1065 1112 1322 1183 majorem
1349 1113 1572 1168 missam
1601 1112 1817 1178 dicitur,

222 1206 387 1273 Deus,
420 1209 510 1279 qui
540 1209 815 1262 hodierna.
842 1208 909 1264 Et
941 1209 984 1264 si
1027 1209 1129 1263 hoc
1177 1208 1466 1278 aliquando
1506 1208 1821 1280 contigerit,

222 1308 405 1353 tamen
431 1315 539 1353 non
570 1299 893 1369 praeiudicat
913 1300 1152 1371 generali
1175 1300 1549 1355 consuetudini
1574 1300 1826 1358 collecta-

222 1405 368 1455 rum,
402 1392 547 1459 quod
576 1391 880 1460 huiusmodi
908 1392 953 1445 si
986 1393 1240 1448 dicuntur
1262 1393 1329 1447 ad
1352 1409 1607 1464 vesperas
1637 1394 1827 1449 dicun-

222 1490 313 1536 tur
337 1481 505 1535 etiam
526 1481 594 1535 ad
625 1484 919 1539 matutinas
941 1482 1145 1548 laudes,
1168 1493 1216 1538 et
1243 1484 1308 1539 ad
1323 1484 1460 1539 alias
1484 1485 1643 1540 vices.
1666 1484 1724 1538 In
1742 1484 1829 1539 die

219 1583 346 1624 cum
374 1572 655 1641 processio
678 1555 994 1628 solemniter
1015 1574 1084 1628 sit
1115 1573 1343 1642 agenda,
1370 1575 1415 1629 si
1440 1583 1524 1630 est
1550 1574 1827 1630 Dontinica

226 1661 364 1726 dies,
385 1660 566 1730 agitur
581 1671 703 1717 ante
720 1664 960 1729 tertiam;
984 1673 1111 1734 puto
1124 1672 1350 1734 propter
1366 1666 1830 1721 consecrationem

1919 473 2247 543 Magniﬁcat,
2274 470 2323 524 Ο
2354 471 2468 524 cwli
2483 470 2708 539 janitor.

1985 562 2143 618 Feria
2193 579 2255 628 ll,
2288 562 2595 617 Translatio
2641 560 2698 616 S.
2746 560 2986 628 Martini,
3030 561 3098 617 de
3131 575 3260 630 quo,
3306 562 3410 618 etsi
3440 562 3512 621 ad

1916 664 2213 710 nocturnos
2246 654 2348 709 alia
2374 668 2522 723 resp.
2553 651 2716 707 simul
2758 666 2879 706 cum
2908 650 3225 721 antiphonis
3258 652 3513 709 omnibus

1915 754 2044 800 sunt
2068 744 2136 798 de
2177 744 2293 813 ejus
2325 748 2433 799 vita
2456 785 2472 811 ,
2513 753 2693 800 tamen
2742 743 2776 798 5
2813 754 2867 799 et
2899 744 2929 796 7
2957 752 3012 799 et
3046 745 3104 797 11
3145 754 3273 798 sunt
3304 744 3373 800 de
3407 744 3515 800 iliis

1920 836 2085 891 rebus
2125 850 2244 905 quae
2283 836 2562 907 pertinent
2599 837 2669 891 ad
2701 836 2998 906 quemlibet
3022 835 3429 900 confessorem,
3458 848 3517 892 ct

1920 927 2177 984 similiter
2203 926 2307 983 illnc
2335 928 2647 998 antiphouze
2674 927 2741 982 ad
2766 935 2965 982 matut.
2996 926 3203 983 laudes.

1992 1017 2151 1072 Feria
2196 1034 2281 1084 tu,
2326 1017 2382 1071 in
2429 1019 2454 1072 1
2506 1024 2776 1074 nocturno
2806 1017 3015 1088 amipli.
3048 1015 3325 1084 Principes
3348 1033 3517 1085 popu—

1923 1110 2140 1176 lorum;
2173 1112 2225 1166 in
2264 1111 2321 1177 2,
2371 1108 2599 1165 Tradent
2633 1112 2772 1166 enim
2804 1128 2915 1177 vos;
2942 1111 3008 1166 ad
3046 1119 3178 1167 mat.
3200 1110 3370 1181 φρικὶ.
3400 1109 3518 1165 [loc

1925 1215 2002 1260 est
2027 1215 2343 1275 pra'ccptum
2373 1220 2578 1268 meum;
2611 1205 2677 1259 ad
2705 1204 2958 1274 primam,
2992 1203 3251 1273 Majorem
3279 1204 3520 1256 charitao

1926 1306 2072 1359 tem;
2116 1295 2181 1348 ad
2234 1294 2477 1357 tertiam,
2520 1293 2621 1349 l'os
2652 1296 2807 1349 aprici
2837 1296 2937 1351 mei
2973 1295 3130 1357 estis;
3160 1294 3229 1349 ad
3274 1302 3516 1357 sextam,

1929 1382 2081 1438 Beati
2121 1384 2373 1453 paciﬁci;
2424 1385 2490 1437 ad
2538 1399 2758 1449 nonam,
2790 1383 2854 1437 In
2906 1386 3159 1455 patientia
3198 1394 3400 1449 uestra;
3451 1384 3521 1439 ad

1929 1490 2081 1547 vesp.
2113 1476 2263 1531 Beati
2316 1479 2498 1543 eritis;
2536 1477 2606 1533 ad
2641 1476 2866 1548 magnil.
2907 1476 3009 1531 Isti
3038 1488 3158 1532 sunt
3192 1478 3316 1532 dua:
3345 1479 3517 1537 olira‘.

2002 1567 2162 1623 Furia
2208 1584 2300 1631 IV,
2352 1582 2475 1622 cum
2522 1567 2593 1623 sit
2635 1567 2752 1623 dies
2807 1576 3033 1623 octavus
3083 1567 3152 1623 12
3200 1567 3523 1627 lectionibus

1935 1661 2208 1730 agendus;
2239 1660 2307 1715 ad
2345 1668 2638 1715 nocturnos
2665 1668 2720 1715 et
2750 1660 3066 1731 antiphona:
3088 1668 3145 1715 et
3175 1661 3521 1729 responsoria

225 1750 355 1804 salis
398 1760 455 1804 et
503 1766 658 1822 aqua:
695 1766 761 1808 ex
809 1768 959 1811 more
989 1754 1305 1824 gerendam.
1350 1754 1407 1809 Si
1445 1757 1686 1825 qualibet
1714 1756 1823 1811 alia
1853 1739 1901 1801 Β
1931 1753 1998 1808 de
2023 1753 2108 1809 bis
2123 1753 2333 1809 duobus
2353 1753 2613 1825 apostolis
2636 1753 2998 1810 alternantur.
3012 1753 3296 1820 Quomodo
3313 1764 3521 1817 autem.

223 1838 395 1904 feria,
432 1850 558 1911 post
607 1843 865 1908 tertiam;
899 1845 1041 1914 quod
1095 1843 1225 1898 item
1256 1845 1578 1900 observatur
1618 1845 1671 1901 in
1716 1845 1826 1901 As-
1923 1845 2055 1915 quia
2104 1846 2159 1901 in
2211 1845 2358 1901 nullo
2408 1846 2794 1915 autipltonario
2851 1846 3060 1912 inveni,
3125 1853 3273 1901 certe
3303 1846 3371 1901 de
3402 1846 3521 1917 ipsa

224 1934 538 2003 sumptione
584 1934 642 1988 S.
695 1934 879 1990 Μαι-ἱιι⁵
927 1944 983 1989 et
1023 1936 1076 1990 in
1117 1934 1411 1991 Nativitate
1454 1936 1695 1993 Domini.
1732 1937 1820 1993 Ad

227 2026 403 2095 ipsam
434 2036 618 2081 autem
658 2027 1062 2096 proeessionem
1093 2030 1307 2084 cantari
1352 2029 1489 2085 solet
1534 2045 1826 2101 responso-

228 2119 392 2185 rium,
436 2118 603 2186 Quem
635 2120 815 2174 dicunt
842 2122 1120 2188 homines;
1153 2130 1208 2177 et
1237 2122 1403 2188 aliud,
1438 2124 1666 2193 Magnus
1690 2140 1821 2178 san-

226 2221 342 2265 ctus
375 2210 601 2268 Paulus.
631 2212 713 2267 Ad
751 2212 1042 2267 stationem
1081 2212 1401 2284 autiphona,
1435 2213 1608 2269 Hodie
1649 2214 1826 2269 illuxit

227 2304 416 2358 nobis?
466 2304 525 2358 In
571 2304 798 2359 chorum
844 2303 1120 2360 redeundo
1168 2319 1414 2376 respons.
1466 2303 1828 2376 Quodcunque

231 2395 505 2463 ligaveris;
555 2393 726 2459 aliud,
772 2391 967 2448 Sancte
997 2391 1186 2448 Paule.
1232 2393 1498 2448 Horarum
1532 2394 1829 2465 ltymniau‘

230 2495 421 2555 gentur
458 2501 526 2542 eo
562 2500 725 2541 versu
752 2526 767 2552 ,
805 2484 907 2540 Vos
945 2486 1087 2540 sarcli
1108 2487 1278 2557 justi,
1323 2497 1430 2543 etc.
1463 2485 1716 2557 Vesperze
1744 2502 1830 2543 se-

229 2579 426 2634 cundae
454 2579 522 2634 de
552 2578 820 2635 ambobus
864 2579 1124 2649 apostolis
1166 2579 1528 2635 communiter
1572 2590 1825 2651 amttitur,

232 2680 416 2743 tanien
447 2670 802 2741 singulariter
828 2670 898 2728 de
941 2681 1175 2742 utroque
1201 2671 1427 2727 dicenda
1456 2681 1539 2728 est
1569 2672 1827 2739 collecta;

226 2769 283 2815 et
310 2760 492 2831 primo
519 2761 587 2817 de
617 2760 680 2818 S.
713 2761 899 2829 Petro,
927 2771 1114 2834 postea
1145 2762 1213 2816 de
1242 2760 1301 2815 S.
1332 2761 1501 2817 Paulo
1526 2762 1827 2831 antipbona

226 2862 286 2907 et
306 2852 569 2908 collecta.
599 2850 837 2909 Collecta
867 2868 988 2924 qua:
1011 2855 1079 2910 ad
1108 2853 1366 2921 majorem
1397 2856 1619 2910 missam
1651 2854 1829 2924 primo

234 2944 322 3000 die
363 2947 674 3011 dicebatur,
720 2944 795 2999 ita
849 2954 1128 2999 mutatur:
1178 2944 1347 3009 Deus,
1392 2945 1487 3013 qui
1536 2942 1829 2998 Ecclesium

230 3049 377 3092 tuam
419 3038 783 3107 apostolorum
827 3047 1037 3092 tuorum
1095 3037 1245 3092 Petri
1285 3048 1335 3091 et
1379 3034 1540 3090 Pauli
1577 3036 1831 3105 praedica-

233 3132 371 3186 (ἔσκε
407 3132 636 3186 docuisti
665 3151 685 3189 :
726 3140 782 3187 et
810 3139 894 3187 est
920 3130 1151 3187 dicenda
1181 3145 1280 3200 per
1321 3138 1488 3184 totam
1512 3139 1829 3185 octavarum

232 3224 623 3293 septimanam.
673 3222 840 3291 Cujus
867 3222 1033 3278 etiam
1064 3222 1515 3277 commemoratio
1541 3221 1834 3293 singularis

230 3327 355 3368 eam
385 3321 585 3383 agatur
624 3314 678 3367 in
715 3321 978 3383 sequente
1003 3313 1110 3377 die,
1144 3313 1210 3367 de
1240 3312 1301 3367 S.
1331 3312 1494 3367 Petro
1523 3320 1731 3368 tantum
1760 3312 1829 3369 ad

238 3406 611 3461 aiatutinalem
651 3406 873 3461 missam
920 3416 1005 3462 est
1043 3405 1307 3471 collecta;
1340 3405 1411 3459 ad
1447 3404 1743 3460 matutinas
1782 3413 1838 3459 et

237 3513 489 3569 vesperas
526 3496 827 3566 antiphona
867 3507 923 3552 et
966 3496 1217 3559 collecta,
1266 3495 1409 3550 sicut
1435 3496 1605 3550 etiam
1634 3496 1704 3551 ad
1734 3496 1836 3550 has

241 3593 421 3657 horas,
449 3590 603 3647 de-S.
630 3590 856 3657 Joanne,
888 3592 984 3648 sed
1011 3592 1077 3647 de
1106 3591 1202 3647 illo
1225 3592 1347 3646 sine
1384 3590 1733 3647 salutatione.

310 3683 529 3740 Tertius
557 3685 676 3740 dies
705 3692 789 3741 est
826 3700 1046 3755 quoque
1086 3692 1313 3740 octavus
1343 3683 1653 3741 Nativitatis
1694 3682 1840 3753 ejus-

241 3777 362 3831 dem
396 3774 459 3829 S.
480 3774 713 3831 Joannis
746 3774 1027 3845 Baptistae,
1056 3775 1110 3829 in
1132 3789 1241 3846 quo
1265 3774 1631 3830 communiter
1656 3776 1842 3832 ambo-

156 3906 164 3918 .
243 3886 363 3925 rum
400 3868 777 3940 apostolorum
827 3869 1172 3925 meminimus
1199 3868 1268 3924 ad
1303 3868 1452 3924 vices
1481 3868 1844 3939 praenomina-

243 3971 348 4028 tas,
373 3976 483 4016 non
526 3968 727 4032 quarto
754 3960 842 4016 die
874 3974 976 4031 pro
1016 3968 1296 4031 computo,
1324 3974 1446 4029 qua:
1474 3974 1664 4029 supra,
1691 3956 1845 4013 verbi

238 4052 441 4122 gratia,
481 4051 886 4122 proposuimus,
928 4065 1052 4105 cum
1101 4050 1173 4105 sit
1206 4049 1544 4107 Sabbatum:
1589 4050 1641 4105 in
1672 4050 1848 4120 primo

244 4154 519 4200 nocturno
575 4143 896 4214 antipliona,
947 4140 1138 4195 Tollite
1178 4141 1366 4212 jngum
1416 4156 1627 4207 meum;
1686 4141 1739 4195 in
1786 4140 1844 4207 2,

243 4236 449 4307 Iugum
499 4237 642 4291 enim
681 4251 875 4289 meant.
915 4233 1185 4303 Respons.
1219 4235 1244 4289 1
1279 4242 1336 4288 et
1374 4235 1408 4288 5
1450 4234 1516 4288 de
1560 4234 1617 4288 S.
1647 4232 1844 4299 Petro;

246 4331 406 4397 dee
451 4330 511 4385 S.
548 4329 749 4385 Paulo.
783 4330 862 4383 Ad
893 4338 1023 4383 mat.
1066 4329 1215 4382 laud.
1264 4327 1457 4381 Petrus
1498 4327 1766 4397 apostolus
1800 4336 1849 4382 et

1928 1929 2079 1993 brevi
2139 1937 2342 1994 factum
2388 1947 2580 1994 notare
2621 1939 2833 2005 curavi,
2880 1946 2939 1994 et
2986 1938 3059 1993 ita
3090 1953 3305 2008 quoque
3327 1949 3525 1994 vestra

1929 2031 2277 2085 communico
2334 2030 2632 2086 dilectioni.
2671 2031 2752 2086 Ad
2784 2039 3088 2088 nocturnos
3113 2031 3167 2094 l,
3203 2030 3522 2100 anttphona.

1929 2121 1997 2176 lu
2043 2123 2273 2193 plateis;
2320 2123 2376 2188 2,
2405 2123 2509 2190 Qui
2554 2134 2799 2193 operatus
2831 2135 2948 2189 est;
2978 2125 3031 2189 3,
3072 2123 3174 2201 “Ait
3211 2122 3528 2190 Petrus;4,

1931 2213 2056 2269 Scio
2096 2218 2219 2279 cui;
2245 2216 2299 2283 5,
2359 2215 2553 2272 Petrus
2605 2215 2924 2286 apostolus;
2968 2215 3022 2281 6,
3063 2214 3201 2276 Mihi
3233 2217 3522 2282 uirere;7,

1934 2305 2163 2361 Furtum
2223 2318 2337 2372 est;
2367 2309 2424 2373 8,
2467 2307 2545 2362 Tu
2568 2324 2627 2362 es
2675 2324 2764 2363 ras
2788 2307 3091 2373 electionis;
3116 2306 3173 2373 9,
3206 2308 3527 2364 Advenientc

1933 2397 2125 2462 Petro;
2156 2401 2243 2466 10,
2273 2399 2500 2469 Magnus
2544 2399 2607 2455 S.
2638 2398 2888 2465 Paulus;
2932 2400 3019 2465 11,
3055 2397 3266 2454 Ponens
3300 2399 3523 2464 Petrus;

1933 2491 2019 2555 12,
2051 2490 2256 2545 Bonum
2288 2503 2570 2547 certamen.
2626 2492 3051 2563 Responsorium
3075 2493 3129 2548 5.
3157 2493 3233 2547 Tu
3272 2510 3323 2547 es
3346 2504 3528 2563 pastor

1931 2587 2148 2648 arium;
2180 2584 2235 2649 6,
2268 2584 2512 2655 Reposito
2554 2595 2627 2639 est
2674 2585 2846 2650 milii;
2883 2586 2937 2650 7,
2973 2583 3086 2657 Ego
3115 2602 3211 2656 pro
3246 2599 3294 2640 te
3315 2585 3526 2655 rogari;

1931 2674 1985 2741 8,
2017 2675 2210 2731 Sancte
2236 2676 2427 2742 Paule,
2460 2677 2779 2747 antipltona.
2805 2674 3040 2732 Gloriari
3060 2678 3322 2747 principes
3346 2688 3527 2744 terra';

1933 2779 2077 2836 resp.
2109 2767 2163 2833 9,
2195 2766 2391 2823 Beatus
2428 2782 2503 2831 es,
2535 2766 2721 2821 Simon
2758 2766 3027 2837 Barjona;
3073 2767 3161 2834 10,
3195 2764 3419 2838 Magnus
3462 2767 3527 2825 S.

1937 2857 2186 2925 Paulus;
2248 2860 2333 2923 11,
2396 2858 2759 2929 Quodcunque
2807 2857 3093 2930 ligaveris;
3150 2860 3237 2925 l2,
3279 2858 3378 2914 Isti
3407 2871 3527 2915 sunt

1933 2951 2057 3005 dita!
2104 2949 2275 3005 aliam.
2312 2951 2392 3004 Ad
2422 2960 2552 3004 mat.
2585 2950 2733 3006 laud.
2786 2951 2998 3021 amipli.
3039 2948 3230 3006 Petrus
3259 2953 3531 3023 apostolus

1932 3047 1980 3092 et
2014 3038 2233 3103 Paulus,
2256 3044 2363 3095 etc.
2390 3039 2435 3094 0
2465 3039 2593 3094 (ἕωἰὶ
2617 3041 2846 3110 janitor,
2874 3050 2981 3095 etc.
3020 3039 3091 3095 In
3118 3044 3528 3112 regeneratiom‘.

1934 3126 2313 3199 Inscparabir’is
2340 3129 2493 3198 fides.
2523 3129 2782 3183 Sanctum
2803 3139 2851 3183 et
2885 3147 3060 3184 rerum
3085 3130 3280 3186 lunteu.

2460 3220 2689 3276 CAPUT
2741 3221 2975 3278 XXXIV.

2180 3312 2256 3368 De
2284 3312 2630 3366 translatione
2668 3312 2723 3367 S.
2773 3312 2952 3369 Patris
2993 3315 3280 3369 Benedicti.

2010 3402 2285 3474 Depositio
2313 3406 2660 3475 prmccptocis
2702 3407 2871 3461 nostri
2899 3408 2954 3461 S.
2998 3408 3275 3464 Benedicti
3303 3426 3426 3466 cum
3461 3413 3536 3468 sit

1940 3495 1994 3549 in
2016 3494 2466 3567 Quadragesima,
2496 3513 2601 3552 non
2624 3506 2706 3554 est
2728 3509 3090 3569 opportunum
3112 3510 3334 3573 propter
3360 3504 3529 3574 ipsam

1942 3597 2003 3643 ut
2054 3602 2177 3642 cum
2212 3588 2420 3643 octavis
2445 3589 2774 3656 celebretur,
2829 3602 3114 3663 propterea
3153 3594 3294 3663 quod
3326 3608 3388 3649 ea
3416 3596 3533 3650 vice

1946 3696 2052 3735 non
2098 3682 2235 3736 bene
2268 3694 2573 3751 possumus,
2607 3689 2666 3736 ut
2714 3682 2766 3737 in
2817 3681 2935 3752 ejus
2981 3684 3332 3743 translatione
3370 3687 3537 3744 facia-

1946 3788 2087 3839 mus,
2140 3781 2196 3829 et
2251 3773 2393 3827 illam
2442 3772 2788 3831 celebremus
2835 3791 2957 3831 cum
3014 3779 3243 3845 octavis,
3304 3783 3370 3836 de
3424 3799 3530 3850 qua

1946 3866 2179 3936 qualiter
2202 3865 2339 3921 facta
2365 3865 2551 3929 fuerit,
2573 3867 2656 3922 vel
2681 3868 2979 3938 cujusmodi
3002 3884 3233 3939 persona
3259 3870 3310 3926 in
3337 3872 3539 3931 Gallias

1948 3966 2296 4014 sacrosancta
2367 3958 2611 4015 attulerit
2662 3975 2782 4015 ossa
2820 4003 2834 4026 ,
2894 3962 3183 4019 manifesto
3229 3964 3534 4021 lizterarum

1948 4051 2262 4107 testimonio
2308 4054 2412 4107 non
2462 4066 2729 4109 caremus.
2761 4053 2828 4107 Et
2859 4055 3111 4124 inprima
3161 4068 3319 4111 nocte
3344 4055 3543 4127 legitur

1953 4143 2020 4199 ad
2058 4153 2374 4209 nocturnos,
2400 4154 2455 4200 et
2499 4146 2551 4198 in
2583 4145 2703 4199 aliis
2750 4161 2848 4214 per
2874 4154 3096 4200 octavas
3121 4148 3389 4211 ttOctibtts,
3418 4150 3537 4217 pul-

1952 4235 2255 4289 cherrimus
2303 4249 2483 4289 sermo
2514 4234 2699 4288 domni
2749 4232 2992 4289 Oddonis
3035 4236 3098 4289 de
3135 4236 3534 4291 eodcmPatre.

1954 4324 2155 4381 Verum
2209 4335 2267 4378 ut
2319 4325 2514 4378 iterum
2544 4324 2911 4379 manifestiora
2969 4328 3543 4391 transcmnus,venia-

250 4418 496 4485 Paulus;
530 4421 599 4474 ad
629 4420 987 4485 Benedictus,
1024 4418 1406 4489 lasepambilis
1435 4418 1601 4486 ﬁdes;
1633 4419 1698 4473 ad
1738 4419 1848 4490 pri-
1880 4430 1929 4492 ι)
1957 4433 2076 4473 mus
2121 4417 2187 4473 ad
2210 4417 2456 4472 ordinem
2499 4416 2917 4484 antiplionarum
2968 4432 3064 4487 per
3092 4428 3313 4473 octavas
3341 4419 3403 4473 ad
3430 4421 3542 4475 sin-

249 4529 395 4568 mam
446 4512 658 4582 autlpb.
702 4510 771 4566 In
816 4522 1002 4567 nomen
1041 4522 1275 4575 terram;
1323 4508 1390 4564 ad
1443 4509 1680 4573 tertiam,
1726 4510 1852 4564 lam

254 4624 360 4662 non
385 4606 560 4660 dicam
602 4621 693 4659 vos
721 4620 915 4660 seruos.
948 4602 1193 4659 Ollicium
1226 4602 1407 4660 missae
1436 4617 1543 4658 non
1573 4613 1659 4658 est
1684 4601 1844 4657 aliter

194 4684 197 4687 Ἴ
254 4713 377 4753 cum
414 4697 675 4755 omnibus
715 4697 828 4751 suis
856 4695 1218 4767 appendiciis,
1248 4710 1409 4766 quam
1440 4694 1595 4765 quasi
1624 4709 1854 4765 genera-

242 4774 381 4848 "liter
402 4791 472 4847 de
499 4790 789 4865 apostolis,
812 4791 948 4846 sicut
985 4798 1041 4844 et
1067 4789 1188 4845 aliis
1219 4790 1408 4845 diebus
1439 4788 1581 4845 infra
1610 4797 1851 4855 octavas.

262 4893 462 4953 przeter
504 4884 821 4949 collectam,
850 4898 970 4952 qum
1000 4882 1114 4938 sola
1148 4884 1368 4952 proprie
1392 4889 1477 4937 est
1504 4881 1572 4936 de
1603 4876 1662 4936 S.
1693 4879 1856 4938 Petro

263 4979 402 5033 etde
431 4978 489 5034 S.
516 4977 718 5043 Paulo;
744 4977 810 5031 ad
837 4984 1044 5031 sextam
1073 4975 1282 5045 amipli.
1311 4974 1538 5030 Tradent
1559 4974 1698 5028 enim
1724 4989 1857 5041 vos;

264 5072 327 5125 ad
370 5085 593 5136 nonam,
626 5067 866 5126 Gaudete
902 5077 950 5121 et
994 5065 1288 5130 exsultate;
1336 5066 1403 5121 ad
1445 5081 1595 5136 vesp.
1627 5062 1859 5123 ϐίονὶοσὶ

267 5161 521 5186 ...ιτ-.-Σωρι
562 5171 719 5186 0-.....—
748 5175 760 5186 ο
802 5160 865 5186 λιι
902 5157 1206 5186 ὶνιηηηίηιὶη.
1240 5157 1424 5186 nuli-xi.
1491 5156 1582 5186 'nl;
1616 5166 1732 5186 ..ιι-Ι
1760 5157 1860 5186 ..δαὶ

1950 4508 2106 4580 gulas
2136 4509 2301 4562 horas
2345 4509 2756 4572 cantandarum,
2814 4508 2864 4561 in
2896 4523 3003 4578 quo
3027 4508 3182 4577 plane
3213 4508 3315 4562 mei
3350 4510 3543 4564 similis

1952 4596 2192 4668 potuerit
2237 4610 2445 4660 errare.
2493 4597 2540 4650 si
2591 4612 2697 4652 non
2750 4596 2914 4652 habet
2957 4596 3081 4651 inde
3121 4597 3324 4666 aliquid
3356 4599 3541 4669 aliquo

1955 4689 2120 4747 modo
2187 4697 2570 4760 praenotatum.
2638 4688 2810 4757 Igitur
2861 4698 2921 4744 ut
2985 4697 3300 4758 computum
3375 4694 3543 4747 semel

1955 4783 2256 4852 incoeptum
2305 4788 2604 4847 teneamus,
2657 4781 2973 4838 solemnitas
3020 4782 3087 4836 de
3135 4797 3239 4852 qua
3271 4784 3476 4855 agitur,
3498 4786 3546 4839 si

1954 4871 2272 4928 eveneritin
2303 4886 2342 4924 tt
2373 4870 2528 4934 feria,
2555 4870 2640 4924 vel
2663 4870 2716 4924 in
2740 4868 2875 4924 feria
2905 4887 2989 4927 tu.
3020 4870 3075 4925 In
3102 4872 3123 4926 1
3157 4881 3303 4928 noct.
3336 4874 3546 4944 amipli.

1957 4963 2086 5019 Fuit
2111 4966 2189 5020 vir
2218 4966 2373 5030 vitta;
2409 4965 2461 5019 in
2492 4962 2549 5028 ‘3,
2578 4963 2656 5017 Ab
2672 4963 2784 5029 ipso
2808 4965 3080 5033 pueritiw;
3113 4966 3181 5020 ad
3206 4974 3338 5020 mat.
3364 4966 3552 5021 laudes

1954 5054 2169 5125 antiph.
2193 5053 2392 5108 Beatus
2423 5051 2855 5120 uirBenedictus;
2882 5056 3009 5121 alia,
3044 5053 3174 5109 Erat
3202 5056 3281 5109 uir
3309 5054 3552 5120 Domini;

1961 5146 2026 5186 ml
2063 5146 2311 5186 nrimnm.
2343 5143 2479 5186 Dum
2509 5142 2565 5186 in
2596 5144 2694 5186 Ima
2720 5152 2863 5186 terra
2884 5164 2897 5177 ο
2928 5147 2992 5186 ml
3025 5147 3238 5186 lanium
3303 5144 3554 5186 [Elin-iuri
