4030 5354
468 339 573 398 685

1431 331 1754 391 UDALRICI
1793 331 2288 392 CLUMACENSIS
2327 334 2632 393 MONACIII

3639 338 3758 396 684

464 455 699 524 Cumque
738 449 840 506 sibi
889 445 1281 520 conspicerent;
1334 446 1400 502 ad
1452 455 1578 502 ιρι-ι.
1624 447 1766 501 Inito
1797 446 2056 524 consilio;
2086 453 2132 512 Α
2163 449 2458 505 matutinas
2505 450 2716 516 laudes,
2746 449 2812 504 ad
2843 449 3084 517 tertiam,
3115 456 3171 506 et
3217 445 3477 521 majorem
3519 450 3756 508 missam

463 543 532 598 ad
585 549 729 597 sext.
788 539 934 594 Tunc
957 542 1028 593 ad
1057 538 1268 604 locum;
1305 537 1373 592 ad
1423 551 1642 605 nonam,
1678 533 1900 592 Tantam
1931 555 2057 608 gra‘-

461 637 592 690 tiam
613 645 636 700 ';
665 633 732 688 ad
769 644 914 703 vesp.
951 631 1054 697 Qui
1093 631 1226 684 dunt
1267 637 1499 684 eremum
1527 639 1801 700 pergeret;
1837 628 1962 694 alia,
2007 627 2052 683 0

460 728 600 783 beati
651 727 754 781 viri
805 724 1094 779 Benedicti.
1142 721 1302 778 Feria
1347 738 1399 788 v,
1455 722 1508 776 in
1553 722 1570 779 ι
1608 731 1896 786 nocturno,
1923 718 2050 774 Fuit

461 821 543 876 vir
571 820 722 884 vita;
782 818 836 872 in
895 815 950 882 Ξ,
975 814 1052 870 Ab
1106 815 1363 886 ipso;ad
1413 824 1543 870 mat.
1602 813 1747 868 laud.
1778 811 2052 867 Gloriosus

465 911 768 980 confessor;
830 907 954 972 alia,
1015 905 1106 960 Vir
1141 905 1398 970 Domini;
1447 905 1512 960 ad
1547 904 1800 976 primam,
1829 903 1964 957 Dum
1995 904 2050 957 in

463 1003 564 1055 hac
594 1009 736 1054 terra
774 1007 952 1063 eszet;
999 1005 1053 1052 et
1101 997 1322 1067 reliqua:
1349 1005 1408 1052 ut
1453 997 1506 1052 in
1555 996 1687 1051 feria
1727 1012 1811 1062 ιιι,
1853 995 1954 1050 nisi
1987 995 2054 1049 ad

463 1090 694 1162 magnif.
733 1088 934 1143 Orabat
985 1087 1044 1144 S.
1077 1089 1412 1143 Benedictus.
1453 1087 1731 1144 Dominica
1771 1088 1872 1142 inl
1905 1095 2051 1144 noct.

467 1181 598 1237 Fuit
637 1183 718 1237 air
768 1183 916 1247 uiue;
965 1181 1017 1236 in
1073 1180 1130 1246 2,
1183 1179 1540 1253 Compassus;
1594 1181 1662 1236 ad
1692 1179 2055 1245 cantica,Ilic
2095 1217 2102 1228 .

463 1279 685 1346 itaque;
725 1275 792 1328 ad
829 1282 960 1328 mat.
1003 1272 1147 1328 laud.
1198 1273 1344 1328 Puer
1392 1274 1608 1346 quidam
1659 1274 1912 1344 parvulus
1938 1291 1957 1340 ;
1987 1273 2053 1328 ad

463 1364 719 1434 primam,
771 1361 966 1417 Beatus
1020 1363 1104 1416 vir
1139 1362 1494 1429 Benedictus;
1545 1363 1614 1417 ad
1673 1364 1913 1428 tertiam,
1963 1362 2058 1417 Vir

465 1457 725 1522 Domini;
767 1455 845 1510 ad
891 1466 1134 1521 sextam,
1191 1453 1510 1520 Gloriosus;
1569 1455 1636 1509 ad
1684 1469 1904 1521 nonam,
1965 1453 2058 1508 Vir

466 1547 717 1610 Domini;
765 1545 835 1600 ad
881 1559 1033 1616 vesp.
1086 1544 1315 1600 Oramus
1351 1555 1432 1612 te;
1489 1544 1616 1612 alia,
1667 1543 1908 1600 Exsultat
1949 1561 2056 1600 om-

467 1641 639 1704 nium,
691 1647 797 1694 etc.
843 1638 925 1693 De
960 1647 1166 1693 octavo
1207 1637 1294 1694 die
1315 1654 1420 1692 non
1444 1638 1618 1694 habeo
1641 1638 1786 1692 aliud
1828 1635 2054 1704 referre,

471 1737 673 1798 praeter
701 1727 934 1798 quod-et
975 1743 1138 1798 supra
1181 1726 1293 1796 jam
1321 1729 1634 1784 retuleram.
1675 1729 1852 1785 Unum
1876 1738 2056 1785 tamen

2157 539 2406 605 collecta,
2454 539 2804 596 Famulorum
2851 549 3086 606 tuorum,
3137 556 3256 612 quae
3289 556 3386 610 per
3426 549 3570 598 totas
3591 551 3757 598 octa-

2155 645 2254 685 vas
2325 629 2551 685 dicenda
2609 650 2621 684 :
2660 631 2727 686 ad
2771 631 3172 702 processioncm
3221 632 3614 696 matutinalem,
3663 649 3756 690 re-

2156 738 2338 794 spons.
2356 721 2562 788 Gaude,
2587 721 2780 777 Maria.
2811 719 2866 778 lu
2895 725 2982 778 die
3011 717 3324 794 antiphona,
3348 723 3478 778 Tota
3502 725 3752 794 pulchra.

2157 815 2260 870 Per
2294 815 2610 877 claustrum,
2657 831 2901 885 respons.
2939 817 3070 882 Quae
3115 827 3190 871 est
3245 817 3388 880 ista;
3428 817 3596 885 aliud,
3625 817 3753 873 Ista

2158 917 2232 960 est
2269 907 2550 976 speciosa;
2602 907 2668 963 ad
2719 909 3026 974 stationem,
3076 899 3283 976 Gaude,
3315 909 3530 976 Maria;
3577 911 3648 966 ad
3671 913 3756 966 in-

2159 999 2378 1052 troitum
2393 999 2636 1054 ecclesiae
2659 999 2886 1072 antiph.,
2906 999 3076 1056 Hodie
3101 1003 3250 1056 beata
3277 1003 3418 1070 virgo
3431 1020 3452 1068 ;
3489 1018 3746 1072 respons.

2156 1089 2325 1144 Beata
2376 1107 2429 1146 es
2463 1093 2642 1162 virgo;
2681 1093 2749 1147 ad
2803 1091 3063 1160 majorem
3115 1094 3338 1148 missam
3379 1093 3570 1161 Credo,
3601 1095 3756 1156 sicut

2157 1180 2320 1236 etiam
2335 1182 2401 1236 ad
2425 1197 2615 1238 omnes
2638 1181 2960 1240 festivitates
2981 1185 3153 1240 beata:
3175 1183 3382 1250 Maria);
3401 1184 3466 1239 ad
3491 1200 3754 1255 vesperas

2156 1275 2384 1344 psalmi,
2447 1273 2594 1328 Dicit
2654 1273 2932 1330 Dominus.
2987 1275 3242 1332 La'tatus.
3297 1277 3419 1332 Nisi
3463 1276 3753 1331 Dominus.

2159 1365 2443 1420 Memento.
2488 1365 2724 1436 Excepta
2785 1365 3104 1438 Ilypapante
3159 1367 3392 1423 Domini.
3449 1367 3524 1423 De
3553 1367 3758 1422 ordine

2161 1457 2585 1526 antiphonarum
2639 1473 2759 1528 qua)
2817 1458 3057 1515 dicenda:
3100 1469 3224 1516 sunt
3275 1461 3343 1516 ad
3367 1474 3553 1514 omnes
3583 1458 3760 1514 horas

2158 1560 2256 1614 per
2313 1554 2554 1610 octavas,
2606 1561 2712 1600 non
2755 1546 3135 1601 mstimave’rim
3180 1562 3317 1618 opus
3345 1560 3466 1602 esse
3511 1544 3756 1599 utaliud

2159 1635 2358 1701 dicam,
2387 1635 2490 1689 nisi
2535 1637 2680 1706 quod
2725 1635 2791 1689 ad
2825 1643 3122 1691 nocturnos
3149 1636 3480 1708 singularum
3505 1635 3756 1690 noctium

2160 1735 2286 1781 sunt
2341 1741 2556 1796 quoque
2607 1727 2673 1782 de
2720 1728 2998 1782 nocturnis
3048 1727 3236 1798 prima:
3275 1728 3448 1784 noctis
3481 1726 3650 1782 :item
3680 1727 3758 1782 ad

469 1827 572 1884 est,
624 1816 781 1886 cujus
815 1817 1053 1872 nondum
1105 1817 1346 1884 memini,
1386 1818 1530 1887 quod
1577 1819 1643 1872 ad
1671 1821 1937 1875 secundas
1960 1833 2058 1873 've-
2088 1805 2132 1864 Β
2162 1817 2455 1873 matutinas
2489 1817 2673 1873 laudes
2701 1817 2766 1874 de
2795 1819 3075 1875 matutinis
3103 1819 3352 1874 laudibus
3385 1818 3490 1873 :ad
3519 1827 3756 1873 emeras

471 1925 662 1982 speras
706 1923 868 1980 super
915 1908 1154 1980 psalmos
1209 1909 1294 1963 hae
1331 1921 1565 1979 quatuor
1599 1909 1907 1978 antiphonze
1929 1923 2060 1964 can-
2159 1909 2321 1963 horas
2355 1907 2439 1962 hze
2468 1908 2678 1963 cantari
2711 1907 2886 1964 solent
2947 1909 3278 1978 antiphana»,
3318 1921 3544 1978 quarum
3573 1910 3760 1978 prima

473 2011 662 2059 tantur
707 2017 827 2073 qua:
874 2002 946 2058 ad
997 2011 1291 2057 nocturnos
1341 2003 1528 2072 primat
1582 2001 1828 2070 fuerunt;
1863 2011 1917 2058 et
1957 2003 2060 2057 hoc

474 2096 597 2150 fieri
626 2095 762 2150 solet
790 2109 898 2149 non
925 2094 978 2147 in
1031 2095 1134 2150 hac
1185 2101 1390 2148 tantum
1423 2092 1739 2160 festivitate,
1770 2094 1865 2149 sed
1896 2094 2060 2149 etiam

477 2187 534 2242 in
561 2185 704 2251 aliis,
729 2183 775 2240 si
804 2183 1109 2254 antiphonat
1129 2193 1512 2239 nocturnorum
1546 2193 1668 2239 sunt
1693 2183 1811 2240 istis
1835 2181 2060 2250 similes,

485 2285 550 2332 ut
594 2277 767 2348 magis
809 2277 920 2330 sint
969 2285 1156 2332 tracta
1193 2275 1260 2332 de
1309 2276 1419 2330 vita
1445 2284 1780 2343 sanctorum,
1809 2273 2065 2346 quamde

480 2379 631 2428 textu
653 2380 708 2426 et
731 2370 953 2425 materia
976 2369 1328 2440 psalmorum.

1025 2480 1253 2539 CAPUT
1297 2481 1508 2538 XXXV.

549 2573 626 2630 De
664 2573 1020 2628 benedictione
1056 2589 1309 2639 uvarum,
1351 2584 1398 2628 et
1436 2573 1662 2628 aliorum
1701 2574 1992 2644 fructuum.

547 2685 609 2740 ln
662 2685 848 2742 multis
901 2685 1054 2741 libris
1109 2685 1422 2744 missalihus
1480 2687 1713 2743 habetur
1762 2686 2070 2742 benedictio

484 2791 740 2842 uvarum,
795 2786 852 2830 et
882 2775 1120 2832 maxime
1150 2777 1220 2832 ad
1255 2773 1502 2831 Natalem
1554 2776 1611 2832 S.
1649 2776 1787 2832 Sixti
1813 2777 2070 2846 martyris

481 2879 534 2924 ct
563 2883 746 2939 papae;
783 2869 878 2924 sed
913 2869 958 2923 si
994 2869 1229 2924 nondum
1259 2879 1387 2924 sunt
1416 2878 1662 2935 maturae,
1693 2877 1874 2923 custos
1893 2867 2068 2923 eccle-

481 2961 580 3015 sia:
622 2959 878 3014 observat
900 2959 1115 3028 quando
1136 2957 1377 3028 primum
1403 2967 1790 3025 maturescant,
1824 2967 1883 3014 ut
1906 2957 2073 3014 faciat

485 3065 581 3106 eas
604 3051 670 3105 ad
699 3049 986 3106 ecclesiam
1015 3047 1214 3105 deferri
1239 3067 1254 3114 ;
1291 3049 1485 3104 allatas
1513 3050 1749 3104 armario
1781 3064 2072 3121 repraesen-

2162 2009 2264 2064 est,
2287 1999 2419 2054 Ecce
2442 2010 2494 2052 tu
2515 1999 2735 2071 pulchra
2758 2017 2829 2054 es.
2857 1999 2922 2055 Et
2945 1997 3173 2056 ofﬁcium
3193 2017 3288 2072 per
3311 2009 3552 2065 octavas,
3571 1999 3754 2066 Salre,

2163 2101 2345 2147 sancta
2378 2088 2621 2158 Parens;
2651 2091 2703 2146 in
2730 2099 2923 2147 octavo
2946 2091 3051 2154 die,
3081 2085 3436 2145 Gaudeamui.
3457 2090 3538 2145 Ad
3565 2105 3760 2145 omnes

2163 2183 2395 2253 hymnos
2437 2181 2696 2236 horarum
2745 2181 2982 2247 additur,
3011 2179 3194 2236 Gloria
3239 2181 3353 2246 tibi,
3387 2179 3628 2248 Domine,
3665 2181 3762 2253 qui

2168 2285 2342 2342 natus,
2372 2282 2424 2329 et
2462 2274 2714 2330 similiter
2741 2275 2808 2329 ad
2835 2273 3017 2329 omnia
3047 2272 3184 2328 festa
3217 2273 3273 2328 S.
3303 2271 3502 2327 Mariae.

2690 2385 2917 2446 CAPUT
2967 2385 3232 2444 XXXVII.

2417 2480 2494 2538 De
2531 2498 2590 2537 eo
2627 2483 2766 2554 quod
2817 2490 3061 2536 cantatur
3097 2482 3156 2536 in
3191 2479 3498 2552 Septembri.

2239 2596 2298 2653 In
2347 2596 2651 2667 Septembri
2699 2605 2990 2653 cantantur
3018 2598 3360 2668 responsoria
3401 2597 3465 2653 de
3495 2596 3634 2652 libro
3655 2595 3766 2652 Job

2171 2705 2269 2760 per
2315 2689 2452 2744 duas
2499 2687 2827 2742 Dominicus.
2879 2687 3014 2742 Item
3061 2704 3159 2759 per
3186 2689 3320 2744 duas
3361 2688 3672 2744 Dominicas
3691 2689 3764 2743 de

2171 2777 2311 2836 libro
2360 2779 2564 2844 Tobiae,
2611 2778 2818 2844 Judith,
2867 2780 3065 2836 Esther
3087 2789 3140 2834 et
3171 2781 3375 2836 Esdree.
3409 2779 3560 2847 Quod
3587 2782 3629 2835 si
3651 2795 3762 2850 qua

2173 2871 2440 2930 festivitas
2481 2871 2786 2928 occurrerit
2827 2872 2882 2926 in
2935 2872 3066 2941 ipsis
3112 2871 3408 2928 Dominicis
3434 2888 3554 2942 qua:
3596 2871 3766 2939 impe-

2175 2965 2338 3029 diret,
2391 2965 2436 3018 si
2490 2965 2558 3018 ad
2607 2979 2850 3033 praesens
2899 2973 3173 3036 ageretur,
3229 2973 3290 3020 ut
3321 2963 3665 3036 responsoria
3693 2963 3764 3018 de

2176 3053 2412 3125 [tralatis
2441 3055 2596 3112 libris
2623 3053 2725 3110 'suo
2763 3065 3006 3126 tempore
3028 3057 3238 3112 cantari
3265 3072 3373 3112 non
3403 3065 3644 3126 possent,
3663 3069 3766 3124 pro

487 3153 590 3210 lat,
638 3153 692 3199 et
720 3143 989 3198 armarius
1017 3143 1286 3198 sacerdoti
1334 3143 1476 3197 inter
1505 3157 1769 3197 canonem
1793 3145 1862 3196 ad
1879 3142 2068 3197 horam
2099 3151 2142 3212 (ι
2175 3146 2478 3215 hujusmodi
2511 3146 2564 3200 in
2593 3155 2914 3216 sequentem
2953 3147 3096 3203 diem
3128 3148 3239 3218 ipsa
3270 3147 3540 3204 festivitas
3579 3145 3768 3202 differ-

484 3245 880 3308 competentem
927 3244 980 3290 et
1020 3242 1375 3306 praenotatam
1418 3234 1495 3305 (4)
1533 3243 1594 3288 ιιι
1636 3249 1728 3289 eas
1764 3234 2070 3289 benedicat.

485 3331 684 3386 Postea
745 3329 796 3383 in
831 3327 1124 3384 refectorio
1179 3341 1276 3398 per
1305 3328 1642 3382 sacerdotem
1675 3325 2076 3382 distribuuntur

485 3424 542 3478 in
586 3422 705 3477 loco
751 3421 1074 3486 hostiarum,
1127 3419 1272 3490 quod
1303 3435 1409 3474 non
1437 3420 1709 3476 omittitur
1747 3419 1962 3475 etiamsi
1993 3428 2078 3476 est

485 3513 605 3570 dies
637 3511 970 3568 Dominicus.
1015 3510 1155 3567 Sunt
1201 3519 1464 3581 praeterea
1507 3519 1562 3566 et
1585 3511 1705 3566 alia:
1735 3519 1846 3566 tres
1867 3512 2078 3580 species

487 3622 610 3679 qua:
657 3623 724 3662 ex
772 3622 925 3662 more
970 3607 1026 3662 in
1077 3606 1371 3663 refectorio
1420 3603 1836 3672 benedicuntur,
1887 3607 2074 3673 idest,

487 3697 718 3754 novellae
765 3697 923 3762 fabae,
981 3697 1226 3754 novellus
1273 3697 1448 3768 panis,
1503 3705 1557 3752 et
1583 3707 1857 3764 mustum;
1888 3707 1944 3752 et
1973 3699 2079 3754 hoc

487 3788 690 3844 modo:
723 3787 887 3844 lectio
937 3789 1088 3858 prius
1139 3788 1448 3854 inchoatur,
1499 3797 1620 3858 post
1657 3787 1812 3857 cujus
1859 3803 2078 3846 versum

488 3879 726 3949 primum
751 3887 860 3934 stat
886 3879 1144 3936 sacerdos
1167 3879 1224 3934 in
1249 3879 1426 3934 medio
1463 3879 1737 3935 relectorii
1772 3889 1899 3937 ante
1933 3897 2082 3938 men-

494 3985 611 4026 sam
644 3969 1026 4040 principalem,
1071 3979 1127 4026 et
1173 3971 1452 4041 praemissa
1504 3971 1837 4029 salutatione
1868 3975 2082 4046 singula

492 4059 768 4116 benedicit
803 4059 957 4116 fabas
999 4061 1073 4116 ita
1109 4075 1125 4114 :
1165 4061 1414 4126 Benedic,
1447 4061 1690 4130 Domine,
1727 4066 2082 4137 bosfructus;

491 4169 595 4225 pro
645 4167 804 4224 pane,
837 4152 1084 4219 Benedic,
1113 4152 1358 4221 Domine,
1387 4165 1686 4212 creaturam
1723 4158 1880 4212 istam
1903 4161 2082 4230 panis;

493 4260 598 4316 pro
637 4253 839 4311 musto,
869 4243 1094 4299 Domine
1130 4245 1455 4315 omnipotens
1484 4247 1614 4302 Iesu
1655 4248 1882 4316 Christe,
1905 4252 1994 4322 qui
2019 4267 2086 4306 ea:

495 4337 725 4408 quinque
773 4335 998 4406 panibus
1050 4345 1100 4391 et
1150 4336 1354 4392 duobus
1402 4339 1631 4408 piscibus
1663 4341 1892 4412 quinque
1919 4342 2086 4398 millia

496 4430 768 4486 hominum
793 4427 1020 4496 satiusti,
1045 4437 1154 4485 etc.

1036 4541 1266 4599 CAPUT
1306 4543 1548 4602 XXXVI.

889 4637 967 4692 De
995 4637 1364 4708 Assumptione
1391 4637 1451 4694 S.
1484 4639 1692 4697 Maria.

575 4753 634 4808 In
685 4753 866 4826 vigilia
927 4753 1330 4824 Assumptionis
1368 4751 1427 4810 S.
1484 4753 1665 4809 Mariae
1710 4755 1778 4811 ad
1831 4769 2089 4828 vesperas

502 4858 666 4914 super
703 4843 940 4912 psalmos
961 4845 1278 4915 antiphona,
1327 4843 1456 4899 Tota
1483 4845 1702 4915 pulchra
1727 4863 1810 4913 es;
1841 4848 2087 4916 collecta,

501 4931 644 4988 Deus
687 4933 781 5002 qui
831 4929 1190 5001 Virginalem;
1223 4935 1290 4990 ad
1319 4936 1723 5006 processionem
1749 4939 2089 5008 vespertina-

506 5021 612 5058 Iam

669 5035 898 5058 resenan
980 5019 1148 5058 .cunnv
1179 5023 1396 5058 on’ulann
1428 5042 1441 5054 υ
1470 5023 1694 5058 nnl'nnln
1741 5027 1929 5058 Ληιῖηηιι
1968 5045 2087 5058 κηκ-

2109 4493 2165 4554 D

2181 3245 2284 3298 tur.
2317 3246 2372 3290 et
2395 3249 2504 3290 nou
2545 3236 2650 3290 erit
2679 3251 2904 3291 necesse
2937 3235 3022 3292 vel
3070 3237 3174 3293 hoc
3201 3237 3284 3292 vel
3307 3237 3434 3292 illud
3455 3249 3762 3292 remanere.

2179 3328 2276 3387 llic
2305 3342 2518 3399 quoque
2552 3329 2881 3385 omittuntur
2928 3330 3276 3400 responsoria
3313 3331 3382 3386 de
3407 3329 3610 3384 Sancta
3644 3328 3766 3383 Tri-

2179 3420 2366 3484 nitate.
2409 3428 2466 3476 et
2514 3419 2605 3474 illa
2649 3419 2860 3476 minora
2911 3421 2980 3474 de
3001 3418 3276 3475 volumine
3318 3419 3676 3490 psalmorum,
3705 3425 3767 3471 ut

2180 3523 2286 3566 non
2317 3511 2384 3568 ad
2417 3520 2718 3566 nocturnos
2756 3509 2900 3565 inter
2927 3509 3034 3564 alia
3067 3510 3415 3580 responsoria
3453 3517 3762 3564 cantentur.

2181 3599 2282 3656 llic
2311 3601 2458 3658 enim
2489 3601 2778 3659 inchoatur
2799 3641 2816 3666 ,
2867 3610 2927 3656 ut
2959 3609 3230 3671 quotquot
3271 3600 3616 3670 responsoria
3643 3613 3770 3652 can-

2182 3703 2402 3758 tantur,
2451 3694 2518 3749 ad
2569 3703 2869 3750 nocturnos
2921 3691 3007 3748 vel
3065 3693 3360 3748 matutinas
3407 3691 3596 3746 laudes
3639 3707 3766 3746 cum

2181 3783 2366 3840 Gloria
2409 3783 2584 3850 Patri,
2640 3783 2726 3839 his
2777 3794 2832 3840 et
2861 3785 3037 3840 adhuc
3065 3783 3410 3855 adiungatur.
3447 3781 3596 3838 Sicut
3621 3793 3768 3848 erat;

2183 3875 2326 3947 quod
2353 3877 2459 3932 huc
2479 3889 2651 3946 usque
2681 3876 2844 3932 flebat
2881 3893 2913 3932 a
2941 3875 3152 3932 Pascha
3204 3877 3272 3930 ad
3299 3890 3585 3946 vesper-as;
3615 3889 3772 3928 amo-

2183 3970 2254 4024 do
2279 3976 2464 4023 autem
2495 3982 2602 4024 non
2639 3967 2708 4022 ad
2757 3983 3035 4038 vesperae,
3063 3968 3181 4032 sed,
3209 3975 3263 4022 ut
3291 3965 3634 4037 praemissum
3665 3973 3770 4028 est,

2183 4060 2252 4114 ad
2285 4069 2600 4124 nocturnos,
2653 4067 2710 4116 et
2753 4059 3049 4116 matutinas
3093 4059 3311 4125 Iaudes,
3359 4071 3530 4128 usque
3573 4057 3772 4112 iterum

2185 4151 2256 4208 ad
2295 4151 2529 4213 Pascha.
2579 4149 2871 4206 Sciendum
2899 4159 3078 4208 tamen
3115 4160 3198 4207 est
3227 4151 3352 4220 quia
3383 4150 3428 4205 si
3459 4147 3584 4202 talis
3619 4144 3776 4202 festi-

2186 4242 2328 4296 vitas
2343 4241 2654 4298 celebratur
2675 4249 2734 4296 ut
2761 4241 2867 4296 duo
2923 4241 3083 4298 simul
3107 4241 3340 4313 primum
3370 4239 3778 4306 responsorium

2187 4340 2424 4398 cantent,
2463 4339 2590 4390 tunc
2618 4332 2736 4388 haec
2763 4331 2996 4400 adjeclio
3017 4347 3124 4390 non
3147 4333 3488 4388 observatur.

2705 4441 2934 4499 CAPUT
2977 4441 3264 4498 XXXVIII.

2598 4531 2677 4588 De
2709 4530 3048 4588 Exaltalioue
3076 4529 3142 4586 S.
3164 4529 3372 4586 Grucis.

2261 4641 2320 4698 lu
2371 4639 2720 4697 Exaltatioae
2773 4639 2831 4696 S.
2892 4639 3108 4706 Crucis,
3154 4641 3295 4696 sicut
3319 4640 3481 4695 etiam
3509 4637 3562 4694 in
3587 4637 3783 4693 Inven-

2193 4735 2359 4800 tione,
2407 4735 2586 4804 agitur
2630 4732 2834 4804 aliquid
2862 4743 3052 4789 contra
3078 4747 3290 4788 morem
3321 4732 3548 4787 aliarum
3575 4729 3784 4786 festivi.

2193 4835 2387 4881 tatam.
2423 4824 2558 4878 Nam
2587 4839 2710 4880 cum
2755 4825 2778 4878 I
2831 4839 3071 4895 vesperae
3113 4823 3218 4880 sint
3258 4823 3326 4879 de
3354 4821 3779 4886 sancta’Cruce,

2194 4917 2260 4972 ad
2305 4927 2601 4973 nocturnos
2649 4917 2845 4988 psalmi
2878 4931 3087 4984 omnes,
3122 4925 3178 4974 et
3201 4917 3234 4973 8
3263 4917 3520 4972 lectiones
3556 4923 3684 4971 sunt
3711 4914 3782 4970 de

2190 5011 2419 5058 sanctis:
2487 5011 2579 5058 sed
2607 5012 2800 5058 iterum
2852 5010 2917 5058 de.
2937 5019 3124 5058 sancta
3156 5011 3330 5058 Cruce
3351 5025 3514 5058 snner
3539 5008 3778 5058 cantica.
