4030 5354
269 307 381 364 685

964 299 1544 362 CONSUETUDINES
1581 303 2120 364 CLUNIACENSES.
2149 337 2218 348 -—
2245 306 2448 364 LIBER
2489 308 2769 366 PRIMUS.

3449 317 3558 374 636

273 429 367 473 tur
389 429 524 474 crux
551 415 716 488 pallio
743 423 998 487 cooperta
1027 431 1058 472 a
1085 416 1296 472 duobus
1315 415 1513 474 albatis
1541 427 1668 474 ante
1693 417 1868 476 altare
1893 421 1948 482 Α
1971 419 2104 476 diei.
2139 421 2412 478 Vacamus
2459 423 2682 480 lectioni
2709 441 2884 498 usque
2919 427 2990 484 ad
3019 429 3266 499 tertiam,
3313 433 3560 506 pulsatur

269 509 610 580 principale;
653 523 818 580 quam
863 509 1346 580 discoopericutes,
1393 511 1682 584 imponunt
1715 513 1861 570 anti-

271 601 548 672 phonatn,
605 599 744 656 Ecce
790 601 992 672 lignum
1039 603 1246 668 crucis,
1311 611 1366 658 et
1419 619 1610 660 omnes
1649 607 1864 664 veniam

273 699 490 763 petunt.
523 701 582 748 et
622 693 894 764 tapetibus
941 693 994 748 in
1025 701 1170 750 terra
1215 695 1532 760 constratis,
1561 696 1632 752 ita
1655 705 1715 752 ut
1737 705 1866 754 sunt

269 785 444 840 albati
491 785 560 840 ad
611 797 810 842 terram
866 787 1122 858 prostrati
1169 787 1432 854 adorant;
1475 788 1694 844 interim
1716 791 1864 846 auti-

271 880 460 948 phona
485 889 606 951 post
631 881 984 950 antiphonam
1001 881 1448 950 pramominatam
1476 883 1720 952 sequitur
1731 881 1860 948 alia,

271 973 332 1027 id
376 983 484 1038 est,
535 973 756 1028 Crucem
809 983 977 1037 tuam,
1019 989 1142 1044 qua!
1166 984 1480 1032 recantatur
1503 992 1604 1046 per
1626 975 1868 1048 singulos

273 1079 472 1120 versus
497 1064 712 1134 psalmi,
745 1063 886 1120 Deus
925 1075 1257 1131 misereatur,
1303 1075 1360 1122 et
1385 1077 1572 1136 postea
1611 1066 1868 1136 qualibet

269 1157 396 1212 alia":
421 1157 732 1226 antiphoum
763 1157 829 1210 de
849 1165 1034 1212 sancta
1055 1155 1260 1224 Cruce;
1287 1173 1408 1228 qua:
1435 1166 1724 1228 postquam
1771 1157 1868 1214 ad-

267 1261 430 1302 orata
455 1247 620 1302 fuerit
634 1263 661 1301 a
676 1256 968 1312 conventu,
986 1245 1298 1302 sublevatur
1316 1249 1591 1306 cantando
1611 1249 1866 1320 antipho-

273 1357 426 1408 nam,
457 1340 630 1410 Super
649 1340 826 1394 omnia
850 1358 870 1406 ;
926 1347 983 1395 et
1007 1341 1166 1396 venia
1191 1341 1387 1397 iterum
1412 1343 1482 1398 ab
1509 1344 1763 1400 omnibus
1783 1351 1870 1400 est

271 1433 532 1504 petenda.
561 1431 760 1488 Psalmi
793 1435 860 1488 ad
897 1447 1174 1504 vesperas,
1209 1433 1354 1488 Dixit
1377 1434 1656 1502 Dominus,
1687 1435 1869 1505 Conli-

269 1525 440 1591 leber,
497 1532 634 1588 etc.,
665 1539 832 1596 super
879 1541 1016 1596 quos
1063 1528 1268 1582 eaedem
1313 1535 1610 1584 cantantur
1656 1530 1864 1600 autiph.

269 1631 396 1684 quae
459 1617 530 1672 ad
581 1619 878 1674 matutinas
929 1619 1140 1686 laudes,
1174 1619 1354 1690 prima
1405 1629 1614 1676 tantum
1661 1621 1864 1676 ablata.

1963 510 2140 577 scilla,
2190 520 2248 568 et
2291 521 2420 568 tunc
2445 515 2680 585 primum
2711 517 3052 574 diurualibus
3087 537 3187 576 nos
3211 522 3557 594 calceamus;

1965 601 2092 660 lotis
2130 603 2383 661 manibus
2429 614 2486 660 et
2523 605 2684 674 facie,
2725 616 2780 662 et
2801 623 2942 680 pexo
2969 611 3166 682 capite,
3199 613 3340 672 imus
3378 617 3446 674 ad
3465 631 3560 675 ec-

1965 693 2212 762 clesiam,
2247 705 2306 752 et
2337 699 2744 769 procumbendo
2795 701 2866 756 ad
2909 705 3216 762 orationem
3243 721 3444 778 pueros
3463 722 3562 766 cx-

1965 795 2280 858 Spectantus
2309 805 2322 854 ;
2353 789 2550 858 quibus
2585 791 3018 862 ingredientibus
3049 796 3294 866 pulsatur
3319 799 3556 870 signum,

1967 877 2200 936 facimus
2257 889 2368 938 tres
2417 884 2716 953 orationes,
2775 887 3022 957 pulsatur
3075 892 3252 960 scilla,
3301 905 3560 950 cantatur

1971 971 2150 1036 tertia,
2205 973 2370 1028 missa
2429 989 2648 1046 quoque
2707 979 3014 1036 matutinali
3063 984 3226 1039 simul
3279 988 3554 1056 adjuncta.

1967 1061 2088 1118 Non
2132 1063 2312 1120 solum
2356 1075 2482 1134 post
2533 1068 2856 1138 capitulum,
2893 1075 2984 1128 sed
3015 1075 3178 1130 etiam
3201 1087 3560 1147 postsextam

1929 1153 2236 1240 1habemus
2293 1155 2572 1212 licentiam
2615 1159 2890 1230 loquendi,
2932 1179 3242 1234 quanquam
3275 1168 3406 1225 illud
3435 1187 3562 1241 spa-

1971 1243 2104 1299 tium
2128 1245 2300 1302 soleat
2325 1261 2450 1302 esse
2475 1248 2886 1318 brevissimum;
2911 1269 3034 1310 nam
3069 1272 3174 1312 non
3201 1261 3430 1330 amplius
3455 1263 3562 1319 erit

1969 1349 2135 1405 quam
2196 1346 2256 1393 ut
2305 1339 2562 1396 sacerdos
2614 1348 2670 1397 et
2717 1344 2900 1398 caeteri
2945 1346 3014 1400 ad
3045 1347 3306 1417 majorem
3338 1353 3560 1409 missam

1967 1427 2248 1492 servituri,
2295 1429 2478 1485 lavent
2523 1445 2736 1498 manus,
2787 1441 2846 1488 et
2882 1437 2994 1490 sint
3043 1439 3112 1492 ad
3143 1439 3476 1498 induendum
3497 1459 3560 1500 se

1967 1521 2170 1590 parati.
2221 1520 2472 1578 Pulsatur
2507 1523 2724 1595 signum
2771 1537 2832 1580 ut
2885 1541 3079 1584 omnes
3111 1545 3464 1590 occurramus
3489 1536 3556 1590 ad

1969 1612 2306 1678 orationem;
2363 1630 2470 1685 qua
2531 1616 2698 1684 facta,
2753 1617 3051 1688 imponitur
3101 1620 3336 1688 letania;
3395 1635 3448 1680 ct
3499 1627 3560 1684 hi

271 1707 602 1766 Beatissimo
645 1709 820 1778 patri,
871 1713 1068 1768 domno
1105 1713 1310 1770 scilicet
1337 1713 1552 1770 οάίιοηῑ
1583 1713 1870 1770 videbam.-
1905 1767 1944 1778 _
1973 1703 2211 1758 vestiunt
2237 1720 2318 1770 se,
2342 1721 2574 1776 quorum
2609 1723 2773 1778 supra
2813 1711 3056 1774 tuemini,
3089 1714 3156 1768 ad
3195 1717 3558 1776 ministerium

273 1801 506 1857 multum
555 1819 858 1875 congruere
907 1813 990 1872 ut,
1029 1805 1094 1862 eo
1119 1806 1207 1862 die
1227 1821 1334 1877 quo
1357 1821 1490 1862 crux
1521 1806 1864 1876 adut-aretur,

267 1879 543 1976 jejunium
599 1896 716 1952 ﬁeri
765 1897 1010 1965 deberet,
1053 1911 1276 1972 propter
1319 1902 1464 1972 quod
1507 1902 1864 1958 constitutum

269 1994 362 2042 est
387 1987 456 2042 ab
499 1987 616 2052 illo,
649 1997 708 2044 et
751 1991 902 2058 quasi
933 2005 1032 2060 pro
1075 1991 1318 2062 legitimo
1359 1993 1618 2050 Ecclesia:
1662 2003 1866 2050 nostra:

273 2077 508 2143 indicto,
539 2090 620 2146 ut,
647 2081 694 2137 si
723 2081 996 2139 Exaltatio
1019 2083 1074 2140 S.
1095 2085 1295 2142 Crucis
1313 2085 1564 2143 evenerit
1589 2088 1644 2160 in
1673 2097 1862 2158 quarta

275 2169 438 2238 t‘eria,
456 2183 638 2238 sexta,
667 2174 752 2228 vel
775 2173 1034 2242 Sabbato,
1059 2192 1124 2232 ea
1154 2179 1272 2234 vice
1299 2179 1524 2234 minimc
1545 2188 1772 2236 curetur
1793 2178 1866 2236 de

277 2265 716 2336 terminojejunii
743 2265 988 2334 Quatuor
1013 2269 1364 2342 Temporum,
1386 2271 1480 2328 sed
1503 2273 1689 2327 statim
1717 2273 1772 2327 in
1799 2286 1866 2327 ea

271 2355 582 2425 septimana
631 2368 844 2426 agatur.
892 2360 1086 2416 Adhuc
1132 2371 1316 2418 autem
1362 2363 1433 2418 de
1467 2371 1660 2418 sancta
1689 2362 1866 2420 Cruce

273 2449 562 2504 sciendum
605 2460 692 2506 est
719 2451 858 2522 quia
879 2453 946 2508 de
979 2469 1046 2509 ea
1079 2453 1254 2522 major
1295 2454 1460 2510 missa
1494 2455 1706 2511 cantari
1729 2456 1868 2512 solet

273 2540 424 2594 omni
450 2557 500 2594 rt
529 2541 692 2608 feria,
715 2544 782 2599 ab
811 2545 1018 2600 octavis
1037 2545 1262 2604 Pascha:
1290 2563 1458 2618 usque
1483 2549 1550 2602 ad
1573 2549 1866 2604 adventurm

277 2631 530 2701 Domini;
563 2643 618 2690 et
654 2634 726 2690 ab
752 2637 958 2692 octavis
1009 2638 1320 2709 Epiphania:
1339 2653 1512 2710 usque
1548 2641 1616 2694 ad
1639 2637 1866 2708 Septua-

273 2726 562 2796 gesimam,
599 2729 704 2784 nisi
729 2728 872 2785 forte
913 2729 1222 2787 dimittatur
1257 2741 1481 2802 propter
1506 2731 1742 2806 oliigium
1763 2731 1865 2789 ali-
1895 2779 1908 2814 ι

273 2816 436 2884 cujus
487 2819 686 2884 sancti,
717 2819 802 2874 vel
827 2831 1046 2890 propter
1088 2819 1322 2878 cilicium
1345 2824 1410 2877 de
1434 2823 1618 2893 aliquo
1635 2815 1900 2892 jejunio,’

277 2907 364 2962 vel
388 2918 611 2979 propter
637 2918 899 2978 octavas;
929 2911 1136 2968 ferialis
1169 2921 1346 2970 tamen
1377 2912 1616 2985 Epistula
1647 2913 1864 2985 legitur,

279 2997 362 3052 vel
389 2997 743 3070 Evangelium
768 3000 972 3058 furiale.

816 3137 1044 3195 CAPUT
1092 3137 1334 3197 XXXIX.

278 3227 356 3283 De
395 3245 456 3284 eo
493 3229 634 3302 quod
669 3231 736 3285 ab
777 3229 963 3287 Idibus
1003 3231 1317 3305 Septembris
1353 3235 1513 3290 semel
1551 3231 1864 3290 comeditur.

348 3339 433 3394 Ab
475 3339 658 3395 ldibus
694 3341 1028 3412 Septembris
1073 3345 1242 3400 semel
1291 3355 1498 3400 tantum
1537 3347 1864 3408 cumeditur.

275 3439 332 3485 et
360 3431 414 3486 in
443 3433 671 3503 privatis
701 3433 890 3489 diebus
931 3435 998 3490 de
1037 3436 1142 3492 hoc
1187 3437 1378 3492 ordine
1409 3437 1542 3490 nihil
1573 3446 1864 3500 mutamus,

277 3536 441 3592 quem
499 3538 597 3594 per
656 3531 822 3578 totam
862 3525 1148 3582 habuimus
1193 3535 1438 3582 testatum
1487 3528 1698 3596 quoties
1727 3527 1870 3598 jeju-

279 3613 430 3666 nium
481 3613 666 3670 ﬁebat.
705 3615 834 3670 Item
883 3616 936 3670 in
966 3617 1248 3672 duodecim
1289 3617 1608 3674 lectionibus
1629 3619 1756 3690 quia
1785 3619 1868 3673 bis

275 3719 468 3760 sumus
513 3705 829 3772 eumcsturi,
884 3722 981 3776 per
1015 3708 1196 3762 omnia
1225 3722 1442 3779 quoque
1470 3707 1700 3764 facimus
1727 3709 1868 3764 sicut

276 3807 334 3854 et
359 3799 531 3870 prius.

879 3889 1110 3948 CAPUT
1153 3891 1267 3948 XL.

278 3982 358 4037 De
393 3983 862 4038 consuetudinibus
887 3983 1256 4052 incipientibus
1285 4001 1316 4038 α
1349 3983 1603 4039 Kalendis
1628 3984 1866 4042 Octobris

600 4070 761 4124 usque
799 4055 868 4108 ad
908 4051 1180 4109 Kalendas
1215 4053 1544 4110 Novembris.

349 4171 392 4224 Α
419 4169 684 4225 Kalendis
719 4167 974 4226 Octobris
1023 4183 1198 4240 usque
1237 4170 1305 4224 ad
1337 4169 1606 4226 Kalendas
1635 4170 1868 4227 Novem-

277 4263 394 4318 bris
431 4269 724 4317 cantantur
761 4262 1104 4334 responsuris
1133 4263 1200 4318 de
1221 4261 1364 4318 libro
1393 4262 1824 4320 Machabmorum
1849 4281 1863 4325 :

277 4354 350 4410 ad
389 4363 690 4410 nocturnos
731 4353 988 4424 hymnus,
1041 4351 1226 4408 Primo
1287 4354 1530 4419 dierum;
1560 4357 1627 4410 ad
1655 4355 1864 4421 laudes,

1902 1767 1946 1826 Β

1975 1794 2178 1850 missa).
2238 1795 2296 1852 Si
2351 1807 2434 1852 est
2467 1807 2664 1866 quarta
2705 1798 2841 1856 feria
2901 1811 2998 1856 aut
3049 1813 3224 1870 sexta,
3277 1808 3426 1876 prius
3461 1825 3560 1866 nos

1971 1885 2158 1942 audito
2212 1887 2368 1958 signo
2425 1889 2822 1946 discaleeamus
2873 1907 3036 1962 quam
3093 1909 3448 1954 occurramus
3491 1901 3560 1954 ad

1967 1979 2292 2046 orationem,
2321 1989 2380 2036 ut
2405 1981 2566 2038 nudis
2589 1983 2820 2052 pedibus
2841 1982 3108 2041 faciamus
3131 1989 3558 2056 processionem.

1969 2067 2148 2126 Finita
2173 2071 2338 2126 missa
2356 2071 2572 2144 signum
2597 2074 2846 2144 pulsatur
2873 2077 2940 2132 ad
2955 2093 3174 2146 nonam,
3191 2083 3560 2138 ctorationcm

1969 2158 2204 2216 facimus
2259 2161 2576 2232 priusquam
2623 2177 2884 2220 exeamus
2927 2167 2994 2220 ad
3025 2167 3314 2224 lavandum
3357 2174 3556 2242 pedes:

1968 2260 2064 2304 aut
2109 2251 2154 2304 si
2205 2267 2314 2306 non
2347 2262 2434 2308 est
2481 2253 2599 2310 dics
2625 2253 2676 2309 in
2705 2271 2813 2326 quo
2853 2259 3136 2326 processio
3165 2261 3277 2326 ﬁat,
3311 2263 3362 2318 in
3391 2267 3562 2320 choro

1971 2351 2154 2396 tamen
2205 2341 2440 2412 legendo
2485 2355 2870 2414 exspectamus
2901 2363 3070 2418 usque
3109 2351 3234 2406 dum
3267 2355 3562 2412 ωπίιοι-εε

1967 2433 2248 2504 potuerint
2281 2435 2600 2503 prandisse;
2653 2435 2900 2505 pulsatur
2939 2438 3092 2494 scilla
3137 2441 3330 2496 iterum
3369 2450 3436 2500 ad
3462 2461 3560 2499 no-

1969 2539 2118 2578 nam.
2175 2523 2328 2592 Quod
2380 2526 2544 2580 etiam
2575 2526 2680 2582 etsi
2701 2527 2938 2584 nondum
2969 2529 3220 2597 dixerim,
3251 2541 3434 2588 tamen
3465 2553 3562 2606 per

1971 2625 2140 2672 totam
2183 2626 2428 2676 aestatem
2477 2621 2692 2692 quoties
2753 2620 2870 2678 dies
2905 2629 2990 2678 cst
3037 2622 3248 2693 jejunii,
3307 2628 3562 2685 similiter

1967 2713 2312 2766 observatur.

2561 2827 2791 2884 CAPUT
2829 2828 2964 2884 XLI.

2273 2917 2350 2974 De
2377 2919 2842 2974 consuetudinibus
2864 2922 2920 2974 in
2951 2919 3254 2977 Novembri.

2039 3031 2084 3085 Α
2117 3029 2390 3088 Kalendis
2418 3030 2740 3088 Novembris
2789 3044 3080 3089 cantantur
3121 3041 3464 3115 reSponsoria
3493 3041 3563 3096 de

1895 3115 1942 3178 C
1974 3127 2127 3183 libris
2181 3125 2518 3191 Ezechielis,
2568 3125 2836 3192 Danielis,
2894 3137 2949 3183 et
3003 3129 3232 3184 aliorum
3287 3133 3558 3189 minorum

1969 3217 2386 3288 prophetarum.
2453 3217 2512 3272 in
2579 3217 2808 3286 privatis
2881 3217 3111 3285 diebus,
3183 3231 3240 3276 et
3299 3224 3343 3278 si
3401 3224 3561 3294 nullm

1969 3310 2412 3384 ﬁantouthe,
2481 3317 2769 3379 postquam
2835 3311 3004 3366 semel
3069 3314 3384 3383 surgimus,
3447 3331 3556 3372 non

1973 3401 2208 3457 redimus
2227 3403 2296 3454 ad
2325 3402 2484 3456 lecta.
2522 3397 2620 3455 llic
2651 3401 2830 3455 denuo
2861 3402 3180 3458 inchoamus
3203 3407 3346 3474 quod
3384 3409 3556 3462 omis-

1969 3510 2087 3548 sum
2110 3503 2192 3550 est
2219 3510 2250 3548 a
2281 3493 2446 3548 Coena
2490 3491 2722 3557 Domini,
2751 3505 2813 3548 ut
2849 3493 3067 3564 triginta
3099 3496 3341 3568 psalmos
3370 3509 3556 3558 cante-

1969 3601 2090 3641 mus
2147 3595 2270 3642 ante
2321 3595 2634 3642 nocturnus.
2675 3585 2810 3641 Item
2862 3587 3097 3642 oliicium
3152 3590 3555 3654 defunctorum.

1967 3679 2112 3750 quod
2135 3689 2304 3750 usque
2350 3687 2472 3748 post
2507 3693 2764 3750 vesperas
2811 3679 3042 3749 agimus,
3077 3683 3270 3737 amodo
3309 3695 3434 3754 post
3461 3703 3560 3742 no-

1967 3781 2194 3828 cturnos
2219 3785 2380 3841 agere
2422 3769 2681 3838 solemus,
2727 3771 3008 3828 matutinis
3047 3773 3297 3832 laudibus
3340 3793 3562 3850 quoque

1967 3872 2346 3928 defunctorum
2373 3871 2536 3928 simul
2559 3869 2850 3941 adiunctis.
2885 3873 3112 3944 Reliqua
3147 3875 3472 3946 psalmodia,
3503 3885 3564 3930 ut

1969 3965 2140 4020 moris
2164 3973 2268 4030 est,
2288 3973 2544 4020 cantatur
2569 3963 2637 4021 ad
2673 3965 2962 4022 ecclesiam
2987 3967 3202 4024 Sanctae
3235 3967 3446 4034 Mariae;
3473 3985 3560 4024 rc-

1967 4055 2246 4127 gularibus
2267 4057 2552 4112 matutinis
2579 4057 2832 4114 laudibus
2853 4059 3027 4128 prima
3053 4075 3182 4114 cum
3215 4061 3334 4116 suis
3361 4076 3564 4130 appen-

1970 4149 2128 4206 diciis
2165 4150 2524 4205 continuatim
2548 4149 2875 4222 adiungitur.
2907 4151 3006 4206 llic
3033 4154 3208 4208 etiam
3239 4154 3284 4208 si
3309 4153 3560 4208 ordinem

1969 4254 2216 4302 nostrum
2265 4260 2364 4316 per
2397 4246 2579 4301 omnia
2627 4255 2814 4302 tenere
2854 4247 3111 4310 volueris,
3155 4247 3324 4302 habes
3361 4247 3560 4302 merui-

1968 4337 2116 4395 nisse
2151 4339 2318 4409 quod,
2349 4351 2636 4408 postquam
2671 4338 2906 4394 oliicium
2944 4341 3125 4407 agitur
3154 4341 3208 4394 in
3241 4351 3420 4405 nocte,
3449 4356 3557 4398 non

277 4443 506 4500 alitem
535 4460 714 4498 rerum
739 4441 1000 4498 Conditor
1015 4460 1036 4509 ;
1091 4443 1159 4498 de
1195 4451 1394 4500 cetero
1415 4457 1634 4516 quoque
1659 4459 1728 4499 ex
1754 4453 1866 4500 toto

1968 4441 2054 4488 eat
2093 4445 2229 4503 opus
2270 4439 2328 4484 ut
2367 4431 2420 4486 i
2450 4430 2736 4485 duodecim
2787 4429 3110 4487 lectionibus
3154 4441 3275 4502 post
3317 4433 3560 4502 singulas

279 4535 577 4592 dimittitur
629 4535 880 4607 pausatio
933 4534 1252 4592 meridiana.
1305 4533 1364 4589 Si
1409 4543 1538 4592 sunt
1583 4534 1870 4590 duodecim

281 4625 564 4693 lectiones,
603 4635 731 4699 post
771 4626 1058 4700 prandium
1117 4627 1370 4682 sedemus
1422 4627 1476 4682 in
1524 4625 1762 4682 claustro
1798 4626 1870 4682 ad

277 4719 596 4787 lectionem,
609 4733 783 4790 usque
797 4721 924 4776 dum
943 4719 1240 4776 servitores
1253 4718 1594 4774 surrexerint
1607 4734 1638 4772 a
1661 4733 1868 4774 mensa.

282 4811 544 4870 Pulsatur
599 4813 818 4884 signum
873 4811 1072 4881 majus,
1123 4819 1182 4868 et
1227 4812 1476 4867 oratione
1521 4809 1682 4874 facta,
1723 4809 1870 4880 quod

281 4903 464 4960 minus
515 4901 716 4968 fiterit,
745 4910 802 4956 ut
840 4917 986 4958 nona
1025 4909 1294 4958 cantetur.
1327 4901 1686 4958 Ambulamus
1708 4901 1870 4958 solito

281 5007 434 5048 more
469 4994 526 5049 in
575 4991 926 5050 reiectorium
983 5000 1044 5046 ut
1069 4992 1338 5060 bibamus,
1371 4993 1466 5048 sed
1497 5006 1638 5064 aqua
1667 5006 1872 5063 nequa-

282 5099 444 5114 ηιιιιαιι
475 5085 702 5114 ..ΙΙΑσιῖ-ιιι

741 5084 1064 5114 η-Λνιῖηι-Ιιιιι
1109 5084 1165 5114 ιη
1195 5084 1422 5114 κάυηιῖρ
1451 5083 1638 5114 Ᾱῖηληο
1671 5099 1865 5114 nonan-ru

1973 4528 2136 4584 horas
2163 4527 2424 4598 psalmus,
2473 4527 2556 4582 Ad
2585 4526 2872 4583 Dominum
2909 4545 3058 4592 cum,
3102 4543 3206 4597 pro
3226 4528 3346 4599 ipso
3378 4524 3561 4585 cilicio

1969 4627 2244 4686 cantetur,
2266 4636 2366 4691 pro
2389 4635 2495 4692 quo
2515 4620 2766 4690 primitus
2788 4635 2820 4674 a
2850 4621 2908 4676 S.
2935 4620 3130 4690 Majolo
3153 4631 3240 4676 est
3258 4622 3559 4684 decretura,

1971 4719 2030 4766 ut
2051 4711 2292 4782 psalmus
2327 4713 2404 4768 De
2429 4715 2707 4786 profundis
2733 4713 2896 4768 simul
2929 4729 3051 4769 cum
3087 4713 3318 4783 praefato
3351 4717 3563 4785 psalmo

1971 4805 2278 4873 diceretur;
2327 4809 2422 4863 sed
2458 4808 2601 4862 hunc
2631 4815 2820 4878 postea
2867 4807 3100 4862 domnus
3139 4807 3306 4862 abbas
3337 4808 3566 4862 mutavit

1971 4899 2182 4971 psalmo
2223 4899 2356 4968 Voce
2393 4917 2546 4964 utea;
2576 4907 2631 4954 et
2663 4899 2769 4953 hoc
2795 4898 3005 4954 addidit
3032 4907 3092 4954 ut
3125 4899 3168 4954 si
3207 4899 3442 4956 oﬂicium
3465 4915 3565 4972 ge—

1973 4994 2114 5050 ritur
2143 4993 2195 5048 in
2229 5001 2409 5056 nocte,
2451 5001 2678 5062 propter
2709 4989 2814 5044 hoc
2845 4999 3026 5048 tamen
3060 4991 3152 5046 ille
3187 4991 3428 5061 psalmus
3459 5006 3564 5046 non

1975 5083 2264 5114 ηιῗηιιηηιιη
2309 5083 2596 5114 ΔηιῖΙΙσιΙι-ι·
2647 5079 2783 5114 Nor“
2811 5090 2864 5114 nl
2914 5099 3010 5114 una
3033 5082 3176 5114 υἶηηο
3230 5097 3338 5114 ιιι-Ασ-
3392 5081 3564 5114 ιπηιιιω
