4030 5354
485 215 587 270 687

1463 206 1782 266 IJDALRICI
1817 208 2312 266 CLUNIACENSIS
2345 211 2653 268 MONACIII
2717 231 2728 236 '

3645 217 3772 272 688

483 325 861 398 procederent,
893 324 1200 394 hujusmodi
1245 322 1646 393 processionem
1699 321 1750 376 in
1791 329 1982 390 quarta
2013 329 2068 374 et
2097 328 2138 384 Α
2169 321 2653 385 commilitonibus,
2681 331 2788 374 tam
2821 324 3025 390 patrios
3051 339 3226 378 mores
3253 339 3411 394 quam
3443 323 3612 393 ipsam
3654 341 3770 395 pa-
3797 397 3808 402 η

485 427 636 473 sexta
683 416 813 472 feria
855 432 882 469 a
911 416 1164 469 Kalendis
1193 414 1448 468 Novemb.
1479 427 1648 482 usque
1690 414 1756 467 ad
1783 423 1942 482 caput
1986 413 2068 480 jc-

479 512 621 582 jnnii
653 526 752 582 pro
773 509 978 580 pietate
1001 523 1095 563 sua
1129 507 1374 562 indulsit.

556 602 822 668 Interrog.
863 601 1018 654 Scire
1067 599 1223 654 velint
1269 599 1566 664 cuiusmodi
1615 598 1686 652 sit
1723 597 2066 653 intervallum

485 701 609 764 post
657 693 1006 761 psalmodiam
1037 691 1089 744 in
1133 691 1362 746 ecclesia
1407 689 1466 744 S.
1515 689 1696 744 Maria:
1727 705 2070 745 consumma-

491 793 630 846 tam;
673 782 754 834 vel
784 782 924 850 quod
977 781 1192 834 interim
1243 780 1476 834 maxime
1519 781 1589 834 sit
1623 795 1758 850 opus
1806 787 2066 844 vestrum,

488 875 573 928 vel
605 873 696 928 ubi
723 881 1018 928 conventus
1057 872 1330 926 moretur?

563 965 718 1036 Resp.
757 965 1001 1021 Breviter
1043 967 1110 1020 ad
1140 964 1348 1036 singula
1389 961 1770 1034 respondeam.
1813 959 2070 1016 Interval-

489 1060 597 1110 lum
629 1055 767 1111 solet
813 1055 1124 1125 temperari,
1153 1063 1215 1122 ut
1255 1054 1560 1110 claustralis
1609 1053 1762 1122 prior
1803 1065 1928 1108 cum
1952 1051 2073 1106 abs-

493 1163 658 1202 consa
695 1155 868 1200 totum
897 1147 1194 1202 claustrum
1223 1147 1402 1215 possit
1429 1145 1694 1210 circuire;
1737 1143 1884 1198 videt
1919 1157 2075 1196 nam-

487 1252 598 1306 que
621 1237 664 1292 si
696 1237 877 1291 omnia
903 1235 1125 1290 claustri
1173 1237 1310 1290 ostia
1357 1243 1483 1290 sunt
1525 1235 1738 1301 clausa;
1782 1234 2074 1304 perlustrat

495 1327 877 1383 dormitorium
910 1342 940 1381 a
973 1326 1076 1381 fine
1104 1341 1276 1396 usque
1303 1329 1368 1381 ad
1411 1327 1592 1392 linem,
1645 1341 1746 1381 nec
1783 1326 1962 1380 minus
2005 1325 2072 1378 ad

493 1420 642 1488 ipsas
663 1420 1013 1474 necessarias.
1051 1419 1230 1490 Pergit
1275 1419 1326 1472 in
1355 1419 1573 1473 domum
1617 1419 1980 1482 infirmorum,
2015 1427 2075 1471 ut

493 1511 672 1566 rideat
704 1517 799 1580 per
833 1511 1012 1565 omnia
1039 1525 1146 1579 quo
1167 1512 1324 1566 modo
1359 1525 1418 1566 se
1450 1511 1548 1580 ipsi
1579 1511 1815 1565 habeant
1845 1509 2068 1564 inﬁrmi.

493 1602 654 1656 Redit
683 1617 778 1671 per
803 1601 1086 1656 ecclesiam
1103 1601 1314 1660 Sancta:
1338 1602 1518 1658 Maria:
1549 1603 1600 1656 in
1621 1601 1872 1670 Maiorem
1897 1601 2076 1657 Eccle-

494 1695 649 1748 siam.
682 1691 892 1746 Nullum
924 1693 1116 1758 altare,
1157 1709 1264 1763 quo
1309 1694 1594 1764 quisquam
1643 1693 1872 1747 fratrum
1918 1706 2072 1748 acce-
2104 1667 2145 1726 θ

495 1786 623 1839 dere
650 1793 846 1854 potest,
879 1785 1101 1839 dimittit
1147 1785 1497 1852 invisitatum,
1538 1795 1596 1840 ut
1626 1787 1802 1843 videat
1836 1785 1956 1855 quis
1997 1784 2071 1839 ibi

493 1879 587 1942 sit,
617 1877 702 1932 vel
730 1877 856 1947 quid
890 1887 1080 1948 agatur
1119 1879 1185 1932 ab
1213 1893 1299 1934 eo.
1328 1878 1554 1934 Fratres
1589 1887 1768 1932 autem
1800 1879 1868 1932 de
1900 1877 2076 1932 eccle-

493 1971 572 2024 sia
603 1969 660 2024 S.
695 1970 874 2024 Maria:
903 1970 1062 2026 simul
1091 1980 1370 2037 exeuntes,
1401 1981 1596 2042 printer
1621 1974 1666 2027 si
1701 1973 1791 2042 qui
1809 1985 1944 2042 Opus
1973 1972 2071 2026 ha-

495 2059 626 2116 bent
653 2061 720 2115 ad
751 2063 1088 2116 necessarias
1130 2063 1226 2126 ire,
1279 2071 1626 2116 revertuntur
1655 2063 1707 2117 in
1739 2064 1994 2130 chorum,
2019 2069 2075 2118 ct

492 2152 686 2223 singuli
709 2153 898 2208 sedent
929 2155 980 2208 in
1011 2154 1164 2208 sedili
1197 2169 1296 2209 suo
1325 2163 1488 2225 caput
1523 2156 1783 2225 cooperti,
1821 2155 2072 2226 juvenes,

491 2245 582 2312 qui
615 2245 667 2298 in
702 2243 944 2300 custodia
974 2253 1120 2310 sunt,
1145 2245 1302 2313 juxta
1335 2248 1584 2301 custodes
1607 2261 1754 2310 suos,
1781 2245 1847 2302 de
1876 2248 2074 2317 quibus

491 2351 835 2407 summopere
882 2345 1107 2393 cavetur
1151 2353 1219 2392 ne
1270 2338 1429 2394 simul
1469 2339 1540 2392 ita
1584 2339 1830 2406 sedeant,
1880 2348 2073 2396 utnon

493 2429 730 2484 habeant
753 2429 896 2484 inter
925 2445 984 2484 se
1027 2430 1362 2499 probabilem
1405 2439 1460 2485 et
1483 2429 1611 2486 beni
1647 2429 1937 2486 testimonii
1969 2445 2077 2486 me-

489 2521 776 2588 tliatorem,
794 2529 846 2574 et
867 2521 1258 2591 unusquisque,
1282 2531 1562 2591 postquam
1587 2531 1747 2592 caput
1770 2536 2072 2592 cooperue-

494 2613 585 2676 rit,
624 2613 754 2667 facit
785 2614 928 2682 quod
959 2614 1060 2668 sibi
1111 2613 1326 2668 videtur
1352 2612 1436 2666 vel
1467 2613 1607 2682 quod
1646 2615 1914 2684 potuerit;
1948 2629 2074 2670 nam

487 2695 548 2756 ut
575 2703 678 2756 mei
709 2703 874 2772 ipsius
891 2718 988 2772 pro
1011 2701 1257 2772 exemplo
1268 2701 1626 2766 meminerim,
1643 2715 1762 2758 erat
1784 2704 2080 2773 aliquando

491 2792 632 2860 quod
689 2792 947 2847 intentius
997 2789 1246 2858 orabam,
1297 2791 1588 2860 aliquando
1649 2793 1790 2861 quod
1839 2793 2075 2860 psalmos

493 2883 858 2948 ruminabam,
911 2881 1199 2952 aliquando
1229 2881 1372 2952 quod
1422 2897 1612 2938 somno
1651 2883 1783 2939 adeo
1819 2893 2076 2953 gravatus

491 2989 664 3040 eram,
696 2985 754 3028 ut
779 2975 848 3028 ita
884 2975 1077 3030 sedens
1100 2974 1290 3030 vellem
1321 2973 1518 3029 nollem
1554 2975 1933 3040 dormitarent;
1979 2977 2072 3032 sed
2101 3010 2143 3069 (ἶ

494 3063 538 3117 si
570 3063 689 3132 quis
718 3063 946 3118 voluerit
978 3064 1241 3118 secretius
1267 3078 1450 3124 orare.
1481 3063 1674 3134 surgit,
1704 3074 1756 3119 et
1782 3065 1987 3120 secedit
2008 3065 2073 3119 ad
2103 3052 2144 3071 ’⁸

495 3154 714 3226 aliquod
743 3155 945 3222 altare;
985 3157 1072 3210 ubi
1118 3165 1292 3210 tamen
1341 3169 1446 3210 non
1483 3151 1685 3210 diutius
1725 3167 1987 3220 moratur,
2016 3165 2076 3212 ut

492 3246 675 3302 locum
737 3247 933 3302 habeat
987 3246 1124 3302 alius
1180 3246 1430 3302 similiter
1485 3245 1708 3314 orandi;
1769 3247 1894 3318 quia
1941 3247 2076 3303 satis

493 3352 667 3408 pauca
718 3346 844 3392 sunt
892 3338 1079 3398 altaria
1126 3346 1398 3393 tantorum
1449 3336 1680 3392 fratrum
1738 3337 2074 3392 multitudini

494 3440 832 3502 comparata.
867 3433 922 3486 In
966 3447 1070 3502 qua
1122 3432 1452 3488 habitudinis
1492 3431 1804 3487 diversitate
1831 3429 2076 3486 fortassis

499 3526 682 3594 plures
721 3542 827 3580 non
858 3537 982 3580 sunt
1012 3525 1118 3580 mei
1142 3525 1452 3580 dissimiles.
1487 3524 1643 3579 Pueri
1678 3525 1867 3579 sedent
1903 3524 1955 3577 in
1989 3538 2078 3577 ca-

497 3615 687 3686 pitulo,
729 3623 784 3667 et
812 3630 907 3682 per
953 3615 1186 3684 aliquem
1218 3614 1601 3684 praecinentem
1659 3623 1875 3668 cantum
1927 3611 2079 3667 addi-

499 3713 676 3759 scunt.
718 3703 869 3770 Quod
899 3705 943 3758 si
979 3713 1123 3759 tantn
1152 3713 1236 3758 cst
1285 3705 1480 3759 hiemis
1514 3703 1800 3773 asperitas.
1835 3712 1918 3758 est
1965 3699 2078 3757 offl-

497 3795 622 3848 cina
655 3794 708 3848 in
764 3809 868 3862 qua
923 3793 1140 3863 grandis
1194 3793 1346 3849 focus
1398 3793 1465 3848 ab
1495 3795 1626 3864 ipsis
1672 3795 1934 3850 fratribus
1984 3797 2076 3866 qui

499 3886 715 3940 fuerunt
753 3883 910 3954 coqui
977 3884 1174 3952 prioris
1245 3885 1562 3954 septimanae
1618 3894 1974 3955 praeparatur,
2026 3893 2080 3939 et

495 3977 626 4032 illuc
659 3991 846 4030 omnes
871 3985 976 4029 tam
1010 3973 1240 4044 majores
1270 3991 1430 4044 quam
1463 3977 1697 4031 minores
1741 3977 1898 4031 licent
1925 3993 1964 4029 -r
1992 3993 2080 4030 ac-

499 4071 716 4134 cedunt,
747 4083 866 4122 eum
897 4083 1104 4122 summa
1151 4076 1330 4120 tamen
1378 4067 1664 4136 gravitate,
1690 4067 1831 4121 sicut
1861 4067 2078 4133 dignum

501 4167 584 4214 cst
621 4160 672 4212 in
711 4157 820 4212 tali'
855 4157 1009 4212 hora.
1067 4157 1275 4210 Amodo
1320 4169 1533 4226 quoque
1561 4170 1730 4226 usque
1759 4153 1826 4209 ad
1856 4155 2078 4210 Cumani

498 4250 710 4305 Domini
729 4249 778 4302 in
796 4247 1022 4318 privatis
1045 4247 1267 4302 omnino
1285 4246 1474 4302 diebus
1489 4247 1720 4317 hymnus
1745 4245 2080 4316 completorii

2173 414 2332 467 triam
2375 421 2586 468 mutare
2617 413 2945 479 volentibus,
2974 429 3078 470 non
3117 417 3296 470 minus
3343 431 3535 486 graves
3567 427 3772 471 essent

2169 507 2236 560 ad
2261 505 2588 560 audiendum
2631 521 2790 574 quam
2827 521 3004 561 massa
3037 507 3286 576 plumbea
3333 508 3448 562 fore
3501 510 3635 564 solet
3681 511 3772 564 ad

2173 595 2520 660 portandum.
2547 593 2659 649 Nec
2688 596 2884 649 mirum
2912 595 3108 665 quibus
3139 613 3246 652 non
3275 608 3357 654 est
3389 602 3622 654 studium
3655 615 3774 654 no-

2172 685 2376 740 hiscum
2405 686 2662 751 dormire,
2689 687 2734 740 si
2762 695 2810 738 et
2831 687 2961 756 ipsis
2986 697 3187 746 nonest
3209 689 3442 744 studium
3469 690 3770 746 nobiscum

2173 778 2415 850 vigilare.

2247 868 2310 921 Et
2345 868 2468 936 quia
2519 868 2682 922 semel
2721 869 2915 938 incmpi
2945 871 3068 924 inde
3117 871 3285 940 loqui,
3326 879 3388 926 ut
3423 872 3770 929 subinferam

2172 971 2290 1026 quae
2309 959 2484 1012 adlmc
2503 959 2570 1014 de
2587 960 2774 1013 eodem
2798 975 2995 1030 genere
3021 962 3168 1029 novi,
3201 963 3253 1016 in
3293 961 3469 1018 Natali
3498 965 3598 1019 SS.
3625 981 3777 1034 apo-

2174 1050 2436 1104 stolorum
2469 1051 2612 1106 Petri
2635 1061 2690 1106 et
2717 1051 2890 1118 Pauli,
2909 1055 3158 1109 nocturni
3191 1066 3246 1110 ct
3275 1057 3556 1111 matutinae
3571 1057 3773 1112 Iaudes

2180 1149 2344 1194 tantae
2389 1150 2518 1196 sunt
2549 1143 2896 1212 prolixitatis,
2925 1154 2984 1198 ut
3031 1160 3244 1215 semper
3285 1147 3372 1201 die
3402 1149 3578 1202 adhuc
3607 1148 3772 1202 clara

2175 1231 2526 1302 incipiantur,
2559 1243 2613 1287 et
2642 1249 2916 1303 nunquam
2943 1236 3044 1290 nisi
3069 1236 3156 1291 die
3193 1238 3370 1292 adhuc
3393 1236 3534 1290 clara
3559 1239 3768 1292 finian-

2177 1333 2298 1388 tur;
2331 1335 2552 1394 prOpter
2593 1327 2734 1394 quod
2784 1341 2904 1380 cum
2948 1326 3089 1380 scire.
3127 1325 3302 1395 possis
3347 1327 3492 1396 quod
3543 1327 3640 1381 itlo
3673 1330 3772 1382 die

2155 1433 2280 1472 .non
2305 1419 2407 1472 erit
2463 1417 2596 1472 hora
2649 1417 2856 1472 tardior
2903 1417 3195 1472 dormitum
3247 1419 3570 1482 collocandi,
3607 1421 3765 1475 venit

2157 1511 2308 1566 .mihi
2358 1511 2648 1582 aliquando
2701 1512 2752 1565 in
2787 1520 3021 1566 mentem
3059 1521 3118 1568 ut
3165 1513 3334 1584 ipsam
3379 1513 3569 1568 horam
3625 1515 3766 1566 solis

2179 1603 2328 1656 radio
2351 1612 2614 1664 notarem.
2651 1617 2812 1671 quem
2857 1603 3106 1670 sequenti
3145 1603 3231 1658 die
3273 1605 3492 1672 quando
3521 1604 3770 1658 cantavi—

2177 1710 2295 1750 mus
2335 1709 2531 1749 nonam
2561 1695 2614 1748 in
2643 1693 2832 1748 eodem
2863 1695 2966 1749 vidi
2994 1709 3114 1750 esse
3139 1695 3290 1760 loco;
3331 1696 3402 1749 ita
3435 1706 3490 1748 ut
3519 1710 3770 1751 momen-

2176 1797 2288 1842 tum
2319 1787 2672 1855 praecedentis
2701 1785 3038 1855 completorii
3075 1803 3104 1839 a
3157 1796 3433 1842 momento
3479 1801 3640 1840 nonae
3679 1801 3768 1841 se-

2175 1883 2390 1949 quentis
2437 1880 2570 1934 nihil
2595 1887 2741 1935 esset
2773 1879 3035 1946 divisum;
3087 1881 3292 1936 idcirco
3341 1881 3614 1949 potuimus
3641 1897 3768 1936 cum

2177 1972 2458 2028 alacritate
2493 1981 2548 2026 et
2589 1986 2710 2027 cum
2737 1970 2916 2040 aliqua
2941 1971 3224 2025 devotione
3249 1971 3446 2038 vigiliis
3469 1973 3770 2036 interesse,

2175 2079 2274 2118 nec
2305 2071 2424 2118 erat
2455 2077 2677 2118 necesse
2707 2077 2900 2118 somno
2948 2061 3162 2116 satiatis
3199 2062 3394 2116 iterum
3423 2063 3477 2116 in
3527 2063 3766 2118 ecclesia

2177 2173 2370 2214 somno
2397 2157 2631 2226 gravari.
2663 2157 2884 2211 Fratres
2905 2157 2998 2225 qui
3027 2157 3108 2210 de‘
3122 2156 3252 2212 foris
3296 2159 3506 2212 venturi
3539 2169 3668 2214 sunt
3697 2160 3768 2213 ad

2177 2250 2590 2312 monasterium,
2614 2263 2679 2304 eo
2695 2259 2962 2319 praecepto
2982 2257 3032 2302 et
3057 2264 3118 2303 ea
3139 2250 3446 2305 conditione
3470 2268 3576 2307 non
3599 2253 3769 2308 semel

2153 2351 2303 2397 .sunt
2331 2343 2610 2397 constricti
2654 2351 2714 2396 ut
2763 2357 3038 2412 nunquam
3070 2353 3192 2412 post
3221 2343 3638 2414 completorium
3670 2362 3770 2400 au-

2177 2431 2340 2486 deant
2366 2432 2568 2486 venire.
2619 2432 2812 2488 Frater
2833 2433 2922 2502 qui
2965 2441 3081 2487 erat
3111 2435 3178 2487 ad
3229 2447 3487 2505 vesperas
3527 2437 3584 2489 in
3615 2437 3770 2492 clau-

2177 2532 2314 2589 stro,
2345 2523 2390 2578 si
2419 2531 2542 2578 ante
2557 2525 2966 2592 completorium
2991 2524 3277 2579 comedere
3301 2527 3620 2597 neglexerit,
3647 2537 3770 2598 post

2177 2613 2586 2682 completorium
2613 2611 2808 2667 nullius
2837 2614 2914 2668 rei
2939 2617 3108 2683 gratia
3133 2613 3350 2671 habebit
3377 2617 3652 2671 licentiam
3679 2632 3770 2671 c0-

2177 2703 2448 2762 medendi.
2480 2712 2706 2772 excepto
2743 2705 2791 2757 si
2839 2703 2930 2759 tali
2961 2706 3278 2761 infirmitate
3303 2715 3584 2774 gravatur,
3612 2706 3770 2760 verbi

2177 2797 2372 2865 gratia,
2394 2811 2493 2866 ego
2513 2797 2748 2865 quatiam
2765 2797 2882 2852 vice
2893 2797 3232 2853 cellerarium
3247 2799 3354 2852 vidi
3381 2808 3490 2852 tota
3511 2797 3602 2852 die
3629 2799 3770 2852 reci-

2179 2889 2372 2958 piendo
2387 2888 2567 2941 vinum
2583 2897 2932 2958 occupatum,
2955 2899 3009 2945 et
3037 2891 3102 2944 de
3133 2891 3359 2961 prandio
3375 2891 3768 2946 minimecura-

2177 2979 2280 3043 vit;
2323 2987 2442 3048 post
2484 2979 2890 3048 completoriutn
2933 2995 3182 3048 qumrens
3223 2997 3252 3035 a
3293 2982 3514 3036 domino
3569 2982 3768 3036 abbate

2177 3070 2450 3126 licentiam
2467 3071 2790 3139 prandendi,
2813 3086 3031 3141 prorsus
3055 3071 3186 3125 nihil
3209 3072 3468 3136 obtinuit;
3495 3082 3543 3125 et
3562 3072 3636 3126 ita
3663 3071 3764 3124 im-

2176 3177 2427 3234 pransus,
2446 3161 2603 3218 vellet
2626 3161 2810 3229 nollet,
2826 3165 3064 3218 cubitum
3081 3163 3385 3221 recessit.Si
3399 3164 3613 3222 videres
3631 3179 3770 3236 quo-

2177 3275 2282 3329 que
2327 3261 2378 3313 in
2411 3259 2832 3329 Quadragesima
2861 3259 3003 3328 quali
3039 3261 3168 3314 hora
3201 3263 3391 3316 damus
3434 3277 3662 3332 operam
3707 3270 3766 3315 ut

2179 3351 2531 3417 dormiamus,
2549 3353 2734 3420 utique
2758 3350 3011 3406 fatereris
3035 3354 3168 3407 satis
3192 3367 3290 3408 nos
3307 3363 3518 3407 mature
3540 3368 3766 3424 surgere

2177 3457 2337 3514 posse
2365 3443 2430 3495 ad
2457 3451 2770 3497 nocturnos.
2825 3441 2950 3497 [late
2998 3443 3150 3512 quasi
3188 3443 3625 3500 extraordinario
3655 3445 3764 3499 sint

2179 3535 2345 3592 dicta.
2388 3542 2444 3587 ut
2492 3527 2723 3588 noveris
2763 3549 2862 3588 nos
2901 3535 2954 3588 in
3008 3537 3496 3591 comessationibus
3543 3547 3758 3590 nectent

2182 3625 2489 3694 espendcre
2519 3623 2680 3680 nolle.

2761 3715 2988 3771 CAPUT
3029 3716 3186 3771 XLII.

2219 3805 2292 3860 De
2336 3805 2609 3876 festivitate
2639 3805 2886 3876 Omnium
2919 3807 3254 3873 Sanctorum,
3286 3820 3334 3862 et
3369 3809 3728 3864 recordatione

2498 3877 2732 3930 omnium
2755 3875 3021 3932 Fidelium
3047 3880 3436 3948 defunctorum.

2251 3967 2306 4020 In
2355 3965 2649 4021 festivitate
2701 3965 2958 4022 Omnium
3009 3966 3331 4024 Sanctorum
3383 3971 3450 4024 ad
3503 3945 3762 4041 utrasque

2181 4072 2330 4127 vesp.
2357 4072 2454 4112 nec
2483 4059 2674 4128 psalmi
2707 4073 2807 4113 nec
2836 4059 3146 4127 antipbonte
3190 4070 3493 4126 mutantur,
3538 4071 3596 4117 et
3619 4064 3764 4120 sicut

2181 4165 2280 4220 per
2309 4161 2476 4205 totum
2521 4167 2720 4204 annum
2758 4151 2826 4205 de
2855 4152 2984 4222 ipsis
3015 4155 3258 4222 quotidie
3303 4165 3592 4212 cantamus
3622 4155 3763 4226 psal-

2183 4257 2302 4296 mos
2329 4239 2646 4308 Conﬁtebor.
2673 4239 2909 4307 Credidi,
2938 4242 3004 4296 1η
3033 4247 3398 4312 conuertenda,
3447 4245 3610 4316 Eripe
3637 4265 3761 4312 me;

499 4351 604 4408 est,
631 4341 856 4404 Christe,
883 4340 972 4409 qui
998 4339 1090 4392 lux
1117 4355 1168 4392 es
1201 4339 1286 4402 ;si
1321 4346 1499 4393 tamen
1523 4337 1684 4392 nulla:
1705 4345 1828 4392 sunt
1851 4347 2076 4393 octavte.
2111 4349 2158 4406 ι)
2186 4329 2418 4400 hymnus
2445 4331 2608 4384 etiam
2641 4343 2743 4394 ess.
2767 4329 2972 4386 Christe
3003 4331 3348 4404 Redemptor;
3377 4339 3470 4392 sed
3498 4353 3622 4392 cunt
3653 4349 3760 4392 tam

575 4431 839 4499 Interrog.
882 4429 986 4483 Sed
1037 4437 1156 4497 post
1209 4428 1474 4496 Vesperas
1503 4443 1625 4483 cum
1677 4443 1776 4481 nec
1823 4428 2074 4492 emnetis,

499 4537 602 4576 nec
659 4521 1036 4576 defunctorum
1091 4519 1292 4588 geratis
1339 4518 1596 4586 cilicium,
1633 4521 1760 4590 quid
1805 4519 1947 4574 aliud
1999 4527 2080 4574 est

499 4610 644 4680 quod
680 4618 898 4680 geratur
924 4625 954 4662 a
987 4608 1171 4662 vobis?

573 4699 730 4769 Resp.
769 4699 914 4754 Imus
937 4699 989 4752 in
1013 4698 1413 4766 dormitorium,
1455 4699 1704 4754 cultellos
1731 4707 1946 4754 nostros
1987 4699 2080 4754 de-

497 4792 780 4863 ponimus,
826 4791 1192 4846 abstrabimns
1223 4791 1436 4846 calceos
1463 4791 1738 4848 diurnales
1775 4800 1830 4845 et
1861 4803 2080 4848 noctur-

465 4911 468 4914 ι
499 4880 655 4937 nales
683 4880 986 4944 induimus;
1039 4881 1291 4934 sedemus
1317 4881 1370 4934 in
1405 4879 1644 4935 claustro
1671 4881 1737 4935 ad
1767 4879 2075 4944 lectionem,

501 4974 744 5044 tangitur
768 4972 1072 5044 cymbalum
1099 4981 1158 5026 ut
1179 4987 1370 5028 manus
1393 4973 1654 5040 lavemus,
1681 4983 1736 5028 et
1769 4974 1821 5028 in
1847 4974 2078 5030 refecto-

501 5067 643 5124 riutn
685 5065 874 5124 bibere
908 5066 1210 5121 veniamus.
1246 5067 1510 5124 Sedemus
1555 5069 1752 5124 iterum
1793 5069 1858 5122 ad
1889 5069 2076 5124 lectio-

499 5171 650 5224 nem,
679 5165 906 5212 sonatur
933 5157 1083 5212 scilla
1107 5158 1174 5211 ad
1205 5159 1576 5216 collationem.
1600 5159 1838 5230 Itemque
1864 5169 1916 5215 et
1947 5159 2078 5214 illud

501 5265 600 5284 nun
638 5258 787 5284 nov-In
816 5249 1032 5284 “neraria
1064 5249 1206 5284 ﬂllnl'
1247 5251 1289 5284 εἴ
1322 5251 1608 5284 alim-Mn!"
1633 5253 1892 5284 Ληηοῖηηῖι
1923 5253 2076 5284 ηΑΙιίο

2183 4421 2438 4477 solemnis
2467 4423 2694 4477 melodia
2725 4439 2886 4492 quam
2925 4433 2980 4478 et
3029 4425 3146 4495 ipse
3176 4427 3292 4482 dies
3347 4437 3429 4482 est
3475 4429 3760 4484 solemnis.

2181 4511 2364 4582 Hyrie,
2397 4512 2590 4567 eleison
2615 4529 2828 4582 quoque
2875 4525 3002 4570 ante
3045 4517 3384 4574 Dominieam
3421 4520 3756 4584 Orationem,

2181 4619 2304 4658 cum
2343 4604 2398 4658 in
2427 4605 2546 4660 aliis
2579 4605 2768 4660 diebus
2813 4609 2880 4660 ad
2904 4621 3096 4663 omnes
3133 4611 3410 4677 reguL‘tres
3437 4612 3600 4667 horas
3631 4623 3756 4668 tunc

2181 4711 2247 4750 ex
2287 4705 2516 4766 utroque
2541 4698 2708 4752 choro
2738 4698 3006 4766 dicamus,
3041 4701 3096 4754 in
3127 4701 3230 4756 isto
3261 4712 3440 4758 tamen
3463 4706 3532 4759 ad
3565 4719 3754 4774 vespe-

2159 4805 2272 4844 ras
2291 4799 2350 4845 et
2375 4799 2566 4844 matut.
2599 4790 2788 4844 laudes.
2811 4792 3022 4846 nonnisi
3055 4801 3264 4848 tantum
3295 4797 3362 4850 ad
3395 4797 3534 4850 duas
3571 4798 3751 4862 vices;

2179 4881 2322 4949 quod
2360 4879 2522 4933 etiam
2572 4893 2668 4947 per
2715 4888 2884 4934 totum
2929 4895 3130 4936 annum
3183 4883 3436 4938 similiter
3485 4893 3752 4939 tenemus.

2179 4969 2310 5023 ltem
2357 4969 2424 5024 ad
2454 4983 2708 5036 vesperas
2739 4978 2793 5022 et
2830 4978 3024 5024 tnatut.
3076 4971 3218 5026 laud.
3261 4989 3368 5026 non
3413 4972 3536 5028 alia:
3563 4988 3758 5044 preces

2179 5063 2614 5129 dicunturquam
2661 5061 2716 5114 hi
2745 5061 3017 5128 versiculi,
3069 5063 3192 5118 Post
3229 5075 3464 5134 partum.
3511 5065 3580 5118 In
3625 5083 3756 5120 con-

2178 5163 2352 5220 spectu
2377 5151 2700 5218 angelorum.

2249 5244 2502 5284 Πιιεὶιηνίς
2543 5254 2722 5284 εὶιιιριη
2768 5245 2819 5284 in
2851 5247 3092 5284 contioni:
3132 5248 3218 5284 alia
3245 5248 3314 5284 (In
3343 5248 3382 5284 Ω
3432 5250 3670 5284 (Voca-sin
3702 5261 3756 5284 ne
