4030 5354
251 385 360 442 689

994 393 1568 456 CONSUETUDINES
1606 400 2146 460 CLUNIACENSES.
2173 438 2242 446 —
2269 406 2470 462 LIBER
2499 408 2776 466 PRIMUS.

3415 423 3517 479 630

247 497 530 564 laudibus,
592 509 646 556 et
691 505 1024 560 matutinalis
1073 509 1236 564 missa
1285 511 1680 570 solemnissime
1727 532 1826 586 pro
1857 522 1901 578 Α
1930 519 2118 576 ordine
2149 535 2254 590 quo
2281 521 2516 578 solemus
2543 526 2610 578 ad
2639 525 2818 590 horas,
2850 537 3134 584 cantamus
3163 547 3303 597 eam,
3338 545 3391 589 et
3421 553 3518 606 per

247 589 503 646 omnibus
543 591 794 650 ﬁdelibus
834 598 1122 666 defunctis,
1172 619 1269 672 pro
1314 606 1507 675 quibus
1553 619 1608 664 ct
1635 610 1830 680 singuli

245 681 558 736 Sacerdotes
581 683 821 752 privatas
855 687 1048 744 missas
1087 701 1212 748 sunt
1255 697 1546 751 cantaturi.
1585 697 1694 754 Sed
1729 715 1831 754 nec

245 775 314 829 ad
349 791 619 846 chperas,
659 795 760 836 nec
789 781 856 834 ad
885 781 1018 838 alias
1041 785 1186 842 vices
1218 787 1284 842 de
1309 788 1555 846 collectis
1595 803 1678 848 est
1707 809 1827 848 am-

239 867 386 938 plius
417 869 704 926 dicendum
728 888 890 942 quam
925 893 1030 930 una
1077 884 1446 938 tantummodo
1487 885 1734 952 collecta,
1775 889 1828 944 id

239 969 350 1023 est,
381 959 674 1026 Fidelium,
707 965 868 1020 Deus.
895 967 1008 1024 Hoc
1031 971 1174 1026 enim
1203 973 1482 1030 decretum
1513 987 1594 1034 est
1615 994 1642 1034 a
1667 979 1828 1038 Patre

239 1051 490 1118 Odilnne,
531 1063 588 1108 ut
616 1056 755 1112 sicut
789 1059 842 1112 in
871 1061 1050 1129 priore
1080 1063 1166 1119 die
1211 1071 1658 1126 commemoratio
1707 1071 1826 1130 ﬁeri

237 1140 378 1194 solet
399 1141 656 1198 Omnium
697 1145 1040 1212 Sanctorum.
1073 1153 1154 1209 sic
1205 1165 1260 1208 et
1295 1156 1348 1210 in
1380 1161 1626 1230 sequenti
1672 1177 1824 1218 com-

237 1237 563 1290 memoratio
611 1239 850 1294 omnium
897 1241 1162 1300 Fidelium
1214 1249 1615 1306 defunctorum.
1683 1255 1826 1326 Ergo

237 1322 382 1376 unde
411 1325 676 1382 acciderit
707 1332 848 1400 quod
902 1335 1003 1390 hoc
1033 1337 1154 1406 pius
1192 1339 1356 1394 Pater
1390 1346 1692 1411 constituit,
1729 1322 1824 1418 qui

232 1416 354 1486 ejus
387 1417 563 1472 Vitam
613 1420 828 1490 legerit,
855 1425 926 1480 ibi
969 1427 1108 1485 bene
1157 1431 1258 1486 hoc
1289 1433 1462 1502 ipsum
1491 1416 1824 1508 cognoscere

230 1517 434 1578 potest.
471 1509 572 1566 Hic
599 1524 802 1582 autem,
846 1525 904 1571 ut
931 1521 1076 1588 quod
1125 1522 1300 1580 adhuc
1333 1537 1582 1596 superest
1605 1529 1822 1599 explea-

231 1606 344 1664 tur,
373 1598 660 1656 duodecim
693 1619 958 1676 pauperes
997 1611 1246 1682 ubertim
1274 1628 1400 1672 sunt
1435 1598 1712 1678 reﬁciendi
1755 1624 1826 1680 de

231 1703 399 1758 pane,
437 1692 567 1748 vino
622 1705 678 1750 et
707 1713 900 1764 carne;
933 1711 984 1754 et
1013 1715 1278 1776 quotquot
1301 1695 1564 1782 pauperes
1591 1715 1680 1770 alii
1723 1733 1820 1772 su-

227 1786 602 1853 pervenerint,
625 1791 878 1847 omnibus
910 1795 978 1850 de
1005 1811 1146 1866 pane
1189 1809 1246 1854 et
1290 1801 1415 1858 vino
1443 1805 1816 1866 misericordia

229 1875 618 1944 impendenda.
661 1881 730 1937 Et
771 1887 898 1956 quia
947 1889 1174 1948 refectio
1221 1904 1408 1952 nostra
1456 1913 1562 1954 non
1615 1901 1814 1970 injuria

231 1971 436 2028 lautior
485 1985 572 2031 cst
627 1989 856 2051 propter
897 2002 1088 2044 onmes
1137 2001 1358 2046 sanctos
1405 2009 1564 2064 qttam
1593 2011 1820 2070 propter

225 2079 424 2120 omnes
449 2067 634 2126 ﬁdeles
663 2073 966 2142 defunctos,
999 2079 1054 2134 in
1097 2080 1208 2152 ipsa
1237 2083 1532 2142 festivitate
1561 2067 1818 2146 Omnium

231 2154 566 2214 Sanctorum
591 2163 852 2234 quidquid
877 2169 1034 2238 panis
1064 2181 1120 2226 et
1165 2173 1276 2228 vini
1297 2187 1546 2246 superest
1571 2179 1638 2235 ad
1665 2195 1818 2236 men-

225 2261 344 2302 sam
377 2251 446 2304 ad
472 2251 868 2328 eleemosynam
893 2261 1073 2318 datur.
1099 2265 1176 2320 De
1205 2267 1308 2323 hoc
1329 2270 1624 2341 exemplari
1649 2275 1816 2330 traxit

224 2343 468 2400 etmodo
503 2347 734 2406 domnus
775 2353 946 2409 abbas
991 2355 1156 2428 (quod
1201 2361 1315 2430 jam
1357 2363 1412 2417 in
1451 2365 1558 2422 alio
1589 2367 1728 2432 loco,
1767 2369 1813 2424 si

225 2438 566 2507 memineris,
589 2448 930 2516 memoravi),
961 2459 1020 2506 ut
1057 2463 1176 2521 post
1210 2463 1430 2512 octavas
1465 2456 1816 2516 Pentecodes

223 2530 485 2598 specialis
537 2537 844 2596 recordatio
899 2539 1000 2597 ﬁat
1029 2542 1256 2599 illorum
1315 2547 1368 2600 in
1409 2549 1649 2618 quolibet
1695 2551 1813 2608 loco

223 2629 438 2688 nostro,
467 2623 561 2694 qui
597 2625 652 2682 in
681 2627 802 2702 ipso
833 2629 952 2688 loco
979 2643 1108 2690 sunt
1131 2637 1348 2706 sepulti.

791 2743 1022 2802 CAPUT
1058 2747 1240 2804 XLIII.

217 2825 300 2881 De
321 2826 606 2896 festivitate
635 2835 803 2886 sancti
847 2835 1086 2922 Martini,
1131 2851 1179 2894 et
1207 2847 1668 2906 consuetudinibus
1696 2869 1814 2922 qua

769 2915 892 2959 tunc
921 2909 1256 2968 inchoantur.

291 2993 452 3059 Quod
493 2993 846 3056 festivitatem
893 3000 950 3056 S.
997 3001 1214 3060 Martini
1245 3021 1368 3062 eum
1413 3013 1622 3072 octavis
1669 3015 1814 3070 cclea

223 3085 470 3154 bramus,
501 3090 608 3146 hoc
653 3094 920 3160 processit
965 3111 994 3148 a
1040 3098 1217 3166 primo
1245 3099 1352 3156 laci
1407 3105 1578 3159 nostri
1623 3105 1813 3164 abbate

1933 623 1992 662 se
2015 618 2197 678 postea
2243 611 2534 666 scrvitores
2569 629 2582 666 :
2613 628 2711 670 nec
2739 613 2968 685 amplius
3009 627 3134 674 ante
3163 636 3418 692 vesperas
3445 625 3512 678 ad

1931 697 2220 766 bibendum
2279 701 2334 762 iu
2387 701 2733 758 rcfectorium
2803 707 3066 764 redimus.
3137 709 3244 766 Per
3292 724 3513 770 octavas

1933 789 1990 844 S.
2026 791 2262 860 Martini,
2289 803 2340 848 et
2375 809 2472 863 per
2500 805 2718 850 octavas
2765 797 3058 854 Dominica:
3109 801 3417 861 Nativitatis
3457 815 3513 862 et

1930 881 2268 951 Epiphania},
2327 885 2535 940 duabus
2605 887 2814 944 vicibus
2877 891 3296 960 manducamus;
3383 909 3510 967 post

1931 981 2126 1032 utatut.
2159 973 2342 1030 laudes
2391 975 2724 1044 dormimus;
2777 979 2900 1034 inde
2943 981 3172 1050 primam
3205 995 3506 1042 cantamus.

1928 1059 2170 1118 Ofﬁcium
2210 1073 2390 1120 tamen
2415 1065 2798 1124 Defunctorum
2844 1071 2912 1126 de
2947 1072 3064 1128 loco
3087 1089 3184 1128 suo
3211 1091 3318 1129 non
3347 1078 3511 1132 omit-

1931 1154 2094 1208 timus
2131 1155 2272 1210 inter
2309 1165 2601 1212 nocturnos
2627 1169 2682 1213 ct
2713 1169 2900 1216 matut.
2931 1162 3116 1218 laudes
3147 1167 3442 1238 agendum...

2491 1249 2720 1304 CAPUT
2760 1251 2942 1308 XLIV.

2412 1337 2491 1394 De
2521 1337 2758 1396 Adventu
2793 1343 3022 1400 Domini.

1995 1426 2052 1481 lu
2099 1427 2346 1484 Adventu
2389 1429 2624 1498 Domini,
2673 1435 2885 1503 quoties
2933 1436 3214 1494 duodecim
3261 1439 3397 1497 ﬁunt
3435 1441 3508 1499 lc~

1923 1519 2154 1580 ctioncs.
2188 1521 2522 1576 abstinemus
2551 1525 2619 1579 ab
2650 1525 2834 1594 adipe;
2885 1527 3104 1584 minime
3161 1539 3336 1586 tamen
3375 1549 3506 1588 can.

1925 1619 2090 1674 tatur,
2139 1609 2323 1666 Gloria
2373 1613 2426 1670 in
2473 1615 2712 1682 excelsis,
2768 1633 3078 1688 quanquam
3145 1621 3281 1676 alias
3331 1623 3506 1678 Natali

1923 1702 1979 1758 S.
2011 1703 2241 1760 Andreae
2265 1706 2492 1776 apostoli
2520 1717 2723 1762 tantum
2759 1707 3055 1774 deferatur,
3085 1720 3146 1766 ut
3169 1711 3288 1780 ejus
3311 1721 3504 1768 octava

1921 1793 2036 1848 dies
2065 1794 2222 1863 pleno
2249 1811 2344 1866 per
2383 1797 2560 1852 omnia
2597 1797 2900 1854 celebretur
2932 1799 3128 1856 cilicio.
3156 1801 3236 1856 Ad
3273 1803 3502 1871 primam

1921 1883 2209 1952 Capitulum
2241 1893 2502 1951 mutatur,
2535 1887 2674 1942 sicut
2701 1889 2862 1942 etiam
2895 1889 2948 1942 in
2979 1888 3414 1960 Septuagesima,
3445 1903 3506 1946 ut

1921 1992 2021 2048 pro
2071 1977 2196 2050 Regi
2230 1989 2403 2032 autem
2453 1981 2766 2034 sa’rnlorum
2815 1981 3031 2036 dicatur
3072 1983 3312 2048 Domine,
3354 1986 3508 2039 mise-

1921 2084 2033 2128 rere
2053 2071 2235 2124 nostri.
2264 2069 2367 2124 Per
2391 2085 2580 2126 omnes
2608 2071 2916 2142 Dominicas
2941 2087 3110 2142 usque
3153 2074 3220 2128 ad
3255 2072 3504 2128 Natalem

1919 2159 2136 2214 Domini
2171 2143 2578 2230 postiAlleluia,
2621 2164 2904 2231 sequentia
2941 2171 3215 2218 cantatur.
3249 2163 3501 2218 Comme-

1917 2254 2149 2308 moralio
2192 2251 2249 2308 S.
2299 2251 2489 2309 Crucis
2529 2265 2652 2324 post
2696 2269 2951 2325 vesperas
2992 2263 3046 2310 et
3101 2263 3294 2308 matut.
3351 2255 3526 2332 laud._

1917 2345 2186 2400 omittitur
2233 2361 2404 2416 usque
2449 2357 2568 2416 post
2610 2357 2832 2402 octavas
2877 2347 3219 2416 Epipltanite;
3279 2347 3418 2401 unde
3449 2357 3504 2401 et

1919 2449 2039 2510 post
2063 2439 2270 2508 primas
2291 2455 2544 2509 vesperas
2569 2439 2848 2494 Adventus
2873 2439 3106 2504 Domini,
3131 2456 3239 2494 non
3263 2440 3328 2493 ad
3361 2439 3500 2494 Satt-

1917 2543 2058 2587 ctam
2083 2531 2336 2600 Crucem,
2395 2533 2486 2588 sed
2533 2531 2600 2586 ad
2626 2530 2684 2587 S.
2741 2531 2964 2585 Mariam
3005 2531 3184 2600 agitur
3216 2531 3493 2600 processio

1916 2637 2040 2678 cum
2101 2639 2349 2694 respons.
2385 2621 2580 2676 Missus
2629 2633 2739 2686 est;
2773 2631 2892 2692 post
2935 2631 3130 2676 matut.
3166 2622 3352 2677 laudes
3375 2638 3496 2677 cum

1881 2727 2158 2782 °respons.
2211 2713 2347 2770 Ecce
2385 2711 2572 2784 Virgo;
2625 2711 2872 2776 collecta,
2931 2712 3089 2778 Dens,
3139 2711 3228 2782 qui
3286 2709 3504 2776 salutis,

1915 2805 2000 2859 vel
2049 2804 2186 2858 Deus
2235 2807 2324 2876 qui
2376 2805 2438 2858 de
2493 2800 3158 2868 beattv;Gratiamtunm;
3192 2802 3495 2857 Benedicta.

1913 2896 1970 2952 In
1997 2899 2082 2954 die
2108 2913 2230 2952 cum
2281 2913 2422 2968 resp.
2473 2895 2577 2951 Ave
2625 2895 2834 2960 Maria;
2886 2912 2981 2965 per
3034 2896 3330 2952 claustrum
3371 2911 3495 2950 etuu

1916 2965 2210 3057 antipbona
2249 2965 2424 3042 Venite
2466 3003 2677 3051 euntes;
2707 2995 2781 3051 ct,
2827 2985 2871 3042 0
2912 3002 3067 3056 quam
3111 2995 3256 3040 casta
3290 2985 3492 3052 Mater,-

1914 3081 2260 3146 novisssime,
2295 3089 2354 3134 ut
2401 3080 2566 3134 moris
2613 3086 2712 3142 est,
2745 3089 2994 3134 can'atur
3039 3077 3242 3148 aliquid
3275 3079 3340 3132 de
3370 3093 3498 3147 apo-

219 3182 470 3250 pmprio,
501 3183 710 3239 scilicet
741 3185 960 3250 domino
989 3188 1196 3256 Odone,
1239 3193 1334 3262 qui
1367 3193 1600 3253 Turonis
1629 3202 1810 3256 orinno
1840 3209 1884 3272 ο
1915 3171 2098 3272 “fuas;
2123 3172 2220 3226 sed
2245 3169 2484 3242 prmum
2515 3170 2820 3272 ἷ¹¹¹ίῙΡ¹¹⁰¹¹π
2975 3169 3108 3272 fuas
3140 3169 3492 3272 (ῙξωῖιυθΡὼ

221 3272 326 3328 dus
355 3271 418 3328 S.
463 3273 682 3330 Martini
713 3278 994 3347 alumnus,
1037 3291 1094 3336 et
1119 3284 1416 3342 canonicos
1435 3297 1552 3342 erat
1579 3289 1810 3358 ibidem;

221 3362 366 3416 unde
385 3365 716 3434 antipbonas
737 3383 848 3424 non
867 3371 1142 3441 antiquas,
1155 3375 1250 3428 sed
1277 3391 1466 3438 novas.
1491 3393 1628 3450 quas
1655 3381 1813 3439 modo

223 3464 520 3510 cantamus
543 3457 598 3512 in
631 3459 976 3529 Depositione
1007 3463 1064 3516 S.
1109 3466 1440 3524 confesstiris
1469 3479 1522 3524 et
1550 3472 1813 3544 episcopi,

221 3559 388 3616 super
413 3557 712 3606 nocturnos
759 3555 874 3624 ipse
917 3556 1064 3622 fecit,
1097 3559 1212 3630 ipse
1231 3559 1512 3632 hymnum,
1542 3564 1656 3634 ipse
1683 3581 1814 3635 quo-

221 3651 348 3704 que,
377 3646 438 3692 ut
463 3641 802 3708 praemissum
847 3655 950 3712 est,
983 3657 1206 3705 octavas
1243 3668 1370 3708 suas
1406 3653 1618 3710 indixit.
1651 3656 1816 3726 Cujus

223 3728 345 3784 Vita
378 3745 504 3785 cum
557 3733 624 3788 sit
669 3735 938 3804 luculento
966 3741 1107 3811 stle
1145 3746 1462 3814 composita,
1492 3756 1548 3802 ct
1591 3750 1656 3804 de
1685 3749 1817 3820 ipsis

221 3821 356 3877 adeo
387 3823 678 3881 virtutibus
699 3828 1036 3886 admiranda.
1077 3833 1178 3888 SS.
1216 3835 1410 3894 Patres
1452 3840 1645 3905 nostri,
1674 3841 1816 3897 sicut

221 3911 276 3968 in
311 3913 706 3984 Assumptioue
729 3917 786 3974 S.
824 3919 1023 3984 Maria},
1059 3924 1134 3978 it’a
1161 3925 1252 3980 hic
1281 3941 1496 3997 quoque
1527 3929 1816 3986 noluerunt

219 4025 278 4067 ut
305 4015 360 4068 in
385 4016 508 4084 ejus-
533 4017 874 4088 Depositione
900 4024 1042 4080 aliud
1071 4025 1418 4098 Evangeiium
1439 4019 1816 4100 pronuntiare-

221 4122 330 4180 tur,
385 4117 476 4172 vel
523 4117 624 4172 alia
687 4120 1124 4196 bomiliaquam
1179 4130 1294 4201 ipsa
1345 4131 1464 4186 Vita
1525 4132 1810 4202 legeretur.

221 4221 492 4279 Omnibus
545 4225 804 4280 horarum
857 4229 1072 4300 hymnis
1128 4235 1218 4289 bic
1273 4249 1460 4292 versus
1504 4239 1810 4307 apponitur,

225 4319 477 4388 Μαι-εἰπε,
505 4341 606 4393 par
633 4327 906 4397 apostolis.
932 4333 1084 4398 Quod
1113 4335 1158 4389 si
1193 4335 1387 4390 iterant
1418 4338 1556 4394 scire
1580 4327 1812 4396 volueris

221 4437 330 4492 quo
357 4433 650 4482 cantentur
673 4430 864 4488 ordine
905 4449 1002 4502 per
1041 4425 1262 4491 Octavus
1286 4417 1592 4508 antipbonae
1619 4441 1686 4494 ad
1715 4443 1812 4496 bo-

1917 3263 2144 3318 minicas
2168 3278 2274 3318 non
2321 3269 2616 3327 mutantur,
2657 3275 2758 3315 nec
2800 3261 3095 3330 capitulum
3128 3263 3196 3316 ad
3249 3261 3488 3323 tertiam,

1915 3355 2050 3410 Ecce
2081 3355 2192 3409 dies
2217 3353 2446 3420 veniunt,
2487 3337 2655 3422 usque
2676 3353 2742 3406 ad
2780 3352 3127 3408 novissimam
3157 3353 3494 3407 Dominicam

1915 3449 1968 3506 in
1994 3463 2096 3516 qua
2124 3445 2410 3500 dicendurm
2456 3453 2536 3498 cst
2567 3441 2799 3498 Gaudete
2829 3445 2881 3497 in
2909 3443 3151 3497 Domino.
3179 3444 3232 3496 ln
3269 3443 3495 3514 privatis

1915 3539 2103 3596 diebus
2130 3537 2196 3592 ad
2227 3545 2418 3591 matut.
2461 3536 2606 3590 laud.
2638 3545 2692 3590 et
2726 3549 2994 3604 vesperas',
3044 3537 3186 3604 quod
3213 3545 3267 3589 ct
3299 3537 3350 3590 in
3385 3534 3493 3587 alio

1915 3634 2034 3689 loco
2083 3631 2195 3701 jam
2239 3645 2348 3685 non
2391 3629 2555 3690 tacui.
2604 3629 2858 3684 dicuntur
2900 3629 2982 3683 bas
3029 3643 3236 3700 preces,
3273 3627 3496 3682 Oremus

1915 3743 2008 3795 pro
2035 3726 2176 3779 omni
2203 3726 2374 3794 gradu
2404 3721 2680 3777 Ecclesiw.

1980 3817 2145 3872 Inter.
2188 3816 2436 3884 Nunquid
2457 3824 2512 3870 et
2532 3817 2584 3870 in
2612 3815 2734 3872 aliis
2751 3816 3042 3871 Dominicis
3058 3815 3380 3870 acturicstis
3397 3815 3494 3868 ite»

1915 3925 2034 3964 rum
2055 3923 2294 3979 process.
2311 3924 2432 3963 cum
2455 3923 2596 3978 reSp.
2617 3909 2684 3964 ad
2703 3919 2893 3964 matut.
2911 3908 3118 3976 laudes,
3135 3918 3188 3962 et
3209 3911 3508 3978 vesperas‘l

1989 3999 2148 4070 Resp.
2189 4000 2432 4056 Minime.

1927 4155 1932 4158 η
1986 4091 2156 4146 Inter.
2197 4091 2264 4146 Et
2295 4107 2430 4162 quas
2473 4092 2798 4164 antipbonas
2842 4093 3070 4147 cantatis
3109 4093 3176 4146 ad
3226 4092 3384 4146 horas
3413 4107 3496 4145 rc-

1914 4185 2159 4256 gulares?

1985 4275 2140 4346 Resp.
2181 4276 2236 4330 ln
2267 4275 2508 4344 qualibet
2547 4275 2824 4348 Dominica
2865 4275 3197 4346 antipbonar,
3220 4290 3337 4343 qua:
3365 4289 3502 4336 cans

1913 4377 2036 4422 tata:
2059 4377 2185 4424 sunt
2211 4368 2278 4422 ad
2303 4376 2493 4422 matut.
2523 4366 2727 4431 laudes,
2759 4375 3047 4420 cantantur
3071 4375 3124 4420 et
3155 4367 3218 4419 ad
3263 4365 3508 4434 primum.

1913 4469 1968 4516 ct
1989 4469 2278 4530 sequentes
2305 4459 2486 4514 boras.
2514 4457 2570 4512 In
2599 4459 2827 4528 privatis
2854 4459 3042 4513 diebus
3073 4473 3176 4512 non
3221 4457 3336 4511 alia:
3363 4472 3492 4536 can-

223 4539 333 4590 tas,
369 4527 625 4583 nimirum
668 4545 777 4587 non
811 4534 1076 4590 minorem
1125 4539 1544 4608 antipbonarnm
1597 4543 1804 4614 copiam
1838 4551 1886 4611 ῐ)
1917 4527 2100 4608 tantur
2127 4567 2298 4622 quam.
2339 4551 2668 4620 quotidianre
2716 4565 2887 4620 usque
2915 4551 2982 4604 ad
3013 4550 3371 4620 septimanam
3410 4548 3510 4620 je~

226 4617 488 4677 habemus
519 4635 682 4689 quam
731 4623 783 4676 in
833 4626 1056 4692 prmfata
1087 4627 1469 4700 Assumptionc
1500 4633 1555 4688 S.
1591 4633 1804 4702 Marim;

227 4709 458 4780 ideoque
476 4715 620 4784 quod
649 4723 779 4770 tunc
808 4715 1054 4784 fecimus,
1099 4737 1242 4775 nunc
1285 4723 1458 4789 ipsum
1485 4739 1697 4794 quoque
1725 4725 1805 4780 fa-

227 4813 350 4854 cere
395 4803 654 4870 solemus,
707 4813 763 4859 nt
795 4808 1042 4878 antiquas
1076 4822 1458 4868 nocturnorum
1488 4816 1809 4885 antipbonas

229 4892 294 4946 ad
329 4905 619 4952 nocturnos
649 4913 750 4968 per
778 4897 944 4955 ferias
963 4912 1266 4959 cantemus.
1287 4905 1421 4960 illas
1444 4923 1564 4978 qua:
1593 4918 1718 4964 sunt
1745 4911 1810 4966 de

231 4993 419 5038 matut.
473 4985 728 5043 laudibus
760 4991 823 5044 ad
881 5003 1070 5050 matut.
1126 4993 1334 5049 laudes.
1387 4996 1563 5053 Novas
1603 5009 1807 5068 autem,

231 5087 364 5126 003$
389 5074 495 5126 iam
524 5078 636 5126 diti
669 5096 696 5126 τι
738 5081 796 5126 S-
841 5083 898 5126 β-
933 5083 1118 5126 Πιιηιιρ
1149 5085 1378 5126 dir-tntae

1449 5105 1544 5126 non
1588 5091 1809 5126 {linus-.a

1906 4645 2046 4716 junii
2073 4644 2316 4712 Quatuor
2346 4641 2696 4712 Tcmporum.

2484 4733 2712 4790 CAPUT
2751 4731 2912 4786 XLV.

1913 4885 1926 4892 η
2083 4825 2158 4879 De
2187 4826 2474 4894 septimana
2493 4823 2688 4892 jejunii
2725 4820 2967 4886 Quatuor
3003 4819 3336 4888 'l'etnporum.

1984 4916 2136 4984 Quod
2163 4917 2207 4972 si
2237 4915 2420 4984 vigilia
2471 4913 2675 4968 Natalis
2707 4913 2920 4967 Domini
2959 4910 3202 4992 evenerit
3261 4912 3314 4980 in
3365 4911 3499 4967 Sab-

1911 5009 2062 5072 bato,
2104 5017 2230 5060 tunc
2281 5005 2462 5075 agitur
2507 5002 2772 5071 jejunium
2803 4999 3052 5067 Quatuor
3087 4999 3416 5069 Temporum
3449 5001 3500 5054 in

1915 5097 2208 5126 Rhn|:lnl\llﬂ
2240 5095 2607 5126 qunnru'nninn
2663 5093 2713 5126 in
2770 5093 2930 5126 ﬂll:lln
2965 5093 3128 5126 [ἱθῖηηὶ
3165 5095 3506 5126 nrmnnﬂnntn
