4030 5354
527 428 626 484 891

1521 429 1846 488 UDALRICI
1884 433 2381 492 CLUNIACENSIS
2419 429 2728 492 MONAClll

3700 430 3809 486 692

524 557 679 605 ναι-ω
719 539 784 595 al
812 557 1034 609 nonam,
1075 542 1278 598 Ponam
1308 543 1362 598 in
1400 542 1546 600 Sion.
1584 545 1782 602 Verum
1811 548 1878 604 de
1907 549 1990 606 his
2038 551 2116 606 l'e-
2143 561 2191 621 Α
2219 566 2408 608 carnes
2437 550 2696 616 serviant,
2738 548 2833 604 sed
2879 547 3018 604 tanti
3061 555 3296 619 quantos
3324 545 3425 618 ipsi
3461 545 3605 601 inter
3631 559 3692 602 se
3719 560 3811 600 vo-

528 634 752 689 r'alibus
775 635 1087 706 antiphonis
1107 645 1190 692 est
1216 653 1346 703 una,
1381 637 1432 692 id
1453 648 1536 695 est
1561 637 1739 696 Nolite
1763 643 1966 709 timere,
1993 659 2114 716 qua:

531 737 748 792 semper
777 735 1104 796 reservatur,
1139 736 1198 782 nt
1227 727 1280 782 in
1317 728 1497 784 Natali
1543 730 1602 786 S.
1635 731 1856 788 Thema:
1883 737 2112 806 apostoli

519 807 656 882 post
687 823 818 869 mat.
849 813 1036 872 laudes
1062 833 1160 888 pro
1203 821 1583 878 recordatione
1618 822 1884 881 Dominici
1930 837 2114 884 cante-

527 916 618 962 tur
653 905 945 970 Adventus,
981 907 1082 962 nisi
1114 907 1254 964 forte
1283 911 1560 983 contingat
1590 922 1649 968 ut
1675 913 1791 984 ipsa
1837 913 2113 974 lestivitas

527 1000 600 1056 de
626 999 747 1056 loco
771 1016 870 1055 suo
896 1013 950 1056 et
981 1002 1069 1058 die
1097 1012 1357 1059 mutetur.
1396 1004 1638 1061 Mutatur
1680 1018 1885 1076 autem,
1915 1013 1960 1066 si
1986 1025 2111 1066 eve-

517 1089 670 1172 nerit
696 1090 750 1144 in
771 1100 923 1146 sexta
956 1090 1090 1148 feria
1119 1092 1361 1161 Quatuor
1383 1097 1734 1168 Teniporum,
1756 1108 1811 1155 et
1839 1101 1892 1156 in
1924 1103 2113 1172 quinta

527 1182 868 1250 praecedente
895 1183 1207 1240 celebratur
1237 1204 1258 1240 τι
1279 1197 1372 1242 aut
1408 1188 1453 1242 si
1479 1190 1725 1246 evenerit
1767 1190 1820 1246 in
1852 1191 2110 1260 Sabbato,

515 1269 613 1349 ivel
645 1273 697 1327 in
726 1275 968 1344 sequenti
995 1276 1295 1345 Dominica,
1324 1278 1630 1335 celebratur
1670 1282 1724 1336 in
1771 1283 2007 1338 secunda
2041 1283 2113 1339 ie-

529 1363 632 1417 ria.
661 1363 719 1418 ln
750 1374 941 1436 quarta
976 1365 1111 1423 feria
1153 1368 1348 1441 jejunii
1381 1369 1710 1427 inchoantur
1738 1375 2108 1444 responsoria,

531 1454 719 1512 Clama
747 1459 800 1512 in
830 1460 1161 1529 fortitudine.
1193 1462 1250 1517 ln
1279 1463 1384 1519 illis
1413 1465 1584 1521 tribus
1607 1466 1874 1530 noctibus,
1913 1469 2114 1538 quibus

530 1546 720 1601 eadem
750 1559 1044 1605 cantantur
1073 1553 1438 1622 responsoria,
1461 1557 1843 1625 pronuntiatur
1861 1557 2110 1630 Evange-

529 1639 682 1704 lium,
709 1647 766 1693 et
796 1655 904 1696 non
932 1642 1164 1714 amplius
1201 1659 1367 1715 quam
1391 1645 1668 1718 Evangelii
1695 1664 1760 1704 ex
1799 1665 1959 1706 more
1979 1650 2112 1720 legi-

529 1739 620 1782 tur
641 1729 891 1799 homilia;
929 1733 1103 1804 prima
1141 1744 1318 1792 tamen
1346 1737 1564 1794 bomilia
1586 1756 1706 1795 cum
1731 1742 1802 1797 sit
1829 1742 1988 1814 longe
2011 1743 2115 1799 mi-

529 1837 632 1876 nor
658 1823 866 1880 duabus
895 1829 1280 1898 sequentibus;
1307 1846 1411 1903 ego
1439 1833 1681 1902 quidem,
1723 1835 1768 1890 si
1816 1836 1956 1891 bene
1999 1851 2114 1893 me-

2214 642 2435 708 lucrint,
2467 651 2518 699 et
2549 657 2685 712 opus
2705 655 2829 697 esse
2857 641 3108 696 viderint.

2282 733 2339 789 In
2372 733 2550 805 vigilia
2589 733 2795 788 Natalis
2850 732 3063 789 Domini
3109 731 3360 788 nocturni
3399 721 3534 786 fiunt
3582 731 3725 787 sicut
3751 732 3814 789 in

2214 827 2454 898 quolibet
2483 827 2696 898 privato
2723 826 2831 894 die,
2858 826 3078 896 triginta
3099 824 3327 897 psalmis
3353 823 3816 894 praecedentibus,

2214 933 2320 974 nec
2340 916 2468 988 quid
2499 926 2742 972 remanet
2788 917 2859 972 de
2895 926 3090 972 caetera
3135 913 3452 986 psalmodia,
3483 928 3605 984 quae
3641 912 3729 968 vel
3753 914 3814 967 in

2213 1007 2382 1065 choro
2431 1006 2514 1061 vel
2553 1007 2608 1063 in
2658 1007 2888 1064 ecclesia
2925 1007 2986 1062 S.
3018 1004 3200 1059 Mariae
3243 1005 3454 1059 cantari
3497 1003 3632 1060 solet
3685 1015 3820 1059 ante

2213 1109 2408 1157 matut.
2451 1102 2595 1158 laud.
2625 1101 2708 1156 Ad
2739 1111 3035 1158 nocturnos
3082 1100 3278 1173 legitur
3307 1100 3396 1154 illa
3429 1099 3681 1170 Origenis
3711 1101 3814 1155 bo-

2213 1192 2359 1247 milia
2386 1210 2400 1246 :
2433 1191 2568 1258 Quae
2595 1192 2696 1262 fuit
2725 1193 3023 1247 necessitas.
3054 1191 3136 1268 Ad
3168 1199 3362 1245 matut.
3400 1189 3588 1244 laudes
3618 1189 3818 1244 {omnis

2214 1282 2566 1352 complicatis,
2609 1290 2666 1337 et
2721 1281 2986 1352 tapetibus
3035 1280 3346 1343 constratis,
3400 1289 3456 1335 et
3511 1280 3693 1350 primo
3745 1293 3817 1334 ex

2213 1387 2373 1428 more
2403 1373 2564 1443 signo
2585 1388 2693 1428 uno
2720 1373 2933 1445 pulsato
2965 1381 3020 1428 et
3050 1373 3302 1430 oratione
3333 1372 3500 1438 facta,
3526 1371 3824 1442 pulsantur

2213 1465 2391 1523 omnia
2422 1465 2592 1537 signa,
2624 1479 2728 1520 nec
2765 1465 2856 1520 alii
2901 1466 3091 1535 psalmi
3133 1480 3297 1535 quam
3325 1465 3425 1536 qui
3449 1463 3819 1520 solemnitati-

2211 1555 2313 1610 bus
2344 1563 2655 1625 competunt
2680 1563 2990 1623 cantantur,
3019 1555 3261 1626 psalmus
3306 1556 3696 1628 nonagesimus
3729 1570 3818 1612 se~

2213 1647 2420 1704 candus
2457 1657 2518 1702 et
2545 1662 2806 1719 sequaces
2849 1648 2988 1718 ejus.
3039 1647 3464 1718 Responsorium
3512 1646 3714 1701 Indica
3766 1659 3818 1702 et

2211 1736 2512 1793 Jerusalem
2559 1754 2590 1792 a
2647 1738 2858 1794 duobus
2905 1747 3192 1804 cantatur;
3253 1736 3426 1792 altare
3476 1737 3818 1792 incensatur.

2212 1829 2396 1885 Prima
2428 1840 2607 1886 tamen
2635 1847 2744 1886 non
2772 1839 3058 1901 separatur
3084 1829 3153 1885 ab
3177 1829 3306 1900 ipsis
3334 1828 3620 1884 matutinis
3644 1828 3818 1893 laud.,

518 1918 687 2000 mini,
721 1919 841 1990 plus
863 1920 1150 1992 aliquando
1173 1923 1370 1980 lectum
1394 1942 1514 1981 esse
1537 1929 1738 1996 audivi,
1771 1939 1824 1984 et
1865 1931 2106 1986 additum
2137 1919 2184 1980 Β
2213 1937 2315 1977 nec
2340 1937 2370 1976 a
2399 1923 2574 1991 prima
2604 1921 2763 1978 solito
2792 1935 2944 1978 more
2964 1931 3174 1993 septem
3201 1921 3394 1992 psalmi
3433 1937 3554 1976 eum
3588 1920 3813 1975 letania.

530 2011 597 2065 de
627 2014 970 2068 sermonibus
1006 2027 1317 2072 sanctorum
1363 2018 1619 2087 Patrum;
1669 2024 1761 2078 sed
1790 2023 1892 2079 hoc
1930 2035 2116 2095 postea

533 2106 924 2172 reprehensum
952 2116 1034 2162 cst
1063 2123 1092 2162 a
1123 2109 1432 2166 senioribus
1462 2113 1682 2169 nostris.
1709 2113 1787 2170 Tu
1817 2130 1946 2186 ergo
1981 2116 2119 2188 elige

531 2196 674 2264 quod
713 2198 885 2266 magis
905 2197 1142 2254 volueris
1169 2215 1199 2254 e
1229 2201 1454 2258 duobus.

601 2284 766 2340 Inter.
795 2287 852 2341 ln
887 2285 1147 2354 Sabbato,
1177 2305 1300 2345 eum
1333 2309 1437 2347 non
1472 2294 1719 2350 habeatis
1750 2297 1996 2367 proprias
2027 2314 2122 2352 au-

529 2379 777 2448 tiphonas
821 2381 922 2436 nisi
967 2383 1035 2439 de
1075 2383 1255 2456 vigilia
1298 2385 1503 2442 Natalis
1543 2388 1777 2456 Domini,
1827 2391 1954 2462 quid
1997 2407 2125 2449 can-

529 2471 691 2526 tatis?
833 2525 835 2527 ,

603 2563 756 2634 Resp.
785 2565 852 2620 Ut
880 2566 1022 2622 scire
1045 2575 1220 2637 potes,
1268 2569 1400 2626 duas
1437 2571 1569 2627 satis
1607 2573 1876 2645 proprias,
1908 2576 2030 2646 quia
2062 2577 2126 2632 de

527 2657 660 2726 ipsis
683 2657 902 2726 psalmis
923 2669 1067 2726 sunt,
1098 2664 1149 2715 in
1176 2675 1428 2733 promptu
1456 2666 1729 2720 canendas
1756 2667 2038 2733 habemus,
2073 2669 2127 2722 id

528 2759 632 2814 est,
663 2750 835 2816 Λάιον,
871 2753 1106 2818 Domine,
1138 2755 1333 2822 levavi;
1359 2767 1430 2822 et,
1462 2756 1802 2829 Extpcctemr
1849 2765 1983 2817 sicut
2005 2762 2126 2830 plu-
2151 2741 2169 2761 ’

528 2841 637 2906 eia,
682 2843 768 2896 his
813 2845 1060 2901 addimus
1116 2863 1234 2917 quae
1283 2849 1570 2905 incantata:
1629 2838 1990 2908 remanseritit
2028 2871 2128 2927 pro

529 2931 830 2989 festivitate
856 2934 912 2991 S.
941 2935 1183 3004 Thamar,
1208 2939 1314 3004 vel,
1355 2940 1398 2994 si
1432 2955 1568 3010 quas
1597 2941 1730 2996 alias
1780 2945 1845 2998 de
1877 2943 1982 2999 alio
2007 2945 2127 3000 loco

531 3031 706 3100 magis
734 3041 1102 3102 competentes
1126 3035 1390 3091 videmus.
1427 3037 1733 3094 Prtccentor
1758 3049 1812 3095 et
1837 3041 2128 3107 armarius,

533 3120 798 3190 siquidem
830 3131 1075 3178 scnsatus
1103 3133 1157 3179 et
1187 3125 1459 3181 studiosus
1487 3137 1598 3192 est,
1633 3145 1738 3183 non
1780 3130 2006 3184 multum
2033 3145 2130 3203 pro

533 3211 846 3281 huiusmodi
882 3216 1102 3281 errabit,
1133 3225 1188 3272 et
1226 3219 1290 3272 ad
1333 3218 1478 3274 illum
1524 3221 1759 3291 pertinet
1803 3223 1984 3278 omnia
2013 3237 2131 3294 quae

534 3317 663 3361 sunt
693 3305 849 3376 hujus
875 3309 1088 3380 generis
1115 3311 1418 3381 providere.

606 3399 775 3455 Inter.
809 3401 952 3473 Ergo
1002 3402 1165 3473 ipsas,
1205 3403 1270 3459 de
1319 3405 1512 3475 quibus
1559 3406 1759 3474 agitur,
1808 3407 2133 3477 autipbonas

539 3493 888 3549 rnatutiuales
935 3502 1216 3564 postquam
1249 3495 1416 3550 semel
1460 3511 1649 3552 ontncs
1693 3498 1976 3565 cantastis,
2006 3497 2134 3568 quid

539 3584 717 3639 tacitis
745 3585 790 3640 si
821 3587 1058 3640 nondum
1089 3595 1170 3640 est
1200 3585 1402 3642 Natalis
1433 3588 1687 3642 Domini?

613 3674 763 3744 Resp.
814 3675 951 3744 Quid
1001 3678 1245 3742 interest,
1302 3679 1348 3733 si
1394 3682 1633 3736 secundo
1677 3695 1772 3737 eas
1820 3680 2131 3761 repetimus,

540 3764 801 3820 nimirum
837 3767 982 3822 aliud
1014 3784 1119 3822 non
1151 3769 1399 3822 facimus.

1114 3859 1340 3914 CAPUT
1380 3859 1567 3914 XLVI.

819 3951 895 4003 De
923 3949 1094 4019 vigilia
1128 3961 1177 4004 et
1206 3951 1270 4004 de
1295 3951 1379 4005 die
1409 3949 1594 4005 Natali
1628 3951 1861 4006 Domini.

622 4042 926 4111 Aliquando
971 4042 1190 4110 quidam
1241 4040 1380 4096 forte
1425 4042 1637 4098 libellus
1673 4044 1818 4098 venit
1853 4043 1904 4098 in
1948 4060 2138 4100 manus

543 4154 784 4204 noswas,
814 4135 1073 4191 simulans
1103 4135 1246 4204 quod
1273 4135 1400 4190 olim
1431 4136 1664 4206 scriptus
1691 4148 1832 4192 esset
1861 4145 1986 4193 ante
2017 4138 2127 4207 pitt-

543 4245 634 4286 res
663 4243 848 4290 atinas,
891 4227 943 4281 in
990 4241 1098 4302 quo
1144 4227 1284 4281 inter
1329 4235 1523 4282 caetera
1564 4227 1868 4282 habebatur
1898 4237 2136 4283 nostram

543 4340 664 4380 esse
707 4321 1165 4392 consuetudinem;
1199 4329 1259 4375 ut
1315 4320 1368 4375 in
1417 4319 1593 4374 Natali
1639 4321 1850 4375 Domini
1897 4321 2137 4376 ministe-

542 4417 683 4472 rium
715 4415 960 4484 coquina:
983 4413 1213 4467 domnus
1235 4411 1401 4468 abbas
1430 4421 1486 4467 et
1521 4411 1835 4468 celierarius
1882 4427 2003 4466 cum
2044 4413 2136 4467 dc-

543 4507 695 4564 cauis
749 4505 910 4562 simul
958 4504 1181 4560 faciant.
1227 4503 1379 4571 Quod
1432 4503 1552 4559 ideo
1613 4514 1792 4559 tacere
1851 4503 2028 4567 nolui,
2078 4512 2138 4557 ut

2220 2014 2467 2071 Psalmus
2508 2029 2725 2086 quoque
2773 2013 3027 2068 Miserere
3056 2029 3154 2084 pro
3196 2013 3464 2068 defunctis
3507 2012 3814 2076 abbatibus,

2221 2107 2348 2164 licet
2371 2109 2476 2162 duo
2504 2108 2594 2162 alii
2628 2115 2943 2162 remaneant
2967 2107 3278 2176 prtecedens
3310 2115 3365 2161 et
3397 2120 3655 2174 sequens,
3681 2105 3823 2158 sicut

2138 2239 2142 2248 λ
2223 2199 2385 2254 etiam
2417 2207 2601 2268 postea
2643 2197 2712 2252 ad
2756 2212 2946 2253 omnes
2989 2197 3172 2252 horas.
3206 2197 3342 2253 Tres
3381 2197 3656 2252 orationes
3697 2211 3822 2251 ante

2225 2291 2441 2346 tertiam
2459 2289 2654 2344 stando
2675 2297 2929 2360 aguntur,
2947 2288 3098 2359 quia,
3121 2298 3474 2358 posteaquam
3491 2296 3688 2341 matut.
3706 2287 3824 2342 latr-

2225 2382 2320 2440 des
2352 2393 2477 2438 sunt
2498 2384 2765 2453 inemptas,
2793 2391 2908 2438 toto
2936 2382 3028 2437 illo
3051 2382 3138 2436 die
3159 2397 3496 2453 nequaquam
3526 2396 3700 2450 genua
3729 2381 3825 2436 ile-

2227 2482 2465 2541 etuntur,
2494 2484 2726 2543 excepto
2761 2473 2829 2529 ad
2855 2473 3131 2540 letaniam,
3166 2483 3221 2528 et
3249 2474 3464 2544 quando
3499 2475 3553 2529 in
3584 2474 3828 2545 capitulo

2230 2563 2494 2619 Nativites
2532 2564 2739 2619 Dotnini
2768 2565 3172 2635 pronuntiatur.
3208 2564 3437 2634 Propter
3472 2565 3616 2635 quod
3657 2567 3828 2620 etiam

2229 2657 2532 2714 matutinali
2573 2659 2738 2712 missa
2785 2673 2887 2729 pro
2929 2656 3178 2713 ﬁdelibus
3225 2657 3492 2714 defunctis
3543 2657 3719 2723 ﬁnita,
3757 2658 3828 2712 ad

2230 2753 2405 2823 ipsum
2435 2751 2730 2822 capitulum
2763 2750 3024 2821 prolixius
3053 2751 3201 2807 scilla
3249 2750 3516 2820 pulsatur,
3547 2759 3607 2804 ut
3635 2765 3830 2805 omnes

2230 2844 2440 2917 possint
2469 2843 2794 2910 convenire;
2839 2851 2896 2896 et
2943 2857 3066 2897 cum
3114 2840 3388 2895 Dominica
3433 2839 3722 2905 Naticitss,
3769 2849 3831 2893 ut

2232 2936 2568 3008 praemissum
2615 2943 2718 3001 cst,
2751 2934 3150 3004 pronuntiatur,
3200 2932 3438 2988 universi
3479 2932 3720 2987 solemus
3771 2931 3830 2984 in

2232 3027 2426 3082 laciem
2473 3025 2696 3091 cadere,
2749 3034 2805 3081 et
2853 3024 3166 3096 aliquandiu
3223 3024 3276 3079 in
3325 3024 3572 3079 oratione
3621 3022 3833 3093 jacere.

2235 3119 2534 3175 Transacto
2561 3118 2799 3188 capitulo
2836 3132 2942 3173 non
2989 3133 3236 3173 caremus
3285 3115 3502 3172 licentia
3549 3114 3830 3184 loquendi,

2237 3213 2506 3270 etiterum
2537 3221 2660 3284 post
2695 3222 2926 3279 sextam,
2951 3212 3076 3282 quia
3126 3229 3223 3283 per
3267 3222 3433 3268 totam
3476 3210 3716 3266 futuram
3748 3228 3834 3266 sev-

2235 3305 2532 3376 ptimanam
2574 3304 2831 3359 debemus
2879 3304 3208 3374 generaliter
3246 3319 3368 3359 esse
3417 3312 3685 3369 tacentes,
3729 3302 3830 3357 nisi

2237 3409 2496 3469 quantum
2541 3398 2815 3468 loquimur
2842 3398 2895 3452 in
2924 3397 3182 3467 capitulo,
3220 3406 3274 3454 et
3304 3398 3372 3453 ad
3411 3395 3832 3453 confessionem.

2239 3491 2410 3562 Major
2433 3491 2596 3545 missa
2621 3489 2934 3546 solemuiter
2957 3491 3286 3556 celebratur,
3310 3489 3659 3546 subdiaeouis
3681 3488 3838 3543 indu-

2238 3581 2310 3635 tis
2362 3581 2566 3646 tunica,
2611 3579 2838 3641 diacono
2890 3580 3215 3647 dalmatica,
3265 3581 3356 3652 qui
3407 3591 3555 3636 tenet
3606 3581 3833 3635 chorum

2237 3687 2428 3743 cappa,
2457 3671 2541 3727 vel
2589 3671 2680 3742 qui
2716 3671 3027 3742 gradualem
3077 3681 3318 3728 cantant.
3360 3674 3439 3728 Ad
3487 3672 3836 3740 vespertina-

2239 3761 2344 3818 lem
2381 3763 2783 3834 processionem
2827 3778 3074 3835 respons.
3115 3763 3160 3819 0
3195 3781 3443 3835 magnum
3491 3765 3834 3834 mysterium;

2239 3854 2463 3909 collecta
2492 3853 2655 3919 Deus,
2689 3853 2778 3924 qui
2823 3853 3031 3911 salutis.
3074 3853 3130 3908 In
3170 3855 3285 3924 ipsa
3316 3864 3474 3908 nocte
3523 3853 3840 3908 Nativitatis

2240 3951 2477 4016 Domini,
2504 3951 2820 4021 priusquam
2850 3960 3212 4022 consurgatur
3253 3950 3319 4005 ad
3354 3958 3676 4012 nocturnos,
3707 3963 3839 4019 qua-

2240 4052 2363 4099 tuor
2389 4044 2536 4099 cerei
2561 4057 2662 4114 per
2687 4057 2924 4117 quatuor
2944 4043 3170 4114 angulos
3193 4042 3414 4097 claustri
3441 4043 3840 4106 accenduntur,

2233 4135 2436 4207 iugiter
2480 4153 2653 4206 usque
2705 4140 2773 4194 ad
2817 4138 2958 4194 diem
3007 4137 3206 4200 arsuri,
3243 4135 3461 4206 quintus
3483 4135 3538 4190 in
3563 4134 3672 4190 olla
3701 4151 3843 4189 mar-

2240 4243 2424 4284 morea
2454 4227 2728 4299 perlucida
2753 4229 2971 4300 ponitur
2994 4228 3047 4282 in
3073 4228 3318 4283 medium
3337 4226 3611 4282 lavatorii.
3635 4227 3841 4295 Quam-

2238 4320 2322 4375 vis
2350 4331 2533 4375 autem
2571 4321 2858 4376 missarum
2905 4320 3163 4381 solemnia
3211 4329 3293 4375 ter
3335 4321 3448 4375 sint
3487 4319 3834 4383 celebranda,

2233 4396 2420 4466 tamen
2449 4413 2662 4467 cantica
2692 4412 2999 4483 quindecim
3041 4413 3302 4484 graduum
3333 4428 3440 4466 non
3471 4414 3845 4482 prsetermitti-

2239 4519 2360 4558 mus
2386 4514 2513 4559 ante
2538 4514 2866 4570 nocturnos;
2897 4505 3087 4581 prima:
3138 4514 3247 4559 tres
3287 4505 3550 4560 lectiones
3595 4505 3664 4559 de
3715 4521 3840 4576 pro-

547 4599 948 4654 auimadvertas
995 4612 1025 4650 a
1069 4603 1270 4666 quanta
1313 4595 1600 4650 sanctitate
1644 4595 1796 4650 locus
1834 4605 2022 4650 noster
2051 4595 2137 4649 in-
2164 4609 2216 4668 ι)
2242 4595 2436 4665 pbeta,
2463 4603 2656 4664 quarta
2707 4595 2773 4650 de
2816 4595 2954 4653 libro
3002 4594 3316 4666 Sapientiae,
3370 4596 3482 4666 Ego
3531 4599 3794 4667 sapientia
3822 4593 3843 4631 -'

547 4692 730 4760 cmpit,
761 4705 1070 4759 quanquam
1099 4691 1385 4748 modotnon
1417 4688 1510 4753 sit,
1543 4703 1643 4743 nec
1670 4689 1873 4758 absque
1902 4688 2140 4742 maxima

546 4780 954 4851 importunitate
981 4795 1100 4836 esse
1128 4780 1301 4850 possit
1325 4779 1559 4850 idipsum
1589 4780 1906 4836 humilitatis
1934 4789 1988 4835 et
2012 4779 2139 4834 reli-

549 4873 723 4943 gionis
747 4871 1074 4940 exemplum.
1115 4871 1251 4925 Nam
1296 4880 1581 4943 pOStquam
1627 4879 1682 4924 et
1718 4870 1832 4925 haec
1857 4870 2012 4924 vinea
2045 4884 2144 4925 no-

548 4979 660 5024 stra
687 4966 929 5023 extendit
958 4966 1206 5035 palmites
1234 4980 1360 5020 suos
1382 4978 1553 5035 usque
1579 4963 1646 5018 ad
1684 4979 1836 5018 mare
1868 4954 1922 5019 et
1950 4950 2140 5032 usque,

549 5077 658 5115 non
709 5055 776 5114 ad
820 5057 1051 5127 ﬂumen,
1091 5058 1185 5112 sed
1226 5058 1294 5111 ad
1339 5056 1558 5112 ﬂumina
1609 5056 1774 5111 multa
1820 5056 2144 5125 propagines

551 5166 697 5215 suas,
740 5149 878 5206 tanti
932 5148 1185 5211 fratrum,
1236 5147 1368 5202 tanti
1415 5145 1690 5216 hospitum
1739 5155 2034 5202 accurrunt
2075 5146 2143 5199 ad

552 5249 949 5270 .nn-npnnnlam
1005 5236 1402 5270 enhamnhnlnns
1477 5237 1673 5270 III-"nso
1719 5235 1940 5270 οἴου-ἠιιῆ
1981 5237 2143 5270 [soluat

2242 4701 2382 4740 nona
2422 4697 2474 4741 ct
2508 4686 2630 4741 dua:
2668 4695 2958 4756 sequentes
2993 4687 3059 4742 de
3088 4688 3310 4742 homilia
3350 4687 3509 4743 Beda:
3538 4691 3842 4760 presbyteri

2244 4793 2406 4849 super
2438 4779 2642 4850 Evang.
2674 4778 2742 4832 In
2772 4779 3068 4850 principio;
3099 4779 3416 4835 duodecima
3440 4779 3602 4835 lectio
3634 4792 3722 4835 est
3750 4782 3847 4835 ho-

2244 4872 2391 4926 milia
2444 4873 2586 4927 beati
2631 4871 2878 4943 Gregorii
2928 4885 3080 4943 papa:
3130 4871 3196 4924 de
3245 4886 3331 4934 eo,
3381 4870 3532 4924 Exiit
3581 4871 3842 4925 edictum:

2243 4962 2592 5033 Evangelium
2622 4963 2764 5032 quod
2804 4961 3085 5032 legendum
3115 4971 3217 5026 est,
3260 4969 3344 5016 est
3387 4962 3453 5015 de
3491 4962 3845 5033 generatione

2244 5050 2445 5107 Christi
2500 5052 2797 5107 secundum
2845 5051 3180 5112 Matthzeum.
3223 5049 3489 5117 Collecta,
3543 5051 3708 5116 Dens,
3754 5053 3842 5122 qui

2247 5143 2382 5197 hanc
2411 5143 2822 5197 sacratissimum
2851 5152 3072 5208 noctem.
3099 5140 3417 5195 Proeeditur
3444 5154 3570 5195 cum
3619 5156 3846 5210 respon-

2247 5234 2390 5270 cnrin
2437 5233 2814 5270 Α”ιηςϐνιηιηιιηη
2847 5243 2921 5270 σοι
2985 5231 3051 5270 ηδ
3079 5231 3361 5270 nnnlncinm
3395 5229 3611 5270 ganeum
3640 5231 3821 5270 “ari-v-
