4030 5354
301 339 410 396 993

1051 338 1623 399 CONSUETUDINES
1653 339 2194 400 CLUNIACENSES.
2229 374 2292 384 —
2313 341 2510 399 LIBER
2543 341 2816 402 PRIMUS.

3462 341 3568 398 094
3613 399 3616 403 .

298 450 474 511 mlum
497 449 792 524 pulsatum,
818 450 886 507 ad
907 452 1191 508 ecclesiam
1219 454 1587 508 convenimus.
1621 453 1884 508 Sacerdos
1914 463 1960 518 Λ
1990 459 2078 504 tur
2106 465 2137 505 a
2167 450 2341 505 nobis.
2365 450 2538 520 Super
2563 450 2797 520 psalmos
2819 448 3208 519 vespertinaIes
3236 451 3561 520 antiphonte,

296 542 596 612 ceterique
639 544 872 600 ministri
923 552 1208 614 postquam
1264 543 1466 598 fuerint
1504 544 1683 599 vestiti
1733 542 1883 613 (quia

295 639 428 686 tunc
482 632 661 687 oratio
698 648 808 688 non
852 633 913 688 ﬁt
960 633 1016 688 in
1061 633 1273 703 choro),
1305 633 1586 704 pulsantur
1626 633 1777 704 signa
1826 641 1884 688 ut

292 723 462 779 missa
493 733 764 793 cantetur,
788 727 1042 780 Dominus
1072 727 1205 780 dixit
1233 727 1302 780 ad
1332 743 1412 782 me
1439 741 1459 780 :
1492 727 1558 781 ad
1586 720 1747 795 'quam
1773 735 1883 780 tres

290 820 554 868 cantores
578 815 761 885 cappis
803 815 1001 880 induti.
1049 815 1192 870 sicut
1226 817 1387 872 etiam
1429 817 1496 870 ad
1528 815 1777 881 alteram,
1805 824 1883 870 te-

290 914 427 960 nent
450 907 701 973 chorum,
735 907 988 977 utrinque
1017 906 1232 962 illorum
1274 907 1592 962 candelabra
1624 916 1749 963 sunt
1785 921 1881 976 po-

297 998 428 1064 sita,
444 1007 504 1054 et
531 1013 693 1069 super
709 1013 774 1054 ea
803 1000 945 1054 cerei
969 999 1406 1070 splendentes:hi
1437 1009 1615 1054 autem
1639 999 1728 1068 qui
1752 1013 1882 1054 ean-

290 1088 458 1144 tnturi
491 1097 620 1145 sunt
649 1088 1050 1159 responsorium
1078 1089 1162 1144 vel
1190 1087 1422 1154 alleluia,
1450 1096 1732 1158 postquam
1756 1103 1881 1142 ean-

285 1179 528 1234 taverint
547 1179 689 1250 quod
717 1179 818 1236 sibi
841 1191 924 1236 est
948 1181 1296 1246 destinatum,
1319 1178 1684 1250 adiunguntur
1709 1179 1880 1236 tribus

285 1271 620 1340 supradictis
651 1271 964 1328 cantoribus
1003 1288 1109 1326 una
1141 1272 1341 1328 recturi
1370 1272 1630 1338 chorum;
1663 1272 1804 1341 quod
1828 1279 1882 1327 et

285 1360 342 1416 in
371 1361 624 1430 sequenti
650 1361 812 1416 missa
857 1361 1106 1416 similiter
1154 1362 1270 1416 lieri
1307 1361 1464 1415 solet.
1493 1359 1620 1415 Post
1667 1359 1878 1416 alleluia

285 1454 576 1525 sequentia
615 1453 895 1522 jubilatur,
953 1453 1120 1510 Credo
1167 1462 1448 1518 cantatur,
1495 1469 1600 1508 una
1658 1451 1878 1507 oﬂ‘ertur

283 1545 488 1613 hostia,
525 1556 580 1600 et
603 1561 706 1616 pax
736 1548 804 1600 ab
834 1561 943 1601 uno
967 1546 1244 1616 recipitur.
1275 1545 1578 1603 Cautantur
1597 1544 1878 1598 matutinae

281 1637 502 1704 laudes;
552 1638 814 1705 collecta,
857 1637 1121 1704 Concede,
1166 1653 1505 1708 qutesumus,
1555 1635 1878 1705 omnipotens

281 1726 458 1795 Deus;
483 1731 552 1785 de
578 1729 848 1800 suﬂragiis
870 1741 1177 1786 sanctorum
1201 1729 1333 1784 nihil
1355 1728 1643 1793 omittitur,
1671 1743 1770 1783 nec
1799 1726 1874 1783 illi

1986 540 2151 596 Sinite
2177 543 2442 612 paruulos,
2473 542 2653 612 Angeli
2685 558 2886 606 eorum,
2928 538 3036 596 Sub
3065 541 3253 596 throno
3276 541 3391 608 Dei,
3418 543 3563 598 Can-

1983 631 2374 687 tabantsaneti.
2409 632 2524 688 Duo
2553 641 2839 702 sequentes
2885 632 3020 696 dies,
3065 633 3108 687 si
3155 641 3332 687 tamen
3375 642 3566 687 neuter

1983 728 2067 774 est
2120 720 2426 776 Dominicus
2462 722 2598 787 dies,
2645 722 3014 777 assimilantur
3052 721 3124 780 illi
3165 721 3366 791 quinta:
3417 721 3566 776 ferite

1982 813 2066 866 vel
2096 821 2260 868 sextae
2303 830 2422 884 qua:
2449 823 2532 868 est
2559 814 2612 868 in
2641 814 2842 881 majore
2886 813 3112 869 Pascha!
3142 814 3464 884 septimana.
3505 813 3563 868 ln

1983 905 2162 975 priore
2184 915 2340 962 nocte
2367 907 2746 976 pronuntiatur
2766 906 3109 978 Evangelium
3139 905 3284 960 Exiit
3307 905 3561 967 edictum;

1982 995 2076 1051 sed
2099 996 2202 1051 alia
2239 999 2485 1066 sequitur
2531 998 2752 1053 homilia
2798 1015 2960 1069 quam
3006 999 3115 1063 illa,
3149 998 3356 1053 scilicet
3386 997 3563 1052 sancti

1981 1087 2253 1162 Gregorii;
2279 1091 2456 1146 missa:
2483 1089 2700 1159 majoris
2730 1103 2812 1144 est
2843 1090 3097 1154 ollicium,
3129 1089 3382 1148 Dominus
3405 1090 3576 1150 dixit...

1981 1179 2037 1235 In
2067 1188 2227 1236 nocte
2250 1183 2482 1238 secunda
2505 1182 2866 1253 Evangelium,
2894 1181 3138 1238 Pastores
3180 1182 3561 1253 loquebantur;

1980 1270 2332 1339 olfertorium,
2364 1272 2481 1328 Lux
2520 1273 2752 1343 fulgebit.
2783 1272 3020 1345 Excepto
3055 1274 3198 1345 quod
3239 1274 3353 1345 ipse
3387 1274 3574 1328 intre—.

1980 1361 2090 1416 itus
2139 1374 2377 1420 mutatur
2413 1379 2533 1418 cum
2572 1364 2812 1432 introittt,
2859 1364 3001 1420 Puer
3042 1377 3192 1420 natus
3236 1375 3332 1421 est.
3378 1365 3434 1420 ln
3472 1363 3561 1420 die

1981 1451 2140 1506 tertia
2193 1461 2279 1506 est
2319 1451 2589 1522 Depositio
2643 1451 2700 1508 S.
2755 1452 3015 1524 Sylvestri
3068 1470 3219 1526 papa:
3273 1453 3559 1510 duodecim

1978 1539 2301 1597 lectionibus
2337 1542 2567 1612 agenda.

2048 1630 2311 1704 Interrog.
2363 1633 2503 1701 Quid
2545 1643 2650 1697 est.
2705 1637 3042 1703 charissime,
3087 1637 3256 1708 quod,
3297 1646 3558 1708 quantum

1976 1723 2154 1788 video.
2186 1724 2318 1779 nihil
2345 1726 2568 1781 omnino
2592 1727 2672 1780 vis
2692 1727 2758 1782 de
2786 1728 3095 1798 antipltonis
3124 1728 3362 1783 referre?
3392 1728 3557 1795 Quin~

278 1824 387 1879 duo
417 1823 715 1878 familiares
735 1799 947 1894 psalmi,
975 1822 1066 1892 qui
1112 1823 1164 1877 in
1200 1822 1451 1878 omnibus
1479 1820 1762 1876 duodecim
1795 1819 1871 1876 le-
1901 1799 1948 1860 Β
1977 1813 2107 1884 imo,
2135 1817 2180 1872 si
2209 1817 2340 1872 tanti
2366 1833 2470 1873 non
2498 1819 2874 1884 zestimaveris,
2902 1831 2961 1874 ut
2987 1819 3192 1882 fateris,
3218 1835 3469 1890 rogamus
3500 1829 3559 1872 ut

277 1911 550 1968 etionibus
583 1911 745 1966 horas
766 1922 1081 1982 sequuntur.
1108 1912 1251 1966 Imus
1281 1912 1334 1965 in
1367 1909 1744 1968 dormitorium
1773 1910 1872 1964 ali-

276 2001 600 2071 quantulum
628 2003 928 2071 pausaluri.
959 2001 1095 2058 Cum
1127 2003 1297 2057 vismn
1329 2001 1492 2058 fuerit
1542 2003 1752 2058 custodi
1775 2017 1867 2057 ec-

275 2091 478 2157 clesize,
511 2093 707 2147 iterum
735 2094 911 2164 majus
938 2095 1150 2164 signum
1191 2093 1456 2164 pulsatur,
1500 2102 1557 2148 ut
1588 2093 1868 2149 veniamus

277 2183 347 2238 ad
383 2183 696 2240 ecclesiam.
756 2185 917 2242 Missa
968 2201 1088 2256 quae
1129 2195 1212 2241 est
1251 2185 1570 2241 celebranda
1618 2200 1680 2239 ea
1728 2185 1863 2246 vice,

275 2277 460 2348 pueris
481 2277 829 2343 intrantibus,
860 2279 1187 2349 przevenitur
1226 2280 1493 2336 oratione.
1523 2279 1868 2350 Qumcunque

273 2381 376 2437 pro
404 2366 632 2422 solemni
655 2366 833 2424 oﬂieio
859 2379 1072 2424 cantata
1099 2379 1226 2424 sunt
1263 2369 1330 2424 ad
1358 2370 1618 2438 priorem,
1644 2377 1867 2424 cantan-

275 2468 364 2513 tur
383 2469 440 2515 et
479 2461 544 2514 ad
569 2461 751 2524 istam,
780 2471 893 2516 tres
917 2462 1109 2517 hostire
1137 2464 1435 2517 otl‘eruntur
1459 2471 1514 2516 et
1543 2475 1866 2516 consecran-

275 2558 387 2614 tur,
419 2551 545 2606 utsi
569 2551 692 2620 quis
720 2550 948 2606 fratrum
974 2552 1216 2616 voluerit,
1247 2553 1418 2623 possit
1439 2552 1861 2608 communicare.

273 2639 385 2694 Pax
418 2655 450 2694 a
481 2641 692 2696 cunctis
743 2651 828 2697 est
869 2644 1204 2713 accipienda.
1232 2644 1308 2698 Eo
1345 2643 1432 2698 die
1462 2659 1568 2698 non
1614 2653 1864 2699 cantatur

274 2729 380 2783 alia
442 2729 606 2784 missa
660 2732 1014 2787 matutinalis.
1069 2731 1252 2788 Primo
1305 2733 1459 2800 signo
1521 2732 1588 2788 ad
1648 2733 1862 2788 tertiam

273 2829 505 2883 senato,
555 2828 610 2875 et
657 2821 906 2877 oratione
947 2823 1108 2887 facta,
1153 2822 1288 2878 albis
1330 2824 1654 2890 generaliter
1700 2822 1863 2876 vesti-

272 2927 422 2978 mur;
457 2921 533 2978 et,
564 2912 703 2967 sicut
735 2913 891 2982 longe
925 2915 1173 2984 superius
1196 2914 1416 2968 memini
1439 2913 1661 2979 dixisse,
1697 2914 1741 2968 si
1779 2923 1863 2969 est

271 3002 390 3059 dies
436 3003 736 3070 Dominica,
796 3006 977 3061 statim
1028 3006 1236 3076 agimus
1285 3007 1788 3076 processionem.ct
1815 3007 1860 3061 si

271 3103 355 3148 est
385 3094 515 3160 alia,
547 3105 668 3164 post
699 3097 933 3161 tertiam,
964 3096 1140 3166 primo
1166 3096 1232 3150 ad
1263 3097 1545 3151 ecclesiam
1592 3095 1650 3151 S.
1679 3096 1861 3152 Marize

272 3203 391 3242 eum
437 3189 756 3258 antipliona,
792 3190 835 3244 Ο
889 3190 1038 3243 beata
1076 3189 1351 3258 infantia;
1401 3205 1497 3258 per
1567 3189 1859 3246 claustrum

270 3279 586 3348 antiphona,
609 3279 654 3333 0
675 3279 849 3333 Maria
875 3279 1058 3348 Iesse;
1087 3281 1212 3345 alia,
1241 3280 1285 3336 Ο
1309 3299 1464 3352 quam
1492 3293 1636 3336 casta
1661 3281 1860 3347 Marer;

270 3371 335 3424 ad
382 3372 658 3426 introitum
701 3373 946 3429 ecclesia:
994 3376 1428 3445 responsorium,
1481 3375 1759 3430 Descendit
1798 3375 1861 3430 de

269 3461 439 3526 ctelis;
479 3464 545 3517 ad
613 3467 825 3521 tertiam
890 3477 1140 3522 cantatur
1187 3470 1389 3539 anlipli.
1445 3467 1617 3524 Hodie
1663 3471 1858 3524 intacta

276 3550 454 3623 Virgo.
499 3555 636 3608 Cum
673 3566 892 3611 ventum
934 3558 1096 3613 fuerit
1141 3559 1206 3612 ad
1249 3575 1371 3613 eum
1422 3559 1617 3625 locum,
1667 3559 1858 3615 Omnes

269 3641 536 3698 Christum
585 3648 888 3714 adoremus,
940 3649 1074 3704 solet
1119 3651 1187 3704 ab
1234 3651 1484 3706 omnibus
1537 3652 1859 3722 generaliter

268 3733 417 3790 venia
465 3737 610 3804 peti;
664 3738 879 3808 liymnis
934 3739 1188 3795 liorarum
1225 3741 1554 3812 adjungitur,
1597 3741 1856 3796 Memento

264 3825 471 3894 salutis,
499 3836 552 3882 et
587 3825 766 3882 Gloria
794 3829 911 3895 tibi,
940 3830 1179 3886 Domine.

832 3922 1061 3977 CAPUT
1102 3922 1306 3978 XLVII.

462 4013 538 4069 De
567 4017 764 4069 octavis
795 4015 1005 4070 Natalis
1039 4017 1253 4072 Domini
1273 4028 1318 4071 et
1346 4015 1666 4087 Epiphania.

328 4102 551 4159 Octava:
580 4103 784 4160 Natalis
815 4106 1026 4160 Domini
1065 4123 1171 4162 non
1213 4116 1438 4178 possunt
1466 4108 1538 4162 ita
1571 4107 1855 4164 continua-

262 4195 357 4248 tim
389 4195 655 4250 celebrari
685 4197 823 4252 sicut
849 4207 1052 4253 octavae
1075 4200 1365 4255 Dominiea:
1397 4200 1852 4266 Resurrectionis,

263 4293 485 4353 propter
517 4297 913 4356 consequentes
956 4287 1350 4354 solemnitates,
1384 4290 1435 4343 id
1480 4298 1583 4355 est,
1632 4289 1691 4344 S.
1733 4290 1855 4346 Ste-

263 4373 449 4442 phani,
483 4373 542 4428 S.
568 4373 810 4441 Joannis,
844 4386 1158 4435 sanctorum
1198 4379 1598 4445 Innocentium;
1639 4380 1705 4434 de
1735 4379 1854 4450 qui-

1970 1925 2064 1967 eas
2092 1911 2430 1967 ordinaveris
2462 1928 2567 1967 non
2616 1912 2790 1968 solum
2835 1913 2902 1966 ad
2950 1912 3082 1968 istos
3131 1899 3264 1966 duos
3305 1911 3437 1974 dies,
3463 1909 3557 1963 sed

1969 2005 2134 2060 etiam
2171 2005 2238 2060 ad
2285 2021 2635 2076 quoscunque
2673 2006 2872 2062 videris
2918 2021 3053 2076 opus
3095 2021 3235 2072 esse,
3270 2019 3435 2075 usque
3488 2005 3557 2059 ad

1968 2107 2273 2150 extremum
2314 2097 2456 2152 diem
2491 2097 2875 2167 Theophaniat.

2041 2188 2198 2258 Resp.
2233 2187 2378 2244 Istud
2406 2204 2536 2246 sane
2563 2190 2780 2246 dilectio
2809 2199 2988 2245 vestra
3009 2206 3116 2248 non
3143 2190 3354 2246 difﬁcile
3383 2206 3555 2245 nzcre-

1972 2285 2074 2344 tur,
2101 2278 2224 2348 quia
2256 2294 2355 2334 nec
2387 2280 2604 2334 maximi
2639 2289 2723 2335 est
2765 2280 2983 2336 laboris.
3025 2281 3090 2335 Et
3120 2283 3296 2350 primo
3333 2281 3550 2350 quidem

1968 2369 2012 2424 si
2053 2384 2326 2439 nunquam
2364 2385 2393 2424 a
2429 2386 2515 2425 me
2561 2371 2792 2437 dicatur,
2828 2380 3005 2426 tamen
3053 2371 3101 2425 id
3146 2371 3285 2425 scire
3329 2373 3554 2439 potestis

1967 2459 2112 2529 quia,
2143 2459 2185 2514 si
2212 2474 2316 2528 qua
2350 2460 2614 2529 reperitur
2641 2461 2707 2515 de
2735 2475 2800 2516 eo
2832 2469 2978 2514 textu
3014 2468 3254 2523 noctur.,
3285 2459 3397 2514 haec
3419 2473 3553 2528 quo-

1966 2565 2070 2621 que
2113 2551 2284 2621 magis
2327 2561 2693 2623 competenter
2733 2567 2893 2622 qtmm
2944 2552 3046 2605 alia
3096 2561 3348 2606 cantatur
3390 2566 3554 2620 super

1966 2652 2286 2707 nocturnos;
2328 2651 2384 2697 at
2415 2645 2459 2698 si
2495 2644 2615 2698 talis
2645 2643 2897 2706 defuerit,
2941 2643 3152 2698 cantari
3192 2651 3371 2712 potest
3413 2643 3553 2696 anti-

1963 2735 2164 2805 phona,
2201 2732 2420 2788 Verbum
2449 2752 2570 2788 caro
2593 2735 2825 2804 factum;
2857 2735 2985 2799 alia,
3023 2734 3216 2789 Beatus
3248 2744 3437 2794 venter.
3470 2733 3552 2787 Α‹Ι

1965 2834 2154 2879 matut.
2191 2824 2360 2890 laud,
2401 2822 2588 2880 Cenuit
2615 2842 2899 2894 puerpera;
2944 2824 3071 2888 alia,
3105 2823 3328 2893 Angelus
3359 2823 3427 2875 ad
3459 2839 3551 2891 pa-

1963 2928 2156 2982 stores;
2189 2919 2253 2972 ad
2285 2918 2533 2988 primam,
2567 2917 2753 2972 Illuxit
2799 2917 2974 2982 nobis;
3007 2917 3135 2980 alia,
3167 2915 3232 2972 lu
3264 2915 3546 2984 principio;

1963 3011 2029 3065 ad
2060 3012 2295 3075 tertiam,
2341 3009 2558 3064 Verbum
2590 3025 2746 3073 caro;
2777 3009 2904 3072 alia,
2942 3007 3163 3078 Propter
3199 3008 3446 3070 nimiam;
3479 3005 3546 3059 ad

1964 3118 2191 3168 sextam,
2223 3103 2460 3159 Christus
2508 3101 2644 3154 Deus
2692 3111 2893 3164 noster;
2931 3099 3052 3162 alia,
3109 3099 3240 3152 Ecce
3288 3098 3351 3150 de
3398 3111 3543 3166 quo;

1965 3196 2028 3250 ad
2077 3211 2306 3260 nonam,
2361 3193 2496 3248 Ecce
2556 3193 2805 3259 advenit;
2853 3189 3422 3254 alia,'Exsultemus;
3480 3187 3549 3240 ad

1963 3303 2216 3357 vesperas
2251 3286 2410 3340 iidem
2444 3300 2563 3339 cum
2601 3284 2714 3338 suis
2751 3282 3057 3351 antiphonis
3092 3280 3306 3350 psalmi,
3351 3279 3441 3348 qui
3493 3279 3546 3331 iu

1964 3379 2081 3448 ipso
2104 3378 2209 3441 die,
2236 3392 2462 3446 quorum
2491 3385 2572 3430 est
2598 3373 2943 3439 novissimus,
2977 3388 3118 3427 nunc
3151 3371 3224 3425 De
3248 3369 3534 3440 profundis.

1963 3485 2105 3524 nunc
2169 3467 2444 3530 Memento,
2494 3466 2749 3531 Domine;
2804 3475 2878 3529 et,
2933 3472 2990 3518 ut
3016 3462 3180 3519 semel
3231 3463 3432 3526 dicam,
3479 3461 3546 3512 ad

1961 3569 2191 3630 quantas
2248 3567 2534 3614 cantant'tr
2579 3557 2754 3611 adlmc
2813 3557 2957 3610 vices
3019 3557 3071 3610 in
3124 3553 3546 3609 Circumcisions

1962 3650 2194 3716 Domini,
2227 3650 2278 3704 in
2319 3649 2637 3720 Epiphania,
2681 3657 2734 3702 et
2783 3649 2834 3702 in
2881 3647 2996 3716 ejus
3041 3656 3232 3701 octavo
3272 3645 3380 3712 die,
3408 3645 3545 3700 etin

1960 3741 2276 3812 liypapante
2302 3740 2534 3805 Domini,
2567 3747 2773 3794 tantum
2825 3739 2891 3792 ad
2942 3737 3208 3794 secundas
3253 3751 3544 3806 vesperas,

1959 3842 2014 3890 et
2043 3842 2304 3903 prteterea
2344 3833 2394 3886 in
2427 3831 2530 3888 illis
2559 3831 2875 3900 Dominicis,
2911 3846 3030 3901 qua:
3067 3829 3322 3884 eveniunt
3357 3829 3424 3882 ab
3454 3844 3546 3882 oc-

1960 3936 2082 3982 tavo
2107 3927 2192 3982 die
2223 3925 2427 3981 Natalis
2455 3926 2626 3980 sancti
2659 3923 2883 3980 Joannis
2912 3921 3260 3991 evangelista:
3286 3935 3455 3988 usque
3478 3934 3550 3984 ac_

1957 4027 2206 4075 octavum
2236 4020 2376 4075 diem
2419 4017 2754 4088 Epiphaniae,
2803 4017 2998 4070 iterum
3043 4013 3109 4068 ad
3161 4011 3426 4066 secumlas
3458 4025 3543 4064 vet

1956 4127 2162 4181 speras,
2200 4112 2265 4164 ad
2298 4126 2432 4180 quas
2458 4118 2513 4165 et
2543 4125 2647 4167 non
2678 4109 2816 4163 alius
2838 4106 3076 4162 osalmus
3106 4113 3191 4160 est
3219 4103 3549 4164 novissimus

1955 4218 2121 4273 quam
2154 4202 2230 4256 De
2266 4201 2577 4271 Profundis.

2024 4294 2080 4348 ln
2126 4293 2548 4348 Circumcisione
2597 4288 2809 4346 Domini
2866 4289 3067 4344 easdem
3121 4296 3429 4355 anttpaonaa
3475 4287 3541 4339 ad

1955 4394 2148 4441 matut.
2181 4386 2324 4440 laud.
2349 4395 2398 4438 el
2424 4387 2491 4438 ad
2519 4384 2682 4438 horas
2709 4383 2952 4446 diurnas,
2976 4394 3204 4450 quarum
3236 4379 3406 4448 prima
3435 4388 3539 4442 ess,

263 4466 381 4530 bus,
413 4465 558 4521 sicut
583 4467 803 4537 dignum
829 4479 934 4536 est,
957 4485 1081 4524 cum
1103 4470 1348 4524 nocturni
1378 4469 1510 4524 fiant
1540 4469 1700 4524 simul
1729 4485 1852 4525 cum
1883 4473 1931 4532 D
1959 4477 2003 4532 0
2033 4474 2361 4540 admirabile,
2390 4489 2511 4528 cum
2539 4472 2786 4536 collecta,
2811 4470 2971 4534 Deus,
2994 4469 3082 4538 qui
3105 4467 3292 4522 salutis
3315 4484 3333 4531 ;
3358 4467 3424 4521 ad
3453 4480 3540 4518 ve-

262 4556 379 4612 aliis
405 4557 574 4624 horis,
595 4571 650 4615 et
670 4561 842 4615 ollicia
868 4563 1177 4626 missarum,
1204 4561 1269 4616 de
1296 4560 1470 4616 Natali
1499 4562 1712 4618 Domini
1738 4563 1850 4617 sola

262 4649 362 4704 erit
417 4650 581 4704 missa
635 4654 966 4708 matutinalis
1014 4653 1280 4708 cantanda
1335 4655 1402 4708 ad
1453 4654 1738 4709 ecclesiam
1791 4654 1848 4710 S.

261 4737 462 4804 Μαι-ἰεῦ,
497 4741 550 4795 id
594 4751 699 4808 est,
751 4741 894 4798 Puer
935 4754 1090 4799 natus
1121 4753 1236 4798 est:
1274 4745 1341 4799 ad
1383 4760 1544 4814 quam
1600 4759 1699 4814 per
1744 4753 1852 4800 tres

264 4829 372 4885 dies
398 4829 517 4886 dua:
551 4841 758 4887 tantum
802 4833 1040 4889 collectae
1087 4842 1211 4889 sunt
1261 4833 1522 4900 dicendae,
1557 4833 1622 4888 de
1658 4834 1852 4889 nativi-

264 4932 370 4979 tate
423 4919 636 4979 Domini
672 4935 726 4979 et
755 4925 819 4980 de
849 4926 1070 4980 instanti
1115 4924 1488 4989 solemnitate;
1531 4939 1637 4978 non
1669 4933 1848 4980 tamen

265 5013 324 5066 ad
354 5028 516 5068 unttm
550 5013 658 5069 Per
685 5014 962 5072 Dominum
992 5026 1249 5081 nostrum,
1276 5027 1407 5078 etc..
1437 5018 1576 5072 sicut
1603 5017 1765 5070 etiam
1795 5017 1848 5071 in

264 5103 551 5161 festivitate
579 5115 892 5162 sanctorum
946 5107 1252 5164 Sebastiani
1302 5117 1355 5163 et
1397 5108 1646 5172 Fabiani,
1672 5124 1849 5180 quan.

269 5213 414 5222 -a.--.
450 5199 512 5222 α]
541 5199 674 5224 Αιῖιια
707 5199 848 5224 ..ἶΑΑΑ
915 5211 1112 5226 “nan-nn
1159 5199 1224 5228 Α..
1276 5209 1559 5230 IIII-Amant!
1605 5200 1823 5232 "1:00ﬂm

1955 4583 2164 4638 speras,
2191 4566 2256 4620 ad
2285 4564 2656 4634 Evangelium,
2690 4561 2758 4616 ad
2783 4568 2974 4616 matut.
3006 4557 3210 4622 laudes,
3258 4556 3324 4610 ad
3375 4555 3542 4624 majo-

1954 4672 2068 4712 rem
2099 4657 2336 4720 missam,
2367 4652 2625 4718 Concede,
2665 4666 2986 4722 quwsumus,
3025 4649 3346 4714 omnipotens
3380 4646 3538 4700 Deus.

1954 4747 2116 4801 Missa
2148 4744 2504 4809 matutinalis,
2538 4743 2750 4798 Vultum
2779 4752 2959 4804 tuum;
2989 4739 3178 4807 major,
3213 4735 3355 4790 Puer
3387 4746 3541 4790 natus

1951 4847 2062 4902 est;
2091 4839 2158 4892 ad
2185 4845 2466 4906 utramque
2490 4835 2748 4905 Epistula,
2789 4831 3046 4904 Apparuit
3071 4832 3275 4901 gratia;
3302 4830 3540 4896 Evangeo

1952 4928 2106 4995 lium,
2141 4927 2388 4982 Pastores
2434 4925 2926 4997 loquebantur:cui
2950 4931 3006 4977 et
3045 4921 3173 4975 illud
3209 4917 3541 4980 annectitur,

1953 5023 2092 5077 sicut
2117 5031 2199 5076 est
2242 5021 2294 5074 in
2344 5021 2460 5088 ipso
2493 5028 2642 5079 textu
2669 5015 2971 5091 Evangelii,
3005 5013 3072 5067 Et
3103 5023 3376 5086 postquam
3420 5025 3545 5064 con-

1952 5115 2204 5173 summati
2229 5121 2348 5167 sunt
2373 5111 2482 5164 dies
2510 5122 2644 5167 orto.

2023 5205 2292 5234 ηηηηρτοεη
2320 5203 2356 5234 ρ
2406 5202 2648 5234 αιςιηηιι.
2674 5212 2782 5234 ,ουκ
2811 5198 2958 5234 ηιιηνς
2989 5197 3157 5234 count:
3186 5206 3240 5234 at
3267 5206 3376 5234 Iam
3402 5189 3549 5234 fami-
