4030 5354
252 3718 430 3787 βίη*

226 3794 263 3997 l

459 322 567 378 ωε
1444 327 1772 387 UDALRlCt
1799 334 2300 396 CLUNIACENSIS
2340 341 2649 403 MONACHI
3629 350 3739 410 C96

460 438 713 494 laudibus
738 437 977 493 dicimus
999 436 1051 492 in
1082 452 1181 494 suo
1204 437 1340 501 loco,
1367 436 1530 506 Deus,
1568 443 1784 498 auribus
1814 450 2039 514 nostris;
2069 456 2118 515 Α
2146 456 2343 511 cantie.
2388 457 2542 514 Nunc
2580 453 2833 529 dimittis;
2875 464 3003 520 Post
3051 465 3370 522 divisionem
3422 482 3739 532 cereorum,

457 543 511 587 et
533 542 656 603 post
679 532 908 602 primam
932 540 1134 603 septem
1165 534 1400 602 psalmos
1438 552 1559 591 eum
1600 540 1817 597 Jetauia.
1860 542 1923 611 Si,
1949 559 2042 600 cu-

451 621 542 690 ius
591 624 1054 689 commemoratio,
1104 624 1279 680 tribus
1336 634 1543 682 tantum
1591 629 1912 688 lectionibus
1960 646 2045 690 est

458 712 687 781 agenda.
723 710 893 787 Igitur
933 713 998 765 ad
1029 722 1325 769 nocturno;
1352 718 1582 787 hymnus
1615 732 1668 773 et
1706 736 1867 792 super
1907 723 2046 794 psal-

457 826 578 868 mos
598 811 903 879 antipbona:
929 809 995 864 de
1015 807 1185 864 Natali
1212 807 1460 876 Domini;
1491 823 1684 869 caetera
1714 816 1781 870 de
1808 818 2045 885 praefatis

458 901 689 964 sanctis,
720 916 890 970 usque
937 901 1061 954 dum
1098 900 1271 968 major
1325 903 1489 959 missa
1531 905 1602 959 sit
1645 918 2041 965 consummata.

460 995 633 1064 Super
664 993 1054 1062 vcspertiaales
1091 995 1324 1064 psalmos
1354 1004 1457 1051 tina
1492 1006 1699 1054 tantum
1730 1003 2042 1073 antipltona,

457 1097 511 1142 et
537 1087 650 1141 haec
676 1085 743 1163 de
770 1082 949 1138 Natali
981 1084 1217 1139 Domini.

523 1176 582 1229 In
626 1175 804 1246 vigilia
832 1174 1146 1245 Epiphania:
1192 1176 1259 1230 ad
1304 1189 1558 1248 vesperas
1605 1181 1854 1250 collecta,
1905 1183 2046 1239 Deus

456 1265 816 1328 illuminator;
846 1267 913 1321 ad
942 1274 1137 1322 matut.
1168 1268 1312 1324 laud.
1362 1272 1570 1340 amipli.
1599 1289 1762 1342 super
1784 1275 2046 1344 psalmos,

457 1355 503 1411 0
543 1357 893 1423 admirabile;
937 1365 1231 1428 sequentes
1279 1360 1592 1430 antipltonte
1646 1366 1711 1419 ad
1761 1356 2096 1441 sequentch

454 1447 618 1501 etiam
650 1448 833 1503 horas.
866 1447 950 1502 Ad
975 1450 1221 1515 missam,
1253 1449 1511 1506 Dominus
1540 1454 1672 1508 dixit
1705 1455 1775 1510 ad
1796 1474 1909 1523 me;
1938 1446 2249 1515 col-“"’--..

456 1526 616 1603 lecta,
663 1537 837 1592 Corda
880 1550 1090 1606 nostra;
1133 1541 1379 1611 cpistola,
1423 1543 1677 1614 Apparuit
1723 1548 2049 1621 benignitas;

454 1644 706 1699 respons.
750 1629 1087 1713 Benedictus,
1111 1632 1364 1699 Alleluia,
1396 1634 1654 1692 Dominus
1682 1640 1841 1706 dicit;
1872 1642 2049 1698 Evan-

454 1714 966 1795 gelium,’Defuncto
1010 1721 1250 1789 Herode;
1296 1723 1538 1782 oll'erlor.
1582 1727 1853 1784 Lwtetttur
1894 1734 2048 1800 caeli;

2143 547 2339 614 oratio,
2379 549 2598 607 Domine
2625 551 2785 618 Dem,
2820 553 2982 609 Pater
3009 558 3353 627 omnipotens,
3396 558 3595 625 tanien,
3622 570 3734 615 etc.

2145 637 2249 693 Per
2283 640 2578 697 claustrum
2614 646 2935 715 antipbona,
2966 649 3091 714 Ave,
3122 648 3334 714 Maria;
3366 650 3739 716 alia,'Adorna

2145 732 2431 788 thalamum
2454 753 2475 801 ;
2511 737 2566 792 in
2596 740 2863 795 vestibulo
2896 740 3142 795 ecclesia:
3174 741 3241 795 ad
3281 742 3604 809 stationem,
3636 742 3740 797 Re-

2144 840 2392 893 sponsum
2423 828 2620 898 accepit
2643 829 2892 894 Simeon;
2929 830 2993 883 ad
3019 831 3296 885 introitum
3320 831 3586 897 ecclesiae,
3620 831 3741 887 Ile-

2146 916 2231 969 die
2266 917 2415 972 beata
2457 917 2651 989 Virgo;
2704 921 2830 976 item
2877 922 3301 992 responsorium,
3336 920 3465 976 Cum
3517 923 3743 976 induce-

2149 1016 2280 1060 rent.
2313 1007 2393 1062 Ad
2434 1008 2766 1065 oll'ereudam
2804 1011 2999 1066 oblatis
3045 1013 3222 1082 primo
3264 1013 3439 1067 bostia
3484 1023 3540 1066 et
3585 1012 3742 1074 vino,

2147 1096 2448 1153 oll‘cruntur
2478 1115 2694 1170 quoque
2735 1102 2966 1157 diacono
3004 1102 3298 1158 inchoante
3342 1102 3602 1157 candelae.
3656 1103 3746 1157 Ab

2148 1188 2243 1246 illo
2266 1190 2354 1244 die
2381 1192 2434 1244 in
2458 1192 2739 1249 duodecim
2770 1196 3095 1253 lectionibus
3117 1198 3366 1252 dit’lertur
3387 1211 3745 1266 nona,usque

2098 1316 2117 1351 ί
2150 1279 2274 1335 dum
2302 1285 2595 1339 servitores
2642 1290 2979 1344 surrexerint
3008 1305 3037 1343 a
3072 1305 3283 1355 mensa,
3325 1297 3381 1344 et
3414 1297 3602 1358 postea
3629 1286 3749 1341 itur

2149 1372 2204 1427 in
2235 1373 2582 1429 refectorium
2617 1377 2684 1430 ad
2713 1378 3025 1433 bibendum.

2722 1467 2948 1525 CAPUT
2991 1468 3173 1523 XLIX.

2414 1537 2495 1593 De
2532 1538 2925 1610 Septuagesima
2946 1551 2993 1594 et
3026 1540 3465 1610 Quadragesiiua.

2221 1628 2281 1683 In
2311 1627 2718 1698 Scptnagesima
2768 1630 2933 1699 adeps
2962 1630 3123 1685 simul
3158 1645 3279 1684 cum
3320 1630 3539 1685 alleluia
3590 1643 3750 1699 sepe-

2151 1718 2373 1783 litur,ut
2396 1728 2582 1789 postea
2612 1734 2781 1789 usque
2801 1721 2867 1774 ad
2899 1720 3108 1776 Pascha
3127 1721 3192 1777 de
3220 1720 3310 1774 illa
3338 1736 3442 1775 non
3470 1728 3745 1792 gestetur.

454 1814 801 1879 communio,
855 1811 1096 1877 Exsulta,
1136 1814 1272 1881 ﬁlia.
1319 1815 1394 1871 Eo
1427 1817 1514 1871 die
1560 1832 1667 1873 ῃοη
1716 1818 2044 1890 ieiunamus.
2080 1803 2123 1863 Β
2150 1810 2232 1865 Ad
2258 1811 2661 1880 processionem
2691 1810 2794 1866 diei
2844 1811 3139 1867 Domiaieze
3175 1827 3273 1882 per
3318 1810 3616 1866 claustrum
3648 1827 3751 1865 an-

455 1901 727 1968 Quantum
768 1906 834 1959 ad
859 1905 1256 1962 solemnitatem
1292 1916 1344 1965 et
1388 1919 1607 1967 octavas
1636 1914 1892 1983 pertinet,
1922 1917 2051 1989 Epi-

454 1992 651 2059 phania
682 2002 739 2050 et
763 1995 878 2066 ejus
908 2006 1113 2051 octava:
1140 1996 1348 2054 similes
1377 2011 1503 2056 sunt
1533 2002 1826 2062 Dominica:
1846 2010 2055 2065 Ascen-

454 2083 616 2149 sioni,
645 2096 872 2155 excepta
918 2087 1033 2153 illa,
1076 2103 1196 2157 qua:
1223 2090 1276 2147 in
1305 2091 1393 2147 die
1423 2092 1766 2152 Ascensionis
1791 2110 1912 2169 post
1943 2109 2051 2156 ter-

454 2177 588 2231 tiam
611 2179 812 2247 agitur,
845 2180 1220 2248 processione;
1265 2181 1331 2237 de
1374 2195 1574 2241 caetero
1604 2189 1783 2245 recole
1825 2207 1944 2262 quae
1975 2194 2047 2251 ibi

454 2267 708 2335 dixerim,
738 2278 797 2323 ut
821 2270 909 2327 bie
936 2273 1100 2327 etiam
1126 2275 1312 2329 eadem
1336 2276 1614 2334 (reserves.
1647 2281 1700 2335 In
1732 2283 1850 2352 ipso
1868 2284 2048 2342 autcm

453 2357 541 2411 die
572 2358 751 2427 primo
780 2358 1101 2429 Epiphaniae
1144 2362 1342 2419 ezedem
1381 2367 1692 2438 antipbonae
1731 2384 2048 2443 cantantur,

452 2457 507 2503 et
528 2449 595 2504 ad
625 2458 818 2512 matut.
852 2450 1037 2507 laudes
1072 2461 1127 2508 et
1159 2455 1225 2509 ad
1261 2456 1423 2511 boras
1448 2459 1690 2516 diurnas.
1734 2463 1843 2519 Per
1882 2465 2051 2523 ferias

452 2541 518 2596 ad
550 2552 865 2609 nocturnos,
892 2544 938 2598 si
965 2545 1159 2600 desunt
1205 2550 1516 2619 antipbona:
1550 2554 1617 2608 de
1648 2562 1798 2613 textu
1828 2568 2051 2614 noctur-

451 2651 669 2701 norum,
704 2636 912 2691 cantari
955 2646 1134 2707 potest
1179 2641 1494 2712 antipbona,
1535 2643 1770 2703 Victima
1809 2651 2049 2719 stellam;

451 2729 580 2797 alia,
631 2731 757 2788 Tria
805 2746 926 2791 sunt
973 2755 1222 2806 munera;
1274 2742 1400 2809 alia,
1451 2746 1722 2802 Λάπιοηίιί
1757 2751 1932 2820 magi;
1980 2753 2049 2807 ad

454 2834 643 2881 matur.
688 2827 873 2883 laudes
907 2846 1068 2901 super
1096 2832 1354 2902 psalmos,
1387 2837 1643 2905 quzclibet
1670 2856 1776 2896 una
1827 2843 1893 2897 de
1939 2842 2048 2899 illis

455 2916 697 2985 quinque
748 2928 941 2974 matut.
998 2922 1217 2979 laudum
1276 2927 1620 2997 antipbonis;
1670 2932 1737 2986 ad
1792 2934 2045 3004 primam,

453 3006 572 3061 Lux
607 3010 671 3064 de
704 3010 854 3078 luce;
894 3014 937 3068 si
966 3024 1048 3070 est
1082 3016 1398 3087 Sabbatum,
1433 3021 1502 3077 In
1536 3024 1644 3079 sole
1676 3029 1880 3095 posuit;
1908 3031 2051 3087 sicut

455 3099 622 3208 etiam
661 3102 716 3157 in
747 3103 928 3175 vigilia
962 3106 1303 3177 Epiplianiaz;
1355 3111 1422 3166 ad
1460 3115 1696 3184 tertiam,
1744 3117 2045 3192 Interroga-
2073 3142 2120 3208 ο

455 3189 542 3244 bat
579 3207 793 3262 magos;
826 3196 892 3277 ad
917 3205 1145 3264 sextam,
1184 3198 1427 3258 Videntes
1462 3206 1702 3279 stellam;
1729 3209 1795 3264 ad
1823 3189 2044 3275 nonam,

452 3279 732 3337 Descendit
767 3283 1028 3355 Spiritus;
1058 3290 1122 3344 ad
1164 3306 1442 3361 vesperas,
1479 3293 1595 3350 Vox
1627 3298 1690 3352 de
1720 3296 1866 3353 calo.
1911 3298 2047 3357 Sunt

453 3371 574 3429 alia:
604 3375 912 3446 antipbona:
941 3395 1045 3434 non
1071 3381 1244 3436 solum
1289 3384 1355 3440 de
1390 3385 1841 3459 Epiphania,'sed
1880 3391 2045 3446 etiam

452 3466 521 3520 de
553 3465 727 3523 Natali
760 3469 995 3538 Domini,
1029 3490 1155 3531 cum
1191 3477 1386 3546 quibus
1422 3480 1636 3551 quoties
1672 3481 1811 3538 istas
1833 3491 2044 3539 mutare

456 3556 710 3625 volueris,
744 3562 880 3617 nihil
911 3565 1067 3621 video
1092 3568 1381 3625 interesse.

1002 3655 1230 3714 CAPUT
1270 3658 1496 3715 XLVlll.

840 3743 921 3798 De
952 3744 1331 3814 Puriﬁcatione
1367 3751 1427 3806 S.
1458 3751 1667 3808 Mariae.

522 3829 600 3883 De
633 3830 825 3884 diebus
860 3832 941 3886 vcl
974 3836 1290 3902 septimanis
1324 3853 1444 3906 qum
1484 3850 1605 3908 post
1645 3842 1864 3899 octavas
1914 3843 2047 3914 Epi-

456 3920 667 3989 phaniae
701 3921 945 3991 veniunt,
984 3934 1245 3992 quatitum
1290 3938 1438 3996 puto,
1485 3930 1620 3985 nihil
1665 3932 1869 3990 referre
1918 3932 2045 3991 novi

458 4011 598 4079 quod
630 4011 908 4077 nesciatis,
944 4025 1174 4085 excepto
1212 4019 1355 4084 quod
1405 4020 1472 4073 ad
1509 4023 1907 4090 processionem
1937 4024 2044 4079 diei

453 4103 774 4171 Dominicm,
802 4105 904 4161 illa:
931 4105 998 4162 de
1032 4106 1206 4163 Natali
1248 4111 1457 4164 Domini
1497 4129 1603 4167 non
1646 4124 1924 4170 mutantur
1950 4130 2047 4170 an-

454 4196 689 4264 tiplionm
743 4213 913 4268 usque
970 4199 1037 4254 ad
1083 4200 1517 4260 Puritieationem
1571 4206 1628 4261 S.
1683 4207 1897 4276 Marim,
1938 4210 2047 4265 nisi

453 4285 594 4345 [στω
630 4290 777 4366 prius
803 4292 983 4347 veniat
1012 4290 1444 4363 Septuagesima.
1476 4297 1617 4367 Ergo
1650 4308 1708 4354 ut
1755 4302 1822 4355 de
1862 4302 2042 4372 praeli-

458 4380 577 4434 bata
607 4379 947 4438 solemnitate
975 4382 1175 4454 aliquid
1208 4385 1439 4452 dicatur,
1473 4388 1530 4443 in
1558 4388 1736 4460 vigilia
1762 4391 1829 4446 ad
1859 4400 2044 4462 vespeé

2153 1904 2288 1972 tipb.
2313 1902 2444 1957 Cum
2469 1903 2659 1957 sederit
2693 1901 2885 1957 Filius.
2933 1904 3014 1958 Ad
3050 1904 3203 1973 cujus
3251 1904 3412 1959 etiam
3462 1918 3749 1971 vesperas,

2151 2003 2207 2050 et
2245 1996 2298 2048 in
2324 1996 2539 2049 cunctis
2566 1995 2796 2065 privatis
2824 1997 3017 2051 diebus
3046 2011 3219 2067 usque
3262 1996 3330 2051 ad
3377 1996 3750 2066 Quadragesi.

2151 2101 2295 2141 mam
2354 2087 2779 2157 responsorium,
2822 2086 2951 2156 Spes
3000 2105 3137 2154 mea,
3179 2088 3396 2144 Domine
3440 2103 3458 2140 :
3492 2088 3549 2143 in
3606 2097 3745 2143 mat.

2150 2178 2421 2244 buulibus,
2454 2180 2683 2250 Adjutor
2723 2196 2868 2235 meus
2913 2191 3041 2235 esto.
3073 2180 3147 2235 De
3174 2180 3349 2237 ollicio
3375 2196 3596 2251 quoque
3647 2196 3750 2250 pro

2149 2270 2421 2327 defunctis
2445 2273 2497 2328 id
2528 2282 2771 2329 mutatur
2818 2281 2878 2328 ut
2925 2273 3158 2343 amplius
3202 2289 3308 2331 non
3362 2274 3577 2330 dicatur
3624 2283 3749 2343 post

2150 2375 2468 2429 nocturnos,
2498 2365 2591 2420 sed
2621 2373 2741 2434 post
2768 2379 3057 2436 vesperas;
3082 2373 3200 2436 post
3220 2365 3463 2435 singulas
3501 2366 3665 2422 horas
3689 2366 3749 2419 in

2150 2457 2434 2512 duodecim
2465 2457 2789 2513 lectionibus
2818 2475 2831 2511 :
2864 2459 2946 2511 Ad
2978 2457 3260 2512 Dominum
3291 2474 3409 2512 cum
3432 2458 3741 2513 tribularer.

2150 2557 2346 2605 matnt.
2379 2550 2523 2605 laud.
2555 2566 2654 2620 pro
2706 2550 3008 2617 Defunetis,
3039 2560 3160 2620 post
3196 2559 3390 2604 matnt.
3441 2550 3629 2606 laudes
3672 2552 3745 2605 de

2151 2642 2417 2699 Ouinibus
2440 2642 2681 2699 Sanctis.
2711 2642 2770 2696 in
2797 2643 3276 2715 Quinquagesima,
3304 2643 3429 2712 quia
3453 2644 3521 2698 de
3542 2652 3748 2698 caetero

2152 2751 2254 2791 nee
2281 2751 2502 2792 caseum
2540 2752 2641 2793 nec
2678 2752 2780 2792 ova
2828 2737 3185 2800 comedimus,
3214 2744 3336 2806 post
3367 2751 3629 2805 vesper-as
3674 2736 3742 2788 ad

2150 2839 2361 2884 «etiam
2390 2828 2458 2882 de
2487 2829 2615 2899 ipsis
2649 2829 2767 2883 uvis
2792 2829 2962 2885 coctis
2990 2828 3044 2881 in
3080 2829 3263 2898 pipere
3289 2826 3554 2882 habemus
3579 2839 3746 2897 gene-

2151 2919 2284 2985 rale,
2307 2921 2451 2990 quod
2491 2928 2601 2976 toto
2630 2936 2772 2976 anno
2798 2919 3031 2989 amplius
3057 2935 3162 2974 non
3200 2919 3469 2988 contingit
3505 2926 3566 2971 ut
3597 2917 3745 2972 aliud

2152 3012 2279 3082 quid
2318 3027 2382 3066 ea
2408 3013 2527 3067 vice
2554 3013 2852 3068 habeamus
2888 3021 3090 3081 pratter
3134 3012 3307 3068 solum
3358 3025 3577 3080 panem,
3612 3018 3667 3064 et
3693 3010 3741 3063 si

2152 3103 2290 3160 forte
2314 3114 2438 3160 sunt
2484 3105 2538 3159 in
2589 3113 2862 3174 p:omptn,
2895 3103 3063 3160 cruda
3093 3118 3276 3175 poma,
3299 3103 3383 3157 vel
3420 3117 3482 3156 ea
3515 3117 3640 3171 qua:
3686 3101 3741 3154 in

2150 3193 2479 3253 ferramento
2534 3196 2919 3251 cbaracterato
2986 3196 3053 3250 de
3124 3193 3508 3264 consiiersione
3556 3190 3744 3246 lirium

2149 3288 2480 3343 tenuissima:
2519 3286 2671 3347 fiunt.
2705 3295 2762 3341 et
2808 3287 2875 3342 ab
2902 3286 3215 3343 hominibus
3258 3286 3516 3339 Romana:
3541 3283 3743 3354 lingua

2150 3377 2373 3444 nebulae,
2395 3392 2426 3433 a
2456 3376 2791 3433 nostratibus
2814 3377 3157 3447 appellantur
3184 3376 3409 3437 oblatte.

2775 3465 3003 3521 CAPUT
3040 3464 3103 3519 L.

2370 3557 2450 3612 De
2472 3557 2657 3626 Capite
2673 3558 2890 3628 jcjunii,
2916 3567 2964 3612 et
2992 3557 3057 3611 de
3083 3555 3525 3625 Quadragesinm.

2216 3647 2274 3703 ln
2299 3648 2489 3718 Capite
2526 3648 2711 3718 jejunii
2743 3648 3047 3712 inchoatur,
3078 3657 3137 3703 ut
3172 3663 3272 3702 nec
3310 3647 3379 3701 ad
3431 3655 3738 3702 nocturnos

2148 3753 2249 3794 nec
2277 3739 2344 3793 ad
2378 3739 2515 3794 alia:
2540 3739 2702 3793 horas
2723 3738 3041 3808 capitulum,
3078 3754 3241 3807 quam
3268 3738 3410 3807 quod
3438 3738 3505 3792 de
3524 3737 3740 3808 jejunio

2148 3831 2240 3896 sit,
2274 3832 2510 3884 dicatur.
2542 3831 2623 3884 Ad
2673 3831 2892 3884 teriam
2946 3840 3002 3885 et
3047 3830 3184 3885 alias
3232 3830 3397 3883 horas
3445 3841 3743 3898 sequentes

2147 3923 2385 3978 collectae
2434 3939 2532 3993 pro
2585 3923 2843 3991 precatis,
2873 3937 3102 3992 quarunt
3150 3922 3321 3991 prima
3370 3930 3453 3975 est
3501 3920 3735 3984 Exaudi,

2145 4032 2473 4086 quaesumus,
2498 4015 2743 4080 Domine,
2770 4016 2837 4069 ad
2861 4015 3156 4068 matutinas
3177 4013 3364 4068 laudes
3385 4022 3441 4068 et
3481 4027 3744 4083 vc5pcra5

2147 4108 2213 4162 de
2245 4108 2360 4178 ipsa
2391 4108 2508 4172 die;
2540 4108 2607 4162 ad
2651 4117 2947 4161 nocturnus
2997 4106 3199 4161 emdem
3252 4120 3373 4175 qua:
3426 4120 3524 4175 per
3563 4114 3737 4160 totum

2146 4216 2348 4255 annum
2376 4202 2429 4254 in
2458 4200 2684 4271 privatis
2708 4199 2956 4253 noctibus
3007 4198 3366 4252 dicebantur:
3409 4198 3476 4250 ad
3518 4214 3739 4265 proces~

2146 4294 2351 4351 sionem
2374 4293 2663 4362 psalmum,
2688 4291 2831 4345 Deus
2854 4291 3185 4353 misereatur,
3212 4290 3459 4358 sequitur
3478 4289 3737 4355 collecta,

2146 4385 2384 4441 Concede
2411 4386 2577 4442 nobis.
2601 4399 2926 4452 qua'sumus,
2960 4382 3202 4445 Domine,
3237 4380 3505 4446 μνωδίάὶα.
3542 4381 3741 4436 Sacer-

458 4486 543 4526 ras
568 4473 814 4540 collecta,
863 4473 1067 4544 Perﬁce
1106 4478 1158 4531 in
1201 4479 1368 4540 nobis.
1411 4495 1530 4550 qum
1562 4493 1614 4537 et
1664 4483 1732 4538 ad
1781 4483 2042 4553 majorem
2070 4480 2244 4547 Ddos
2295 4488 2501 4532 tantum
2564 4478 2701 4531 stola
2749 4477 2981 4529 amictus
3024 4475 3235 4528 cineres
3284 4476 3357 4528 ita
3420 4474 3733 4529 benedicit:

458 4564 674 4619 missam
707 4566 983 4635 przeniissa
1025 4567 1127 4622 alia
1167 4570 1391 4625 collecta
1430 4574 1496 4626 ad
1533 4573 1906 4645 complendum
1944 4577 2043 4633 ite-

456 4665 627 4709 ratur.
697 4657 779 4713 Ad
826 4660 1245 4729 vespertinalcm
1322 4666 1728 4731 processibnem
1790 4685 2036 4740 respexis.

454 4746 585 4800 Cum
618 4748 921 4804 inducerent
959 4769 1212 4823 puerum;
1255 4753 1320 4808 ad
1364 4764 1555 4809 matut.
1599 4756 1804 4825 laudes,
1836 4758 2039 4827 Gaude,

458 4834 654 4891 Maria.
699 4838 756 4895 ln
793 4839 879 4893 die
909 4852 1028 4910 post
1061 4845 1297 4910 tertiam,
1326 4845 1411 4900 vel
1455 4845 1497 4901 si
1534 4855 1616 4901 es:
1658 4847 1772 4902 dies
1803 4848 2041 4904 Domini-’

452 4942 571 4993 cus,
604 4939 732 4986 ante
759 4933 996 5001 tertiam,
1025 4949 1146 4989 cum
1195 4936 1514 5007 antiphona,
1543 4937 1674 4991 Cum
1703 4940 2042 5007 inducerent;

452 5024 554 5068 alia
614 5025 660 5068 n
692 5028 840 5068 boni/1
886 5030 1146 5068 ὅηΓηηΙῖη·
1183 5034 1496 5068 ηνΛηοιΙῖιιηι
1542 5036 1608 5068 nr!
1649 5036 1931 5068 οηηιηινῖσηη
1979 5038 2014 5068 Ε

2143 4570 2308 4636 Deus,
2334 4571 2422 4639 qui
2446 4586 2546 4622 non
2573 4578 2790 4620 mortem
2823 4585 2841 4620 ;
2872 4580 3008 4634 quos
3037 4580 3157 4620 cum
3176 4579 3335 4619 orsus
3361 4563 3523 4617 fuerit
3545 4564 3734 4633 singu-

2145 4662 2213 4717 lis
2236 4662 2533 4730 imponere,
2558 4658 2788 4727 imponit
2814 4670 3030 4725 quoque
3053 4663 3247 4710 cantor
3272 4657 3441 4723 antip.
3472 4651 3733 4706 [annui-z-

2144 4768 2262 4806 ntur
2289 4753 2491 4807 habitu.

2758 4840 2986 4896 CAPUT
3028 4839 3108 4893 Ll.

2392 4935 2469 4990 De
2494 4935 2779 4989 Dominicis
2806 4936 2986 4987 diebus
3019 4930 3469 5000 Quadragesimw.

2214 5026 2317 5068 Dm-
2349 5042 2538 5068 numne
2564 5026 2865 5068 Itmninime
2890 5036 3058 5068 INtlltt‘.
3082 5024 3148 5068 ml
3178 5022 3490 5068 Pnssimmm
3521 5021 3727 5068 Daitnfru'
