4030 5354
222 365 321 420 C97

972 365 1547 424 CONSUETUDINES
1584 370 2127 429 CLUNIACENSES.
2170 352 2233 412 4—
2274 372 2474 427 LlBER
2507 373 2782 429 PRIMUS.

3373 382 3475 432 h93

219 492 304 530 ma
347 474 622 531 Dominica
643 476 711 531 ad
737 485 862 534 octo
904 478 1162 536 lectiones
1193 490 1576 539 nocturnorum
1612 500 1790 538 sermo
1821 493 1864 549 Α
1897 488 2056 541 fuerit
2082 487 2367 551 terminus,
2387 486 2487 543 scil
2509 498 2693 558 postea
2729 488 2963 554 futurus,
2985 500 3160 545 tamen
3190 490 3244 544 iu
3276 502 3473 562 quarta
3506 525 3513 531 -

217 567 459 634 ﬂamini,
488 567 542 624 id
590 577 695 633 est,
741 568 882 624 Licet
934 572 1104 636 nobis,
1149 573 1490 628 dilectissimi.
1546 575 1791 631 Secunda

220 657 492 713 Dominica
538 672 663 711 cum
708 673 814 713 non
846 659 1004 715 aliam
1054 662 1250 717 habeat
1302 662 1580 720 collectam
1632 680 1791 734 quazn

215 748 382 814 illam,
400 748 661 819 Μαθηταὶ
674 752 962 821 cortspicis;
987 753 1216 823 ideoque
1232 755 1444 811 dicatur
1456 758 1520 811 ad
1548 759 1764 812 tertiam
1776 800 1791 826 ,

213 849 498 908 sequentes
530 842 599 897 de
618 843 950 912 quotidianis
975 844 1230 903 dicuntur
1253 848 1319 903 ad
1347 858 1555 903 sextam
1603 860 1658 905 ct
1696 861 1792 905 no-

210 947 352 985 nam.

803 1023 1034 1082 CAPUT
1072 1027 1177 1083 Lll.

502 1112 584 1169 De
611 1118 841 1171 secumla
866 1117 1000 1186 feria
1031 1117 1486 1189 Quadragesima’.

268 1204 327 1258 In
351 1201 590 1260 secunda
611 1202 749 1260 feria
778 1205 1218 1278 Quadtagesime
1244 1210 1571 1265 inchoantur
1598 1211 1786 1283 hymni

204 1294 268 1349 de
286 1292 502 1363 jejunio
520 1296 589 1349 ad
617 1305 813 1353 matut.
839 1298 1048 1365 laudes,
1081 1308 1138 1354 et
1168 1301 1387 1355 tertiam
1414 1309 1468 1356 et
1497 1312 1786 1372 sequentes

205 1386 385 1439 horas.
436 1386 559 1442 Soli
586 1384 839 1446 nocturni
868 1391 1053 1446 nescio
1085 1393 1213 1461 quid
1253 1392 1341 1448 hic
1386 1395 1783 1461 commiserint,

203 1473 311 1542 qui,
347 1490 471 1528 cum
505 1477 559 1528 in
583 1478 829 1532 Adventu
864 1480 1093 1546 Domini,
1117 1492 1173 1537 et
1195 1484 1355 1538 toties
1389 1485 1441 1538 in
1477 1485 1786 1539 solemnita-

205 1563 361 1629 tibus,
401 1565 700 1635 specialem
753 1568 1011 1641 hymnum
1061 1572 1319 1640 habeant,
1360 1575 1414 1629 in
1446 1575 1780 1648 Quadrages.

201 1654 298 1710 hoc
324 1656 654 1714 amiserunt.
686 1658 743 1714 ln
769 1676 875 1731 qua
903 1663 1068 1718 etiam
1113 1673 1220 1720 tam
1269 1680 1434 1737 parva
1458 1667 1615 1734 hora,
1643 1669 1782 1725 sicut

202 1755 277 1799 est
301 1747 481 1813 tertia,
513 1764 626 1804 non
666 1762 816 1807 caret
846 1754 1044 1825 hymno
1073 1755 1180 1813 alio
1220 1774 1383 1828 quam
1414 1769 1698 1827 consueto,
1726 1762 1779 1816 id

202 1844 299 1904 est,
328 1837 519 1894 Tarnis
545 1850 625 1895 ter
669 1843 814 1899 horis
844 1861 1092 1902 numerus
1124 1863 1144 1902 :
1169 1841 1223 1905 et
1257 1851 1302 1905 si
1347 1852 1449 1907 hoc
1497 1853 1637 1921 apud
1683 1868 1781 1909 nos
1814 1830 1856 1889 Β

201 1938 293 1995 εει,
316 1939 498 1986 tamen
536 1932 691 2007 [non]
720 1946 804 1991 est
833 1938 905 1992 ita
940 1942 1079 2010 apud
1118 1944 1409 2000 monachos
1442 1954 1495 1999 et
1516 1944 1703 2012 ltalim,
1729 1954 1784 2002 et

204 2020 360 2090 ipsius
383 2023 540 2080 sedis
569 2028 900 2097 apostolicus,
936 2039 990 2085 et
1024 2032 1280 2090 Ecclesia:
1312 2035 1596 2105 Romanae;
1640 2041 1782 2110 apud

202 2123 324 2180 quos
352 2112 619 2168 nimirum
648 2118 791 2188 quod
818 2135 879 2174 ea
920 2122 1038 2177 vice
1069 2123 1268 2179 habent
1316 2127 1435 2182 alia:
1469 2129 1634 2194 horae,
1686 2129 1781 2185 ha-

203 2200 318 2253 bent
341 2200 509 2257 etiam
544 2207 817 2264 nocturni.
851 2208 988 2265 Sunt
1018 2222 1195 2269 autem
1220 2217 1396 2271 adhuc
1421 2228 1477 2273 et
1516 2218 1621 2273 alia
1660 2234 1781 2289 quas

202 2290 249 2385 in
278 2292 497 2359 prazi‘ata
537 2294 677 2352 feria
707 2299 883 2357 solent
916 2303 1178 2372 inchoari,
1210 2306 1316 2362 duo
1337 2309 1530 2379 psalmi
1564 2313 1654 2382 qui
1680 2327 1780 2385 per

201 2384 420 2456 singulas
476 2390 655 2447 horas
711 2392 968 2450 dicuntur
1010 2411 1040 2450 a
1080 2401 1408 2469 prostratis,
1442 2411 1495 2458 et
1544 2404 1778 2473 majores

201 2491 373 2545 preces
393 2481 459 2537 ad
491 2493 695 2539 matut.
729 2486 938 2554 laudes,
961 2497 1015 2543 et
1043 2491 1107 2544 ad
1132 2506 1385 2561 vesperae
1406 2495 1773 2562 scilicet,0re-

202 2586 301 2627 mus
326 2589 416 2641 pro
438 2576 593 2631 omni
610 2579 777 2646 gradu
805 2579 1072 2636 Ecclesiae.
1107 2581 1162 2637 In
1184 2585 1420 2657 capitulo
1435 2602 1775 2659 nequaquam

203 2661 294 2717 alia
320 2666 524 2736 regula:
551 2669 819 2726 sententia
849 2671 1045 2743 legitur
1082 2689 1245 2746 quam
1277 2692 1397 2747 qua:
1422 2688 1501 2735 est
1534 2681 1599 2735 de
1633 2682 1777 2749 Qua-

199 2755 518 2827 dragesima-
554 2758 844 2817 Recitatur
873 2781 1088 2836 quoque
1138 2766 1317 2823 Brevis
1365 2769 1627 2825 libi-0mm
1680 2774 1773 2844 qui

201 2862 324 2902 anno
349 2852 642 2919 praeterito
662 2865 788 2909 sunt
815 2858 881 2910 ad
908 2856 1192 2929 legendum
1227 2858 1485 2917 fratribus
1516 2865 1722 2935 e:ogati
1755 2882 1771 2931 ;

203 2950 307 2991 cum
333 2938 562 3009 quilibet
584 2941 755 2998 frater
785 2947 1116 3013 nominatur,
1135 2964 1196 3007 su
1209 2952 1334 3021 rgit,
1360 2960 1415 3007 et
1443 2954 1639 3009 liinutu
1667 2957 1772 3012 sibi

204 3029 367 3085 datum
412 3034 632 3100 reddit;
667 3046 720 3092 et
770 3038 813 3093 si
846 3054 969 3093 eum
993 3039 1134 3095 forte
1158 3056 1267 3096 non
1314 3045 1628 3116 perlegerit,
1674 3064 1772 3117 pro

203 3118 509 3193 indulgentia
537 3125 620 3198 (5)
640 3129 848 3183 veniam
871 3130 1023 3199 petit.
1040 3132 1136 3187 Est
1154 3143 1336 3190 autem
1361 3152 1501 3191 unus
1523 3148 1672 3207 tapes
1698 3140 1769 3195 ibi
1799 3175 1844 3237 Ο

204 3224 507 3288 constratus,
536 3236 703 3291 super
737 3238 900 3293 quem
935 3225 1010 3279 illi
1061 3226 1185 3282 libri
1231 3235 1529 3298 Imitantur,
1559 3232 1626 3288 de
1656 3236 1773 3301 qui-

203 3308 290 3365 bus
317 3310 506 3368 iterum
551 3317 745 3385 quanti
789 3318 1006 3384 dantur,
1034 3319 1235 3375 dantur
1257 3337 1382 3377 cum
1410 3323 1550 3378 brevi
1574 3343 1593 3389 ;
1625 3336 1679 3380 et
1705 3328 1770 3383 ad

202 3398 290 3457 huc
312 3414 392 3459 est
411 3422 514 3461 una
551 3408 733 3462 tabula
758 3409 1148 3479 aliquantulum
1178 3414 1351 3482 major
1376 3414 1538 3470 facta.
1570 3415 1627 3470 Si
1665 3433 1771 3485 qua

202 3490 446 3553 festivitas
481 3500 534 3553 in
577 3500 768 3554 eodem
799 3502 885 3556 die
911 3503 1195 3558 duodecim
1238 3504 1532 3561 lectio:.um
1563 3510 1770 3578 agenda

201 3589 441 3655 evenerit,
477 3598 616 3645 tunc
647 3591 699 3645 in
732 3593 968 3663 capitulo
1016 3597 1135 3650 dum
1188 3595 1450 3653 lectiones
1497 3594 1767 3675 leguntur,

203 3676 396 3749 duoque
433 3682 575 3738 ﬁunt
619 3700 930 3753 sermones;
964 3688 1208 3743 anterior
1231 3690 1297 3745 de
1323 3689 1637 3758 festivitate,
1680 3710 1768 3750 se-

203 3782 354 3839 quens
383 3775 449 3830 de
472 3774 927 3848 Quadragesima.
962 3779 1090 3836 Post
1116 3781 1381 3836 librorum
1397 3786 1770 3855 erogzztiouem

203 3859 346 3917 datur
387 3865 611 3922 licentia
634 3866 936 3938 jejunandi,
962 3872 1036 3927 ita
1074 3881 1256 3928 tamen
1284 3884 1342 3929 ut
1373 3874 1618 3945 jejunent
1645 3894 1767 3933 cum

205 3949 514 4014 discretione
561 3970 619 4014 ct
658 3963 973 4030 moderate,
1007 3980 1073 4020 ne
1118 3968 1364 4036 corporis
1407 3969 1767 4025 valetudinem

202 4047 419 4105 maxime
443 4051 512 4106 ad
536 4054 856 4109 exercitium
883 4057 1007 4111 talis
1035 4059 1179 4125 vitae,
1203 4061 1409 4121 scilicet
1432 4064 1640 4130 activae,
1661 4080 1767 4120 non

203 4136 454 4198 amittant.
493 4144 631 4199 Vide
666 4161 884 4217 quoque
911 4151 1056 4219 quali
1084 4151 1424 4208 humanitate
1454 4155 1643 4212 Patres
1672 4172 1769 4211 no-

203 4228 290 4282 Stri
327 4230 497 4300 ipsam
550 4235 1031 4308 Quadragesimam
1092 4243 1380 4300 voluerunt
1425 4247 1671 4305 initiari:
1704 4264 1768 4305 eo

204 4332 417 4393 namque
446 4326 556 4393 die,
597 4339 757 4398 prout
790 4332 922 4399 ipsis
950 4333 1174 4403 placuit,
1220 4336 1486 4393 habemus
1518 4340 1586 4393 ad
1628 4340 1768 4396 refe-

203 4410 420 4469 ctionem
450 4426 507 4472 et
544 4434 738 4488 panem
775 4424 935 4478 solito
983 4426 1263 4481 meliorem
1318 4438 1374 4483 et
1426 4430 1682 4497 calidum,
1712 4441 1766 4488 et

1896 578 2028 632 feria
2058 578 2292 647 ejusdem
2328 580 2512 648 prima:
2540 574 2855 650 septimana:
2899 582 2965 635 ad
2988 581 3220 636 oﬂicium
3252 583 3472 655 majoris

1896 671 2073 725 missa:
2118 671 2370 739 leguntur
2422 673 2540 726 dua:
2575 671 2853 738 lectiones,
2876 672 3086 741 duoque
3131 674 3468 745 respousoria

1894 770 2211 829 czntantur;
2241 773 2293 816 et
2321 761 2407 816 illa
2440 772 2630 833 quarta
2668 763 2825 829 feria,
2849 780 2956 834 qua
2979 761 3242 833 jejunium
3271 765 3450 834 agitur

1893 866 1999 906 non
2026 854 2128 907 nisi
2155 869 2279 907 una.
2305 854 2406 921 Qui
2440 871 2555 910 mos
2591 856 2730 910 unde
2752 857 2927 926 primo
2954 855 3257 922 inoleverit,
3297 859 3363 912 de
3393 859 3443 911 in

1893 943 2096 997 dustria
2123 954 2177 999 et
2204 947 2403 1010 studio,
2434 962 2499 1000 an
2524 964 2589 1005 ex
2618 949 2963 1018 negligentia,
2982 950 3188 1014 nescio,
3220 950 3324 1004 nisi
3366 950 3469 1005 hoc

1891 1036 2003 1091 scio
2034 1046 2220 1092 contra
2249 1052 2403 1091 usum
2427 1054 2545 1093 esse
2571 1038 2859 1094 multarum
2889 1040 3248 1095 Ecclesiarum
3275 1051 3381 1096 tam
3412 1042 3463 1097 ir.

1889 1126 2132 1184 Romana
2160 1130 2340 1201 lingua
2368 1147 2530 1202 quam
2559 1132 2611 1186 in
2643 1131 2959 1187 Teutonica.
2992 1134 3065 1188 Ea
3096 1150 3309 1204 quoque
3351 1136 3463 1191 ollis

1889 1220 1971 1274 cia
2001 1237 2119 1290 qua:
2158 1223 2223 1275 ad
2276 1223 2417 1277 idem
2455 1221 2719 1293 jejunium
2765 1226 3058 1294 pertinent.
3092 1243 3211 1279 cum
3267 1226 3472 1295 scripta

1887 1311 1997 1366 sint
2030 1313 2095 1367 ad
2154 1314 2381 1384 primani
2440 1315 2874 1387 Quadragesimae
2922 1316 3297 1386 septimanam,
3326 1317 3373 1371 si
3413 1317 3466 1370 in

1887 1400 2075 1458 eadem
2127 1404 2425 1475 septimana
2451 1404 2712 1474 jejunium
2752 1424 2856 1462 non
2888 1408 3085 1479 agitur,
3119 1418 3336 1478 propter
3366 1409 3468 1464 hoc

1888 1502 2069 1548 tamen
2105 1495 2309 1549 nullum
2350 1495 2597 1551 differtur
2620 1496 2875 1564 uﬂicium,
2901 1500 3000 1554 nisi
3032 1501 3174 1571 quod
3231 1500 3468 1570 pertinet

1886 1588 1953 1642 ad
1978 1588 2301 1654 Sabhatum;
2335 1590 2438 1644 hoc
2465 1590 2637 1644 solum
2667 1607 2880 1661 quoque
2909 1593 2975 1648 ad
3007 1591 3302 1647 Sabhatum
3326 1591 3466 1661 jeju-

1884 1678 1958 1731 nii
1991 1689 2325 1745 reservatur;
2348 1680 2449 1733 hac
2474 1682 2636 1734 etiam
2668 1680 2779 1735 sola
2806 1682 2923 1736 vice
2946 1698 3041 1751 pro
3068 1684 3266 1753 hymno
3299 1682 3465 1735 trium

1884 1784 2174 1839 puerorum
2200 1811 2215 1837 ,
2249 1786 2353 1827 non
2389 1770 2734 1839 Benedictus,
2777 1774 2871 1829 sed
2919 1774 3217 1829 Benedicite
3271 1783 3463 1830 canta-

1889 1869 1993 1914 tur.

2466 1974 2694 2032 CAPUT
2729 1976 2863 2033 LIV.

2043 2086 2124 2141 De
2153 2084 2414 2143 Passione
2454 2087 2689 2154 Domini,
2712 2098 2761 2143 et
2786 2088 2969 2144 Ramis
3002 2090 3321 2161 palmarum.

1950 2219 2009 2275 In
2044 2218 2305 2275 Passione
2354 2219 2570 2274 Domini
2620 2217 2803 2275 Gloria
2841 2219 3010 2286 Patri,
3051 2223 3096 2278 si
3128 2224 3194 2278 ad
3256 2223 3459 2279 nullum

1880 2323 2137 2371 cantatur
2167 2313 2592 2386 responsorium,
2617 2320 3063 2367 cantaturtamen
3090 2313 3154 2367 ad
3183 2313 3458 2379 introitus,

1879 2405 2127 2475 quamvis
2157 2405 2351 2460 iterum
2378 2412 2565 2458 contra
2603 2417 2757 2456 usum
2786 2401 3048 2456 faciamus
3078 2401 3307 2455 aliarum
3359 2403 3462 2456 Ec-

1878 2498 2187 2554 clesiarum.
2216 2496 2272 2551 ln
2296 2495 2483 2551 Ramis
2514 2496 2811 2565 palmarum
2838 2494 2904 2547 ad
2931 2493 3301 2548 matutinalem
3327 2496 3458 2549 mis~

1877 2604 1991 2642 sam
2017 2587 2231 2642 nonnisi
2256 2603 2359 2640 una
2383 2585 2607 2640 collecta
2631 2593 2717 2640 est
2737 2583 2983 2647 dicenda,
3013 2599 3112 2639 nec
3148 2585 3335 2639 Passio
3383 2584 3460 2640 le-

1875 2680 2049 2749 gitur,
2078 2677 2172 2734 sed
2201 2677 2290 2733 illa
2345 2684 2551 2732 tantum
2583 2675 2744 2731 lectio
2772 2675 2945 2730 sancti
2997 2674 3297 2744 Evangelii,
3324 2672 3458 2728 Cum

1876 2766 2314 2838 appropinquaret
2335 2764 2522 2830 Jesus;
2552 2764 2693 2835 quod
2720 2764 2882 2820 etiam
2913 2764 3122 2819 cunctis
3153 2764 3458 2819 sacerdoti-

1876 2858 1997 2923 bus,
2025 2858 2116 2929 qui
2154 2859 2390 2929 privatas
2418 2857 2614 2912 missas
2648 2864 3007 2912 cantaverunt
3038 2856 3374 2927 praecipitur,
3399 2865 3458 2909 ut

1874 2952 1983 3006 sint
2006 2950 2176 3021 parati
2217 2951 2282 3004 ad
2312 2951 2445 3005 duas
2488 2950 2884 3020 processiones,
2931 2963 3051 3018 qua:
3079 2947 3168 3001 illo
3197 2948 3284 3000 die
3333 2956 3459 3001 sunt

1874 3047 2115 3117 agendis.
2154 3044 2312 3099 Prior
2349 3054 2470 3114 post
2515 3041 2892 3099 matutinalem
2954 3042 3177 3096 missam
3229 3039 3343 3095 sale
3403 3050 3461 3095 et

1875 3153 2017 3208 aqua
2057 3138 2409 3201 consecratis,
2446 3136 2584 3191 sicut
2614 3146 2696 3191 est
2743 3149 2860 3189 mos
2899 3135 3109 3190 cunctis
3165 3133 3459 3189 Dominicis

1876 3230 2066 3285 diebus
2114 3243 2213 3299 per
2259 3228 2586 3293 claustrum;
2629 3226 2851 3281 citerior
2906 3235 3027 3296 post
3072 3225 3285 3281 tertiam
3332 3240 3455 3279 cum

1874 3319 2155 3374 frohrlibus
2198 3328 2254 3374 et
2285 3318 2470 3373 Ramis
2529 3316 2827 3386 palmarum
2878 3325 3004 3371 ante
3059 3317 3232 3384 majus
3286 3315 3459 3370 altare

1875 3412 2230 3475 consecratis,
2261 3424 2432 3479 usque
2463 3409 2530 3463 ad
2557 3408 2842 3463 ecclesiam
2874 3408 2934 3461 S.
2967 3406 3168 3477 Majoli,
3199 3406 3479 3460 omnibus-

1875 3504 2012 3560 :rlbis
2036 3504 2255 3558 indutis.
2286 3501 2420 3573 Ipsm
2451 3510 2630 3554 autem
2663 3498 2886 3554 frondes
2910 3514 3002 3553 seu
3033 3496 3166 3551 rami
3193 3512 3316 3551 cum
3339 3497 3455 3551 istis

1873 3596 2113 3651 collectis
2151 3592 2546 3648 benedicuntur
2577 3609 2590 3645 :
2618 3590 2835 3659 quando
2880 3588 3303 3651 distribuuntur,
3325 3603 3458 3642 can-

1874 3694 2017 3741 tatur
2045 3681 2531 3754 antiphona,Pueri
2555 3680 2897 3736 Hebra‘orum
2924 3696 3132 3745 ramos;
3158 3676 3457 3744 alia,Pueri

1872 3778 2219 3834 llebrteorum
2278 3776 2602 3831 vestimenta.
2647 3774 2904 3830 Exeundo
2955 3774 3237 3843 pulsantur
3274 3773 3455 3827 omnia

1872 3871 2048 3943 signa,
2073 3876 2324 3924 cantatur
2351 3867 2667 3937 antipltona,
2701 3865 2834 3921 Cum
2871 3866 3310 3935 appropinquaret
3346 3863 3453 3917 Do-

1871 3964 2077 4025 minus;
2120 3968 2209 4025 et,
2258 3957 2390 4015 Cum
2436 3959 2667 4012 audisset
2713 3956 2977 4028 papulas;
3028 3956 3477 4026 responsorium,

1872 4051 2226 4108 Contumelias
2266 4061 2315 4106 et
2351 4061 2611 4116 terram;
2665 4059 2720 4105 et
2749 4050 2851 4104 alia
2886 4065 3129 4119 respons.
3175 4049 3258 4103 Ad
3288 4050 3458 4103 intru-

1872 4146 2004 4200 itum
2026 4144 2291 4211 ecclesiaz,
2310 4144 2376 4199 de
2402 4143 2636 4207 Sanctis,
2665 4157 2893 4212 quorum
2914 4143 3111 4195 ibidem
3138 4150 3221 4195 est
3248 4157 3452 4195 memo-

1871 4239 1971 4304 ria,
1988 4239 2299 4307 antiphona,
2324 4237 2408 4291 vel
2432 4250 2701 4305 re5pons.;
2726 4237 2792 4289 ad
2821 4236 3109 4291 stationem
3134 4234 3452 4303 antipliona,

1870 4331 1992 4394 Ave,
2021 4329 2135 4383 Rea:
2157 4338 2366 4394 noster;
2392 4327 2602 4381 collect.
2629 4327 2695 4381 de
2717 4326 2847 4395 ipsis
2883 4325 3106 4389 sanctis,
3131 4322 3318 4379 Oratio
3348 4325 3453 4378 Do-

1870 4423 2068 4477 minica
2107 4436 2228 4476 cum
2274 4420 2431 4473 solita
2460 4416 2841 4483 inclinatione;
2865 4416 2944 4470 -lit
2970 4431 3147 4470 sermo
3175 4414 3245 4468 ad
3283 4430 3458 4484 popu-t

204 4506 434 4592 generale
455 4510 709 4578 piscium,
740 4514 784 4569 si
816 4530 921 4586 quo
960 4517 1120 4574 modo
1168 4519 1399 4575 inveniri
1439 4525 1663 4592 poterit,
1712 4538 1768 4580 et

1877 4514 1998 4568 lum.
2037 4512 2329 4567 Redeundo
2366 4519 2547 4564 autem
2573 4549 2587 4571 ,
2633 4508 2985 4578 Collegerunt.
3044 4507 3449 4562 Prmcesserunt

205 4591 516 4662 pigmentum
542 4643 557 4667 ,
587 4604 651 4658 ad
703 4604 857 4675 cujus
904 4620 1081 4664 tamen
1118 4591 1557 4683 propinationem
1616 4618 1765 4672 scilla

204 4694 297 4736 non
334 4699 575 4747 sonatur.
617 4695 676 4749 lu
723 4708 919 4767 quarta
957 4700 1088 4756 feria
1125 4711 1182 4758 et
1209 4715 1361 4759 sexta
1403 4717 1524 4775 post
1567 4724 1765 4764 nouam

205 4779 625 4840 exeunt'lratrcs
653 4787 719 4841 de
747 4788 998 4859 ecclesia,
1040 4801 1097 4847 et
1123 4809 1182 4849 se
1208 4795 1561 4862 discalceant,
1586 4807 1643 4854 et
1692 4800 1763 4854 ita

202 4863 407 4920 redeunt
435 4872 501 4926 ad
542 4889 965 4942 processroncm.
1024 4884 1175 4942 Tun;
1204 4897 1385 4943 autem
1434 4890 1613 4943 oratio
1657 4906 1785 4946 non'

197 4958 549 5051 l’rﬂiutittitur,
577 4969 683 5024 sed
731 4974 879 5039 pueri
924 4976 1196 5032 imrantes
1249 4981 1435 5035 statim
1479 4980 1764 5051 imponunt

195 5044 540 5124 autipbonam,
573 5059 847 5134 Exsurge,
878 5067 1117 5125 Domine.

771 5202 993 5265 CAPUT
1033 5184 1163 5263 Lt'u.

260 5301 331 5354 De
358 5307 547 5354 ieiunia
572 5314 805 5354 nnnlunr
835 5320 1083 5354 Τηκ...ιι.η
1101 5340 1148 5354 εκ
1190 5327 1242 5354 ἒ..
1266 5344 1437 5354 μη---
1483 5327 1671 5354 u--.:-

1869 4605 2033 4675 aliqui
2060 4612 2331 4667 cantores,
2364 4603 2458 4672 qui
2481 4602 2668 4672 cappis
2708 4602 2875 4655 induti
2907 4600 3169 4668 recipiunt
3217 4615 3481 4655 conten--

1868 4707 1980 4752 tum
2011 4698 2064 4751 in
2095 4694 2360 4750 vestibulo
2388 4694 2631 4750 ecclesiae
2663 4707 2786 4750 cum
2814 4692 2899 4747 his
2922 4690 3165 4745 versibus
3196 4708 3208 4744 :
3242 4690 3451 4753 Gloria,

1865 4791 2020 4853 laus;
2065 4791 2132 4844 ad
2187 4788 2468 4843 introitum
2521 4786 2789 4849 ecclesiis,
2824 4799 3070 4854 respons.
3124 4783 3460 4855 lngrediente

1868 4879 2124 4943 Domino;
2163 4886 2373 4934 tractus
2414 4886 2668 4933 cantatur
2693 4891 2723 4930 a
2752 4876 2883 4931 solis
2924 4883 3162 4945 quatuor
3211 4877 3450 4931 cantori-

1865 4971 1987 5035 bus,
2017 4970 2141 5025 hinc
2175 4978 2231 5024 et
2256 4970 2379 5025 inde
2404 4976 2677 5023 conventu
2711 4967 2931 5022 interim
2957 4964 3276 5020 considente
3308 4974 3363 5019 et
3386 4981 3454 5022 ex
3480 4980 3485 4983 ‘

1864 5070 1980 5117 toto
2020 5069 2260 5126 tacente,
2298 5059 2439 5115 sicut
2467 5059 2631 5113 etiam
2679 5065 2825 5115 tacet
2872 5060 2938 5114 ad
2965 5069 3195 5113 caeteros
3229 5065 3452 5112 tractus.

1860 5155 1943 5210 Ad
1969 5152 2287 5209 Passionem
2310 5159 2366 5205 et
2392 5148 2749 5215 oll‘erendam,
2784 5168 2890 5223 qua
2922 5149 3145 5204 frondes
3190 5162 3286 5202 seu
3315 5147 3462 5201 rami

1863 5246 2166 5318 palmarum
2217 5243 2539 5303 olleruntnr,
2584 5242 2786 5301 debent
2841 5255 3035 5301 omnes
3083 5242 3315 5303 adesse,
3358 5242 3485 5292 ncc'

1943 5336 1979 5354 ο.
2002 5352 2021 5354 ..
2052 5350 2146 5354 ._._-
2196 5334 2354 5354 ηυξ---
2388 5332 2480 5354 -1.-
2506 5332 2702 5354 n:---.:_
2738 5350 2754 5354 -
2781 5338 2803 5354 ,ν
2876 5335 3021 5354 -τ--.-
3069 5334 3238 5354 ι---.--
3313 5328 3426 5354 1...:
