4030 5354
528 321 637 380 699

1139 435 1366 494 αιιιιιτ
1402 437 1512 493 LV.

607 526 688 584 De
708 527 1076 596 festivitatibus
1103 546 1219 600 qua:
1248 530 1300 584 iu
1327 529 1744 602 Quadrugerma
1773 534 2036 588 eveniunt.

596 618 677 676 De
715 619 1097 679 festivitatibus
1139 636 1260 691 qua:
1286 623 1338 676 in
1370 622 1797 694 Quadragesima
1856 625 2114 679 eveniunt

525 724 792 788 quantum
819 716 1106 771 dicendum
1131 717 1420 782 aestimari,
1453 719 1504 773 in
1535 719 1642 775 alio
1670 719 1789 776 loco
1814 735 1920 796 non
1949 721 2111 786 tacui,

526 808 673 878 quod
705 817 902 872 tamen,
939 817 997 862 ιιι
1025 808 1221 863 iterum
1251 808 1495 868 breviter
1527 817 1762 881 tangam.
1793 812 1851 866 in
1879 810 2117 882 qualibet

526 899 821 955 festivitate
843 900 1060 956 additur
1098 902 1165 956 ad
1190 901 1571 971 psalmodiam,
1595 903 1738 974 quod
1761 921 1868 960 non
1891 906 2116 963 addere-

526 1000 619 1046 tur
648 1007 748 1047 nec
773 992 1046 1049 diceretur
1068 994 1112 1048 si
1143 994 1256 1064 ipsa
1286 993 1555 1051 festivitas
1597 1006 1751 1052 extra
1805 997 2117 1070 Quadrageo

534 1082 731 1139 simam
760 1085 1024 1150 eveniret,
1055 1095 1110 1140 et
1137 1086 1239 1142 hoc
1265 1096 1368 1142 est.
1414 1086 1596 1143 Primo
1621 1103 1739 1158 post
1769 1105 2024 1160 vesperas
2053 1092 2116 1148 de

529 1170 790 1228 Omnibus
824 1173 1040 1231 Sanctis
1087 1191 1330 1248 vesperae
1353 1194 1566 1248 quoque
1594 1194 1692 1250 pro
1748 1179 2040 1245 defunctis,
2063 1189 2119 1238 ct

523 1275 624 1331 pro
649 1264 780 1333 ipsis
822 1264 874 1319 in
918 1274 1086 1322 nocte
1136 1277 1258 1337 post
1298 1277 1494 1326 matut.
1546 1268 1734 1326 laudes
1784 1274 2114 1342 psalmodia,

529 1351 688 1417 Deus,
724 1353 974 1418 auribus;
1024 1365 1146 1425 post
1193 1356 1426 1425 primam
1477 1358 1670 1428 psalm.
1722 1359 1996 1425 Miserere,
2021 1380 2118 1433 pro

529 1443 1026 1502 defunctis'nostris
1048 1447 1337 1502 abbatibus
1360 1459 1565 1518 septem
1599 1451 1788 1522 psalmi
1812 1463 1866 1508 et
1895 1454 2114 1524 letania;

523 1543 648 1607 post
674 1537 966 1605 capitulum
1001 1538 1219 1609 triginta
1262 1540 1487 1611 psalmi;
1523 1551 1646 1612 post
1677 1545 1894 1599 tertiam
1952 1547 2118 1603 missa

526 1625 595 1680 de
622 1625 735 1695 ipsa
763 1625 1056 1683 festivitate
1081 1627 1276 1684 festive
1311 1645 1529 1702 quoque
1574 1643 1848 1690 cantatur.
1876 1637 1959 1692 Ad
1987 1653 2117 1693 sex-

527 1726 638 1771 tam
675 1727 730 1772 et
778 1719 1020 1790 reliquas
1065 1721 1230 1777 horas
1280 1725 1519 1794 petimus
1559 1728 1796 1793 veniam,
1840 1736 2119 1801 totamque

1533 323 1852 381 UDALRlCl
1885 324 2378 384 CLUNIACENSIS
2407 327 2712 386 MONAClﬂ

2149 447 2193 505 Α
2223 441 2412 500 {etiam
2442 461 2562 516 quae
2595 446 2842 516 sequitur
2877 446 3079 504 Ramos
3120 448 3447 520 palmarum,
3493 450 3538 506 si
3575 466 3673 522 qua
3703 465 3809 509 oa-

3689 326 3816 391 τοο

2215 539 2478 601 currerit,
2511 549 2594 593 est
2638 538 2934 595 differenda
2991 543 3156 597 etiam
3201 557 3372 612 usque
3429 544 3496 598 ad
3549 546 3813 612 quintam

2216 625 2406 681 feriam
2445 628 2723 696 sequentis
2781 630 3117 698 septimanae.
3178 631 3256 687 De
3303 632 3425 687 aliis
3471 633 3658 690 diebus
3705 643 3812 691 est

2214 719 2524 784 manifesta,
2556 727 2613 774 ut
2641 719 2755 789 ipse
2779 720 3015 784 noveris,
3041 735 3228 786 causa,
3261 722 3315 777 in
3346 723 3544 792 quibus
3573 722 3810 795 singulis

2215 821 2342 866 sunt
2377 812 2648 880 quaedam,
2673 810 2827 881 quasi
2863 812 3148 882 praecipuae
3174 813 3567 878 solemnitates,
3590 824 3641 869 et
3672 814 3808 884 qni-

2213 903 2319 959 bus
2344 904 2490 958 nulla
2515 904 2709 960 debeat
2729 902 2836 959 alia
2861 905 3124 974 praeponi,
3154 905 3256 960 nisi
3280 905 3333 960 in
3368 907 3526 962 tertia
3557 906 3708 974 feria,
3744 909 3811 963 in

2217 1011 2322 1066 qua
2348 998 2477 1068 quia
2513 1013 2613 1053 nos
2643 1012 2831 1053 sumus
2880 998 3126 1062 radendi,
3160 1013 3387 1055 necesse
3438 999 3696 1058 habemus
3742 1011 3815 1057 ut

2218 1090 2500 1160 loquamur
2527 1089 2581 1144 in
2607 1089 2869 1156 claustro,
2905 1091 3048 1160 quod
3088 1104 3365 1160 nunquam
3405 1090 3460 1145 in
3514 1091 3813 1145 duodecim

2217 1181 2542 1238 lectionibus
2579 1182 2724 1258 licet.
2772 1182 2828 1238 ln
2858 1191 3054 1253 quarta
3085 1182 3219 1238 feria
3249 1191 3333 1238 est
3382 1182 3815 1254 Quadragesima

2218 1275 2372 1346 quasi
2403 1275 2730 1339 claudenda,
2758 1276 2811 1330 in
2839 1291 2944 1344 qua
2973 1286 3028 1331 et
3056 1273 3290 1332 ofﬁcium
3334 1276 3514 1330 missae
3557 1275 3815 1346 aliquan-

2223 1365 2390 1420 tulum
2420 1376 2503 1421 est
2532 1365 2794 1436 prolixius
2833 1373 3056 1436 propter
3078 1366 3212 1421 duas
3255 1364 3537 1428 lectiones,
3569 1373 3812 1418 tractum

2219 1467 2274 1512 et
2293 1457 2602 1528 passionem
2635 1455 2878 1522 Domini;
2909 1456 3138 1526 ideoque
3167 1455 3400 1526 majores
3422 1455 3590 1509 nostri
3608 1453 3815 1507 decre-

2218 1557 2415 1603 verunt
2445 1559 2504 1602 ut
2549 1548 2603 1601 in
2639 1546 2730 1601 illo
2759 1547 2847 1601 die
2869 1562 2974 1601 non
3006 1545 3180 1601 solum
3222 1544 3366 1598 nulla
3398 1543 3663 1599 festivitas
3695 1541 3812 1596 alia

2220 1639 2554 1695 cclebrarctu
2566 1655 2609 1704 r,
2629 1639 2722 1694 sed
2752 1653 2852 1694 nec
2877 1637 3175 1709 processio,
3206 1651 3306 1693 uec
3346 1634 3583 1692 cilicium
3611 1633 3816 1690 defun-

2222 1739 2435 1785 ctorum
2461 1738 2735 1800 ageretur.
2763 1796 2766 1799 _
3560 1726 3562 1728 ’

524 1809 886 1891 psalmodiam
939 1815 1435 1884 repetimus,sicut
1481 1819 1534 1874 in
1580 1821 1822 1890 quolibet
1868 1823 1976 1878 alio
2029 1795 2118 1881 die
2153 1795 2194 1854 Β
2293 1795 2618 1876 Benedictus
2643 1796 2785 1876 Deus
2823 1821 2877 1876 in
2925 1819 3084 1889 cujus
3131 1820 3292 1876 modo
3319 1819 3494 1891 gratia
3537 1829 3819 1889 utcunque

524 1901 738 1970 privato
759 1912 811 1957 et
834 1901 1298 1975 Quadragesimali
1323 1910 1658 1978 repetimus;
1701 1928 2011 1982 quanquam
2045 1917 2114 1970 ad

527 1995 693 2048 horas
727 2009 830 2048 non
861 1995 996 2050 alias
1018 1998 1360 2067 antiphonas,
1393 2001 1650 2070 capitula,
1685 2017 1874 2060 versus
1923 2015 1978 2061 et
2009 2008 2118 2062 col-

527 2083 723 2152 lectas,
763 2101 926 2156 quam
959 2088 1025 2142 de
1053 2089 1164 2159 ipsa
1202 2089 1496 2146 festivitate
1545 2093 1813 2148 dicamus.
1846 2094 2113 2152 Czetcrum

526 2177 700 2232 solum
732 2193 921 2234 rursus
965 2191 1210 2236 remanet
1244 2181 1497 2246 cilicium,
1530 2185 1582 2239 in
1612 2185 1767 2254 cujus
1802 2187 1922 2243 vice
1974 2205 2116 2260 smpe

527 2270 707 2326 dictus
730 2271 970 2342 psalmus
1005 2283 1125 2343 post
1168 2274 1408 2347 singulas
1455 2277 1618 2332 horas
1651 2289 1922 2334 cantatur.
1961 2281 2116 2349 Quod

526 2363 572 2416 si
602 2361 654 2416 in
681 2363 766 2418 die
792 2364 1069 2420 Donninica
1113 2365 1278 2421 fuerit
1313 2367 1494 2439 aliqua
1539 2369 1827 2437 festiwtas,
1864 2371 2116 2428 differtur

527 2453 586 2510 in
624 2459 916 2513 secundam
951 2457 1140 2513 feriam
1172 2458 1533 2532 celebranda;
1564 2471 1620 2518 et
1662 2474 1783 2536 post
1815 2465 2110 2521 secundam

2226 1922 2508 1986 peractum
2536 1922 2622 1968 est
2663 1911 2808 1982 quod
2834 1911 3000 1975 volui,
3025 1911 3378 1966 dilectissime
3402 1909 3588 1974 Pater,
3622 1925 3749 1965 nam
3781 1928 3815 1967 a

2223 2007 2391 2063 Coena
2423 2006 2634 2061 Domini
2663 2019 3002 2075 progressus,
3028 2019 3215 2058 rursus
3251 2004 3316 2056 ad
3343 2003 3566 2057 Coenam
3599 2001 3813 2058 Domini

2224 2119 2342 2158 sum
2376 2117 2666 2167 reversus;
2699 2101 2763 2155 ad
2793 2101 2936 2171 quod
2969 2099 3166 2168 hospes
3191 2096 3514 2151 humilitatis
3540 2110 3671 2149 mere
3696 2105 3811 2148 tam

2223 2192 2491 2263 benignus
2543 2202 2598 2246 et
2636 2190 2915 2246 liberalis:
2945 2191 3191 2258 Oportet,
3217 2187 3413 2255 inquit,
3439 2193 3493 2238 et
3547 2195 3621 2248 te,
3669 2185 3817 2239 Cha-

2224 2283 2483 2346 rissime,
2532 2281 2598 2336 ad
2648 2277 2859 2336 cumam
2917 2287 3116 2333 nostrae
3165 2274 3506 2345 paupertatis
3565 2272 3814 2336 invitari,

2221 2383 2275 2429 ct
2302 2374 2347 2429 si
2374 2389 2478 2442 qua
2515 2383 2644 2429 sunt
2666 2371 3016 2444 requirenda,
3049 2369 3102 2426 in
3134 2368 3277 2424 diem
3306 2366 3609 2424 crastinum
3640 2379 3816 2422 reser~

2221 2481 2360 2521 Vill‘l.

1615 2662 2030 2776 LIBER
2114 2660 2895 2779 SECUNDUS.

1763 2878 1849 2938 DE
1886 2879 2264 2940 DlSClPLINA
2302 2878 2680 2940 REGULARI.

1127 3036 1516 3095 PREFATIO.

601 3132 718 3188 lam
746 3131 860 3186 dies
886 3137 1006 3186 erat
1033 3131 1307 3186 secundus
1333 3145 1398 3185 ex
1446 3144 1552 3200 quo
1581 3129 1702 3185 veni
1732 3129 1799 3184 ad
1846 3138 2123 3185 monaste-

531 3225 689 3283 rium.
726 3223 878 3292 cujus
905 3224 957 3278 in
989 3224 1179 3294 primis
1220 3224 1463 3287 memini,
1499 3223 1724 3279 adorsus
1750 3238 1811 3277 ea
1837 3238 1957 3293 qua:
1996 3231 2125 3276 sunt

530 3315 842 3386 przentissa;
875 3315 1014 3368 forte
1043 3313 1351 3368 sciscitatus
1396 3312 1769 3368 habitudinem
1817 3311 1943 3376 laci.
1977 3328 2127 3372 Gonn-

530 3408 668 3475 peri,
702 3405 985 3460 vindemiis
1017 3404 1266 3459 instantis
1294 3404 1420 3458 anni
1448 3404 1704 3472 peractis,
1729 3419 1834 3459 non
1865 3403 1972 3457 nisi
2001 3407 2124 3457 octo

531 3497 640 3550 vini
671 3496 925 3550 carradas
946 3495 1012 3550 ad
1039 3505 1398 3550 commeatum
1428 3495 1654 3549 fratrum
1685 3510 1808 3550 esse
1835 3495 2124 3560 collectas;

533 3598 754 3659 propter
797 3588 938 3658 quod
987 3598 1166 3642 tamen
1210 3587 1372 3642 Pater
1407 3587 1715 3642 mcnasterii
1759 3587 1973 3642 solitam
2017 3583 2127 3641 vini

535 3693 843 3733 mensuram
871 3677 1018 3731 nullo
1042 3679 1128 3731 die
1156 3677 1450 3740 subtraxit,
1495 3693 1600 3731 non
1633 3677 1792 3731 modo
1819 3677 2120 3736 monachis,

535 3771 628 3825 sed
659 3772 822 3824 etiam
854 3770 960 3824 illis
988 3769 1081 3838 qui
1125 3779 1281 3823 extra
1309 3768 1607 3823 claustrum
1643 3768 1804 3838 positi
1835 3782 1902 3821 ex
1943 3766 2130 3820 liberis

535 3869 592 3915 et
615 3859 861 3928 ingenuis
882 3860 1025 3913 ultro
1059 3875 1118 3914 se
1153 3859 1509 3924 devovcrunt,
1544 3869 1603 3914 ut
1629 3867 1814 3915 essent
1846 3859 1986 3913 servi
2017 3874 2140 3913 θυι-ι’

537 3968 730 4006 verum
762 3952 876 4005 Dei.
905 3951 1050 4005 lnter
1075 3967 1213 4022 quos
1239 3961 1518 4022 utrosque,
1547 3961 1808 4020 quantum
1839 3961 1992 4019 puto,
2018 3949 2132 4005 fere

537 4045 780 4115 quotidie
810 4045 1035 4114 triginta
1082 4045 1182 4098 viri
1231 4059 1337 4099 non
1385 4044 1688 4100 defuerunt.
1725 4044 1950 4100 Videres
1987 4045 2130 4114 piam

537 4145 890 4205 sanctamque
938 4137 1344 4191 contentionem
1392 4135 1598 4190 domini
1645 4134 1855 4190 abbatis
1902 4143 1958 4189 et
2014 4134 2135 4188 illo-

537 4245 686 4295 rum;
747 4227 950 4282 domini
999 4227 1244 4290 abbatis.
1297 4229 1363 4283 de
1417 4228 1721 4292 charitate;
1775 4227 2012 4292 illorum,
2064 4227 2133 4281 de

536 4320 823 4392 parcitate,
849 4320 921 4374 ita
944 4329 1023 4386 ut,
1053 4334 1175 4374 cum
1204 4321 1432 4375 instaret
1470 4320 1657 4375 eadem
1682 4320 1798 4374 vice
1822 4318 2136 4390 llypapante

2149 3047 2194 3109 (ζ
2226 3039 2405 3104 nibus,
2443 3051 2672 3109 quarum
2719 3039 2972 3093 hesterna
3005 3037 3091 3092 die
3137 3035 3372 3106 aliquam
3421 3043 3634 3107 partem
3689 3036 3818 3092 insi-

2227 3132 2443 3198 nuasti;
2477 3132 2671 3200 quibus
2709 3131 2955 3201 occupati
2985 3129 3232 3185 fortassis
3271 3129 3447 3183 minus
3487 3129 3809 3198 cogitamus,

2227 3233 2286 3278 ut
2322 3225 2390 3282 ad
2439 3223 2575 3278 ollas
2620 3223 3000 3293 Egyptiorum
3049 3222 3372 3288 redeamus,
3418 3221 3496 3275 vel
3551 3221 3658 3274 tale
3690 3221 3816 3291 quid

2228 3316 2616 3382 desideremus,
2647 3329 2707 3369 ut
2735 3315 2781 3369 si
2814 3315 3069 3385 antiquus
3111 3314 3330 3368 Patrum
3377 3313 3606 3383 populus
3638 3313 3818 3367 taber-

2230 3407 2484 3462 naculum
2508 3407 2731 3461 fcederis
2759 3405 3066 3472 fabricavit,
3097 3413 3151 3460 tu
3183 3415 3366 3460 noster
3386 3403 3669 3457 Bezelchel
3694 3417 3815 3456 cum

2228 3499 2380 3552 varia
2432 3497 2801 3567 suppellectile
2852 3496 3152 3566 disciplina:
3204 3496 3466 3566 regularis
3525 3508 3819 3563 componas

2228 3588 2597 3644 Sanctum-ium
2641 3589 2870 3653 mentis;
2918 3587 3021 3641 haec
3065 3586 3132 3641 de
3178 3601 3338 3640 causa
3369 3585 3628 3638 hodierno
3674 3581 3821 3652 ﬂagi-

2229 3688 2410 3734 tamus
2468 3679 2674 3743 audire,
2723 3677 2961 3732 maxime
3011 3676 3078 3730 de
3130 3675 3369 3738 novitiis,
3412 3683 3466 3728 et
3515 3672 3815 3742 pneceptis,

2229 3771 2426 3841 quibus
2471 3769 2776 3824 instruendi
2823 3774 2949 3822 sunt
2992 3776 3047 3821 et
3102 3766 3398 3831 imbuendi,
3445 3772 3505 3818 ut
3551 3765 3697 3817 inter
3725 3777 3817 3816 vos

2231 3862 2442 3932 possint
2473 3861 2796 3932 regulariter
2831 3860 3165 3916 conversari.
3215 3857 3366 3912 Nunc
3416 3871 3525 3921 me,
3575 3856 3815 3924 inquam,

2233 3970 2394 4024 rogas
2423 3954 2576 4023 cujus
2627 3969 2904 4023 nunquam
2950 3953 3207 4022 magister
3255 3967 3378 4006 esse
3426 3951 3621 4005 merui.
3676 3950 3818 4002 Nun-

2233 4058 2394 4113 quam
2444 4043 2662 4096 babitns
2700 4057 2819 4096 sum
2861 4041 3020 4111 hujus
3057 4039 3433 4095 aestimationis
3475 4047 3534 4092 ιιι
3573 4038 3817 4092 sederem

2235 4150 2399 4206 super
2433 4135 2748 4189 cathedram
2779 4134 2938 4203 hujus
2962 4132 3187 4194 scholae,
3227 4141 3286 4185 ut
3319 4139 3620 4200 praeceptor
3647 4141 3816 4183 essent

2237 4226 2588 4281 novitiorum.
2643 4225 2867 4294 Propter
2914 4225 3054 4295 quod
3104 4235 3284 4278 tamen
3337 4239 3444 4278 non
3492 4222 3707 4286 omitto,
3764 4228 3819 4272 ut

2236 4334 2346 4373 non
2377 4319 2632 4389 incipiam
2663 4318 2868 4374 referre
2894 4318 2940 4374 si
2985 4318 3114 4388 quid
3149 4317 3284 4372 mihi
3331 4315 3557 4387 contigit
3603 4316 3669 4369 de
3722 4303 3824 4368 hoc

538 4413 790 4477 Domini,
848 4411 1026 4467 adhuc
1080 4412 1193 4483 ipse
1237 4412 1474 4468 viderem
1519 4413 1573 4467 in
1623 4411 1846 4467 cellario
1898 4411 2130 4465 fratrum
2162 4427 2433 4488 Dgenere
2464 4426 2649 4467 nosse.

539 4519 636 4558 sex
688 4503 947 4559 cat-radas
992 4518 1306 4574 superesse;
1357 4504 1585 4559 miratus
1623 4513 1787 4559 tanta:
1815 4503 2131 4558 sobrietatis

540 4594 878 4663 exemplum,
931 4604 990 4648 ut
1059 4594 1293 4663 primum
1350 4595 1459 4648 vidi
1525 4594 1740 4649 Patrem
1793 4597 2128 4661 monasterii,

539 4683 691 4753 prior
738 4683 808 4736 ita
842 4685 1271 4750 compellabam:
1309 4683 1367 4739 Si
1412 4684 1554 4740 Dens
1599 4685 1807 4740 dederit
1859 4688 1974 4742 istis
2009 4687 2132 4743 filiis

543 4780 600 4826 ct
624 4770 854 4826 alumnis
887 4775 1195 4828 sanctitatis
1237 4783 1361 4839 tute,
1393 4775 1610 4830 domine
1637 4775 1820 4842 Pater,
1871 4785 1978 4832 tam
2010 4793 2133 4834 esse

546 4870 908 4932 temperantes
941 4879 970 4916 a
1009 4864 1128 4918 cibo
1155 4865 1412 4921 delicioso
1443 4881 1602 4936 quam
1628 4882 1659 4920 a
1682 4869 1830 4932 vino,
1857 4879 1980 4923 tunc
2008 4869 2132 4939 qni-

545 4953 669 5006 dcm
713 4953 1000 5006 admodum
1047 4963 1131 5009 est
1172 4957 1466 5013 verisimile
1512 4966 1590 5022 ut,
1646 4959 1756 5014 Deo
1814 4960 2131 5026 auxiliante,

544 5058 643 5114 per
664 5043 811 5096 illum
850 5045 1150 5099 culinarum
1175 5049 1471 5120 principem
1504 5049 1879 5107 Nabnzardam
1905 5053 2132 5107 domici-

547 5136 682 5189 lium
720 5135 870 5190 nacis
911 5151 1014 5190 non
1046 5138 1316 5190 amittant.
1352 5143 1422 5190 Ad
1461 5143 1605 5190 222ml
1646 5143 1734 5190 ἰΙΙρ
1767 5163 1778 5190 ε
1819 5145 1874 5190 1η
1906 5145 2130 5190 Christi-

2751 4571 2979 4629 CAPUT
3017 4570 3308 4628 PRIMUM.

2653 4664 2732 4720 De
2753 4666 3054 4720 diversitate
3081 4665 3413 4719 novitiorum.
3453 4707 3456 4710 .

2310 4781 2452 4851 Ergo
2478 4779 2656 4849 aliqua
2685 4779 2978 4834 diversitas
3005 4787 3088 4834 est
3114 4779 3428 4832 eorumdcm
3455 4776 3814 4839 novitiorum;

2235 4887 2362 4927 nam
2408 4886 2514 4926 non
2547 4872 2723 4926 solum
2757 4869 2963 4938 absque
3010 4869 3196 4926 habitu
3228 4870 3451 4924 veniunt
3485 4877 3543 4921 ut
3595 4867 3720 4921 laici
3769 4873 3825 4919 et-

2237 4965 2441 5032 clerici,
2473 4963 2567 5020 sed
2592 4963 2758 5017 etiam
2783 4977 2906 5017 cum
2939 4962 3123 5017 habitu
3159 4971 3214 5016 et
3242 4960 3489 5015 monachi
3513 4958 3628 5027 jam
3658 4958 3812 5018 facti;

2237 5068 2292 5113 et
2315 5058 2447 5114 tales
2480 5056 2749 5112 trifariam
2781 5065 2907 5111 sunt
2934 5053 3263 5110 differentes.
3298 5053 3523 5119 Quidam
3581 5059 3711 5106 sunt
3759 5048 3820 5102 de

2241 5154 2546 5190 lunai-annis!
2575 5165 2624 5190 nl
2657 5153 2848 5190 ηἶῖοηῖα
2873 5150 3218 5190 mnnnclnriic
3267 5159 3318 5190 (II
3361 5149 3424 5190 ad
3474 5148 3574 5190 ’ὶηο
3603 5145 3820 5190 νρηίιηιῑ
