4030 5354
270 386 368 448 70!

1019 385 1596 446 CONSUETUDiNES
1619 384 2247 446 CLUNIACENSES.—
2277 380 2480 440 LIBER
2511 379 2895 439 SECUNDUS.

3433 379 3536 435 702

271 505 464 560 abbate
501 502 776 573 proprium
821 501 1022 557 habent
1064 500 1334 568 abbatem,
1387 501 1508 568 ubi,
1538 501 1640 558 etsi
1687 501 1849 557 bene-
1876 505 1926 566 Α
1953 498 2179 556 sitlecta
2209 504 2264 552 et
2294 495 2562 566 exposita,
2593 493 2776 548 statim
2814 489 3012 547 exituri
3061 488 3128 543 ad
3175 487 3536 544 collationem.

270 594 557 649 dictionem
586 592 875 662 accipiant,
915 600 970 648 et
993 590 1384 663 professionem
1413 590 1637 657 faciant,
1673 601 1852 646 tamen

266 684 540 741 habentur
567 699 599 738 a
626 685 780 739 nobis
807 698 902 755 per
932 683 1116 738 omnia
1149 683 1202 736 in
1227 681 1334 737 vita
1361 690 1415 738 et
1443 691 1565 754 post
1596 683 1758 737 vitam
1792 697 1854 738 ac

266 774 311 830 si
344 773 484 842 apud
518 788 615 828 nos
641 771 891 837 fuissent,
929 782 984 827 et
1015 771 1104 828 isti
1139 787 1262 827 cum
1293 773 1544 850 primum
1589 773 1853 839 venerint,

268 861 588 920 ﬁducialiter
639 871 695 919 et
744 863 949 933 absque
995 877 1146 917 mora
1186 861 1409 927 intrant,
1459 870 1514 917 et
1559 862 1854 918 secundum

268 962 504 1025 tempus,
529 969 638 1025 quo
670 954 722 1008 in
756 954 1085 1009 monasterio
1113 952 1339 1024 przefato
1359 962 1486 1008 sunt
1516 953 1740 1023 recepti,
1769 953 1858 1009 hic

268 1042 432 1098 etiam
462 1043 652 1099 ordine
680 1057 778 1097 suo
809 1057 913 1098 non
948 1043 1252 1109 carebunt;
1294 1042 1484 1113 reliqui
1530 1059 1719 1098 omnes
1750 1057 1856 1098 non

269 1134 660 1205 permittuntur
689 1133 914 1198 intrare,
939 1132 1038 1188 nisi
1067 1133 1236 1204 prius,
1257 1131 1410 1200 juxta
1437 1133 1660 1188 verbum
1683 1133 1856 1188 sancti

270 1227 570 1291 Benedicti,
603 1226 686 1281 vel
725 1241 888 1281 unam
937 1235 1152 1281 noctem
1200 1225 1254 1280 in
1283 1225 1516 1296 hospitio
1547 1235 1856 1289 morentur;

269 1316 420 1386 prius
479 1330 695 1385 quoque
749 1330 912 1386 quam
967 1314 1334 1380 intraverint,
1387 1314 1686 1369 inst:ucr.:li
1735 1321 1860 1368 sunt

271 1408 723 1480 quemadmodum
748 1406 952 1462 faciant
977 1408 1292 1478 petitionem
1325 1421 1510 1473 suasu;
1541 1408 1774 1476 primum
1801 1415 1861 1462 ut

273 1497 450 1552 sciant
479 1498 693 1553 veniam
730 1507 915 1566 petere
963 1513 1113 1553 more
1158 1509 1374 1564 nostro;
1421 1509 1478 1555 ut
1519 1497 1775 1568 prostrati
1807 1506 1862 1552 et

275 1587 589 1659 interrogati
635 1603 663 1642 a
692 1588 912 1644 domino
944 1589 1140 1645 abbate
1172 1589 1300 1659 quid
1330 1587 1517 1655 velint,
1549 1588 1744 1660 singuli
1781 1589 1862 1644 di-

275 1686 400 1733 cant
427 1695 440 1730 ε
463 1676 574 1732 .Dei
617 1677 1032 1732 misericordiam
1055 1689 1102 1734 et
1133 1680 1381 1749 gratiam,
1411 1687 1734 1750 vestramque
1772 1694 1860 1734 so-

275 1771 512 1823 cietatem
551 1769 742 1824 habere
772 1769 906 1837 volo,
933 1780 986 1826 et
1030 1781 1317 1842 postquam
1359 1769 1449 1828 ille
1478 1771 1813 1842 responderit
1845 1790 1859 1826 :

1954 593 2035 648 Ad
2085 590 2324 662 singulas
2371 589 2554 650 horas,
2604 593 2800 656 prater
2856 583 2920 637 ad
2973 590 3288 644 nocturnos,
3343 596 3540 650 pueros

1955 681 2323 754 prmcedentes
2376 685 2677 748 sequuntur
2733 675 2800 730 ad
2851 672 3163 738 ecclesiam,
3199 681 3252 726 et
3302 680 3448 726 stant
3485 671 3540 724 in

1955 775 2166 830 minore
2193 773 2385 838 choro,
2414 768 2634 826 nemine
2655 774 2714 822 nt
2757 781 2816 820 se
2859 763 3264 819 intermisceaut
3286 761 3538 815 audente.

1957 865 2185 933 Quando
2211 870 2512 920 conventus
2535 869 2619 916 est
2645 867 2766 930 post
2793 864 2986 912 matut.
3017 853 3201 912 laudes
3227 864 3280 908 et
3307 867 3457 922 vesp.
3487 851 3544 906 in

1959 955 2191 1013 ecclesia
2240 953 2299 1010 S.
2333 952 2540 1018 Marini,
2588 951 2688 1022 ipsi
2732 966 2843 1006 non
2883 949 3110 1012 intrant,
3156 944 3249 1001 sed
3284 951 3547 1002 exeuntes

1960 1045 2094 1101 foris
2125 1053 2466 1117 exspectant,
2512 1050 2567 1098 et
2609 1051 2737 1096 tunc
2773 1039 2996 1112 prepius
3035 1039 3356 1093 accedentes
3400 1041 3547 1089 stant

1959 1153 2057 1210 per
2077 1137 2324 1194 ordinem
2352 1137 2514 1191 altius
2535 1133 2781 1190 inclinati
2808 1147 2978 1203 usque
3008 1131 3134 1187 dum
3157 1144 3346 1184 omnes
3372 1135 3548 1182 traus-
3576 1160 3579 1161 ν

1962 1228 2150 1295 ierint;
2207 1228 2439 1299 idipsum
2510 1214 2720 1282 faciunt
2764 1234 2884 1295 post
2934 1223 3172 1294 singulas
3225 1220 3549 1276 refectioucs

1962 1319 2156 1374 idoneo
2189 1318 2307 1374 loco
2335 1319 2401 1373 ad
2432 1317 2536 1372 hoc
2584 1315 2823 1387 proviso,
2862 1313 2951 1368 ubi
2986 1328 3176 1368 rursus
3213 1321 3358 1367 stent
3396 1309 3550 1365 incli-

1961 1413 2072 1466 nati
2104 1419 2370 1466 eonvcntu
2400 1411 2466 1464 de
2504 1408 2792 1464 refectorio
2820 1415 3071 1470 exeunte.
3101 1414 3157 1460 et
3178 1404 3336 1458 simili
3360 1412 3548 1458 contra

1962 1518 2022 1559 se
2073 1502 2424 1559 inclinatione
2461 1507 2796 1555 transeunte.
2845 1496 3071 1565 Quando
3112 1507 3237 1552 sunt
3273 1493 3550 1565 pransuri,

1963 1606 2089 1652 ante
2113 1602 2437 1651 conventum
2459 1602 2662 1648 exeunt
2691 1592 2758 1647 de
2785 1590 3039 1654 ecclesia,
3066 1598 3120 1644 et
3151 1587 3277 1643 lotis
3301 1586 3552 1641 manibus

1964 1687 2219 1742 incedunt
2247 1686 2314 1742 ad
2353 1687 2642 1756 coquinam
2692 1681 3018 1754 regularem,
3067 1689 3127 1736 ut
3170 1678 3366 1750 singuli
3399 1676 3554 1731 fabas

1965 1790 2094 1834 suas
2131 1785 2447 1846 apporlent;
2489 1775 2556 1830 ad
2597 1772 2852 1846 generale
2881 1786 3097 1843 quoque
3134 1768 3552 1841 apportandum,

283 1859 415 1914 Deus
443 1863 526 1914 det
553 1860 697 1915 vobis
721 1863 1021 1916 sacietatem
1051 1861 1288 1930 ﬁdeiium
1310 1877 1550 1928 suorum,
1579 1871 1864 1934 surgentes
1893 1858 1938 1918 Β
1968 1870 2048 1925 vel
2077 1869 2144 1923 ad
2179 1868 2536 1939 pulmentum,
2571 1865 2704 1921 tanti
2757 1875 2987 1935 surgunt
3024 1863 3090 1917 dc
3130 1877 3316 1916 mensa
3365 1858 3554 1929 qua'nzi

274 1951 494 2006 veniant
523 1953 590 2006 ad
644 1953 828 2023 pedes.
867 1952 924 2007 Si
957 1953 1079 2022 quis
1108 1962 1212 2018 est,
1241 1965 1300 2007 tit
1341 1953 1597 2023 praefatus
1625 1967 1764 2020 sum,
1801 1954 1866 2010 de

275 2046 451 2115 aliqua
489 2044 624 2101 cella
669 2054 876 2107 nostra,
909 2043 1172 2099 fratribus
1204 2045 1258 2099 in
1287 2044 1524 2115 capitulo
1553 2045 1867 2100 sedentibus

277 2138 560 2201 invitatur,
590 2143 645 2192 et
669 2137 836 2206 petita
867 2136 1047 2201 venia,
1067 2136 1291 2207 jubetur
1320 2145 1380 2190 ut
1429 2136 1650 2191 ultimus
1678 2137 1868 2190 sedeat

277 2227 416 2280 inter
449 2225 663 2290 fratres,
691 2226 816 2295 quia
852 2228 1088 2280 nondum
1132 2225 1262 2280 fecit
1310 2226 1724 2296 professionem.
1763 2225 1866 2292 Qui

276 2318 341 2373 de
367 2317 545 2374 alieno
601 2317 953 2382 monasterio,
998 2316 1248 2371 similiter
1296 2320 1465 2388 petita
1510 2319 1666 2373 venia
1715 2319 1869 2375 sedet

272 2409 363 2464 ubi
397 2407 623 2476 jubetur
657 2408 952 2463 secundum
1002 2409 1145 2478 quod
1193 2408 1447 2464 dominus
1478 2411 1648 2467 abbas
1686 2411 1870 2468 volue—

274 2500 366 2564 rit.
387 2511 442 2555 et
471 2500 666 2555 viderit
693 2514 1014 2569 personam;
1051 2500 1145 2556 sed
1187 2503 1256 2558 ab
1287 2517 1352 2557 eo
1401 2503 1488 2557 die
1518 2518 1623 2574 quo
1663 2504 1869 2574 profes-

272 2593 480 2647 sionem
529 2591 742 2655 feecrit,
784 2593 994 2648 sedebit
1039 2605 1094 2649 et
1141 2594 1256 2665 ipse
1297 2595 1540 2662 ultimus,
1584 2597 1688 2653 nisi
1727 2597 1868 2653 forte

274 2687 474 2738 donum
505 2684 683 2738 abbati
713 2685 885 2740 visum
919 2685 1081 2740 fuerit
1119 2697 1175 2741 ut
1217 2698 1631 2758 promoventur;
1689 2690 1780 2760 qui
1822 2689 1868 2745 si

274 2793 379 2832 non
403 2775 638 2842 aﬂ‘uerit,
675 2778 824 2848 prior
858 2787 1036 2849 potest
1059 2779 1365 2850 huiusmodi
1395 2783 1658 2852 recipere,
1690 2774 1867 2839 selum

276 2869 576 2938 capitulum
610 2883 717 2924 non
749 2869 966 2925 habebit
993 2871 1198 2942 absque
1225 2882 1498 2944 praecepto
1528 2873 1730 2930 domini
1769 2875 1867 2930 ab-

277 2958 439 3014 batis.

344 3050 562 3107 Clerico
589 3063 642 3107 et
682 3053 820 3108 laico
847 3054 938 3124 qui
977 3053 1212 3108 nondum
1259 3054 1332 3109 ita
1371 3064 1499 3110 sunt
1530 3057 1744 3128 experti
1791 3057 1870 3112 vi-

277 3147 386 3194 tam
430 3151 698 3208 nostram,
733 3142 1043 3212 diligentius
1065 3152 1147 3198 est
1183 3143 1585 3210 insinuandum,
1625 3155 1684 3200 ut
1707 3147 1871 3201 habe-

278 3243 364 3287 tur
393 3234 449 3288 in
481 3235 686 3304 regula,
720 3250 883 3306 quam
913 3236 1046 3290 dura
1075 3245 1130 3289 ct
1178 3251 1370 3306 aspera
1419 3239 1724 3295 necessario
1769 3254 1868 3309 pa-

277 3326 481 3380 tiantur
535 3326 580 3381 si
626 3326 692 3380 ad
748 3325 1138 3397 subiectionem
1193 3337 1436 3382 nostram
1498 3330 1866 3398 pervenerint,

278 3433 398 3488 quae
429 3419 688 3472 nimirum
720 3418 996 3488 compellit
1034 3433 1127 3473 eos
1153 3419 1354 3474 nullam
1384 3427 1707 3488 potestatem
1746 3435 1870 3490 pro-

279 3509 410 3580 priae
439 3509 736 3564 voluntatis
765 3509 984 3576 habere,
1017 3511 1112 3566 sed
1157 3511 1224 3565 ad
1263 3521 1452 3565 nutum
1501 3511 1726 3568 alterius
1773 3530 1898 3583 pcr-

280 3600 461 3656 omnia
510 3601 762 3671 pendere.
815 3602 1096 3656 Ducuntur
1126 3602 1179 3657 in
1233 3602 1542 3667 ecclesiam,
1574 3612 1632 3656 ut
1667 3603 1740 3658 ibi
1787 3619 1872 3658 se-

283 3692 445 3748 deant
493 3706 663 3762 usque
710 3692 837 3747 dum
872 3693 1194 3748 vestiantur.
1229 3693 1314 3748 Ad
1357 3692 1618 3763 majorem
1651 3695 1870 3749 missam

284 3786 435 3841 finita
499 3786 685 3842 litania
725 3786 1001 3842 ducendus
1044 3796 1128 3842 est
1176 3786 1348 3843 laicus
1398 3788 1454 3843 in
1516 3788 1764 3852 chorum,
1818 3797 1873 3842 et

283 3876 409 3931 sella
466 3887 655 3932 contra
702 3878 872 3934 altare
916 3877 1092 3947 majus
1135 3880 1311 3949 posita
1349 3879 1539 3935 sedere
1573 3878 1780 3949 jussus,
1817 3888 1873 3934 et

287 3970 526 4025 abscissa
583 3986 737 4027 coma
783 3980 1097 4038 coronatur,
1151 3971 1428 4043 barbaque
1472 3973 1696 4030 detonsa
1741 3975 1874 4028 tiro-

285 4063 427 4128 cinio
483 4062 687 4118 Christi
743 4064 1054 4135 insigniter.
1112 4064 1240 4119 lude
1293 4081 1653 4136 consurgens,
1706 4066 1874 4138 magi-

283 4165 454 4208 strum
484 4169 662 4217 suum,
701 4157 786 4211 cui
823 4157 1013 4210 novitii
1040 4165 1165 4212 sunt
1197 4159 1576 4223 commendati,
1629 4159 1875 4229 sequitur

281 4245 344 4299 ad
377 4244 690 4299 vestiarium
719 4244 1142 4316 prmcedentcm;
1174 4245 1244 4300 ibi
1276 4262 1509 4318 namque
1537 4257 1662 4301 sunt
1686 4261 1875 4303 ontnes

282 4335 571 4399 vestiendi,
605 4345 658 4391 et
691 4338 858 4392 vestis
886 4352 1071 4392 eorum
1103 4347 1303 4394 nostra:
1332 4339 1491 4394 debet
1534 4340 1756 4394 omnino
1794 4341 1872 4394 si.

282 4428 420 4484 milis
452 4443 592 4494 esse,
629 4438 988 4503 praeterquam
1010 4432 1176 4502 quod,
1205 4432 1447 4502 quandiu
1479 4441 1641 4486 erunt
1667 4433 1875 4504 absque

281 4521 676 4589 benedictione,
707 4523 820 4580 sola
849 4523 1060 4581 cuculla
1091 4525 1373 4580 carebunt.

915 4661 1142 4722 CAPUT
1180 4661 1244 4717 ll.

447 4775 725 4853 Quomodo
753 4794 809 4833 se
847 4778 1074 4833 habeant
1102 4778 1155 4832 in
1185 4780 1319 4836 cella
1351 4778 1707 4835 Novitiorum.
1738 4774 1749 4793 ¹

349 4889 545 4946 Postea
593 4891 862 4960 capellnm
908 4890 1060 4946 froco
1092 4906 1280 4948 eorum
1327 4893 1609 4959 assuitur,
1659 4908 1727 4948 ne
1764 4906 1872 4962 qua

285 4980 549 5034 notabiles
580 4980 1018 5036 dissimilitudine
1051 4980 1334 5039 nobiscum
1365 4991 1753 5038 conversantes
1785 4983 1872 5038 vi-

284 5074 542 5135 deantur;
571 5087 693 5126 nam
717 5073 930 5141 quando
950 5082 1076 5128 sunt
1097 5075 1401 5142 pauciores,
1432 5088 1539 5128 non
1573 5073 1871 5144 separatim

284 5163 576 5229 dormiunt,
623 5163 746 5232 quia
789 5177 1063 5234 nunquam
1112 5165 1336 5222 veniunt
1384 5166 1441 5221 in
1493 5163 1869 5222 dormitorium

284 5260 525 5308 nostrum
570 5251 675 5306 nisi
705 5252 1002 5316 benedicti;
1059 5259 1238 5309 tamen
1291 5257 1344 5311 in
1377 5252 1693 5320 refectorio,
1725 5266 1780 5309 et
1815 5257 1870 5311 in

1965 1970 2100 2028 opus
2130 1960 2313 2025 fuerit,
2341 1968 2395 2013 et
2415 1957 2502 2014 ille
2538 1955 2769 2011 voluerit
2797 1955 2891 2024 qui
2933 1954 2988 2008 in
3032 1952 3151 2007 loco
3181 1947 3444 2006 cellerarii
3476 1948 3558 2002 eis

1968 2053 2162 2114 servit;
2215 2067 2340 2106 nam
2389 2060 2444 2106 et
2487 2050 2743 2106 lectiones
2771 2047 2970 2103 habent
3004 2055 3059 2101 et
3097 2045 3325 2107 scillam,
3353 2055 3409 2097 et
3437 2042 3559 2096 aliis

1969 2145 2142 2200 modis
2173 2143 2428 2199 simulant
2456 2143 2702 2197 eamdem
2747 2140 3091 2209 disciplinam
3135 2153 3297 2208 quam
3353 2150 3452 2190 nos
3503 2135 3558 2188 in

1972 2235 2268 2291 t'cfectm‘io
2293 2235 2578 2290 habemus.
2615 2232 2767 2299 Quod
2799 2231 2844 2286 si
2875 2230 2995 2302 quis
3024 2244 3211 2284 eorum
3239 2228 3304 2281 de
3328 2225 3559 2280 ecclesia

1969 2327 2035 2384 ad
2065 2328 2253 2382 cellam
2286 2342 2440 2382 suam
2474 2325 2634 2380 habet
2664 2323 2868 2387 venire,
2896 2337 3005 2377 non
3037 2319 3318 2391 praesumit
3347 2316 3450 2372 nisi
3476 2316 3560 2368 γει

1970 2429 2078 2472 uno
2111 2417 2258 2472 socio
2281 2421 2579 2485 assumpto.
2605 2413 2720 2485 Ego
2760 2421 2938 2468 autem
2973 2427 3081 2466 non
3124 2411 3226 2464 hoc
3270 2422 3562 2478 arrogave-

1971 2509 2073 2565 rim
2103 2508 2234 2564 mihi
2263 2516 2323 2562 ut
2355 2506 2438 2560 vel
2476 2504 2788 2560 meminisse
2817 2502 3017 2573 possim
3051 2515 3211 2570 quam
3242 2498 3407 2552 multa
3434 2507 3564 2551 sunt

1969 2607 2025 2654 et
2049 2612 2212 2668 quam
2239 2597 2453 2651 diversa
2481 2608 2603 2665 quae
2650 2601 2776 2646 tunc
2825 2599 2954 2648 sunt
3000 2586 3257 2654 docendi;
3288 2595 3344 2642 et
3379 2595 3560 2640 tamen

1970 2705 2089 2760 qum
2118 2703 2336 2759 pessum
2369 2686 2609 2742 breviter
2638 2682 3001 2753 perstringere
3036 2695 3140 2735 non
3169 2679 3383 2744 omitto,
3409 2677 3561 2746 quia.

1971 2774 2114 2853 quod
2166 2798 2194 2836 a
2233 2794 2318 2834 me
2364 2778 2644 2848 incipitur,
2677 2775 2910 2831 fortasse
2962 2774 3030 2828 ab
3075 2773 3182 2828 alio
3236 2770 3565 2842 quandoque

1970 2871 2306 2944 perficietur,
2333 2870 2418 2924 vel
2441 2879 2713 2937 utcunque
2741 2864 3048 2937 augebitur.

2045 2963 2189 3019 Sane
2223 2963 2274 3017 in
2309 2961 2500 3032 primis
2534 2960 2657 3014 etsi
2691 2959 2741 3012 id
2782 2973 3007 3028 parvum
3040 2971 3140 3011 nec
3179 2955 3450 3010 mentione
3482 2953 3566 3007 di-

1971 3071 2136 3127 gnum
2187 3053 2400 3109 censeri
2454 3051 2646 3121 possit,
2701 3050 2769 3104 ab
2816 3049 2996 3118 aliquo
3046 3056 3226 3101 tamen
3277 3062 3402 3101 cum
3455 3059 3562 3098 non

1974 3161 2142 3217 parvo
2185 3144 2363 3199 studio
2410 3141 2638 3212 quilibet
2694 3139 2927 3195 novitius
2968 3147 3051 3193 est
3106 3136 3470 3199 instruendus,
3507 3141 3566 3187 ut

1977 3239 2298 3311 regulariter
2323 3237 2461 3293 sciat
2486 3243 2648 3302 caput
2678 3232 2963 3298 inclinare,
3012 3230 3220 3285 scilicet
3257 3243 3362 3282 non
3403 3227 3566 3281 dorso

1976 3341 2225 3395 arcuato,
2276 3337 2337 3382 ut
2363 3325 2683 3396 quibusdam
2728 3321 3123 3393 negligentibus
3151 3327 3234 3374 est
3271 3316 3559 3375 familiare,

1973 3423 2066 3478 sed
2099 3424 2172 3476 ita
2205 3430 2265 3474 ut
2287 3420 2505 3473 dorsum
2533 3417 2605 3470 sit
2629 3414 2952 3469 submissius
2975 3426 3135 3480 quam
3161 3408 3348 3474 lumbi,
3382 3417 3437 3462 et
3470 3421 3565 3460 ca-

1972 3524 2068 3586 put
2097 3511 2416 3568 submissius
2447 3523 2609 3578 quam
2653 3508 2904 3571 dorsum;
2959 3519 3121 3573 quam
3160 3499 3563 3556 inclinationem

1973 3620 2072 3659 nos
2101 3618 2198 3674 per
2229 3616 2386 3656 usum
2417 3606 2543 3652 ante
2571 3603 2625 3654 et
2670 3605 2818 3650 retro
2849 3592 3204 3664 appellamus,
3250 3588 3376 3659 quia
3431 3587 3566 3640 inci-

1973 3695 2050 3766 pit
2098 3705 2284 3748 contra
2327 3689 2618 3752 orientem,
2678 3695 2734 3740 et
2790 3684 2908 3739 linit
2946 3692 3135 3737 contra
3185 3678 3563 3740 occidentem;

1973 3802 2134 3857 quam
2172 3784 2337 3839 etiam
2378 3781 2591 3852 agimus
2635 3778 2808 3850 primo
2837 3786 2964 3830 ante
2993 3783 3287 3828 nocturnos
3309 3813 3324 3838 ,
3355 3777 3410 3824 et
3446 3778 3570 3838 post

1974 3856 2410 3946 completorium,
2445 3869 2655 3925 scilicet
2695 3877 2815 3938 post
2865 3875 2974 3920 tres
3025 3861 3304 3918 orationes
3356 3856 3563 3920 finitas,

1973 3979 2029 4026 et
2057 3969 2125 4024 de
2168 3967 2378 4037 reliquo
2425 3965 2642 4035 quoties
2691 3958 3046 4016 convenimus
3095 3955 3150 4009 in
3192 3950 3447 4014 ecclesia,
3479 3947 3565 4002 vel

1974 4063 2028 4118 in
2061 4059 2320 4131 capitulo,
2367 4057 2452 4112 vel
2507 4057 2560 4111 in
2601 4053 2916 4117 refectorio,
2972 4050 3183 4120 agimus
3229 4043 3448 4100 eamad
3489 4042 3570 4095 in-

1975 4143 2221 4216 troitum,
2253 4149 2335 4204 vel
2379 4149 2444 4202 ad
2482 4148 2720 4211 exitum,
2775 4143 2870 4199 sed
2925 4143 2978 4195 in
3027 4138 3258 4194 ecclesia
3287 4134 3568 4189 Domiuiea

1974 4245 2125 4315 prius
2153 4241 2417 4298 Oratione
2454 4237 2757 4310 prmmissa.
2798 4234 2866 4287 Et
2912 4232 2957 4286 si
2987 4227 3206 4300 quando
3237 4242 3265 4280 a
3313 4224 3566 4294 prandio,

1974 4334 2060 4389 vel
2106 4348 2286 4397 creua,
2334 4329 2416 4384 vel
2475 4326 2767 4381 collatione
2810 4323 2949 4376 imus
2994 4321 3048 4372 in
3079 4315 3390 4378 ecclesiam,
3439 4319 3568 4363 tunc

1976 4427 2080 4481 nisi
2112 4442 2232 4480 cum
2260 4425 2390 4478 hora
2416 4419 2702 4490 regularis,
2735 4416 2779 4470 si
2815 4429 2918 4484 qua
2959 4411 3149 4466 eodem
3177 4412 3456 4462 momento
3487 4416 3570 4455 se-

1896 4543 1951 4604 D
1978 4520 2180 4589 quitur,
2215 4515 2380 4570 fuerit
2411 4512 2586 4569 finita.
2619 4509 2749 4563 Item
2781 4507 2847 4559 ad
2871 4503 3129 4566 ollicium,
3153 4498 3198 4553 si
3241 4498 3294 4550 iu
3315 4495 3410 4600 .die
3438 4508 3568 4594 can-

1979 4584 2144 4673 tatur,
2172 4621 2278 4662 non
2311 4602 2636 4660 iuclinamus
2661 4598 2764 4652 nisi
2794 4596 2860 4649 ad
2891 4595 3071 4653 linem.
3099 4601 3152 4645 et
3179 4587 3392 4659 quoties
3412 4584 3565 4638 veni-

1975 4716 2096 4755 mus
2129 4697 2195 4751 ad
2231 4693 2518 4750 ecclesiam
2556 4690 2614 4745 S.
2664 4686 2864 4749 Mariar,
2897 4685 2964 4738 de
2999 4696 3105 4750 qua
3155 4687 3276 4750 post
3331 4675 3570 4748 psalmos

1977 4789 2368 4853 anniversales,
2396 4801 2518 4841 eum
2554 4781 2879 4838 revertimur
2910 4777 2964 4831 in
2994 4773 3315 4844 capitulum,
3348 4785 3411 4824 ea
3449 4767 3569 4822 vice

1977 4899 2082 4938 non
2112 4881 2213 4936 nisi
2237 4878 2404 4936 semel
2433 4875 2758 4931 inclinamns
2779 4879 2904 4924 ante
2920 4866 3328 4940 percussionem
3347 4860 3569 4918 tabulae.

1976 4974 2034 5029 In
2081 4973 2251 5028 choro
2297 4982 2516 5041 quoque
2569 4965 2860 5020 stationem
2917 4959 3132 5031 quoties
3185 4966 3462 5011 mutamus
3503 4952 3578 5041 ad

1981 5040 2579 5122 alterutrammissam,
2623 5055 2976 5120 inclinamus;
3028 5053 3096 5108 ad
3153 5051 3378 5105 missam
3426 5040 3574 5096 enim

1976 5160 2069 5231 qui
2128 5165 2257 5211 sunt
2309 5154 2553 5209 seniores
2601 5157 2752 5205 stant
2809 5149 2972 5220 primi
3027 5154 3082 5200 et
3129 5141 3363 5212 proximi
3412 5133 3578 5235 altari

1978 5247 2283 5322 principali,
2314 5247 2382 5300 ad
2412 5241 2693 5315 regulares
2722 5243 2890 5298 horas
2914 5235 3196 5296 novissimi
3223 5235 3278 5288 in
3305 5239 3575 5322 extremi-

2910 5335 2958 5354 ε,
3003 5326 3284 5354 λ..ΛιΙ.ιΛίι-Α
