4040 5298
444 302 588 370 '70:.
678 356 683 359 .

1114 432 1339 488 CAPUT
1366 433 1447 488 lli.

790 519 867 573 De
897 520 1122 584 silentio,
1149 532 1195 575 et
1228 524 1280 576 in
1306 522 1492 594 quibus
1524 525 1760 595 officinis.
1800 598 1805 601 1

554 612 702 683 Opus
732 629 947 684 quoque
993 615 1157 669 habet
1201 626 1258 669 ut
1308 617 1459 688 signa
1484 617 1773 689 diligenter
1800 620 2071 685 addiscat,

484 709 683 779 quibus
735 718 919 763 tacens
965 709 1360 778 quodammodo
1400 712 1682 782 loquatur,
1734 714 1858 783 quia
1919 724 2067 784 post-

484 817 647 870 quam
675 801 941 854 adunatus
974 799 1134 855 fuerit
1173 802 1239 855 ad
1266 813 1611 866 conventum,
1659 803 1786 859 licet
1815 806 1864 860 ei
1902 807 2067 861 raris-

483 895 621 949 sime
664 894 841 964 loqui;
881 904 934 948 et
964 895 1097 949 tales
1140 895 1191 951 in
1236 897 1476 955 claustro
1524 898 1753 955 ol'ﬁciuce
1800 910 1951 966 sunt,
2010 902 2064 955 in

482 986 679 1058 quibus
709 987 965 1041 traditum
990 998 1072 1042 est
1107 1002 1136 1041 a
1163 988 1411 1044 Patribus
1444 992 1644 1055 nostris
1665 1001 1720 1048 et
1760 992 2063 1063 praeﬁxum,

494 1087 553 1130 ut
578 1085 898 1146 perpetuum
925 1076 1199 1132 silentium
1245 1064 1515 1147 teneatur,
1557 1081 1610 1135 in
1655 1083 1900 1142 ecclesia.
1939 1084 2064 1149 dor-

481 1167 724 1229 mitorio,
758 1167 1066 1235 refectorio,
1100 1181 1150 1224 et
1177 1171 1406 1240 coquiua
1446 1171 1704 1243 regulari.
1742 1172 1797 1227 lu
1828 1174 1914 1228 his
1955 1174 2065 1228 siu-

481 1259 621 1328 gul's
653 1269 761 1314 tam
789 1261 842 1315 in
876 1261 961 1316 die
992 1278 1154 1330 quam
1192 1262 1243 1317 in
1282 1272 1444 1318 nocte
1466 1262 1512 1318 si
1546 1265 1629 1320 vel
1651 1282 1814 1321 unum
1841 1267 2064 1321 verbum

480 1365 696 1419 quoque
729 1350 982 1407 audiente
1013 1351 1272 1423 loquitur,
1306 1371 1409 1408 non
1434 1356 1595 1410 facile
1622 1360 1836 1412 veniam
1864 1359 2069 1429 absque

475 1442 681 1512 judicio
708 1452 964 1508 meretur,
997 1446 1115 1500 etsi
1142 1447 1223 1500 vel
1257 1463 1358 1501 una
1393 1449 1713 1519 antiphona,
1735 1450 1819 1503 vel
1846 1466 2070 1520 respon-

483 1534 709 1600 snrium,
745 1534 828 1589 vel
859 1535 1061 1605 aliquid
1095 1535 1239 1591 aliud
1276 1537 1383 1592 tale
1412 1539 1616 1608 absque
1646 1539 1782 1594 libro
1823 1542 2067 1595 nomina-

482 1629 644 1692 verit,
698 1638 752 1684 et
790 1630 843 1683 in
892 1630 1031 1683 libro
1066 1629 1227 1685 simul
1278 1646 1402 1685 cum
1446 1632 1739 1688 emissione
1769 1633 1921 1686 verbi
1957 1645 2065 1688 non

483 1720 703 1788 viderit,
728 1721 792 1776 de
826 1722 927 1776 hoc
948 1735 1054 1775 nou
1080 1721 1225 1775 aliud
1255 1737 1417 1792 quam
1454 1724 1612 1794 plane
1643 1720 1920 1780 silentium
1943 1740 2066 1780 cen-

484 1820 635 1865 setur
666 1810 979 1882 infregisse.

1103 1905 1330 1962 CAPUT
1368 1906 1459 1963 IV.

993 1999 1068 2054 De
1099 2001 1263 2070 signis
1294 2000 1560 2071 loquendi.
1598 2058 1601 2059 ν

556 2090 632 2146 De
658 2091 786 2162 ipsis
815 2101 996 2146 autem
1029 2091 1198 2163 signis
1231 2102 1290 2147 ut
1318 2092 1494 2162 aliqua
1527 2107 1746 2162 ponam,
1777 2086 1924 2149 verbi
1951 2109 2072 2165 gra-

486 2183 583 2247 tia,
616 2191 670 2237 et
703 2184 933 2253 primum
961 2199 1081 2255 qua:
1112 2185 1177 2238 ad
1207 2185 1406 2239 victum
1450 2184 1745 2254 pertinent.
1781 2184 1887 2239 Pro
1920 2185 2073 2255 signo

484 2275 663 2342 panis,
714 2273 796 2329 fac
841 2291 1003 2328 unum
1036 2275 1299 2330 circulum
1333 2291 1455 2329 cum
1489 2285 1722 2344 utroque
1768 2275 1984 2345 pollice,
2019 2285 2074 2331 et

485 2367 572 2422 his
601 2367 813 2423 duobus
852 2368 1056 2438 digitis,
1109 2367 1200 2437 qui
1232 2376 1556 2438 sequuntur,
1604 2385 1705 2439 pro
1737 2384 1803 2425 eo
1842 2369 1984 2438 quod
2020 2377 2074 2424 et

486 2459 646 2530 panis
679 2459 816 2514 solet
845 2474 965 2517 esse
995 2459 1283 2515 rotundus.
1330 2459 1436 2514 Pro
1482 2461 1639 2530 signo
1681 2459 1837 2530 panis
1863 2461 1956 2531 qui
1985 2476 2074 2515 co-

486 2552 672 2623 quitur
705 2552 757 2607 iu
788 2566 927 2623 aqua
968 2560 1023 2606 et
1052 2551 1242 2607 melior
1272 2566 1393 2607 esse
1423 2551 1560 2607 solet
1602 2565 1765 2621 quam
1807 2550 2074 2621 quotidiag

483 2660 611 2711 nus,
662 2643 900 2715 generali
950 2644 1104 2715 signo
1152 2643 1309 2714 panis
1343 2642 1640 2713 prmmisso,
1690 2642 1793 2697 hoc
1842 2641 1978 2697 adde
2017 2648 2074 2694 ut

487 2737 748 2792 interiora
787 2753 980 2791 manus
1010 2752 1173 2808 super
1201 2737 1424 2795 alterius
1465 2751 1656 2791 manus
1681 2734 1950 2790 exteriora
1982 2746 2077 2804 po-

489 2844 611 2892 nas,
642 2839 697 2883 et
746 2829 820 2884 ita
858 2830 1194 2899 superiorem
1247 2846 1467 2885 manum
1514 2829 1671 2900 quasi
1706 2828 1958 2899 ungenda
1988 2827 2074 2881 vel

490 2917 782 2973 imbuenda
810 2918 1180 2975 circumferas.
1227 2918 1332 2973 Pro
1370 2918 1525 2989 signo
1570 2918 1726 2988 panis
1753 2917 1930 2986 sigali,
1980 2917 2073 2987 qui

489 3015 637 3061 turta
663 3006 959 3077 vulgariter
988 3008 1305 3078 appellatur,
1342 3008 1539 3063 iterum
1566 3007 1894 3079 generaliter
1921 3008 2078 3079 signo

1511 321 1831 379 UDALRICI
1854 296 2352 380 CLUNIACENSIS
2390 323 2696 381 nomen:

3646 309 3769 367 79$

2096 443 2141 501 Α
2174 453 2367 508 genere
2397 439 2798 508 pronuntiatur.
2824 436 2931 493 Pro
2947 437 3107 507 signo
3127 438 3281 503 milii,
3306 440 3389 491 {ac
3416 450 3600 508 gyrum
3625 440 3793 511 cui?

2167 527 2357 599 digito,
2403 544 2501 600 pro
2536 546 2602 585 eo
2634 530 2775 601 quod
2803 538 2858 585 et
2894 526 3069 600 ipsum
3100 528 3305 582 milium
3340 529 3409 582 ita
3441 529 3665 582 vertitur
3697 526 3764 581 in

2167 620 2271 675 olla
2301 637 2423 676 eum
2457 621 2779 699 cochlearia.
2816 620 2915 675 Pro
2944 620 3098 690 signo
3131 619 3530 689 crispellarum,
3556 618 3658 683 vel,
3691 629 3765 671 ut.

2169 712 2258 767 alii
2289 713 2512 778 dicunt,
2553 708 2902 782 frigdolarum
2930 754 2945 778 ,
2972 729 3093 768 cum
3121 728 3299 784 pugno
3330 712 3514 782 accipe
3547 713 3759 777 crines,

2167 803 2322 877 quasi
2374 808 2561 874 cupias
2607 803 2920 859 eoS'facere
2966 803 3195 873 crispos.
3230 801 3335 858 Pro
3377 802 3532 874 signo
3580 801 3761 865 casei,

2168 907 2454 970 utramque
2484 914 2702 953 manum
2732 898 2997 968 conjungc
3025 912 3118 966 per
3141 894 3442 965 obliquum,
3474 895 3628 966 quasi
3654 894 3761 964 qui

2167 1005 2384 1045 caseum
2416 988 2631 1060 premit.
2660 987 2766 1043 Pro
2816 988 2969 1057 signo
3014 986 3315 1048 nationum,
3347 987 3626 1056 prmmisso
3655 1001 3763 1056 ge-

2168 1085 2338 1141 nerali
2368 1082 2521 1155 panis
2548 1095 2599 1139 et
2630 1084 2794 1149 casei,
2839 1086 2905 1140 de
2949 1099 3054 1139 una
3105 1098 3264 1137 manu
3306 1097 3500 1137 omnes
3558 1082 3761 1152 digitos

2171 1176 2400 1241 inﬂecte,
2433 1185 2486 1232 et
2514 1178 2584 1230 ita
2617 1192 2832 1233 manum
2860 1190 2988 1231 cava
3031 1183 3086 1230 et
3132 1175 3185 1229 in
3233 1175 3577 1243 superﬁciem
3621 1175 3762 1225 alte—

2171 1269 2281 1323 rius
2310 1283 2499 1321 manus
2530 1282 2685 1337 pone.
2718 1264 2822 1320 Pro
2850 1266 3004 1337 signo
3027 1263 3376 1333 mfeolarnm,
3401 1265 3505 1326 vel,
3534 1274 3590 1318 ut
3612 1262 3761 1316 Teu-

2172 1340 2338 1415 tonici
2375 1360 2690 1428 loquuntur,
2722 1367 3026 1423 eratouum,
3063 1357 3340 1427 praemisso
3392 1355 3546 1425 signo
3593 1368 3759 1424 gene-

2173 1452 2271 1507 rali
2303 1453 2478 1524 panis,
2512 1453 2703 1508 simula
2734 1467 2856 1506 cum
2889 1448 3098 1507 duobus
3136 1452 3319 1523 digitis
3361 1450 3478 1505 illas
3520 1450 3761 1504 minutas

2174 1542 2556 1605 involutiones,
2590 1558 2711 1612 qua:
2739 1542 2791 1595 in
2815 1541 2895 1596 eis
2922 1549 3046 1595 sunt
3073 1541 3248 1603 t‘aette,
3281 1555 3346 1595 ex
3368 1555 3430 1594 ea
3462 1546 3619 1609 parte
3645 1553 3757 1608 qua

2172 1640 2297 1689 sunt
2318 1633 2654 1702 eomplicatm
2693 1641 2746 1688 ct
2789 1634 2942 1704 quasi
2975 1633 3237 1689 rotundae.
3264 1632 3370 1688 Pro
3398 1634 3557 1703 signo
3601 1630 3759 1689 lactis

2174 1723 2453 1778 minimum
2482 1722 2707 1791 digitum
2734 1722 2891 1778 la'biis
2936 1723 3192 1793 impinge,
3247 1737 3343 1792 pro
3388 1736 3453 1775 eo
3497 1720 3642 1791 quod
3678 1721 3753 1773 ita

2175 1816 2317 1885 sagit
2345 1814 2537 1871 infans.
2573 1815 2677 1870 Pro
2708 1815 2863 1887 signo
2899 1815 3071 1871 mellis
3095 1815 3367 1885 paulisper
3398 1815 3636 1886 linguam
3667 1814 3757 1870 fac

2175 1921 2456 1978 apparere,
2486 1915 2540 1961 et
2567 1908 2764 1978 digitos
2784 1907 2995 1978 applica
3017 1908 3169 1978 quasi
3198 1907 3439 1963 lambere
3468 1905 3626 1961 velis.
3653 1905 3757 1961 Pro

2175 2000 2328 2069 signo
2352 2013 2634 2067 pomorum
2666 2000 2898 2073 maxime
2927 1999 3025 2070 piri
3060 1998 3141 2053 vel
3174 1997 3321 2063 mali,
3352 1997 3605 2068 pollicem
3631 2013 3753 2052 cum

2176 2091 2298 2146 aliis
2324 2091 2505 2160 digitis
2531 2090 2811 2146 conclude.
2838 2090 2943 2146 Pro
2972 2091 3124 2162 signo
3147 2106 3493 2155 cerasorum,
3522 2090 3623 2144 hoc
3666 2090 3758 2143 ad-

2176 2181 2243 2235 de
2277 2191 2333 2235 ut
2364 2182 2588 2249 dig’tum
2616 2183 2805 2237 subtus
2833 2181 3046 2237 oculum
3080 2198 3269 2252 ponas.
3300 2180 3404 2237 Pro
3432 2183 3590 2252 signo
3611 2182 3758 2252 poni

2177 2272 2353 2337 crudi,
2383 2271 2629 2342 pollicem
2658 2281 2715 2327 et
2740 2272 2966 2343 digitum
2993 2273 3041 2327 ei
3085 2273 3391 2342 proximum
3439 2272 3760 2342 coniunctos

2177 2362 2428 2429 extende.
2462 2362 2569 2417 Pro
2616 2363 2769 2433 signo
2823 2362 2911 2417 alli
2961 2362 3038 2417 vel
3091 2362 3240 2428 ralie,
3273 2364 3504 2418 extende
3528 2363 3761 2434 digitum

2170 2464 2365 2527 contra
2396 2456 2618 2511 buccam
2643 2455 2914 2525 paululum
2941 2464 3223 2524 apertam,
3249 2465 3477 2528 propter
3499 2456 3551 2511 id
3585 2471 3761 2526 genus

2180 2546 2362 2601 odoris
2388 2547 2531 2615 quod
2554 2546 2785 2601 sentitur
2821 2562 2888 2600 ex
2919 2546 3042 2600 illis.
3074 2546 3178 2601 Pro
3208 2547 3362 2617 signo
3389 2562 3543 2616 aqum
3566 2561 3761 2602 omnes

2177 2637 2373 2706 digitos
2397 2637 2687 2709 coujunge,
2714 2648 2766 2693 et
2801 2654 2901 2706 per
2938 2638 3216 2707 otiiquum
3246 2654 3421 2694 more.
3451 2638 3558 2693 Pro
3607 2639 3761 2710 signa

2178 2730 2307 2795 vini,
2351 2731 2573 2801 digitum
2608 2731 2836 2794 inﬂecte,
2866 2740 2920 2793 et
2961 2731 3030 2791 ita
3062 2731 3217 2785 labiis
3260 2733 3512 2804 adjunge.
3541 2730 3651 2787 Pro
3688 2732 3761 2787 si-

2179 2836 2283 2892 gno
2311 2824 2544 2892 potionis
2577 2824 2941 2894 pigmentatae,
2970 2823 3230 2878 conclude
3274 2840 3534 2890 manum,
3584 2834 3642 2879 et
3684 2825 3760 2880 ita

2179 2915 2370 2970 simula
2401 2915 2708 2970 molentem.
2743 2914 2847 2970 Pro
2871 2914 3023 2986 signo
3045 2916 3278 2985 potionis
3309 2931 3431 2986 qua:
3471 2925 3557 2969 est
3605 2915 3763 2970 melle

2180 3016 2235 3063 et
2278 3008 2572 3079 absynthio
2616 3016 2951 3077 temperata,
2996 3007 3130 3062 duos
3179 3007 3373 3074 digitos
3421 3009 3654 3063 indicem
3708 3017 3761 3062 et

486 3098 797 3168 praemisso,
827 3098 929 3152 hoc
972 3098 1110 3153 adde
1154 3106 1215 3154 ut
1239 3114 1456 3153 crucem
1493 3114 1592 3169 per
1622 3099 1856 3154 medium
1886 3099 2077 3169 palma).
2105 3129 2148 3190 Ο
2182 3099 2418 3152 medium
2448 3114 2476 3153 a
2513 3100 2723 3154 caeteris
2754 3097 3023 3170 disiunge,
3054 3108 3110 3154 et
3141 3099 3286 3168 ipsos
3307 3115 3523 3168 quoque
3566 3101 3635 3154 ab
3679 3100 3762 3154 in-

487 3189 685 3255 facias,
715 3206 810 3259 pro
856 3206 920 3246 eo
962 3191 1106 3262 quod
1142 3190 1195 3246 id
1231 3205 1399 3262 genus
1434 3191 1588 3263 panis
1623 3191 1788 3246 dividi
1816 3192 1953 3248 solet
1979 3203 2079 3263 per

488 3283 777 3352 quadrum.
812 3282 917 3337 Pro
960 3284 1114 3355 signo
1169 3283 1398 3349 tortulze,
1452 3298 1572 3353 qure
1605 3293 1804 3353 prmter
1859 3284 2074 3340 solitam

489 3372 686 3430 libram
714 3375 873 3428 datur
905 3375 958 3430 in
992 3375 1232 3445 quinque
1272 3375 1663 3445 principalibus
1714 3374 1890 3440 festis,
1942 3379 2077 3431 duos

490 3466 688 3538 digitos
742 3468 830 3535 qni
886 3468 1134 3537 pollicem
1183 3475 1484 3538 sequuntur
1536 3467 1813 3538 paululum
1872 3469 2077 3528 divisus

490 3575 632 3631 pone
655 3560 873 3631 oblique
904 3576 1066 3632 super
1095 3560 1296 3616 alteros
1326 3562 1459 3616 duos
1491 3561 1686 3632 digitos
1711 3575 1899 3617 eorum
1928 3561 2078 3617 simi-

489 3653 572 3708 les
596 3653 662 3707 de
688 3653 854 3706 altera
879 3670 1040 3707 manu
1067 3653 1317 3708 similiter
1355 3654 1582 3709 divisos.
1616 3654 1723 3709 Pro
1744 3655 1899 3727 signo
1929 3654 2077 3709 faba-

491 3759 641 3808 rum,
671 3745 845 3814 primo
881 3745 1093 3815 pollicis
1121 3746 1353 3801 articulo
1402 3748 1680 3815 sequentis
1727 3748 1877 3818 digiti
1933 3764 2078 3803 sum-

492 3835 738 3890 mitatem
779 3851 1040 3905 suppone,
1069 3837 1236 3897 etita
1274 3836 1360 3891 l'ac
1408 3838 1582 3907 ipsum
1618 3838 1865 3908 pollicem
1896 3840 2077 3894 immi-

493 3941 645 3982 nere.
676 3925 781 3980 Pro
820 3925 975 3997 signo
1001 3942 1248 3991 ovorum,
1280 3944 1402 3982 cum
1428 3929 1595 3998 digito
1628 3930 1678 3983 iu
1712 3930 1883 3986 altero
1911 3932 2078 4001 digito

495 4015 690 4070 simula
720 4026 912 4070 tcSIam
946 4017 1037 4071 diu
1080 4017 1444 4074 vellicantem.
1476 4018 1583 4074 Pro
1633 4020 1789 4091 signo
1815 4021 2075 4090 pulmeuti

494 4107 735 4163 oleribus
762 4107 1018 4175 confecti,
1049 4107 1205 4164 trahe
1254 4109 1477 4179 digitum
1510 4125 1671 4178 super
1718 4111 1880 4165 alium
1921 4114 2076 4180 quasi

494 4200 588 4269 qui
617 4201 930 4271 coquendas
957 4201 1211 4257 inciderit
1254 4201 1472 4256 herbas.
1510 4201 1616 4255 Pro
1651 4202 1806 4273 signo
1842 4205 2077 4274 generali

495 4293 749 4363 piscium,
772 4309 894 4348 cum
921 4310 1081 4349 manu
1106 4293 1298 4349 simula
1320 4295 1503 4349 caudae
1524 4295 1687 4365 piscis
1703 4295 1757 4350 in
1780 4312 1916 4367 aqua
1930 4312 2078 4352 com-

486 4384 812 4441 Jnotionem.
842 4383 950 4439 Pro
972 4386 1125 4456 signo
1154 4385 1448 4455 sepiarum,
1472 4385 1669 4455 digitos
1691 4401 1880 4441 omnes
1900 4386 2079 4442 divide

2180 3188 2353 3241 vicem
2385 3187 2684 3257 disjuuctos
2713 3188 2786 3243 ita
2818 3203 2991 3255 move,
3020 3190 3145 3258 quia
3177 3190 3519 3261 absynthium
3553 3191 3606 3244 iu
3637 3190 3749 3245 suis

2182 3280 2327 3335 foliis
2359 3289 2445 3335 est
2473 3280 2724 3334 divisum.
2760 3281 2865 3335 Pro
2896 3281 3048 3352 signo
3087 3281 3312 3351 sinapis,
3339 3280 3568 3336 articulo
3595 3289 3751 3336 antc-

2174 3371 2311 3443 _riori
2363 3371 2573 3425 minimi
2619 3371 2770 3441 digiti
2817 3372 3064 3441 pollicem
3117 3387 3378 3442 suppone.
3440 3371 3547 3427 Pro
3605 3374 3756 3443 signo

2180 3461 2345 3526 aceti,
2378 3459 2513 3515 frica
2552 3476 2675 3515 cum
2700 3461 2870 3532 digito
2894 3472 3099 3539 guttur,
3130 3461 3333 3534 quiain
3359 3471 3583 3531 gutture
3616 3462 3754 3516 acri-

2181 3549 2362 3606 monia
2403 3551 2654 3629 sentitur.
2701 3552 2806 3607 Pro
2834 3552 2987 3623 signo
3016 3552 3281 3617 scutellm,
3327 3568 3546 3607 manum
3601 3552 3759 3607 latius

2180 3645 2431 3699 extende.
2472 3643 2577 3699 Pro
2619 3644 2777 3717 signo
2824 3646 3010 3716 sryplti
3055 3646 3147 3714 qui
3202 3644 3346 3715 capit
3390 3645 3757 3714 quotidianam

2179 3734 2290 3789 vini
2336 3749 2702 3799 mensuram,
2734 3734 2930 3789 inclina
2980 3748 3195 3788 manum
3247 3736 3532 3795 deorsum,
3590 3744 3643 3788 et
3685 3733 3756 3787 ita

2180 3837 2368 3877 cavam
2400 3834 2539 3893 tene,
2572 3823 2752 3894 digitis
2781 3823 3169 3894 aliquantulum
3209 3822 3439 3876 inﬂexis.
3478 3823 3584 3877 Pro
3607 3824 3758 3892 signo

2180 3913 2374 3984 phialae
2403 3915 2606 3979 vitree,
2632 3915 2911 3984 praemisso
2956 3914 3110 3983 signo
3159 3914 3264 3968 hoc
3309 3912 3476 3977 adde,
3520 3922 3575 3966 ut
3627 3914 3760 3967 tinos

2181 4004 2379 4075 digitos
2399 4003 2543 4059 circa
2571 4005 2784 4060 oculum
2814 4020 3006 4074 ponas,
3032 4014 3090 4059 ut
3111 4004 3399 4074 Splendore
3419 4005 3558 4059 oculi
3582 4004 3755 4075 Splen-

2172 4095 2280 4171 _dor
2303 4095 2428 4149 vitri
2458 4096 2807 4168 signiﬁcetur.
2868 4096 2971 4150 Pro
3021 4096 3175 4165 signo
3234 4097 3544 4161 stamineae,
3578 4096 3750 4151 maui-

2181 4203 2298 4243 cam
2329 4187 2447 4257 ejus
2495 4196 2616 4241 tene
2662 4203 2784 4243 cum
2836 4188 3007 4242 tribus
3036 4187 3253 4258 digitis,
3283 4188 3505 4242 minimo
3534 4197 3588 4243 et
3624 4188 3756 4242 duo-

2181 4280 2281 4335 bus
2309 4281 2680 4349 scquentibus.
2729 4281 2834 4335 Pro
2885 4280 3040 4350 signo
3097 4278 3460 4340 fetttoralium,
3492 4280 3595 4334 hoc
3622 4279 3757 4334 adde

2181 4383 2240 4427 ut
2275 4388 2492 4426 manum
2528 4373 2579 4426 in
2619 4371 2824 4428 femore
2870 4373 2934 4426 de
2979 4373 3228 4427 deorsum
3269 4372 3452 4426 trahas
3473 4371 3629 4440 quasi
3665 4371 3755 4441 qui

498 4476 567 4532 ab
591 4476 847 4543 invicem,
875 4486 930 4532 οι
959 4478 1032 4531 ξω
1060 4493 1364 4541 commove,
1399 4478 1525 4547 quia
1559 4488 1615 4533 οι
1643 4479 1806 4548 sep”;
1836 4478 1912 4533 ira
1944 4479 2078 4533 mut.
2109 4475 2156 4536 ι)
2182 4480 2241 4519 se
2272 4460 2617 4519 femoralibus
2637 4464 2819 4519 vestit.
2844 4463 2949 4519 Pro
2971 4463 3125 4534 signa
3151 4464 3336 4528 frocci,
3354 4458 3618 4517 matiicam
3643 4462 3758 4532 ejus

472 4565 709 4634 .tiplires
731 4582 853 4624 esse
875 4568 1145 4624 videntur.
1179 4568 1282 4622 Pro
1328 4569 1483 4638 signo
1522 4570 1772 4643 anguilla:
1818 4571 2080 4627 conclude

494 4665 787 4725 utramque
823 4674 1064 4722 manum,
1113 4659 1267 4728 quasi
1315 4657 1409 4725 qui
1461 4657 1536 4713 ita
1585 4667 1732 4714 tenet
1786 4668 1840 4714 et
1884 4661 2081 4730 premit

495 4748 813 4817 anguillam.
863 4749 969 4807 Pro
1006 4752 1158 4821 signo
1206 4751 1520 4820 lampredm,
1576 4751 1632 4805 in
1683 4752 1903 4806 maxilla
1954 4768 2079 4809 cum

498 4837 669 4907 digito
698 4838 892 4892 simula
924 4850 1154 4908 punctos
1183 4856 1322 4910 quos
1360 4841 1637 4911 lampreda
1680 4843 1870 4896 subtus
1896 4843 2082 4899 oculos

498 4927 681 4985 habet.
733 4926 839 4979 Pro
884 4928 1038 4997 signo
1071 4931 1329 4985 sulmonis
1378 4931 1461 4984 vel
1519 4930 1868 4998 struthionis,
1925 4932 2081 5002 signo

517 5019 731 5046 ‘:AI\:III“
763 5019 865 5046 ιιιιιιι
901 5020 1034 5046 ηι¹.¹ι“
1067 5030 1123 5046 ..Δ
1153 5039 1385 5046 σι--ο.-....υι
1422 5030 1595 5046 Α-ΑΑΙΑ
1891 5038 2055 5046 ...ι-...ιιι

2184 4566 2308 4611 tene
2334 4557 2523 4612 eodem
2551 4557 2730 4622 modo,
2763 4571 2871 4627 quo
2902 4557 3113 4610 manica
3141 4557 3419 4610 staminea:
3447 4566 3527 4610 est
3571 4566 3757 4610 tenen-

2181 4649 2270 4704 da.
2312 4649 2418 4703 Pro
2463 4649 2617 4719 signo
2668 4647 2908 4713 cucullzc,
2940 4648 3042 4703 hoc
3074 4648 3234 4713 adde,
3281 4655 3341 4700 nt
3382 4663 3502 4701 cum
3549 4647 3757 4702 duobus

2182 4742 2363 4813 digitis
2388 4752 2532 4796 retro
2561 4752 2751 4811 tangas
2777 4739 3066 4811 capellutn.
3091 4739 3199 4795 Pro
3218 4739 3376 4809 signo
3397 4739 3754 4803 manicarum,

2185 4844 2306 4889 tene
2334 4834 2601 4889 manicam
2629 4833 2829 4899 frocci,
2876 4841 2933 4889 et
2974 4834 3185 4903 signum
3220 4830 3362 4901 quod
3395 4845 3491 4900 pro
3519 4831 3757 4887 femora-2

2182 4924 2320 4981 libus
2348 4925 2507 4980 adde.

2256 5018 2413 5046 ῃιιι-ιι
2445 5026 2568 5046 nun.
2610 5032 2727 5046 num
2778 5017 2836 5046 ...ξ
2849 5017 2949 5046 .ε....
2995 5015 3172 5046 ,κιαι-*Δ
3216 5029 3429 5046 ηηοοοηὶ
3501 5012 3597 5046 βηιδ
3636 5026 3755 5046 ΛΙΙηὶ
