4040 5298
258 305 342 359 1'03

1005 293 1484 353 NSUETUDiNES
1525 289 2140 350 CLUNI.\CE.\'S.'IS.—
2165 285 2368 343 LIBER
2400 285 2786 342 SECUNDUS.

3395 287 3498 346 706

249 417 310 470 de
351 411 688 467 instituendis
735 411 973 472 novitiis,
1023 419 1282 480 quantum
1312 407 1424 462 ﬁeri
1471 415 1672 478 potest,
1718 421 1811 474 per
1843 409 1888 467 Α
1920 403 1975 458 Si
2015 403 2252 474 psalmos
2285 403 2516 466 noverit,
2546 413 2598 456 et
2625 403 2668 455 si
2716 403 2768 455 in
2797 402 2977 470 aliquo
3005 417 3160 456 versu
3193 407 3456 460 erraverit
3485 449 3498 471 ,

249 507 474 560 ordinem
501 505 714 558 dicatur
739 503 805 558 de
833 519 896 556 ea
929 503 1208 572 disciplina
1254 519 1354 572 qua
1378 501 1578 570 jugiter
1613 500 1697 554 ille
1732 511 1810 552 te-

251 607 392 651 netur
422 597 512 666 qui
539 597 820 650 uobiscum
855 594 1080 648 voluerit
1110 593 1442 646 conversari.

854 707 1084 764 CAPUT
1125 707 1190 761 Υ.

457 799 730 866 Quomodo
758 819 812 854 se
842 801 1007 868 frater
1037 799 1164 854 leret
1195 799 1263 852 ad
1288 809 1586 852 nocturnos.

314 893 488 946 Primo
519 893 684 959 igitur
707 893 773 946 ad
803 901 1120 956 nocturnos,
1154 891 1338 944 audito
1363 891 1550 958 signo,
1595 889 1736 942 illico
1761 905 1816 940 se

247 985 416 1038 levare
469 983 722 1046 festinat,
779 992 834 1039 et
893 984 1210 1052 priusquam
1265 983 1664 1051 coopertorium
1721 981 1816 1035 de-

241 1078 404 1148 jiciat,
441 1075 614 1130 induit
651 1089 708 1130 se
749 1075 980 1140 cucullo,
1033 1087 1302 1142 cruraque
1351 1073 1484 1144 tegit
1531 1089 1654 1126 cum
1707 1072 1814 1134 illa,

247 1177 524 1236 antequam
577 1165 744 1228 levet,
807 1175 930 1222 ante
989 1167 1218 1230 lectum;
1271 1167 1554 1236 ipsumque
1621 1166 1818 1220 lectum

249 1275 342 1314 non
369 1261 438 1314 ita
477 1259 810 1331 negligenter
847 1261 1090 1322 dimittit,
1129 1259 1224 1314 sed
1269 1261 1494 1314 honeste
1539 1273 1820 1328 (ooper'o—

249 1353 376 1405 rimn
431 1351 664 1420 desuper
704 1353 1080 1418 extendendo,
1125 1354 1422 1424 componit.
1473 1353 1820 1408 Necessarias

249 1459 345 1497 non
379 1443 567 1508 iutrat,
597 1445 698 1498 nisi
723 1445 901 1515 capite
949 1445 1159 1516 capelle
1203 1457 1484 1516 cooperto.
1513 1447 1652 1500 Ante
1683 1461 1818 1516 poe-

249 1550 328 1587 ros
355 1533 486 1588 solet
511 1537 698 1590 venire
751 1537 804 1590 in
842 1537 1146 1600 ecclesiam,
1188 1547 1244 1592 et
1285 1539 1548 1594 sollicitus
1591 1547 1673 1594 est
1717 1539 1823 1594 illis

248 1625 404 1680 tribus
434 1627 774 1682 orationibus
807 1629 1090 1695 interesse,
1123 1645 1242 1700 qum
1283 1631 1438 1702 signo
1469 1631 1626 1686 linito
1663 1631 1818 1686 ﬁunt.

847 1740 1076 1796 CAPUT
1121 1741 1210 1798 Vl.

453 1827 530 1884 De
561 1832 856 1886 excessibus
881 1849 976 1898 pro
1003 1833 1188 1903 quibus
1227 1833 1426 1888 veniant
1447 1837 1594 1902 petit.

313 1921 444 1976 Nam
481 1925 526 1976 si
559 1939 663 1978 non
695 1924 1020 1990 interfuerit,
1061 1926 1114 1980 in
1145 1926 1616 2000 capituloveniam
1649 1936 1819 1997 petet,

247 2017 380 2070 sicut
427 2016 592 2072 etiam
639 2031 738 2086 pro
794 2031 898 2082 eo,
947 2017 992 2072 si
1045 2033 1210 2088 quam
1269 2019 1570 2089 regularem
1629 2021 1819 2075 horam

255 2107 541 2172 dimiserit,
595 2109 648 2162 ni
695 2108 836 2164 forte
875 2110 944 2164 sit
991 2111 1276 2175 sacerdos,
1325 2122 1382 2166 ut
1427 2113 1642 2168 interim
1689 2113 1820 2168 mis-

249 2215 356 2256 sam
384 2208 604 2264 cantet;
641 2199 724 2254 vel
759 2201 802 2255 si
835 2201 1102 2256 dimiserit
1147 2203 1520 2268 collationem,
1554 2205 1636 2258 vel
1677 2205 1824 2275 capi.

247 2292 408 2346 tulum
457 2293 576 2346 sine
611 2293 828 2348 licentia
858 2334 873 2356 ,
932 2293 1016 2348 vel
1059 2297 1368 2365 generalem
1426 2296 1820 2352 refectionem:

243 2383 601 2450 procumbens
627 2383 694 2438 ad
719 2384 1044 2448 orationem,
1075 2400 1238 2454 super
1285 2387 1496 2440 cubitos
1545 2397 1600 2442 et
1648 2403 1822 2457 genua

245 2469 484 2526 froccum
533 2480 833 2526 retrorsum
886 2473 1150 2538 attrahit,
1183 2489 1251 2529 ne
1289 2473 1362 2528 ita
1399 2477 1631 2544 pendeat
1658 2491 1824 2546 super

245 2561 407 2632 pedes
428 2561 496 2617 ad
521 2572 742 2616 terram.
785 2563 938 2632 Quod
987 2565 1032 2620 si
1079 2565 1424 2636 aliquomodo
1451 2568 1738 2638 contigerit
1771 2577 1827 2623 ut

243 2669 348 2708 non
381 2663 634 2710 occurrat
663 2665 788 2710 ante
811 2654 994 2710 Gloria
1025 2657 1216 2724 psalmi
1247 2659 1586 2728 nonagesimi
1619 2660 1824 2728 quarti,

241 2745 322 2800 vel
355 2747 422 2801 ad
453 2747 754 2816 quamlibet
804 2748 996 2803 horam
1043 2757 1168 2804 ante
1196 2749 1378 2804 Gloria
1423 2752 1578 2820 primi
1610 2753 1822 2820 psalmi,

241 2839 451 2892 intrans
513 2840 740 2894 chorum
803 2847 860 2896 et
917 2841 1142 2896 veniens
1199 2843 1266 2896 ad
1315 2844 1540 2912 gradum
1599 2845 1824 2914 altaris,

241 2931 468 2986 honeste
501 2931 825 3001 tractimque
857 2933 992 3003 petit
1019 2933 1230 2990 veniam
1255 2949 1419 3004 super
1441 2951 1633 2992 manus
1653 2945 1708 2992 et
1729 2953 1826 3006 ge-

241 3038 367 3086 nua,
397 3022 784 3092 paululumque
833 3023 1106 3094 protendit
1141 3025 1510 3078 summitatem
1551 3025 1716 3082 frocci
1768 3035 1826 3082 ut

241 3131 404 3188 Super
429 3133 547 3172 eam
584 3126 762 3172 teneat
795 3132 1024 3186 manus;
1055 3126 1110 3173 et
1139 3133 1368 3188 surgens
1417 3127 1606 3174 contra
1654 3119 1824 3175 altare
1853 3103 1898 3165 Ο

242 3210 406 3264 altius
449 3208 702 3274 inclinat;
751 3207 872 3262 inde
907 3224 1014 3284 non
1079 3224 1140 3264 se
1191 3207 1430 3264 movebit
1483 3225 1656 3278 usque
1701 3212 1826 3266 dum

243 3301 376 3354 hora
402 3299 474 3352 sit
503 3299 688 3364 tiuita;
721 3298 842 3354 aliis
872 3299 1278 3364 inclinantibus,
1302 3299 1416 3366 ipse
1443 3314 1550 3352 non
1577 3299 1679 3353 nisi
1703 3315 1831 3355 con—

247 3399 330 3444 tra
365 3389 538 3444 altare
577 3389 824 3444 inclinat.
850 3387 956 3444 Sed
989 3390 1032 3444 si
1069 3389 1238 3444 visum
1282 3387 1445 3444 fuerit
1495 3389 1694 3444 domno
1735 3391 1832 3446 ab—

249 3479 382 3544 bati,
411 3477 638 3534 fratrem
663 3480 896 3548 aliquem
925 3480 992 3534 ad
1019 3495 1144 3533 eum
1167 3479 1349 3550 dirigit
1378 3489 1434 3534 ut
1459 3482 1710 3545 recedat;
1738 3482 1826 3538 cui

245 3585 366 3624 cum
399 3585 565 3624 mautt
599 3570 840 3626 inuuenti
875 3569 1149 3642 paululum
1180 3571 1424 3637 inclinat,
1449 3582 1504 3626 et
1533 3574 1676 3628 facto
1705 3585 1832 3631 ante

243 3673 297 3718 et
333 3671 484 3730 retro
519 3663 726 3718 recedit
755 3663 824 3718 ad
849 3663 1138 3718 stationem
1158 3679 1341 3730 suam;
1370 3665 1458 3718 ubi
1503 3680 1692 3720 rursus
1739 3683 1833 3736 pe-

245 3761 362 3809 tens
393 3755 610 3810 veniam
639 3763 698 3809 ut
724 3755 892 3824 prius,
923 3755 1146 3810 inclinat
1178 3766 1366 3812 contra
1392 3768 1754 3826 conventum,
1779 3769 1834 3812 et

245 3857 550 3903 conventus
576 3855 763 3902 contra
795 3862 942 3902 eum.

845 3957 1074 4014 CAPUT
1123 3959 1232 4014 Vll.

459 4051 739 4117 Quomodo
773 4069 829 4107 se
853 4053 1038 4107 habeat
1067 4054 1134 4106 ad
1159 4055 1318 4107 horas
1349 4055 1635 4125 regulares.

312 4165 397 4219 Ad
429 4163 614 4219 Gloria
648 4163 980 4235 singulorum
1007 4165 1333 4235 psalmorum
1378 4169 1468 4237 qui
1505 4179 1630 4224 sunt
1658 4170 1709 4223 in
1748 4186 1834 4225 re-

246 4257 532 4329 gularibus
577 4257 748 4322 horis,
785 4272 974 4312 manus
1021 4273 1126 4312 non
1179 4267 1324 4312 tenet
1381 4259 1434 4314 in
1484 4262 1626 4326 sinu,
1655 4263 1748 4318 sed
1781 4263 1836 4318 in

245 4349 488 4404 manicas
521 4348 713 4413 mittit,
759 4363 960 4419 easque
1007 4351 1348 4420 constringit,
1385 4367 1451 4406 ne
1497 4353 1639 4407 inter
1685 4355 1838 4408 incli-

246 4441 486 4496 nandum
518 4441 586 4494 ad
623 4449 822 4495 terram
869 4443 1196 4512 pertingant,
1241 4444 1366 4513 quia
1415 4445 1690 4502 inclinatio
1747 4449 1833 4502 illa
1865 4459 1914 4518 ι)

247 4531 474 4586 multum
529 4533 694 4587 debet
745 4546 866 4586 esse
913 4532 1214 4599 submissa,
1252 4550 1352 4588 nec
1390 4536 1524 4591 adeo
1566 4538 1630 4590 ad
1674 4538 1834 4592 aliam

249 4624 630 4694 psalmodiam.
665 4623 820 4689 Quod
849 4623 892 4676 si
925 4624 1112 4680 sedere
1136 4625 1367 4680 voluerit
1421 4627 1561 4681 inter
1598 4629 1834 4698 psalmo-

250 4716 412 4781 diam,
445 4715 708 4770 observat
733 4729 799 4768 ne
824 4715 1178 4786 scdeatjuxta
1213 4717 1376 4771 alium
1405 4717 1707 4785 sedentem,
1739 4723 1834 4777 sed

249 4807 320 4865 ita
347 4819 404 4864 ut
427 4815 730 4873 unus-stet,
757 4816 814 4862 et
831 4808 1018 4863 sedeat
1041 4810 1199 4874 alter,
1237 4819 1290 4866 ct
1327 4811 1554 4867 invicem
1579 4815 1838 4872 exhibere

249 4899 442 4956 debent
469 4897 820 4954 occasionem
853 4899 1096 4954 sedendi.
1127 4898 1445 4970 Ubicunque
1477 4903 1665 4969 sedet,
1697 4923 1838 4962 nun-

247 5009 404 5062 quam
429 4991 662 5049 dimittit
682 4991 922 5046 manicas
941 4991 1016 5046 ita
1040 4992 1376 5063 negligenter
1398 4997 1464 5051 ad
1493 5007 1688 5051 terram
1711 5015 1839 5068 pen—

246 5087 388 5151 dere,
421 5085 520 5142 sed
571 5084 618 5142 si
672 5097 864 5138 manus
911 5095 1040 5140 sunt
1092 5084 1234 5140 intra
1289 5088 1498 5154 sinum,
1531 5091 1754 5144 manica}
1784 5093 1836 5146 in

243 5189 621 5235 transversum
653 5185 810 5230 extra
857 5176 1033 5232 sinum
1063 5184 1192 5231 sunt
1228 5178 1484 5235 collectae.
1520 5181 1576 5236 Si
1625 5193 1842 5253 propter

241 5272 444 5298 ,ἀει-..ιιι
479 5270 546 5298 An
581 5269 754 5298 aliIn-In
777 5269 904 5298 nv::l
963 5269 1044 5298 "nl
1096 5269 1138 5298 ηἶ
1193 5281 1376 5298 ηΑΑΙΛ..
1429 5275 1572 5298 ......ξι

1918 497 2105 551 eodem
2137 495 2297 549 modo
2321 493 2531 548 veniam
2565 496 2696 564 petit
2723 505 2848 548 ante
2893 510 2950 548 se
2977 511 3083 564 quo
3114 497 3362 566 superius
3391 497 3502 553 dixi

1918 592 1984 644 ad
2027 589 2252 658 gradum
2307 587 2494 642 altaris
2539 603 2658 642 esse
2708 588 2993 658 petendam
3047 603 3145 658 pro
3186 589 3508 646 occursione

1921 683 2174 736 tardiore.
2205 680 2418 736 Lectori
2449 681 2514 734 ad
2549 681 2774 750 gradum
2809 680 2898 734 ubi
2927 680 3060 733 facit
3098 689 3225 735 ante
3254 691 3306 734 et
3337 690 3504 744 retro.

1919 783 1966 822 et
2023 775 2172 828 ettuti
2223 775 2289 830 ad
2331 775 2620 830 lectionem
2679 783 2732 828 et
2781 774 3052 840 redeunti,
3082 784 3396 828 reverenter
3419 775 3504 829 in-

1920 866 2110 920 cliuat.

2506 981 2736 1036 CAPUT
2781 980 2912 1034 ΠΗ.

2031 1073 2304 1140 Quomodo
2332 1083 2586 1126 tutcrnam
2624 1075 2850 1142 ligarant
2882 1083 3092 1142 portare
3121 1073 3303 1126 debeat
3333 1075 3400 1128 ad

2563 1157 2865 1197 nocturnos.

1995 1235 2148 1304 Quod
2181 1237 2222 1289 si
2253 1236 2390 1290 inter
2421 1235 2680 1292 lectiones
2713 1235 2798 1290 ille
2849 1238 2938 1306 qui
2987 1235 3250 1290 latcruam
3274 1237 3506 1308 ligneam

1925 1329 2242 1384 circumfert
2271 1329 2344 1382 ad
2381 1345 2504 1382 eum
2536 1329 2764 1392 venerit,
2789 1339 2842 1384 et
2865 1338 3061 1398 putans
3092 1346 3212 1384 eum
3247 1330 3508 1393 dormire,

1925 1423 2104 1477 lumen
2150 1431 2335 1478 contra
2389 1421 2580 1476 ficium
2632 1422 2748 1492 ejus
2803 1421 3128 1484 intenderit,
3185 1422 3228 1475 si
3287 1421 3506 1490 vigilat,

1928 1516 2122 1572 iterum
2187 1527 2497 1570 reverenter
2553 1515 2822 1580 inclinat;
2875 1523 2930 1568 at
2973 1515 3016 1567 si
3077 1513 3404 1566 obdormivit
3455 1523 3510 1568 et

1925 1607 2134 1664 laterna
2197 1607 2368 1678 posita
2417 1605 2581 1660 fuerit
2639 1613 2766 1660 ante
2821 1621 2968 1670 eum,
3015 1605 3281 1660 excitatus
3331 1605 3508 1674 perlu-

1927 1711 2066 1756 strat
2092 1701 2327 1771 primum
2367 1715 2488 1755 cum
2521 1713 2582 1752 ea
2615 1700 2867 1752 dextrum
2893 1699 3156 1760 chorum,
3187 1707 3239 1751 et
3271 1712 3366 1766 per
3399 1713 3512 1750 me-

1925 1796 2086 1852 dium-
2125 1795 2361 1860 rediens,
2412 1779 2638 1848 chorum
2684 1791 3010 1846 exteriorem
3037 1831 3050 1855 ,
3099 1789 3395 1844 novissime
3439 1790 3514 1844 si-

1917 1891 2181 1944 nistrum.
2215 1887 2270 1943 Si
2301 1903 2460 1957 quem
2493 1875 2778 1941 offenderit
2803 1884 3144 1938 obdormisse
3169 1925 3182 1946 ,
3223 1892 3348 1936 tunc
3384 1897 3516 1936 cou-

1924 1989 2008 2036 tra
2035 1983 2152 2052 ejus
2172 1981 2358 2038 oculos
2391 1980 2572 2036 lumen
2605 1991 2686 2034 ter
2711 1978 2970 2042 intendit;
3005 1977 3048 2030 si
3083 1974 3236 2030 tertia
3266 1975 3383 2030 vice
3407 1991 3512 2028 non

1924 2073 2278 2145 evigilaverit,
2332 2073 2483 2146 ponit
2527 2081 2653 2126 ante
2703 2087 2826 2126 cum
2875 2070 3137 2124 laternam
3166 2110 3180 2132 ,
3210 2079 3268 2122 ut
3297 2067 3366 2123 ab
3399 2065 3516 2136 ipso

1925 2183 2141 2239 quoque
2172 2168 2412 2224 excitato
2437 2167 2689 2220 similiter
2727 2173 2996 2234 portetur.

2541 2300 2768 2356 CAPUT
2807 2299 2898 2354 IX.

2089 2395 2206 2462 Qua
2237 2395 2515 2466 disciplina
2549 2395 2890 2448 recollocatm
2913 2393 3090 2462 jaceat
3116 2393 3170 2446 in
3193 2391 3342 2446 lecto.

1997 2488 2078 2542 Ad
2111 2488 2306 2544 lectum
2337 2487 2551 2542 rediens
2582 2487 2776 2540 iterum
2807 2501 2863 2540 se
2901 2485 3126 2539 collocat
3181 2499 3304 2538 eum
3353 2482 3514 2538 disci-

1931 2581 2118 2652 plina,
2173 2597 2272 2636 nec
2316 2579 2582 2636 cucullum
2632 2579 2780 2648 prius
2822 2579 2973 2632 exuit
3021 2591 3184 2647 quam
3237 2585 3519 2644 cooperto—

1930 2673 2068 2726 rium
2125 2686 2296 2742 usque
2349 2685 2512 2740 super
2561 2670 2778 2725 cubitos
2827 2670 3050 2735 trahat;
3113 2678 3244 2724 tunc
3295 2669 3512 2736 quidem

1929 2778 2048 2818 eam
2079 2770 2300 2816 erutam
2339 2761 2624 2832 diligenter
2667 2759 2956 2829 complicat
3003 2767 3060 2814 et
3115 2759 3264 2828 ponit
3313 2758 3380 2814 ad
3429 2774 3522 2812 ca-

1929 2861 2046 2924 put.
2100 2851 2512 2920 Quautumlibet
2560 2851 2798 2906 calorem
2850 2852 3090 2916 sentiat,
3146 2861 3320 2906 tamen
3379 2865 3519 2904 nun-

1933 2959 2096 3014 quam
2127 2943 2246 3012 plus
2271 2943 2514 3015 corporis
2545 2944 2628 2998 sui
2657 2943 2864 3014 detegit
2883 2959 3044 3014 quam
3073 2943 3262 3014 pedes,
3293 2940 3518 2996 brachia

1931 3045 1986 3089 et
2013 3043 2196 3106 caput.

2559 3127 2789 3182 CAPUT
2832 3127 2896 3182 Χ.

2041 3219 2318 3285 Quomodo
2343 3231 2523 3290 surgat
2555 3237 2725 3284 mane,
2759 3221 2834 3276 rel
2867 3222 2995 3292 quid
3019 3223 3195 3276 stati)»
3225 3221 3408 3287 faciat.

1921 3383 1924 3388 ι
2003 3313 2086 3367 Ad
2131 3313 2388 3376 sonitum,
2436 3313 2528 3381 qui
2578 3313 2817 3368 diluculo
2873 3313 2988 3368 ﬁeri
3037 3313 3176 3368 solet
3219 3311 3268 3364 in
3305 3310 3516 3364 dormi-

1936 3404 2074 3460 torio
2121 3404 2186 3458 ad
2245 3405 2562 3458 excitandos
2615 3405 2850 3469 fratres,
2909 3405 3038 3459 facit
3099 3404 3326 3471 idipsum
3373 3403 3518 3471 quod

1933 3497 2002 3550 ad
2048 3495 2260 3564 signum
2321 3503 2762 3558 nocturnorum;
2819 3494 3141 3564 quantocius
3199 3493 3412 3559 surgit,
3465 3499 3521 3544 et

1933 3601 1996 3642 ea
2025 3587 2141 3649 vice
2173 3601 2276 3642 non
2309 3586 2444 3640 alios
2484 3586 2693 3641 calceos
2732 3601 2891 3656 quam
2938 3587 3027 3656 qui
3080 3585 3146 3638 ad
3199 3583 3340 3638 diem
3389 3582 3520 3636 facti

1934 3687 2061 3733 sunt
2089 3677 2284 3742 induit,
2317 3675 2417 3732 nisi
2444 3675 2582 3731 forte
2627 3679 2692 3732 sit
2735 3677 2996 3747 sanguine
3033 3677 3291 3742 u‘iinutus,
3320 3669 3520 3730 euliclli

1935 3768 2016 3824 sui
2047 3783 2230 3822 secum
2265 3767 2512 3837 portaudi
2551 3777 2704 3823 cavet
2755 3767 3021 3822 oblivisci.
3075 3767 3226 3820 Lotis
3273 3767 3522 3818 manibus

1936 3861 2093 3924 facie,
2119 3875 2238 3912 cum
2272 3858 2370 3912 tria
2397 3859 2731 3930 manulergia
2765 3861 3034 3929 pendeant.
3067 3858 3227 3913 simul
3271 3857 3322 3912 iu
3370 3857 3521 3911 clau—

1937 3964 2071 4015 stro,
2107 3967 2211 4004 non
2248 3951 2408 4020 tergit
2438 3951 2503 4004 ad
2526 3950 2669 4005 aliud
2702 3965 2864 4020 quam
2892 3950 3034 4019 quod
3087 3949 3200 4003 suis
3257 3947 3523 4002 similibus

1937 4052 2022 4098 est
2052 4045 2389 4114 deputatum,
2424 4043 2548 4112 quia
2579 4059 2741 4096 umuu
2773 4051 2855 4097 est
2887 4041 3096 4110 pueris,
3130 4039 3360 4095 alterum
3395 4053 3525 4092 can-

1937 4135 2188 4200 toribus,
2237 4133 2452 4188 tcrtium
2505 4133 2703 4188 idiotis.
2755 4131 2926 4187 Pectit
2978 4141 3173 4202 caput,
3231 4131 3363 4186 facit
3415 4141 3524 4186 tres

1936 4229 2210 4283 orationes
2251 4217 2314 4279 in
2384 4227 2551 4280 choro
2586 4265 2600 4289 ,
2656 4225 2899 4278 anterior
2959 4233 3014 4280 et
3077 4223 3298 4294 propior
3364 4221 3522 4274 altari

1938 4336 2100 4390 (piam
2127 4319 2393 4380 seniores,
2416 4317 2556 4371 sicut
2586 4316 2747 4369 etiam
2777 4316 2842 4368 ad
2873 4325 3186 4380 nocturnos,
3217 4316 3268 4367 iu
3297 4313 3520 4384 quibus,

1939 4417 2290 4480 posteaquam
2344 4405 2494 4475 pueri
2547 4404 2724 4475 legere
2775 4405 3080 4475 incipiunt,
3135 4421 3240 4458 non
3291 4402 3520 4456 multum

1940 4512 2202 4556 moratur.

2552 4589 2780 4646 CAPUT
2821 4590 2918 4646 XI.

2303 4679 2578 4748 Quomodo
2605 4681 2802 4748 sedeat,
2827 4681 2904 4736 vel
2929 4681 3155 4734 incedat.

2013 4773 2220 4830 Sedens
2244 4773 2312 4828 ad
2351 4773 2642 4829 lectionem
2686 4774 2760 4828 ita
2804 4775 2956 4829 sedet
2999 4781 3056 4827 ut
3103 4773 3227 4828 ulna
3271 4773 3340 4829 sit
3387 4776 3528 4828 inter

1941 4883 2002 4924 se
2029 4877 2088 4923 et
2133 4866 2300 4922 alium
2345 4864 2498 4935 juxta
2551 4867 2864 4932 sedentem;
2908 4866 3180 4932 anteriora
3229 4863 3398 4922 frocci
3443 4864 3526 4919 sui

1941 4977 2159 5032 semper
2211 4960 2266 5014 in
2315 4960 2580 5030 gremium
2633 4961 2710 5015 ita
2765 4959 2990 5017 attrahit
3031 4971 3088 5013 ut
3124 4959 3292 5030 pedes
3322 4959 3532 5030 possint

1941 5056 2078 5110 bene
2101 5053 2296 5108 videri.
2325 5052 2556 5108 Girones
2584 5067 2826 5128 quoque,
2857 5053 2942 5110 vel
2991 5067 3128 5121 quos
3173 5053 3394 5120 quidam
3445 5065 3529 5102 sa-

1942 5145 2105 5215 gittas
2134 5151 2352 5207 vocant,
2381 5142 2582 5212 coiligit
2612 5145 2892 5218 utrinque,
2919 5151 2978 5198 ut
3025 5159 3130 5198 non
3175 5143 3408 5210 sparsim
3450 5140 3536 5208 ja-

1943 5246 2103 5290 ceant
2134 5233 2188 5288 in
2219 5243 2384 5287 terra.
2417 5233 2753 5298 Quocunque
2793 5235 3016 5298 incedit,
3039 5247 3262 5298 semper
3301 5231 3540 5290 demisso
