4040 5298
410 58 413 61 ’
505 101 609 157 707

1463 105 1783 164 UDALRICI
1818 106 2318 168 CLUNIACENSIS
2361 110 2669 170 MONACHI

3680 122 3793 180 708

506 232 661 276 cessu
690 217 898 285 venire,
928 216 1138 273 accedit
1181 216 1249 274 ad
1297 220 1634 275 sacerdotem
1676 222 1741 277 ad
1783 237 1946 293 quem
1991 238 2090 294 po-
2113 229 2162 290 Α
2192 223 2616 296 Quadragesima
2654 223 2741 281 vel
2781 224 2900 281 dies
2953 226 3165 298 privata
3195 269 3210 294 ,
3265 243 3372 286 non
3429 245 3492 288 so
3517 247 3607 288 um
3655 245 3790 306 post

509 311 774 366 tissimum
802 309 1063 377 voluerit:
1099 318 1154 366 et
1180 318 1332 366 stans
1362 323 1488 366 ante
1515 326 1637 367 eum
1662 352 1678 378 ,
1704 315 1983 370 dexteram
2024 317 2092 372 de

509 399 724 454 manica
753 407 1052 454 extractam
1077 399 1232 470 ponit
1268 415 1432 470 super
1451 411 1661 470 pectus,
1690 404 1834 472 quod
1889 415 1969 458 est
2017 405 2093 460 si-

507 506 672 560 gnum
709 489 1086 546 confessionis.
1122 488 1308 557 Surgit
1336 491 1594 546 sacerdos
1621 533 1636 559 ,
1684 508 1844 564 quem
1893 508 2092 565 przece-

507 583 722 636 dentem
754 581 1006 651 sequitur
1037 581 1090 634 in
1121 581 1436 650 capitulum,
1464 592 1519 638 et
1549 583 1782 653 primum
1813 596 1941 641 ante
1967 602 2090 642 eum

506 671 646 741 petit
681 671 893 726 veniam
934 678 1050 724 toto
1078 685 1306 740 corpore
1330 681 1666 741 prostratus;
1699 688 1728 726 a
1766 689 1872 744 quo
1906 676 2090 746 jussus

503 778 562 818 se
588 764 789 830 levare,
820 771 1107 835 postquam
1137 767 1470 833 consederit,
1513 766 1755 836 loquitur
1794 771 1939 839 quod
1985 766 2088 826 ha-

503 859 613 913 bet.
643 857 700 912 Si
731 857 834 912 tale
860 857 989 926 quid
1018 857 1067 912 ei
1098 858 1326 930 contigit
1351 859 1404 914 in
1431 869 1591 917 nocte
1615 861 1758 931 quod
1801 878 1902 918 nos
1933 879 2088 921 vere-

501 949 677 1004 cunde
727 947 1073 1017 fragilitatem
1123 950 1490 1020 appellamus,
1521 962 1649 1008 ante
1692 953 2088 1011 confessionem

500 1049 705 1110 septem
726 1041 1127 1111 pmnitentiales
1149 1042 1387 1111 psalmos
1417 1045 1636 1109 dixerit,
1669 1045 1752 1102 vel
1776 1047 1820 1101 si
1848 1048 2086 1117 psalmos

500 1133 696 1199 nescit,
733 1133 1065 1189 Dominicam
1096 1133 1413 1192 Orationem
1451 1139 1680 1210 septies;
1715 1149 1769 1195 et
1796 1152 2085 1212 postquam

501 1223 666 1279 fuerit
699 1223 998 1293 confessus,
1029 1227 1171 1298 quod
1203 1229 1547 1298 sibijusserit
1577 1233 1852 1288 sacerdos.
1893 1233 1970 1290 Eo
1998 1236 2088 1292 die

505 1335 610 1372 non
646 1327 852 1375 textum
878 1317 1151 1391 Evangelii
1183 1321 1478 1390 osculatur,
1505 1338 1605 1379 nec
1646 1322 1713 1380 ad
1763 1340 1951 1396 pacem
1994 1343 2088 1382 va-

498 1409 596 1477 dit,
632 1428 732 1468 nec
759 1413 826 1467 ad
854 1407 1204 1468 offerendam.

1097 1527 1326 1585 CAPUT
1366 1529 1500 1586 XIII.

668 1619 963 1686 Quomodo,
994 1619 1069 1674 uel
1088 1623 1298 1692 quando
1323 1633 1521 1693 pannos
1551 1640 1674 1680 suos
1706 1625 1915 1682 induat.

569 1709 664 1764 Est
712 1722 892 1766 autem
941 1713 1081 1782 apud
1126 1729 1226 1768 nos
1264 1713 1585 1770 lavatorium
1633 1728 1903 1772 secretum
1958 1733 2082 1775 cum

497 1817 653 1871 aqua:
680 1803 864 1868 ductu,
899 1803 1079 1873 ibique
1130 1804 1274 1859 lavat
1321 1804 1601 1862 fcmoralia
1649 1824 1777 1872 sua,
1817 1818 2081 1881 quantum

497 1895 588 1950 illa
615 1896 901 1952 eventioue
928 1907 1053 1952 sunt
1081 1906 1363 1964 contacta;
1395 1909 1486 1953 aut
1533 1901 1577 1954 si
1623 1900 1786 1956 habet
1806 1901 1858 1956 in
1901 1917 2083 1971 prom-

456 1997 594 2056 ,ριιι
648 1989 1003 2044 mutatorium
1055 2005 1234 2056 suum,
1293 2002 1468 2047 mutat
1519 1993 1662 2062 quod
1707 2003 1793 2048 est
1837 1995 2079 2063 indutus,

496 2094 596 2134 ncc
626 2080 778 2148 prius
810 2082 878 2135 ad
924 2096 987 2136 ea
1017 2097 1137 2152 qua:
1177 2082 1433 2153 praefatus
1477 2100 1595 2139 sum
1649 2087 1908 2141 accedere
1943 2103 2082 2157 prm-

494 2171 678 2223 sumit.
708 2171 993 2242 Nunquam
1017 2183 1190 2228 mutat
1213 2175 1264 2228 in
1290 2175 1403 2230 sola
1429 2177 1637 2231 cuculla
1665 2217 1680 2242 ,
1713 2178 1813 2234 nisi
1859 2187 1916 2233 et
1969 2178 2078 2249 pel-

493 2259 690 2316 liceum
732 2263 816 2318 vel
860 2264 1102 2319 froccum
1138 2265 1334 2322 habeat
1365 2268 1633 2333 indutum,
1677 2284 1746 2324 ne
1801 2271 1929 2339 quid
1980 2287 2082 2327 nu-

493 2352 683 2406 ditatis
729 2368 842 2407 suae
887 2356 1059 2417 possit
1105 2357 1172 2410 ab
1227 2357 1410 2428 aliquo
1456 2359 1650 2419 videri.
1677 2359 1912 2424 Panuos,
1941 2377 2078 2432 quos

492 2445 666 2506 exuit,
695 2442 985 2499 confestim
1024 2445 1334 2515 complicat,
1365 2446 1648 2503 femoralia
1700 2450 1924 2505 involvit
1967 2461 2080 2506 sta~

495 2533 700 2598 mineo,
740 2544 946 2590 etcum
977 2537 1095 2608 ejus
1143 2539 1371 2594 manicis
1415 2541 1636 2611 colligat
1683 2550 1948 2612 utraque;
1983 2547 2078 2600 lto—

498 2640 614 2678 ram
643 2641 858 2696 quoque
914 2630 1154 2684 mutandi
1197 2631 1474 2696 discernit,
1506 2648 1627 2702 qua:
1672 2649 1780 2688 non
1836 2645 1920 2690 est
1973 2637 2076 2692 nisi

492 2725 620 2770 ante
653 2717 907 2788 primam,
935 2720 1020 2774 vel
1041 2721 1084 2774 si
1112 2721 1222 2790 ipsa
1247 2723 1406 2776 simul
1447 2740 1569 2778 cum
1615 2726 1896 2782 matutinis
1925 2728 2072 2786 laud.

489 2817 766 2874 cantatur,
799 2821 925 2866 ante
954 2813 1190 2867 tertiam.
1224 2813 1378 2870 Tunc
1404 2816 1569 2871 etiam
1618 2820 1829 2874 noverit
1881 2820 2074 2879 horam

2197 315 2416 370 tertiam
2463 316 2557 372 sed
2605 317 2772 372 etiam
2816 327 2936 388 post
2968 330 3176 376 sextam
3225 322 3396 391 lavat,
3430 328 3642 383 tametsi
3669 345 3784 385 non

2196 402 2486 473 loquamur
2526 405 2580 460 in
2628 405 2887 463 claustro.
2939 408 3212 480 Quidquid
3245 422 3425 470 autem
3455 414 3622 483 lavat,
3644 434 3785 489 quo-

2191 498 2463 565 quomodo
2485 497 2558 552 sit
2587 497 2856 566 lavatum,
2889 510 3012 570 post
3044 503 3235 559 horam
3279 505 3491 564 lavandi
3521 511 3698 566 aufert
3725 520 3784 568 ct

2193 588 2398 656 siccat;
2436 606 2504 646 ne
2527 590 2709 661 jaceat
2752 592 2826 646 ita
2859 593 3136 650 sordidum
3177 606 3232 653 et
3273 599 3572 665 horridum,
3608 603 3784 656 maxi-

2191 699 2280 738 me
2317 684 2408 740 ubi
2453 693 2596 743 lotus
2646 695 2947 744 conventus
2989 688 3193 746 videbit
3246 692 3312 747 de
3360 693 3648 750 refectorio
3683 711 3783 750 ex-

2191 775 2384 832 iturus.

2777 850 3008 908 CAPUT
3048 853 3190 911 XVI.

2289 958 2563 1026 Quomodo
2592 961 3066 1041 deregularijwra
3105 983 3209 1041 non
3241 978 3416 1035 exeat,
3448 970 3550 1024 nisi
3577 989 3671 1041 pro

2655 1034 2944 1088 inevitabili
2979 1039 3300 1093 necessitate.

2257 1142 2455 1198 Audito
2501 1144 2656 1211 signo
2704 1146 2847 1215 quod
2900 1147 2967 1203 ad
3016 1150 3248 1221 primam
3301 1151 3569 1223 pulsatur,
3596 1156 3774 1211 eccle-

2187 1234 2323 1289 siam
2357 1251 2479 1289 cum
2509 1235 2630 1292 aliis
2673 1238 2876 1304 intrat;
2916 1248 2971 1294 et
3017 1242 3144 1310 qu'a
3195 1242 3429 1311 pulsatio
3475 1244 3614 1316 signi
3670 1251 3776 1303 rite

2185 1327 2488 1397 proteletur
2507 1344 2786 1399 quousque
2810 1344 3015 1400 septem
3042 1333 3236 1403 psalmi
3265 1337 3475 1406 possint
3501 1353 3621 1392 esse
3647 1355 3776 1392 can-

2189 1421 2306 1483 tati,
2338 1420 2654 1491 aliquando,
2705 1423 2750 1477 si
2781 1423 3032 1491 voluerit,
3066 1435 3349 1498 postquam
3389 1431 3540 1499 pueri
3589 1436 3776 1484 trans-

2187 1521 2345 1577 eunt,
2385 1513 2494 1568 exit
2545 1529 2642 1583 pro
2673 1516 2916 1586 corporis
2948 1520 3292 1586 necessitate,
3325 1522 3418 1576 sed
3451 1521 3666 1576 rediens
3697 1523 3776 1576 la-

2113 1577 2159 1637 Β
2188 1612 2277 1656 vat
2309 1619 2520 1668 manus,
2554 1619 2624 1659 ue
2669 1621 2792 1660 cum
2845 1617 3064 1663 ventum
3102 1609 3266 1666 fuerit
3297 1613 3364 1667 ad
3414 1611 3770 1680 offerendam,

2187 1711 2373 1750 rursus
2404 1697 2808 1766 habeatexire;
2859 1701 2983 1772 quia
3035 1703 3080 1758 si
3132 1713 3241 1759 tam
3278 1704 3594 1776 frequenter
3617 1708 3769 1762 exie-

2185 1787 2285 1852 rit,
2321 1788 2421 1843 hoe
2467 1803 2682 1860 quoque
2735 1791 2791 1846 in
2843 1792 3081 1863 capitulo
3139 1805 3475 1853 reservatum
3525 1800 3771 1868 experie-

2187 1889 2292 1933 tur.
2327 1880 2432 1936 Sed
2483 1897 2584 1939 nec
2631 1877 2779 1959 Videt
2832 1887 2985 1944 exire
3029 1905 3355 1961 quemquam
3402 1894 3643 1963 quandiu
3696 1895 3765 1949 de

2185 1972 2523 2042 regularibus
2564 1974 2713 2030 horis
2760 1977 2866 2031 ulla
2923 1979 2977 2034 in
3037 1981 3125 2037 die
3177 1993 3456 2048 cantatur,
3513 1984 3619 2038 nisi
3670 2001 3770 2055 pro

2185 2065 2483 2120 inevitabili
2530 2068 2879 2136 necessitate,
2911 2080 2992 2140 ut,
3017 2073 3170 2129 verbi
3219 2075 3416 2147 gratia,
3452 2075 3497 2130 si
3538 2078 3605 2131 de
3636 2093 3768 2132 naso

2181 2171 2346 2212 Cl'llOl'
2379 2169 2617 2214 emanat.

2764 2275 2996 2336 CAPUT
3035 2277 3198 2337 XVII.

2185 2362 2459 2428 Quomodo
2497 2382 2552 2422 se
2576 2375 2938 2448 praparctad
2985 2375 3298 2448 capitulum.
3339 2375 3420 2432 vel
3451 2378 3577 2448 quid
3601 2378 3767 2448 faciat

2603 2441 2650 2492 si
2685 2453 2757 2494 est
2783 2443 2879 2496 sibi
2901 2441 3140 2500 conscius
3172 2447 3350 2502 ullius.

2251 2524 2476 2592 Quando
2497 2528 2646 2584 scilla
2691 2531 2936 2601 pulsatur
2969 2535 3036 2589 ad
3089 2537 3403 2606 capitulum,
3438 2539 3764 2594 stamiueum

2181 2630 2337 2671 suum
2369 2621 2610 2692 undique
2642 2621 2877 2678 detrahit
2903 2634 2958 2679 et
2989 2626 3217 2682 honeste
3246 2627 3544 2697 componit,
3585 2638 3643 2683 ut
3668 2645 3766 2699 pa-

2182 2719 2331 2767 rat-ts
2384 2711 2457 2764 sit
2486 2713 2530 2767 si
2589 2712 2771 2783 aliquo
2799 2718 2962 2772 modo
3019 2719 3588 2789 accusatusjudicium
3613 2739 3763 2793 qua:-

2183 2812 2305 2852 rcre
2332 2799 2575 2868 juhczur.
2607 2805 2740 2858 Cum
2781 2807 3010 2862 domnus
3041 2809 3208 2866 abbas
3269 2812 3467 2867 dixerit
3493 2829 3508 2867 :
3541 2813 3766 2869 Benedi-

490 2914 612 2956 esse
641 2902 1022 2970 confessionis,
1055 2913 1106 2959 et
1138 2914 1260 2975 post
1301 2906 1594 2977 capitulum
1649 2911 1888 2979 quandiu
1929 2914 2074 2983 psal-
2105 2923 2149 2986 C
2180 2889 2298 2986 ei“?
2332 2889 2552 2986 "FW"
2587 2909 2602 2958 ;
2632 2901 2915 2986 99"“!"a'"
2943 2908 3158 2955 vemum
3197 2900 3361 2958 fuerit
3385 2904 3452 2959 ad
3483 2905 3758 2960 actionem

491 2994 564 3048 tui
597 3010 696 3064 pro
714 2993 942 3051 fratrum
964 2997 1338 3054 anniversario
1370 3000 1640 3055 dicuntur.
1676 3001 1733 3056 In
1764 3003 1954 3061 diebus
1985 3022 2076 3063 so-

491 3087 760 3142 lemnibus
782 3103 954 3159 usque
975 3090 1042 3145 ad
1074 3090 1294 3146 missam
1319 3092 1728 3162 matutinalem;
1754 3095 1807 3150 in
1833 3096 2076 3165 Quadra-

491 3179 696 3249 gesima
722 3195 818 3250 per
855 3193 964 3236 tres
985 3183 1122 3248 dies,
1154 3199 1251 3251 per
1297 3200 1434 3254 quos
1479 3185 1754 3242 silentium
1778 3197 1993 3246 tenetur
2022 3193 2075 3248 in

487 3271 726 3328 claustro
755 3287 926 3344 usque
955 3275 1024 3330 ad
1054 3285 1293 3330 sextam.

1083 3388 1312 3446 CAPUT
1351 3390 1490 3446 XIV.

593 3479 652 3535 Si
680 3490 857 3534 coctus
886 3490 980 3546 est,
1003 3498 1108 3553 qua
1136 3482 1267 3536 liora
1289 3485 1572 3538 coctionem
1595 3503 1747 3539 suam
1775 3488 1966 3543 videat.

556 3569 712 3637 Quod
743 3571 788 3625 si
822 3580 1006 3627 coctus
1032 3581 1137 3638 est,
1191 3581 1252 3627 ut
1284 3573 1608 3644 vulgariter,
1659 3578 1811 3632 aiunt
1867 3581 2074 3636 coctio-

485 3677 612 3716 nem
662 3675 729 3716 ex
787 3678 937 3718 more
975 3678 1082 3718 non
1135 3664 1305 3730 videt,
1355 3681 1532 3737 neque
1581 3667 1738 3739 ligat,
1793 3670 1899 3725 nisi
1950 3681 2076 3730 ante

484 3754 739 3823 primam,
769 3756 853 3810 vel
904 3756 950 3810 si
998 3757 1114 3826 ipsa
1138 3797 1154 3822 ,
1195 3768 1254 3814 ut
1295 3775 1458 3830 supra
1509 3764 1771 3830 memini,
1798 3767 2076 3825 matutinis

486 3845 634 3900 laud.
682 3855 766 3902 est
810 3848 1088 3919 adjuncta,
1135 3859 1262 3906 ante
1295 3855 1543 3920 tertiam,
1575 3863 1625 3909 et
1653 3866 1773 3926 post
1803 3872 2072 3927 vesperas.

485 3939 559 3994 ita
592 3948 771 3996 tamen
815 3950 871 3995 ut
908 3952 1130 4013 propter
1163 3945 1268 4001 hoc
1311 3944 1586 4002 silentium
1637 3964 1745 4004 non
1794 3949 2072 4022 infringat.

485 4032 766 4090 Panniculi
817 4045 998 4090 autem
1052 4046 1242 4093 recens
1290 4039 1450 4095 lavati
1501 4039 1582 4096 sic
1618 4055 1741 4098 esse
1783 4043 1981 4100 debent
2021 4045 2075 4101 in

482 4134 758 4196 promptu,
788 4134 845 4181 ut
867 4142 972 4183 non
999 4143 1136 4199 opus
1163 4129 1362 4186 habeat
1387 4131 1518 4202 quid
1554 4132 1723 4203 loqui.
1746 4133 1832 4190 Ad
1861 4137 2073 4193 catalo-

479 4233 608 4286 gum
638 4217 760 4273 fidei
795 4217 983 4275 Sancti
1009 4220 1293 4278 Athanasii
1326 4239 1602 4294 nunquam
1634 4226 1820 4293 sedet;
1847 4229 1912 4283 ad
1941 4229 2077 4286 olfe-

479 4309 705 4364 rendam
753 4325 854 4367 nec
897 4313 1140 4369 anterior
1189 4330 1291 4371 nec
1337 4319 1610 4388 posterior
1651 4320 1866 4376 accedit
1906 4338 2071 4392 quam

482 4416 615 4458 suus
635 4412 720 4459 est
747 4405 904 4460 ordo.

1085 4519 1316 4578 CAPUT
1346 4520 1463 4577 XV.

843 4606 1116 4673 Quomodo
1151 4626 1354 4682 pannos
1379 4628 1505 4674 suos
1533 4612 1692 4670 lauet.

550 4716 667 4785 Qua
692 4715 856 4783 facta,
905 4719 952 4773 si
999 4721 1130 4790 quid
1180 4722 1230 4776 ei
1277 4723 1544 4793 placuerit
1596 4727 1665 4782 de
1719 4729 1916 4798 pannis
1959 4733 2072 4789 suis

477 4809 682 4875 lavare,
715 4811 766 4864 in
811 4812 1043 4880 coquina
1097 4814 1333 4884 regulari
1382 4817 1449 4871 ad
1499 4817 1602 4873 hoc
1643 4820 1816 4876 solum
1860 4837 2069 4881 aeneum

410 4944 415 4949 .
477 4900 720 4965 offendit,
747 4901 798 4956 in
829 4918 937 4972 quo
976 4919 1116 4974 aqua
1162 4906 1412 4974 caleliat,
1459 4909 1769 4981 lexiviaque
1801 4921 2070 4985 tempere-

480 5001 586 5048 tur.
620 4992 679 5046 In
705 4993 943 5048 claustro
975 5006 1157 5050 autem
1201 5007 1450 5055 truncum
1505 5005 1900 5075 amplissimum
1945 5025 2070 5066 cum

477 5087 750 5156 plerisque
803 5087 1101 5142 intervallis
1153 5101 1430 5160 cavatum,
1464 5103 1523 5149 ut
1579 5097 1668 5153 hic
1717 5099 2068 5170 stamineum,

477 5180 588 5236 illic
628 5178 906 5233 femoralia
958 5179 1128 5234 lavari
1179 5185 1386 5251 possint
1435 5191 1752 5256 separatim.
1781 5193 1913 5260 Quae
1942 5204 2071 5252 ante

479 5270 769 5298 nnh:II|‘-um
807 5270 967 5298 m:I.:.
1003 5270 1056 5298 ἶ·-
1095 5285 1286 5298 luna-nm
1322 5273 1487 5298 -A':..-

2179 2980 2422 3051 capituli,
2473 2981 2517 3037 si
2564 2984 2694 3054 quid
2725 2985 2772 3040 ei
2827 3002 3085 3047 excessus
3136 2991 3318 3063 aliquo
3367 2995 3526 3050 modo
3555 2997 3769 3051 coutin-

2180 3071 2278 3140 git.
2314 3071 2459 3139 quod
2515 3073 2655 3129 alius
2695 3073 2849 3142 vidit,
2881 3088 2937 3134 et
2967 3080 3127 3150 digne
3181 3085 3419 3152 potuerit
3447 3086 3764 3152 reclamare,

2184 3161 2301 3231 ipse
2325 3165 2664 3233 praeveniens
2688 3170 2822 3240 petit
2869 3185 3108 3238 veniam,
3132 3182 3188 3229 et
3233 3175 3376 3230 illam
3410 3179 3622 3231 veniam
3654 3187 3765 3234 toto

2179 3267 2408 3323 corpore
2457 3266 2756 3325 prostrato,
2791 3259 3115 3332 culpamque
3169 3281 3319 3321 suam
3377 3265 3626 3335 fatezur;
3669 3271 3764 3324 sed

2177 3353 2603 3415 quantacunque
2654 3345 2907 3417 fateatur,
2963 3362 3141 3409 tamen
3199 3371 3305 3411 non
3352 3358 3582 3427 amplius
3629 3360 3764 3428 petit

2177 3436 2391 3490 veniam
2447 3447 2656 3518 prazter‘
2685 3439 2832 3495 illam
2881 3456 3042 3512 quam
3098 3447 3272 3517 petiit.
3317 3447 3469 3514 Quod
3531 3448 3576 3502 si
3627 3449 3765 3503 alius

2178 3522 2246 3576 de
2301 3523 2392 3578 illo
2428 3526 2826 3596 reclamaverit,
2892 3540 3019 3588 tunc
3075 3535 3294 3603 quidem
3329 3537 3540 3606 quoties
3587 3537 3657 3592 de
3707 3553 3766 3592 se

2178 3612 2480 3670 reclamare
2533 3619 2804 3687 audierit,
2871 3623 3033 3679 toties
3092 3639 3304 3696 quoque
3345 3630 3556 3681 veniam
3607 3629 3762 3698 petit.

2177 3703 2332 3773 Quod
2385 3708 2430 3762 si
2478 3711 2674 3765 sedens
2721 3720 2778 3767 et
2825 3713 3271 3772 reclamationem
3325 3719 3390 3774 de
3433 3733 3497 3798 pse
3538 3721 3765 3776 audiens

2176 3797 2328 3868 prius
2354 3799 2616 3870 quidquid
2667 3806 3009 3874 responderit
3053 3823 3216 3879 quam
3255 3811 3467 3867 veniam
3518 3814 3762 3884 petierit,

2171 3887 2360 3958 jussus
2385 3899 2445 3945 ut
2495 3907 2556 3948 se
2588 3904 2925 3965 prosternat,
2978 3900 3030 3955 in
3080 3902 3200 3972 ipso
3233 3901 3418 3960 frocco
3446 3919 3544 3960 suo
3600 3921 3765 3961 uuam

2178 3977 2377 4049 accipit
2401 3981 2830 4049 percussionem.
2869 3984 3064 4044 Postea
3095 4006 3192 4060 pro
3218 4007 3285 4048 eo
3309 4008 3408 4064 pro
3435 4009 3542 4063 quo
3567 4005 3654 4049 est
3682 4010 3766 4051 re-

2177 4070 2464 4139 clamatus,
2496 4075 2728 4132 sustinet
2778 4081 2922 4149 quod
2975 4082 3202 4151 przelato
3256 4085 3485 4149 videtur,
3540 4087 3627 4141 vel
3671 4102 3764 4143 va-

2175 4165 2386 4236 pulare,
2408 4168 2492 4223 vel
2521 4184 2643 4226 esse
2688 4173 2744 4228 in
2783 4174 2939 4246 culpa
2966 4175 3190 4245 leviori;
3225 4193 3351 4235 nam
3380 4195 3501 4250 quae
3543 4182 3611 4235 ad
3639 4196 3765 4253 gra-

2101 4289 2150 4350 D
2177 4257 2382 4316 viorcm
2419 4259 2632 4333 culpam
2670 4265 2966 4336 pertinent,
3016 4269 3082 4325 de
3135 4270 3223 4326 his
3269 4286 3377 4329 non
3416 4269 3610 4341 loquor
3656 4271 3762 4326 hac

2174 4351 2310 4406 vice.

2738 4425 2966 4486 CAPUT
3007 4429 3191 4488 XVIII.

2707 4537 2787 4595 De
2822 4540 2976 4613 culpa
3008 4543 3218 4600 leuiore.

2241 4646 2439 4706 Missus
2486 4657 2668 4706 autem
2696 4650 2750 4707 in
2799 4653 3012 4724 culpam
3056 4655 3313 4714 leviorem
3344 4658 3419 4715 ita
3465 4675 3528 4717 se
3572 4662 3755 4730 habet,

2172 4745 2233 4794 ut
2283 4739 2400 4810 ipsa
2427 4757 2642 4814 quoque
2681 4744 2783 4801 sibi
2825 4747 3008 4816 regula
3062 4752 3384 4820 praescribit.
3434 4753 3583 4810 Inter
3633 4771 3756 4828 pre-

2173 4845 2264 4887 ces
2297 4844 2705 4902 nocturnorum,
2739 4845 2796 4893 et
2845 4838 3101 4897 horarum
3132 4845 3373 4900 omnium
3405 4849 3754 4918 regularium,

2172 4925 2645 4996 prostratusjacet
2673 4929 2739 4982 ad
2767 4931 2993 4999 gradum
3025 4949 3040 4996 ;
3087 4949 3194 4989 non
3232 4933 3410 5003 offert,
3451 4954 3560 4994 non
3602 4957 3759 4998 escu-

2173 5013 2318 5068 latur
2373 5024 2580 5070 textum
2629 5017 2930 5088 Evangelii,
2981 5036 3092 5080 non
3140 5027 3353 5082 accedit
3405 5029 3475 5084 ad
3534 5047 3753 5100 pacem,

2173 5119 2275 5160 nec
2297 5104 2362 5158 ad
2394 5120 2633 5160 mensam
2664 5123 2786 5163 cum
2837 5111 3006 5179 aliis;
3061 5115 3154 5170 sed
3202 5117 3249 5172 si
3304 5134 3412 5187 qua
3450 5119 3568 5176 dies
3622 5123 3756 5178 festa

2174 5195 2460 5252 duodecim
2509 5197 2801 5256 lectionum
2855 5207 3059 5275 agenda
3093 5211 3487 5278 supervenerit,
3547 5215 3756 5272 solutus

3826 1881 3944 2005 (/.
