4040 5298
232 276 336 338 709

991 254 1518 339 DNSUE'I'UDINES
1551 261 2397 327 CLUNIACENSES.—LIBER
2432 261 2823 320 SECUNDUS.

3404 259 3509 317 710

229 414 403 468 usque
429 398 556 454 dum
584 398 675 452 liat
703 396 1000 452 absolutus.
1030 393 1346 450 Absolvitur
1372 399 1552 446 autem
1582 385 1820 442 maxime
1847 391 1892 451 Α
1924 381 2054 437 facit
2086 389 2214 435 ante
2238 390 2291 435 et
2316 388 2484 447 retro,
2511 389 2566 435 et
2597 388 2680 434 ter
2715 378 2845 434 dicit
2879 378 3024 434 hunc
3057 391 3272 434 versum
3301 396 3314 433 :
3343 376 3506 445 Deus,

230 495 456 564 quando
486 503 790 566 prostratus
811 491 958 560 jacet
1012 489 1079 543 ad
1110 488 1362 559 gradum,
1401 495 1456 540 et
1483 499 1623 538 unus
1654 481 1822 536 frater

233 589 304 642 ad
332 602 459 643 eum
491 586 767 656 dirigitur,
790 599 819 637 a
859 597 966 652 quo
995 580 1096 636 sibi
1125 578 1267 648 quod
1311 578 1383 631 sit
1435 574 1715 630 absolutus
1739 572 1821 625 in-

229 690 454 737 nuatur.
489 679 603 735 Iloc
640 690 856 748 quoque
894 675 1055 729 modo
1105 673 1220 727 licri
1273 671 1408 726 solet
1441 669 1734 733 absolutio,
1775 665 1820 720 si

231 777 413 834 eidem
469 789 625 829 noxa:
663 772 1006 843 adjudicatus
1036 776 1220 838 postea
1267 763 1574 834 contigerit,
1620 771 1677 816 ut
1724 776 1823 831 pro

231 872 420 941 aliquo
449 869 645 925 delicto
683 867 860 922 denuo
911 863 1237 919 reclamatus
1281 859 1602 915 verberetur
1634 871 1649 920 ;
1694 853 1820 907 etsi

232 961 337 1015 hoc
375 975 482 1014 non
511 959 638 1024 erit,
665 973 769 1012 non
809 954 1132 1017 absolvitur,
1168 951 1271 1006 nisi
1315 950 1466 1020 prius
1515 948 1632 1018 ejus
1662 945 1824 1000 satis-

233 1050 406 1105 factio
427 1048 664 1118 jacentis
691 1049 757 1103 ad
785 1048 1038 1118 gradum,
1062 1043 1146 1098 vel
1180 1042 1246 1097 ad
1295 1056 1457 1096 uuam
1503 1039 1697 1094 horam
1747 1036 1822 1092 vi-

232 1142 434 1198 deatur
463 1155 495 1197 a
516 1149 807 1198 conventu.

822 1252 1054 1310 CAPUT
1094 1250 1233 1307 XIX.

410 1349 719 1420 Ubicunque
755 1348 975 1410 steterit,
999 1345 1259 1417 quomodo
1285 1356 1426 1398 stare
1461 1341 1663 1396 debeat.

305 1443 478 1497 Stans
503 1451 686 1496 autem
705 1451 831 1496 ante
859 1441 1115 1495 domuum
1139 1437 1388 1492 abbatem
1418 1435 1498 1490 vel
1522 1435 1827 1503 ubicunque

232 1535 478 1600 steterit,
514 1533 565 1588 id
586 1534 748 1587 etiam
773 1547 876 1587 non
897 1530 1121 1602 negligit
1147 1538 1203 1583 ut
1230 1529 1428 1584 habeat
1453 1528 1615 1596 pedes
1644 1542 1828 1597 mqua-

232 1629 364 1684 liter
390 1626 742 1696 compositos,
771 1633 827 1680 et
854 1638 1133 1693 nunquam
1158 1622 1227 1677 ab
1254 1621 1480 1676 invicem
1506 1620 1649 1674 inter
1677 1626 1827 1673 stan-

231 1721 365 1776 dum
393 1718 746 1774 divaricatos.

830 1803 1058 1862 CAPUT
1099 1801 1220 1858 XX.

232 1897 312 1956 De
371 1900 456 1954 his
505 1913 624 1968 qua:
676 1914 781 1953 non
833 1897 950 1951 licet
1009 1897 1183 2021 [agere
1226 1895 1326 1950 nisi
1393 1894 1463 1948 ad
1519 1893 1702 1947 horam
1747 1891 1825 1946 lo-

932 1984 1064 2021 auen
1109 1985 1144 2021 ι.

932 1984 1144 2036 quenat.

303 2057 516 2113 Exiens
549 2072 580 2112 a
605 2057 863 2128 capitulo,
898 2058 943 2110 si
972 2065 1053 2112 est
1080 2071 1142 2111 ea
1176 2057 1290 2111 dies
1321 2055 1373 2110 in
1407 2070 1510 2125 qua
1539 2053 1682 2124 loqui
1719 2069 1824 2109 non

234 2150 586 2220 prohibetur,
614 2150 929 2220 priusquam
964 2148 1131 2202 ullum
1172 2147 1396 2202 verbum
1432 2147 1597 2210 dicat,
1627 2146 1825 2201 librum

235 2240 444 2310 accipit
500 2248 553 2295 et
604 2241 777 2295 sedet.
838 2240 1042 2294 Stando
1091 2237 1224 2293 nihil
1276 2237 1499 2292 omnino
1538 2235 1823 2305 loquitur;

235 2331 383 2402 quod
439 2331 698 2401 loquitur,
750 2330 988 2401 loquitur
1053 2329 1323 2383 sulunissa
1370 2341 1526 2381 voce.
1583 2325 1828 2396 Loquela

235 2439 338 2478 sua
363 2431 421 2477 ct
442 2424 714 2478 audientia
736 2437 844 2477 non
878 2432 964 2477 est
1006 2422 1107 2476 nisi
1154 2421 1222 2476 de
1249 2419 1607 2490 spiritalibus,
1649 2418 1732 2472 vel
1763 2418 1829 2472 de

236 2518 326 2572 his
364 2517 564 2587 quibus
593 2517 707 2571 haec
734 2515 1043 2585 temporalis
1091 2515 1204 2568 vita
1257 2527 1445 2567 carere
1486 2527 1592 2568 non
1629 2518 1825 2580 p0test.

238 2607 293 2662 Si
331 2607 462 2677 quid
499 2620 634 2676 opus
666 2605 833 2660 habet
866 2619 894 2658 a
926 2604 1230 2659 camerario
1257 2617 1523 2673 quaerere,
1555 2614 1682 2656 tunc
1709 2613 1826 2654 ma-

237 2701 387 2753 xime
418 2699 612 2768 qttmtit
641 2715 654 2763 ;
685 2698 728 2752 si
768 2712 904 2766 opus
925 2697 1088 2752 habet
1115 2712 1319 2768 ungues
1349 2709 1556 2758 secare.
1588 2705 1713 2749 tunc
1738 2707 1830 2749 sc-

240 2803 372 2858 cat;
403 2792 450 2845 si
489 2807 625 2862 Opus
652 2790 817 2846 habet
839 2789 1110 2859 justitiam
1146 2806 1299 2845 suam
1332 2798 1385 2844 et
1413 2799 1656 2861 pateram
1680 2787 1829 2842 lava-

241 2899 322 2945 re,
355 2892 482 2935 tunc
515 2881 700 2947 lavat;
735 2882 778 2936 si
813 2895 949 2951 opus
979 2881 1143 2936 habet
1170 2880 1445 2936 cultellum
1485 2896 1639 2935 suum
1670 2895 1834 2933 acue-

239 2987 322 3036 re,
353 2981 485 3026 tunc
506 2972 649 3026 acuit
682 2973 748 3025 ad
772 2981 948 3027 cotem
982 2972 1072 3041 qui
1113 2971 1182 3026 ob
1220 2972 1319 3026 hoc
1365 2971 1562 3041 pendet
1598 2970 1650 3024 in
1684 2969 1832 3024 clau-

241 3073 395 3128 stro;
429 3065 475 3118 si
506 3079 640 3133 opus
669 3063 829 3118 habet
851 3064 980 3134 quid
1009 3064 1078 3118 de
1101 3063 1426 3117 vestimento
1450 3076 1550 3116 suo
1574 3062 1640 3117 ad
1657 3059 1828 3116 solem
1857 3094 1903 3158 α

240 3158 560 3222 extendere,
601 3167 727 3211 tunc
753 3156 1016 3220 extendit,
1046 3165 1102 3211 et
1134 3156 1273 3211 bene
1307 3154 1617 3209 meminerit
1643 3163 1702 3208 ut
1732 3169 1830 3207 au—

242 3251 386 3305 ferat
419 3259 545 3304 ante
573 3249 942 3315 collatioaem,
968 3249 1074 3316 vel,
1100 3249 1144 3305 si
1169 3248 1451 3304 duodecim
1487 3247 1748 3302 lectiones
1776 3245 1830 3301 in

243 3341 498 3412 sequenti
531 3350 688 3396 nocte
708 3339 930 3407 fuerint,
959 3349 1084 3395 ante
1123 3354 1382 3408 vesperas
1408 3355 1424 3406 ;
1460 3338 1506 3394 si
1533 3351 1694 3409 quem
1724 3337 1832 3391 fra-

249 3443 395 3488 trum
457 3433 828 3487 inlirmantem
869 3431 1094 3486 visitare
1145 3429 1398 3493 voluerit,
1431 3439 1558 3485 tunc
1601 3429 1834 3484 maxime

244 3524 453 3579 visitat.
486 3522 544 3578 Si
572 3531 752 3578 autem
775 3529 860 3578 est
891 3521 1099 3591 absque
1143 3519 1452 3576 obcdientia
1479 3527 1741 3588 quantum
1766 3517 1833 3572 ad

246 3616 512 3686 hospites,
571 3622 777 3668 tantum
833 3611 1071 3682 loquitur
1115 3609 1182 3665 ad
1225 3619 1551 3680 quemquam
1606 3605 1834 3662 famulo-

247 3721 389 3771 rum,
413 3704 518 3760 nisi
556 3719 678 3759 cum
719 3703 952 3758 licentia.
1010 3701 1153 3756 Nihil
1194 3700 1429 3772 appellat
1482 3699 1832 3772 singulariter

247 3813 429 3862 suum,
472 3794 566 3851 sed
596 3794 664 3850 ad
691 3793 874 3850 omnia
913 3792 1046 3848 dicit
1073 3800 1340 3857 nostrum,
1365 3790 1468 3847 nisi
1497 3790 1564 3846 de
1593 3799 1747 3862 patre
1777 3797 1834 3844 et

247 3897 459 3950 matre;
501 3886 571 3941 de
598 3884 684 3941 his
734 3883 874 3940 solet
926 3884 1152 3940 licenter
1177 3883 1285 3938 diei
1330 3897 1481 3940 meus
1522 3889 1578 3939 et
1605 3897 1744 3938 mea.
1777 3881 1836 3936 Si

249 3996 412 4053 quem
445 3979 672 4034 fratrem
707 3977 959 4049 appellat,
1012 3992 1288 4048 nunquam
1324 3990 1459 4048 puro
1496 3975 1715 4030 nomine
1744 3989 1838 4044 ap-

250 4074 438 4147 pellat,
475 4073 578 4128 nisi
609 4073 841 4130 domnus
871 4071 1154 4142 adjungat,
1184 4077 1240 4124 et
1266 4082 1464 4140 pueros
1499 4067 1697 4122 fratres
1734 4079 1838 4121 no-

252 4167 427 4223 minat
452 4183 468 4231 ;
497 4167 626 4222 item
650 4166 929 4237 proprium
953 4177 1149 4220 nomen
1181 4161 1451 4229 dicturus,
1485 4175 1701 4230 semper
1732 4159 1840 4214 fra-

253 4268 336 4315 ter
363 4257 667 4332 praemittit.

839 4345 1069 4406 CAPUT
1109 4343 1252 4400 XXI.

687 4443 767 4498 De
794 4442 1086 4496 minutione
1115 4438 1417 4509 sanguinis.

329 4537 388 4595 Si
418 4536 654 4594 voluerit
681 4534 999 4606 sanguinem
1053 4530 1324 4595 minuere,
1365 4528 1481 4598 ipsa
1539 4526 1698 4592 hora,
1733 4539 1840 4595 qua

258 4630 326 4686 de
377 4628 615 4702 capitulo
661 4625 883 4690 exierit,
936 4621 1211 4678 licentiam
1273 4617 1488 4690 quaerit.
1540 4616 1611 4673 Et
1643 4625 1704 4672 ut
1740 4615 1844 4672 hoc

259 4721 420 4776 modo
467 4733 576 4790 quo
605 4716 698 4772 liat
715 4715 918 4771 ordine
954 4726 1292 4784 persequar:
1332 4717 1553 4780 accepta
1602 4706 1842 4774 licentia,

261 4812 410 4867 vadit
436 4811 504 4865 ad
532 4806 877 4866 cellerarium
906 4805 1240 4860 voluntatem
1297 4815 1451 4856 suam
1495 4798 1757 4862 iudicare,
1785 4805 1846 4853 ut

262 4903 546 4971 provideat
612 4897 876 4954 famulqu
945 4896 1013 4951 ad
1063 4891 1368 4960 hujusmodi
1423 4891 1739 4963 deputatum
1787 4888 1843 4945 in

264 5005 510 5066 promptu
545 5007 668 5049 esse
695 4999 818 5061 post
865 4985 1218 5057 Evangelium
1267 4985 1447 5039 missae
1474 4983 1717 5056 majoris.
1767 4982 1844 5040 Eo

265 5102 493 5158 namque
524 5092 804 5141 momento
848 5083 1150 5139 abscedens
1181 5078 1248 5133 de
1282 5080 1511 5136 ecclesia
1544 5077 1720 5136 induit
1745 5095 1845 5135 no-

267 5181 560 5245 cturnales,
591 5192 704 5233 non
735 5173 870 5229 alios
897 5175 1118 5246 quidem
1149 5186 1322 5240 usque
1347 5173 1400 5227 in
1433 5174 1576 5230 diem
1627 5172 1845 5229 tertium

1043 5267 1118 5298 :nl
1131 5272 1346 5298 ralia-nu.-

270 5273 320 5298 ζ..
333 5273 542 5298 ηΙ..ι.....-ι.
629 5283 734 5298 ..ΛΔ
775 5267 990 5298 ηιιηη...η
1043 5267 1346 5298 ἶηΙιυιΙηιιηο
1417 5267 1743 5298 'l‘nllnneman
1776 5267 1824 5298 θη

1924 476 1979 528 in
2013 474 2340 544 adjutorium
2367 489 2538 526 meum
2580 473 2791 526 intende
2841 471 3009 543 (sicut
3047 471 3214 526 etiam
3263 473 3330 527 ad
3375 488 3512 543 opus

1925 567 2230 638 manuum),
2269 575 2345 631 et,
2383 574 2442 620 ut
2471 565 2542 620 ibi
2595 574 2704 629 est,
2744 573 2938 619 caetera
2987 565 3282 638 sulijuugit.
3311 566 3515 638 Sicque

1930 661 2211 732 sanguinis
2247 659 2534 715 diminutio
2562 657 3189 724 inchoatur;silentlnm
3223 658 3514 725 tenet,nisi

1927 754 2198 808 modicum
2231 752 2361 822 quid
2385 753 2531 807 dicat
2555 752 2618 806 de
2648 751 2751 807 hoc
2783 751 2926 822 quod
2950 750 3090 806 inter
3125 767 3318 806 manus
3348 751 3516 807 liabe-

1929 854 2033 900 tur.
2067 843 2278 898 Abhinc
2329 858 2556 914 surgens
2603 843 2787 897 statim
2839 843 2988 896 venit
3037 841 3088 895 in
3139 842 3513 908 relectorium,

1926 934 2267 1004 aliquantum
2309 935 2375 990 de
2404 935 2540 989 libra
2575 949 2671 988 sua
2705 949 3021 988 comesurus
3047 942 3102 986 et
3129 933 3194 987 de
3221 932 3347 988 vino
3369 933 3512 988 bibi-

1929 1033 2082 1078 turus
2107 1041 2121 1087 ;
2149 1025 2290 1079 sicut
2316 1025 2479 1079 etiam
2510 1040 2608 1096 per
2631 1025 2746 1080 dies
2774 1024 3019 1095 geminos
3077 1032 3388 1095 sequentes.
3433 1024 3516 1079 Ad

1926 1116 2216 1188 prandium
2239 1118 2284 1172 si
2315 1117 2406 1172 alii
2439 1117 2639 1172 habent
2669 1117 2978 1189 pitautiam,
3017 1115 3105 1171 ille
3155 1116 3428 1188 generale,
3460 1126 3517 1172 et

1929 1211 1996 1264 ad
2029 1226 2242 1265 ctenam
2272 1227 2372 1266 ova
2407 1212 2528 1266 tria.
2559 1210 2615 1266 Si
2642 1222 2727 1266 est
2764 1219 2972 1282 tempus
3003 1207 3255 1274 hiemale,
3305 1209 3516 1264 scilicet

1928 1317 1956 1354 a
1982 1300 2238 1356 Kalendis
2267 1302 2517 1357 Octobris
2542 1317 2712 1372 usque
2769 1301 2834 1355 ad
2865 1300 3362 1370 Quadragcsimam,
3410 1299 3514 1354 etsi

1928 1391 2126 1447 fratres
2152 1392 2480 1464 generaliter
2502 1409 2607 1448 non
2641 1392 2742 1448 nisi
2773 1391 2937 1448 scmel
2969 1393 3234 1458 relic-inut,
3271 1401 3395 1448 tunc
3425 1392 3514 1447 ille

1930 1495 2050 1554 post
2081 1499 2334 1555 vesperas
2360 1494 2561 1540 cmnat.
2596 1482 2847 1539 Secundo
2877 1494 2930 1539 et
2962 1484 3120 1538 tertio
3143 1483 3230 1538 die
3269 1493 3386 1554 post
3417 1500 3512 1537 ca-

1928 1573 2154 1644 pitulum
2194 1574 2418 1628 veniens
2449 1573 2500 1628 in
2544 1571 2906 1636 rcfectorium,
2937 1571 3069 1626 dicit
3123 1587 3337 1626 versum
3370 1571 3517 1628 refc-

1929 1664 2216 1718 ctioualcm
2244 1664 2402 1719 simul
2435 1680 2557 1719 cum
2597 1665 2801 1734 pueris,
2846 1674 2900 1718 et
2958 1664 3156 1718 haheat
3209 1664 3310 1718 tria
3357 1680 3442 1720 cor
3459 1674 3512 1720 ta

1853 1748 1899 1810 Β
1927 1757 2200 1828 pulmenta
2234 1774 2247 1821 ;
2285 1757 2370 1812 die
2401 1765 2612 1827 quarta,
2647 1756 2788 1813 casei
2843 1756 3226 1828 quadrantem,
3254 1757 3338 1812 vel
3369 1761 3516 1827 quod

1931 1860 2138 1905 tantum
2170 1851 2329 1904 valet.
2363 1851 2481 1918 Quo
2527 1850 2616 1905 die
2663 1849 2864 1906 indutis
2911 1867 3128 1922 quoque
3179 1849 3519 1905 diurualibus

1931 1943 2000 1997 ad
2024 1943 2258 2013 primam
2308 1943 2448 1996 redit
2497 1942 2548 1996 in
2579 1942 2828 1998 chorum.
2866 1942 2946 1995 Ad
2991 1951 3286 1996 nocturnos
3315 1941 3398 1995 his
3425 1940 3522 1995 tri-

1927 2031 2030 2086 bus
2064 2031 2317 2086 noctibus
2361 2031 2403 2086 si
2463 2032 2810 2095 obdormivit,
2859 2043 3018 2085 nemo
3065 2045 3188 2084 eum
3219 2045 3344 2085 eum
3387 2029 3515 2083 abs-

1928 2135 2095 2176 cousa
2125 2121 2474 2188 inquietabit,
2515 2121 2607 2176 sed
2631 2121 2794 2174 etiam
2829 2121 2895 2175 ad
2923 2120 3261 2176 intervallum
3295 2121 3346 2174 in
3377 2119 3520 2174 lecto

1931 2227 2030 2268 suo
2060 2211 2326 2280 pausatit,
2369 2225 2466 2266 nec
2494 2211 2818 2281 permissqu
2862 2219 2948 2265 est
2976 2211 3190 2264 veniam
3243 2219 3428 2279 petere
3463 2211 3518 2263 in

1929 2304 2191 2374 capitulo,
2221 2304 2263 2358 si
2289 2303 2418 2372 quid
2446 2304 2493 2357 ei
2540 2303 2896 2357 reclamatum
2927 2315 3010 2359 est
3039 2304 3107 2359 de
3133 2304 3243 2366 illo,
3281 2313 3335 2357 et
3362 2315 3516 2358 stare

1923 2390 2105 2461 jussus
2133 2407 2228 2462 pro
2255 2392 2410 2446 venia
2457 2391 2754 2447 inclinavit.
2780 2392 2948 2449 Cavet
2975 2402 3156 2448 autem
3199 2409 3264 2449 eo
3301 2395 3387 2449 die
3418 2391 3521 2448 nif-

1930 2502 2117 2549 nuere.
2168 2487 2220 2541 in
2277 2484 2431 2555 cujus
2479 2487 2725 2554 sequenti
2757 2495 2914 2540 nocte
2969 2486 3249 2540 duodecim
3282 2485 3522 2540 liuntle-

1931 2578 2161 2642 ctioncs,
2196 2577 2297 2633 nisi
2340 2577 2908 2649 in.Quadragesima;
2947 2586 3074 2632 tunc
3107 2592 3323 2647 seraper
3356 2587 3410 2632 et
3460 2577 3514 2631 in

1932 2665 2175 2722 Sabbato
2203 2677 2324 2738 post
2371 2682 2623 2737 vesperas
2666 2669 2880 2734 minuit,
2928 2685 3024 2740 pro
3069 2684 3136 2724 eo
3182 2669 3324 2740 quod
3354 2669 3407 2722 in
3433 2668 3523 2723 die

1933 2755 2214 2812 Dominica
2241 2773 2346 2812 non
2384 2755 2652 2828 jejunabit
2683 2774 2699 2824 ;
2736 2759 2787 2813 in
2830 2773 2936 2828 qua
2989 2760 3114 2829 quia
3161 2759 3405 2813 facturus
3439 2768 3524 2814 est

1933 2846 2069 2902 foris
2101 2846 2397 2902 claustrum
2443 2849 2872 2918 processioncm,
2923 2851 3095 2904 induit
3125 2865 3341 2920 quoque
3369 2848 3523 2902 diu:-

1932 2937 2084 2992 nales
2115 2953 2130 2997 ;
2163 2948 2284 3007 post
2311 2940 2725 3010 conipletorium
2754 2940 2821 2996 de
2845 2940 3019 2995 tribus
3045 2941 3386 2996 orationibus
3416 2954 3522 2994 non

1934 3027 2038 3082 nisi
2067 3041 2229 3081 uuam
2257 3028 2412 3096 facit,
2438 3038 2494 3083 et
2519 3028 2652 3083 exit.
2691 3017 2705 3052 ³

2519 3160 2748 3216 CAPUT
2787 3160 2952 3216 XXII.

1936 3252 2056 3320 Qua
2079 3253 2359 3325 disciplina
2399 3253 2455 3307 in
2500 3253 2718 3308 ecclesia
2751 3264 2960 3308 maneat
2992 3253 3063 3308 ad
3094 3253 3350 3309 solemnia
3397 3255 3525 3310 niis-

2635 3340 2837 3378 sarum.

2007 3437 2114 3494 Sed
2139 3447 2200 3493 ut
2228 3439 2450 3495 redeam
2501 3439 2569 3495 ad
2623 3440 2800 3496 locum
2831 3440 2974 3496 unde
3000 3439 3274 3511 paululum
3306 3441 3521 3509 diverti.

1935 3530 2081 3586 inter
2129 3531 2457 3601 loquendum
2501 3531 2547 3586 si
2592 3531 2658 3585 ad
2692 3532 2882 3586 horam
2913 3533 3127 3601 signum
3164 3533 3398 3586 audierit
3439 3547 3524 3586 re-

1935 3623 2203 3696 gularem,
2225 3632 2280 3678 et
2317 3623 2364 3679 si
2395 3633 2480 3679 est
2507 3623 2560 3679 in
2616 3623 2877 3691 claustro,
2927 3625 3100 3694 ipsum
3130 3625 3354 3679 verbum
3378 3624 3524 3694 quod

1937 3714 2101 3769 habet
2125 3713 2179 3769 in
2210 3730 2304 3771 ore
2329 3730 2436 3770 non
2480 3715 2710 3786 perlicit,
2756 3717 2850 3772 sed
2895 3717 3156 3772 continuo
3181 3725 3321 3772 tacet
3349 3724 3403 3770 et
3425 3729 3523 3771 oc-

1938 3811 2114 3866 currit
2155 3809 2223 3866 ad
2261 3810 2565 3866 orationem
2612 3810 2923 3868 interesse:
2978 3813 3131 3867 sedet
3172 3811 3226 3866 in
3256 3811 3442 3874 choro,
3472 3818 3527 3866 ct

1939 3916 2228 3973 quousque
2249 3903 2507 3958 sacerdos
2561 3903 2786 3960 missam
2823 3911 3144 3960 cantaturus
3169 3904 3240 3958 sit
3274 3904 3527 3966 vestitus,

1941 3991 2174 4047 intendit
2199 3992 2510 4048 lectioni.A
2563 4009 2671 4066 quo
2701 4002 2882 4050 tamen
2934 3994 3170 4065 primum
3221 3993 3388 4048 ictum
3437 4008 3526 4049 se-

1940 4083 2102 4140 cundi
2133 4083 2276 4153 signi
2315 4083 2570 4148 audierit,
2603 4083 2746 4140 illico
2772 4093 2952 4139 cessat
2973 4092 3029 4138 et
3053 4082 3248 4152 surgit,
3275 4081 3438 4135 etiam
3461 4082 3528 4136 ad

1941 4173 2050 4230 duo
2079 4173 2232 4247 signa
2257 4189 2380 4245 qua:
2425 4173 2710 4244 pulsantur
2733 4175 2800 4228 ad
2846 4187 3125 4242 vesperas,
3170 4172 3254 4226 vel
3283 4172 3526 4240 quoties-

1943 4280 2158 4336 cunque
2184 4266 2371 4321 omnia
2419 4265 2573 4335 sigua
2611 4263 2914 4333 pulsantur.
2949 4262 3199 4327 Veniam,
3243 4277 3405 4331 quam
3438 4275 3530 4330 pe-

1945 4359 2029 4422 tit,
2051 4357 2340 4430 diligenter
2365 4358 2622 4412 observat
2668 4370 2736 4412 ue
2764 4370 3000 4424 unquam
3033 4354 3240 4408 tardius
3270 4352 3352 4407 vel
3378 4353 3527 4407 cele-

1870 4445 1918 4505 D
1945 4448 2059 4504 rius
2087 4464 2252 4518 quam
2274 4448 2364 4503 alii
2390 4455 2534 4518 petat
2561 4463 2577 4513 ;
2609 4461 2734 4502 cum
2758 4446 2880 4501 aliis
2907 4461 2968 4502 se
2993 4443 3442 4501 submittentibus
3469 4458 3530 4498 se

1943 4539 2233 4604 submittit,
2265 4553 2388 4594 cum
2412 4537 2534 4593 aliis
2553 4553 2612 4594 se
2633 4535 2940 4592 levantihus
2962 4551 3020 4592 se
3046 4534 3190 4589 levat
3221 4534 3290 4590 ad
3321 4535 3529 4598 venias,

1943 4628 2012 4684 ad
2051 4641 2244 4697 preces
2286 4636 2344 4682 et
2392 4627 2459 4683 ad
2507 4627 2812 4683 orationes.
2861 4625 3000 4680 Aliis
3049 4639 3158 4678 non
3206 4621 3530 4694 legentibus,

1945 4734 2048 4778 nec
2073 4719 2220 4775 aliud
2249 4735 2415 4791 quam
2469 4719 2644 4774 solum
2675 4717 2911 4772 ollicium
2939 4715 3176 4773 divinum
3206 4715 3534 4770 attendenti-

1944 4816 2068 4880 bus,
2101 4813 2218 4889 ipse
2265 4827 2482 4884 quoque
2523 4825 2800 4880 nunquam
2832 4809 3030 4865 librum
3061 4807 3236 4877 aperit
3259 4807 3327 4861 ad
3354 4807 3537 4876 legen-

1947 4908 2100 4972 dum,
2148 4907 2388 4962 maxime
2437 4907 2491 4962 in
2543 4906 2732 4969 choro,
2789 4904 2894 4960 nisi
2957 4902 3249 4972 aliquando
3288 4901 3539 4970 attlipltu-

1947 5000 2162 5058 uarium
2213 5000 2280 5052 ad
2309 4999 2569 5069 majorem
2602 4997 2829 5052 missam
2869 5005 3090 5068 propter
3120 4994 3359 5063 aliquem
3413 5005 3541 5062 gra-

1947 5094 2157 5149 viorem
2177 5099 2401 5146 cantum
2429 5090 2522 5161 qui
2549 5089 2614 5144 ad
2641 5102 2890 5157 praesens
2918 5097 3187 5152 cantatur,
3222 5087 3309 5141 vel
3358 5086 3424 5140 ad
3450 5097 3546 5136 ve-

1952 5198 2152 5256 speras
2201 5182 2399 5236 librum
2434 5184 2762 5253 hymnorum
2822 5193 3045 5256 propter
3104 5179 3341 5248 aliquem
3393 5179 3550 5246 hym-

2957 5290 3008 5298 Αιι
3021 5272 3206 5298 ,ιιι-...ΑΩ
3237 5281 3316 5298 nnl
3349 5266 3552 5298 ||.\I\a|n—

1952 5289 2078 5298 ..-ι-κ
2112 5288 2168 5298 Α..
2205 5274 2320 5298 ..ει-Α
2380 5274 2678 5298 ΑΑἈΛᾏΙΙΔι-ιὶ
2709 5287 2722 5298 ι
2769 5288 2796 5298 Α
