4040 5298
481 225 577 280 7H

1493 217 1815 276 UDALRICI
1845 217 2342 277 CLUNIACENSIS
2381 219 2685 276 MONACiil
2755 278 2764 287 ,

3649 224 3757 281 ἨΞ

484 344 630 392 amat
656 335 968 406 frequenter
1019 332 1223 400 facere,
1253 342 1521 389 conventu
1554 333 1790 389 maxime
1838 346 2066 389 cernen-
2097 339 2146 397 Α
2175 344 2403 397 teantur,
2431 343 2560 397 etc.,
2592 335 2827 400 inclinis,
2879 334 3062 391 Gloria
3116 335 3268 393 Patri
3294 355 3316 403 ;
3363 345 3597 404 erectus,
3630 339 3759 409 Agi-

474 418 559 494 Ite,
584 438 638 484 et
668 428 881 499 quoties
913 426 1066 493 facit,
1100 425 1230 481 facit
1259 434 1577 480 reverenter
1605 436 1662 478 et
1688 440 1783 494 pro
1823 424 2062 478 necessi-

485 529 618 583 tate,
652 529 706 574 et
753 533 1028 588 nunquam
1073 516 1278 584 absque
1320 513 1546 582 alicujus
1597 512 1849 567 utilitatis
1897 512 2066 566 ratio-

484 615 660 680 nc,'ut
712 622 908 669 cmtcra
962 612 1231 677 membra,
1281 610 1353 664 ita
1410 609 1586 679 ipsum
1628 622 1846 677 quoque
1893 606 2066 659 visum

483 710 704 767 cohibet
727 724 756 762 a
781 707 1106 777 vagacitate.
1154 702 1331 772 Finita
1362 701 1550 765 missa,
1579 714 1700 754 cum
1751 712 1964 752 summo
1990 697 2065 751 si-

484 799 653 856 lentio
683 799 832 855 sedet
860 799 924 851 ad
951 794 1238 851 lectionem
1268 807 1552 864 quousque
1577 789 1730 861 pueri
1754 789 1982 845 redeant
2002 788 2068 842 de

472 893 666 961 ,misto.

1038 975 1267 1033 CAPUT
1311 974 1498 1029 XXIII.

735 1075 852 1140 Qun
889 1071 1167 1141 disciplina
1209 1079 1414 1122 maneat
1446 1067 1499 1121 in
1525 1063 1818 1135 refcctcrio.

552 1166 635 1222 Ad
666 1166 859 1221 horam
905 1161 1115 1232 prandii
1163 1159 1246 1213 vel
1293 1173 1486 1223 comae,
1535 1157 1580 1211 si
1612 1155 1665 1210 in
1696 1155 2067 1210 dormitorium

489 1276 596 1315 non
628 1257 899 1321 ascendit,
944 1254 1140 1310 lavatis
1185 1252 1439 1307 mauilms
1464 1251 1646 1305 statim
1695 1248 1861 1303 intrat
1890 1248 1944 1302 in
1990 1263 2071 1302 re-

484 1350 793 1406 fcctorium.
854 1346 934 1401 Ad
989 1345 1170 1401 sedem
1234 1357 1389 1398 suam
1452 1338 1596 1396 laeto
1647 1349 1771 1395 ante
1816 1347 1869 1393 ct
1924 1348 2069 1394 retro

485 1439 1042 1509 stando.revercnter
1094 1441 1377 1503 exspectat
1437 1429 1716 1486 dominum
1771 1429 2066 1494 abbatem,

483 1531 590 1585 nisi
614 1530 749 1585 adeo
772 1528 841 1583 sit
874 1526 1124 1581 inﬁrmus
1160 1533 1220 1578 ut
1273 1534 1417 1580 stare
1444 1536 1549 1576 non
1605 1521 1793 1593 possit,
1832 1531 1959 1576 tunc
1987 1534 2070 1574 se-

485 1604 575 1677 det
605 1638 620 1687 ;
652 1620 784 1674 nihil
828 1615 1052 1672 omnino
1095 1614 1352 1677 comedit,
1383 1621 1675 1681 antequam
1705 1610 1863 1664 lectio
1889 1612 1958 1666 sit
1985 1610 2068 1665 in-

2169 444 2287 481 ntus
2341 428 2452 491 tibi,
2485 437 2612 491 etc.,
2654 429 2698 483 si
2721 443 2896 495 coena,
2959 428 3270 485 Memoriam
3313 429 3455 498 fecit,
3505 440 3640 497 etc.,
3675 442 3772 495 et,-

2168 517 2482 574 Benedictus
2522 520 2683 587 Deus,
2729 530 2880 586 ctc.;
2915 519 3062 577 facto
3105 531 3233 576 ante
3271 530 3325 577 et
3361 531 3507 578 retro
3552 522 3761 579 incedit

2169 610 2496 681 pedetentim
2552 612 2819 667 cantando
2869 612 3136 682 psalmum
3168 654 3183 679 ,
3238 611 3529 677 Miserere,
3582 628 3761 683 usque

2169 703 2236 756 ad
2285 702 2485 757 ostium
2542 703 2859 770 refectorii;
2898 704 3081 775 ibique
3133 718 3193 758 se
3247 704 3512 760 inclinans
3564 713 3759 760 contra

2171 810 2414 849 mensam
2464 795 2845 866 principalem,
2885 782 3029 851 dicit.
3065 796 3250 850 omnia
3279 811 3399 866 qua:
3437 796 3489 850 in
3523 795 3761 851 ecclesia

2171 887 2424 942 dicuntur
2482 903 2510 941 a
2562 880 2867 953 sacerdote,
2901 886 3041 942 vela
3078 897 3369 952 conventu,
3424 887 3477 942 id
3507 897 3611 952 est,
3657 886 3761 959 Dio

2170 979 2380 1047 sparsit,
2413 977 2554 1031 dedit
2599 979 2934 1049 pauperibus,
2970 987 3100 1046 etc.,
3134 979 3432 1035 novissime
3459 976 3600 1033 facto
3625 987 3763 1032 ante

2174 1075 2228 1119 et
2260 1075 2408 1121 retro
2443 1067 2576 1122 exit.
2603 1068 2757 1134 Quod
2782 1072 2826 1124 si
2873 1084 2978 1123 non
3010 1069 3245 1139 amplius
3289 1083 3451 1136 quam
3492 1066 3656 1122 semel
3688 1081 3761 1122 eo

2175 1159 2264 1213 die
2293 1157 2491 1215 fratres
2520 1160 2829 1223 comedunt,
2881 1169 3012 1215 tunc
3062 1177 3170 1215 non
3217 1159 3354 1216 alios
3387 1173 3577 1213 versus
3623 1158 3763 1212 dicit

2171 1266 2333 1322 quam
2372 1251 2492 1307 illos
2542 1253 2609 1307 ad
2637 1267 2850 1307 comam
2909 1248 3261 1321 pertinentes,
3305 1257 3362 1305 et
3400 1250 3617 1320 Agimas
3659 1248 3763 1303 tibi

2170 1344 2371 1414 gratias
2414 1360 2435 1408 ;
2494 1357 2682 1399 verum
2725 1358 2999 1412 nunquam
3054 1343 3120 1396 ad
3173 1357 3339 1397 unam
3395 1341 3568 1395 vicem
3622 1338 3762 1394 facit

2160 1436 2486 1508 utrumque,
2516 1447 2575 1492 ut
2612 1446 2668 1491 et
2694 1437 2903 1491 tardius
2952 1450 3114 1506 quam
3159 1434 3252 1490 alii
3278 1433 3482 1501 veniat,
3512 1441 3568 1489 et
3592 1432 3759 1488 citius

2172 1535 2380 1598 surgat.

2739 1619 2969 1678 CAPUT
3002 1618 3193 1677 XXIV.

483 1685 681 1781 coepta,
711 1718 766 1764 et
819 1718 1110 1775 antequam
1160 1705 1227 1759 de
1274 1719 1434 1757 manu
1481 1700 1781 1781 sacerdotis
1827 1699 2064 1755 oblata‘n

2177 1711 2250 1768 De
2280 1713 2603 1768 habitatione
2643 1731 2741 1769 sua
2773 1724 2822 1768 et
2871 1725 2986 1785 post
3017 1716 3300 1784 prandium
3325 1724 3372 1773 et
3394 1726 3509 1788 post
3535 1733 3755 1773 canant.

486 1800 720 1870 accipiat
750 1814 765 1864 ;
800 1799 843 1853 si
878 1806 1055 1851 tamen
1108 1804 1189 1851 est
1220 1794 1429 1865 privata
1478 1792 1618 1858 dies,
1646 1803 1701 1845 et
1751 1790 1797 1844 si
1841 1791 1954 1860 ipsa
1981 1790 2066 1846 d'c

486 1909 593 1947 non
617 1887 1061 1945 communicavit.
1091 1887 1165 1943 De
1202 1884 1349 1940 nullo
1392 1891 1570 1954 gustat
1600 1880 1840 1952 generali
1894 1880 2070 1949 prius-

485 2002 649 2058 quam
696 1977 1440 2047 benedicatur;sibimetipsi
1493 1975 1627 2030 nihil
1681 1980 1917 2043 unquam
1970 1987 2066 2040 ap-

482 2084 667 2149 portat
715 2062 916 2144 praeter.
940 2071 1020 2127 sal
1049 2079 1106 2125 et
1151 2085 1371 2140 aquam,
1419 2067 1525 2122 nisi
1564 2067 1703 2120 forte
1745 2061 2071 2135 generaliter

486 2168 777 2225 serviendo
800 2165 981 2219 veniat
1027 2163 1093 2217 ad
1134 2161 1317 2216 sedem
1367 2173 1541 2231 suam.
1604 2155 1660 2210 Si
1708 2154 1837 2225 quid
1878 2153 1926 2206 ci
1954 2167 2072 2223 ‘per

486 2262 652 2316 alium
691 2265 1033 2329 apportatur,
1088 2260 1405 2309 reverenter
1444 2259 1633 2305 contra
1679 2246 1910 2319 porrigit
1959 2261 2074 2299 ma-

487 2367 640 2415 num,
678 2359 734 2403 et
784 2343 1175 2417 aliquantulum
1215 2342 1477 2408 inclinat;
1535 2337 1737 2408 siquid
1770 2339 1818 2393 ei
1865 2335 1950 2393 vel
2005 2335 2073 2392 ab

490 2447 606 2516 ipso
631 2446 830 2499 domno
860 2438 1080 2503 abbate,
1128 2437 1211 2491 vel
1238 2454 1266 2490 a
1303 2436 1484 2507 priore
1511 2435 1577 2488 ad
1615 2432 1822 2487 scillam
1853 2430 2075 2485 sedente

490 2535 765 2607 dirigitur,
799 2549 862 2589 ex
904 2542 1014 2586 toto
1040 2544 1272 2599 surgens
1321 2527 1499 2581 altius
1529 2523 1779 2585 inclinat,
1808 2532 1864 2575 et
1899 2537 2075 2592 quau-

486 2627 737 2683 tumlibet
765 2624 906 2680 forte
957 2623 1136 2692 cupiat
1167 2620 1458 2684 abstinere,
1494 2618 1558 2672 de
1592 2617 1693 2671 hoc
1729 2625 1905 2669 tamen
1939 2630 2078 2682 pra:-

484 2720 656 2773 libare
688 2732 795 2772 non
841 2714 1087 2770 dimittit.
1144 2710 1436 2779 scutellam
1486 2722 1701 2777 quoque
1746 2705 1981 2776 applicat
2010 2704 2077 2758 ad

488 2809 643 2862 illum
691 2804 1036 2876 potissimum
1081 2799 1333 2866 fratrem,
1381 2799 1472 2867 qui
1512 2798 1668 2867 juxta
1720 2812 1778 2852 se
1830 2795 2078 2864 superius

486 2900 640 2955 sedet
662 2906 718 2951 ut
743 2894 1032 2957 comedat;
1058 2892 1102 2948 si
1132 2892 1179 2946 is
1210 2891 1475 2954 renucrit,
1501 2888 1737 2959 applicat
1757 2886 1826 2941 ad
1857 2885 2078 2940 inferio-

493 3007 652 3057 rem;
685 2990 829 3059 quod
861 2987 906 3043 si
952 2995 1009 3041 et
1063 2985 1174 3049 ille,
1209 2981 1560 3053 quantumvis
1605 2987 1885 3034 remaneat
1930 2977 2074 3048 quod

489 3084 683 3143 noluit,
716 3081 800 3137 vel
835 3096 943 3135 non
972 3080 1145 3149 potuit
1172 3060 1477 3139 comedere,
1507 3089 1613 3128 non
1662 3074 1832 3128 mittit
1858 3086 2074 3142 quoqu

492 3174 710 3241 longius
740 3175 807 3226 ad
832 3184 1158 3240 quemquam
1187 3167 1352 3221 alium
1389 3164 1614 3219 fratrem
1646 3178 1745 3233 pro
1763 3162 1867 3218 ulla
1896 3162 2073 3233 gratia

486 3266 720 3336 privata,
746 3264 843 3318 sed
875 3277 906 3317 a
936 3274 995 3318 se
1019 3268 1229 3316 tantum
1266 3267 1484 3315 amovet
1511 3255 1814 3320 scutellam,
1840 3263 1901 3309 ut
1924 3255 2075 3310 tolla-

496 3371 583 3414 tur
610 3373 640 3412 a
674 3357 960 3412 servitore.
1009 3355 1085 3409 De
1139 3352 1320 3421 micis,
1371 3349 1782 3422 diligentissime
1824 3357 1980 3404 cavet
2007 3362 2074 3403 ne

486 3453 621 3523 quid
652 3450 735 3506 vel
764 3447 1189 3506 minutissimum
1229 3445 1393 3500 cadat
1437 3444 1503 3499 ad
1535 3454 1734 3498 terram
1765 3449 1819 3497 et
1842 3449 2025 3511 pereat
2052 3457 2067 3505 ;

488 3560 610 3600 eum
640 3541 852 3596 cultello
883 3539 1123 3595 corrodit
1145 3552 1236 3593 eas
1273 3537 1341 3591 de
1371 3533 1622 3598 mensali,
1643 3542 1701 3589 ut
1724 3532 1791 3586 ad
1823 3532 2071 3585 ultimum

488 3651 610 3689 cum
636 3632 847 3688 [labello
873 3630 1154 3702 gramineo
1205 3628 1257 3681 in
1306 3624 1588 3681 scutellam
1631 3622 1977 3692 colligantur,
2018 3628 2073 3673 et

491 3728 560 3781 ad
591 3725 991 3794 eleemosynam
1044 3720 1386 3775 deierantur.
1434 3716 1683 3784 Quandiu
1733 3724 1913 3768 autem
1964 3726 2072 3767 non

493 3830 575 3873 est
605 3834 633 3872 a
665 3825 934 3873 conventu
965 3823 1251 3883 separatus
1275 3819 1335 3865 ut
1388 3810 1460 3865 sit
1494 3824 1617 3863 cum
1672 3806 1926 3871 infirmis,
1974 3820 2074 3860 nec

491 3925 658 3964 mium
703 3922 929 3979 granum
960 3912 1140 3975 gustat
1168 3903 1397 3973 piperis,
1428 3915 1530 3955 uec
1570 3897 1679 3955 ullo
1724 3898 1884 3952 modo
1914 3897 2074 3966 quid-

494 4014 658 4070 quam
693 3997 928 4067 potionis
957 4009 1058 4066 pro
1110 3993 1298 4063 aliqua
1325 3991 1662 4053 inlirmitate,
1709 3989 1811 4043 nisi
1841 3990 1892 4043 in
1936 3988 2075 4045 refe-

491 4091 690 4155 ctorio,
724 4087 1053 4144 eucharistia
1106 4093 1357 4154 excepta.
1409 4082 1631 4136 Minime
1676 4095 1893 4150 quoque
1939 4080 2075 4134 bibit

492 4182 818 4253 aliquando,
841 4179 942 4234 nisi
971 4187 1212 4248 pateram
1266 4190 1389 4230 eum
1417 4171 1682 4227 ambabus
1714 4169 1964 4225 amnibus
1992 4181 2074 4224 te-

492 4274 693 4338 nendo,
723 4280 777 4326 et
802 4260 1077 4338 nunquam
1116 4267 1217 4321 nisi
1245 4264 1504 4320 sedendo.
1552 4261 1705 4328 Quod
1737 4261 1782 4315 si
1810 4275 1907 4331 per
1930 4261 2075 4314 vices

490 4367 786 4438 contigerit
820 4372 879 4418 ut
913 4362 1035 4418 aliis
1057 4358 1468 4416 considentibus
1503 4358 1616 4427 ipse
1645 4356 1697 4410 in
1743 4355 1934 4425 primis
1966 4368 2072 4409 non

490 4459 654 4522 adsit,
676 4465 865 4527 postea
893 4453 1121 4519 veniens
1151 4451 1217 4506 ad
1262 4451 1513 4522 gradum,
1556 4464 1679 4503 cum
1709 4447 1864 4518 signo
1885 4447 2018 4516 petit
2046 4461 2076 4499 a

492 4549 696 4604 domno
726 4547 922 4601 abbate
953 4543 1226 4599 licentiam
1255 4539 1574 4597 comedendi
1610 4557 1625 4607 ;
1656 4554 1763 4609 quo
1783 4546 2077 4603 annuente,

494 4657 616 4712 qum
636 4654 757 4695 eum
787 4641 908 4693 aliis
950 4638 1168 4693 fecisset
1197 4644 1252 4691 et
1277 4636 1525 4699 dixisset,
1559 4633 1749 4689 eadem
1784 4649 1882 4704 per
1906 4648 1964 4689 se
2001 4631 2079 4685 fa-

492 4734 573 4789 cit
606 4742 662 4787 et
686 4731 838 4794 dicit,
870 4730 921 4784 id
949 4739 1054 4795 est,
1087 4738 1214 4782 ante
1241 4735 1295 4781 et
1340 4734 1508 4790 retro,
1533 4734 1589 4780 et
1620 4738 1860 4787 versum,
1906 4725 1949 4778 si
1997 4733 2081 4778 est

494 4824 808 4898 prandium,
839 4822 992 4877 Ocuii
1024 4822 1281 4884 omnium,
1313 4828 1452 4883 etc.;
1484 4818 1530 4873 si
1544 4816 1735 4881 ‘cmna,
1755 4814 1925 4870 Edent
1948 4832 2082 4886 pau-

495 4934 665 4988 peres,
689 4924 796 4971 etc.
843 4913 1079 4977 inclinis,
1106 4910 1290 4965 Gloria
1326 4909 1498 4974 Patri,
1542 4917 1593 4964 et
1627 4908 1942 4964 Orationem
1978 4908 2081 4962 Do-

500 5010 786 5072 minicam,
836 5017 1051 5062 erectus
1080 5021 1239 5059 manu
1268 5013 1322 5058 et
1354 5020 1453 5060 ore
1498 5005 1573 5058 ita
1612 5002 1904 5068 benedicit,
1956 5000 2083 5057 Ore-

495 5117 639 5165 mus,
674 5098 919 5164 Benedic,
964 5097 1206 5157 Domine,
1236 5107 1367 5164 etc.,
1399 5094 1625 5152 inclinat
1671 5096 1870 5152 domno
1912 5096 2081 5152 abba-

499 5197 566 5257 ti,
597 5201 652 5247 et
680 5192 885 5246 recedit
912 5201 971 5244 ut
994 5190 1204 5244 sedeat.
1256 5188 1411 5255 Quod
1464 5189 1510 5243 si
1538 5204 1672 5258 opus
1701 5190 1953 5245 habuerit
1979 5188 2081 5243 all-

2242 1806 2369 1861 Post
2394 1805 2770 1872 refectionem,
2821 1807 2888 1862 ad
2937 1807 3081 1863 hanc
3119 1808 3309 1864 horam
3355 1809 3543 1879 majori
3576 1812 3761 1867 studio

2170 1913 2331 1969 quam
2362 1900 2428 1954 ad
2462 1899 2623 1955 aliam
2655 1900 2930 1957 silentium
2981 1912 3066 1958 est
3117 1903 3220 1959 sibi
3265 1903 3555 1969 indictmn,
3585 1913 3640 1958 et
3669 1918 3759 1958 se-

2170 1993 2404 2059 cundum
2433 1994 2573 2061 quod
2604 1980 2950 2064 temporivcl
2971 1995 3146 2051 ordini
3184 2004 3267 2052 est
3306 2005 3758 2059 consentaneum,

2172 2094 2262 2141 aut
2291 2086 2344 2141 in
2394 2085 2634 2141 claustro
2680 2084 2833 2141 sedet
2861 2086 3089 2158 legendo
3141 2087 3227 2143 vel
3272 2087 3564 2153 cantando,
3592 2098 3683 2142 aut
3712 2088 3759 2143 si

2171 2178 2668 2257 pergitdormitum
2716 2188 2770 2233 et
2801 2179 2983 2252 legere
3031 2181 3284 2247 voluerit.
3329 2182 3563 2253 jacendo
3608 2183 3757 2253 legit,

2173 2280 2228 2323 et
2260 2270 2335 2323 ita
2369 2268 2703 2339 compositus
2735 2283 2800 2323 ac
2824 2270 2896 2345 ‘si
2947 2271 3132 2325 statim
3163 2271 3351 2341 cupiat
3397 2270 3708 2328 obdormire
3742 2291 3756 2338 ;

2175 2378 2282 2417 non
2304 2364 2463 2421 modo
2489 2379 2553 2418 ea
2579 2363 2736 2434 signa
2762 2379 2883 2436 qua:
2912 2378 3036 2420 cum
3059 2381 3227 2420 manu
3247 2368 3382 2423 fiunt
3414 2367 3638 2430 devitat,
3663 2369 3759 2424 sed

2176 2454 2339 2508 etiam
2396 2463 2584 2509 nutum
2618 2455 2896 2511 ocuiorum
2949 2471 3291 2529 nequaquam
3338 2458 3523 2530 dirigit
3563 2461 3630 2514 ad
3678 2460 3754 2516 le-

2178 2557 2324 2601 ctum
2354 2547 2514 2602 ullius
2540 2547 2750 2613 fratris.
2801 2557 2862 2604 ut
2912 2549 3042 2606 illnc
3088 2551 3172 2606 vel
3204 2551 3271 2605 ad
3317 2560 3648 2607 momentum
3680 2552 3761 2607 in-

2170 2643 2417 2709 tueatur.
2473 2634 2603 2691 Post
2650 2652 2846 2692 nonam
2879 2637 2993 2694 sive
3044 2639 3190 2694 sitim
3221 2640 3441 2708 habeat,
3472 2641 3587 2696 sive
3629 2655 3759 2705 non,

2181 2733 2362 2780 tamen
2393 2740 2499 2779 non
2531 2725 2755 2780 dimittit
2804 2741 2930 2782 cum
2966 2727 3086 2783 aliis
3129 2728 3209 2785 ire
3236 2728 3509 2784 bibituris.
3537 2729 3762 2796 Quoties

2166 2827 2301 2893 post
2327 2832 2583 2888 vesperas
2605 2827 2876 2883 cmuatur,
2902 2834 3058 2874 coena
3098 2819 3243 2896 facta
3270 2821 3649 2875 dormitorium
3676 2837 3762 2876 as-

2178 2908 2383 2973 cendit,
2415 2908 2691 2964 cultellum
2738 2910 2981 2979 deponit,
3038 2911 3374 2966 diurnalibus
3422 2910 3624 2966 calceis
3670 2912 3762 2966 de-

2183 3001 2394 3064 tractis,
2426 3000 2772 3057 nocturnalcs
2802 3001 2996 3065 induit,
3053 3001 3197 3055 venit
3244 3003 3298 3057 in
3345 3003 3641 3058 claustrum
3677 3018 3763 3057 se-

2176 3092 2307 3147 dere
2336 3109 2351 3159 ;
2376 3092 2465 3146 ubi
2498 3093 2563 3148 ad
2590 3092 2734 3148 illam
2779 3094 2966 3148 horam
3012 3095 3250 3164 quandiu
3299 3093 3449 3149 sedet
3480 3101 3762 3164 tantopere

2176 3184 2451 3239 silentium
2491 3183 2689 3250 studet,
2722 3192 2779 3237 ut
2807 3183 2853 3239 si
2896 3183 3171 3239 scribendi
3220 3184 3418 3241 seiolus
3462 3183 3604 3241 forte
3633 3184 3762 3254 quid

2177 3278 2480 3346 scripserit,
2513 3292 2613 3332 nec
2644 3290 3027 3347 pergameneo,
3060 3292 3163 3333 nec
3220 3277 3332 3348 ipsa
3385 3292 3563 3347 penna
3606 3278 3763 3348 quid-

2176 3384 2337 3437 quam
2368 3368 2578 3423 sonitus
2608 3366 2717 3421 ullo
2748 3367 2910 3422 modo
2953 3368 3277 3421 committat.
3323 3368 3432 3422 Aut
3475 3368 3519 3422 si
3554 3367 3761 3421 tardius

2182 3474 2343 3528 quam
2374 3457 2558 3513 caeteri
2614 3456 2682 3512 de
2716 3457 3039 3512 dormitorio
3071 3457 3435 3521 descenderit,
3467 3468 3576 3511 tam
3619 3457 3763 3513 lente

2176 3547 2367 3618 pedem
2393 3547 2568 3617 ponit,
2596 3554 2656 3601 ut
2705 3546 3113 3614 ejnsinccssus,
3165 3548 3211 3602 si
3262 3548 3479 3605 videtur
3500 3547 3569 3603 ab
3617 3548 3757 3612 aliis,

2176 3641 2398 3696 minime
2424 3648 2605 3695 tamen
2634 3640 2702 3695 ab
2724 3639 2831 3693 ullo
2857 3640 3027 3709 possit
3054 3640 3247 3694 audiri.

2740 3752 2969 3810 CAPUT
3021 3752 3190 3809 XXV.

2177 3846 2296 3914 Qua
2333 3846 2614 3917 disciplina
2639 3863 2695 3902 se
2726 3856 2839 3915 post
2870 3847 3263 3919 completorium
3285 3859 3358 3903 est
3388 3848 3760 3904 collocatarus.

2248 3938 2381 3994 Post
2405 3938 2818 4008 eompletorium
2853 3954 2978 3994 cum
3010 3939 3205 3994 iterum
3242 3939 3377 3995 fiant
3414 3949 3527 3995 tres
3563 3940 3768 3995 oratio-

2168 4042 2295 4093 nes,
2327 4027 2394 4082 ad
2420 4028 2520 4083 has
2550 4026 2725 4083 locmn
2754 4037 2902 4083 tenet
2937 4038 3266 4096 extremum,
3297 4040 3352 4086 et
3380 4030 3588 4100 priores
3610 4040 3761 4088 ante-

2177 4119 2399 4174 riorem.
2444 4119 2714 4188 Aspersus
2761 4133 2794 4174 a
2851 4120 3131 4177 sacerdote
3176 4136 3317 4192 aqua
3366 4122 3673 4189 benedicta,
3713 4132 3769 4175 et

2176 4209 2399 4264 veniens
2443 4209 2511 4263 ad
2565 4209 2767 4264 ostium
2830 4209 3077 4266 ecclesia:
3134 4224 3294 4282 caput
3348 4213 3589 4282 cooperit
3641 4229 3765 4268 cum

2177 4302 2406 4372 capelle,
2438 4316 2540 4356 nec
2561 4301 2793 4372 amplius
2814 4302 3051 4359 denudat
3078 4320 3250 4374 usque
3274 4306 3401 4360 dum
3422 4306 3769 4363 collocaverit

2108 4378 2155 4441 υ
2181 4409 2241 4448 se
2272 4394 2323 4450 in
2345 4393 2504 4447 lecto.
2532 4392 2658 4449 Παῖς
2684 4409 2876 4464 pauca,
2908 4403 2965 4450 ut
2987 4396 3264 4451 memoria:
3288 4407 3669 4460 occurrerunt,
3703 4399 3771 4452 de

2181 4484 2366 4540 multis
2389 4484 2532 4539 dicta
2561 4484 2698 4552 sint,
2741 4485 2939 4555 quibus
2983 4501 3173 4543 omnes
3199 4488 3406 4551 novitii.
3440 4489 3484 4544 si
3521 4488 3636 4544 ﬁeri
3668 4505 3766 4559 po-

2184 4585 2309 4643 test,
2361 4577 2513 4648 prius
2564 4586 2691 4633 sunt
2747 4578 3047 4634 instruendi
3097 4594 3262 4650 quam
3308 4580 3534 4651 collegio
3580 4589 3771 4637 nostro

2184 4670 2365 4726 socien
2374 4679 2481 4725 tur.

2754 4738 2984 4797 CAPUT
3020 4740 3214 4801 XXVI.

2407 4831 2484 4886 De
2510 4832 2832 4902 confessione
2864 4844 2911 4887 et
2931 4836 3179 4906 petitione
3203 4834 3555 4893 Novitiarum.

2255 4924 2312 4979 In
2343 4925 2451 4979 vita
2497 4939 2711 4994 quoque
2744 4926 2991 4983 satculari
3026 4943 3362 4998 quaecunque
3401 4938 3590 4984 contra
3629 4930 3776 4985 salu-

2184 5026 2292 5072 tem
2323 5015 2518 5070 animae
2547 5030 2657 5070 suae
2688 5018 3093 5083 commiserunt,
3120 5022 3303 5076 omnia
3350 5022 3547 5077 domno
3586 5023 3771 5078 abbati

2184 5103 2251 5158 ad
2284 5102 2678 5160 confessionem
2706 5106 3075 5164 manifestam.
3106 5108 3322 5176 Postea,
3359 5126 3480 5165 cum
3512 5111 3558 5165 ci
3591 5113 3769 5167 visum

2185 5196 2372 5261 fuerit,
2397 5194 2556 5264 jubet
2583 5210 2678 5251 eos
2705 5196 2900 5251 iterum
2925 5209 3051 5254 ante
3072 5215 3128 5254 se
3159 5200 3211 5257 in
3234 5201 3528 5271 capitulum
3558 5203 3769 5257 venire.
