4040 5298
299 367 408 424 713

916 363 1493 423 CONSUETUDINES
1523 361 2064 422 CLUNIACENSES.
2099 395 2166 406 --
2199 361 2402 422 LIBER
2443 363 2830 426 SECUNDUS.

3468 373 3578 428 7η

299 491 424 536 tero
461 493 568 536 non
599 481 912 551 perdurent.
947 481 1016 536 At
1048 481 1092 536 si
1125 479 1226 550 ipsi
1269 489 1490 534 econtra
1522 494 1736 534 omnem
1763 479 1893 534 obe-
1919 483 1964 543 Α
1987 480 2222 538 ulterius
2271 497 2300 538 a
2347 459 2584 555 capitulo
2635 495 2989 559 separantur;
3033 499 3088 544 et
3129 493 3360 546 domnus
3406 494 3576 550 abbas

301 572 570 628 dieutiatu
599 579 654 627 et
691 571 1042 627 stabilitatem
1077 569 1420 642 pollicentur,
1448 571 1634 626 annuit
1669 571 1882 627 tandem

291 678 394 720 eos
427 663 806 719 benedictione
850 663 1196 718 confirmare.
1233 661 1588 718 Commendat
1633 662 1886 719 fratribus

289 760 358 808 ut
397 753 450 808 in
482 753 825 808 orationibus
876 753 991 808 suis
1027 753 1382 807 recordentur
1421 765 1642 816 eorum,
1689 761 1744 807 et
1783 752 1884 806 ali-

290 847 536 914 quando,
589 843 636 898 si
685 844 916 908 videtur,
959 859 1128 898 unum
1165 843 1432 913 psalmum
1479 851 1600 914 post
1643 843 1884 914 singulas

289 937 461 992 horas
491 937 544 992 in
579 937 669 992 illo
703 935 789 994 die
817 951 918 1007 pro
951 937 1032 992 eis
1055 937 1286 992 cantari.

841 1070 1069 1128 CAPUT
1107 1071 1318 1128 XXVII.

649 1163 726 1220 De
751 1164 1109 1220 benedictione
1133 1164 1465 1220 novitiorum.

368 1255 604 1314 Veniunt
630 1255 696 1310 ad
723 1255 885 1326 pedes
909 1255 1018 1312 bini
1045 1255 1130 1312 vel
1157 1256 1314 1310 terni.
1352 1255 1480 1310 Post
1529 1254 1882 1323 Evangeltum

289 1349 522 1420 majoris
575 1347 754 1404 missa:
803 1347 908 1402 rite
951 1347 1255 1404 benedictio
1286 1357 1372 1402 est
1401 1349 1630 1418 agenda,
1679 1355 1734 1402 et
1779 1348 1884 1402 hoc

281 1441 452 1496 modo
491 1425 815 1494 inchoanda.
868 1437 1106 1508 Singulis
1155 1447 1238 1494 est
1302 1439 1564 1510 scriptum
1611 1439 1882 1510 quomodo

281 1533 672 1604 proﬁteantur,
720 1531 864 1602 quod
899 1540 984 1588 est
1035 1529 1386 1600 huiusmodi:
1423 1531 1535 1604 Ego
1576 1531 1742 1601 frater
1761 1548 1882 1601 pro-

281 1625 440 1678 mitto
464 1623 802 1680 stabilitatem
841 1625 1108 1689 monachi,
1145 1633 1193 1677 et
1244 1627 1626 1680 conversionem
1673 1643 1878 1680 morum

281 1732 550 1778 meorum,
581 1723 631 1768 et
661 1714 1005 1768 obedientiam
1041 1715 1328 1770 secundum
1359 1715 1594 1786 regulam
1622 1713 1681 1770 S.
1707 1713 1879 1772 Bene-

277 1806 436 1870 dicti,
475 1821 652 1858 coram
694 1805 798 1860 Deo
845 1815 892 1860 et
935 1807 1130 1861 sanctis
1163 1808 1279 1878 ejus
1319 1807 1374 1862 in
1414 1808 1510 1862 hoc
1561 1809 1878 1864 monasterio

277 1901 428 1970 quod
467 1911 542 1956 est
573 1911 928 1956 cons'ructum
972 1903 1028 1956 in
1073 1904 1267 1958 honore
1300 1903 1414 1959 BB.
1456 1915 1626 1976 apost.
1659 1905 1808 1961 Petri
1825 1917 1874 1961 et

281 1981 482 2054 Pauli;
511 1987 566 2040 in
605 1988 884 2054 prementia
925 1988 1125 2042 domini
1170 1989 1242 2044 Ν.
1287 1987 1514 2048 abbatis.
1557 1989 1670 2048 Iloc
1717 1995 1877 2050 modo

279 2074 418 2149 legit
463 2079 836 2150 unusquisque
885 2080 938 2134 in
977 2081 1126 2136 brevi
1161 2097 1282 2150 sua,
1335 2092 1391 2139 ct
1432 2083 1606 2156 ipsam
1654 2085 1874 2142 brevem

281 2169 455 2226 mittit
483 2187 644 2244 super
686 2173 854 2230 altare
880 2175 1080 2247 iugiter
1103 2175 1174 2232 ibi
1205 2179 1550 2234 servandam.
1579 2179 1634 2236 Si
1667 2179 1876 2238 litteras

279 2264 481 2328 nescit,
513 2263 642 2337 legit
691 2280 792 2336 pro
841 2281 908 2322 eo
955 2267 1110 2334 alius,
1160 2270 1372 2342 signum
1429 2279 1609 2330 tamen
1657 2259 1880 2344 aliquod

283 2370 454 2410 manu
479 2355 612 2410 facit
637 2355 691 2412 in
721 2355 891 2412 brevi.
936 2355 1133 2416 Petunt
1180 2370 1263 2416 ter
1309 2363 1526 2418 veniam
1569 2378 1730 2434 super
1759 2381 1874 2420 ma-

277 2461 386 2502 nas
433 2457 490 2502 et
543 2464 750 2520 genua;
809 2458 892 2504 ter
939 2451 1102 2506 etiam
1153 2453 1300 2508 hunc
1351 2468 1566 2509 versum
1605 2455 1869 2512 dicendo:

281 2525 506 2609 Suscipe
529 2557 631 2608 me,
663 2541 902 2608 Domine,
933 2545 1220 2600 secundum
1243 2546 1532 2618 eloquium,
1557 2557 1686 2612 etc.,
1711 2558 1766 2602 et
1795 2557 1872 2602 to-

281 2631 386 2685 ties
433 2646 462 2685 a
509 2642 780 2688 conventu
836 2633 1088 2690 similiter
1138 2635 1218 2690 eis
1273 2638 1650 2708 respondetur.
1683 2637 1870 2693 Tertia

277 2723 424 2788 vice,
453 2721 638 2778 Gloria
663 2723 812 2780 Patri
843 2725 1322 2801 adiuncto,gyrnm
1353 2729 1581 2794 faciunt,
1607 2731 1679 2786 ita
1703 2732 1874 2802 popli-

279 2812 430 2869 tibus
461 2813 636 2882 tlexis,
673 2823 730 2872 et
771 2827 954 2888 postea
983 2829 1334 2890 prostermmt
1360 2836 1418 2878 se
1447 2823 1514 2878 ad
1544 2824 1868 2881 orationem.

277 2901 530 2960 Domnus
553 2905 722 2962 abbas
765 2914 920 2962 stans
964 2907 1193 2978 imponit
1221 2909 1404 2982 Kyrie,
1450 2913 1666 2969 eleison.
1707 2912 1874 2970 Pater

273 3006 474 3061 noster,
500 2995 764 3066 psalmum
794 2995 1085 3067 Miserere;
1117 3003 1410 3072 praemissis
1440 3005 1524 3062 his
1550 3005 1828 3062 versiculis
1853 3024 1866 3062 :

275 3083 465 3138 Salvos
487 3085 596 3156 fac,
629 3095 760 3156 etc.,
787 3087 940 3150 Mitte
963 3091 1058 3158 eis,
1083 3100 1212 3158 etc.,
1248 3093 1402 3148 Nihil
1437 3095 1702 3165 proﬁciat,
1737 3105 1868 3164 etc.,

1993 576 2289 628 secundum
2321 577 2573 646 gratiam,
2603 592 2720 646 qua:
2761 578 2988 650 singulis
3013 589 3100 635 est
3129 581 3276 646 data,
3302 583 3456 648 iubet
3477 599 3578 642 eos

1991 661 2058 715 de
2083 673 2280 720 caetero
2305 665 2356 719 in
2389 665 2617 721 ecclesia
2653 668 2879 734 servire,
2919 669 3148 734 scilicet,
3179 679 3240 726 ut
3279 671 3480 742 legant,
3515 685 3579 731 et

1991 763 2232 818 cantent,
2260 755 2350 824 qui
2391 755 2494 812 hoc
2527 757 2737 825 sciunt;
2789 766 2847 814 et
2891 759 2984 830 qui
3021 759 3166 815 aliud
3208 775 3316 816 non
3367 763 3570 830 valent,

1987 845 2316 902 candelabra
2345 858 2402 902 et
2427 849 2698 906 thuribula
2735 859 2976 921 portent.
3011 853 3086 908 De
3113 854 3198 910 bis
3229 863 3436 922 tamen,
3469 860 3570 929 qui

1989 938 2308 993 sacerdotes
2331 948 2458 994 sunt
2481 940 2564 996 vel
2609 941 2802 1006 levitte,
2827 943 3119 1014 diligenter
3137 947 3412 1006 examinat
3437 965 3574 1020 quo-

1989 1029 2152 1084 modo
2181 1030 2290 1088 sint
2313 1031 2572 1099 ordinati,
2595 1033 2780 1104 qualis
2807 1035 2880 1090 sit
2905 1051 3094 1092 eorum
3117 1039 3364 1106 scientia,
3391 1043 3574 1112 qualis

1987 1121 2342 1188 conscientia,
2389 1133 2444 1178 et
2494 1139 2593 1194 per
2638 1125 2854 1195 aliquod
2893 1135 3104 1198 tempus
3137 1131 3332 1200 probat
3377 1148 3570 1189 eorum

1989 1215 2478 1282 conversationem,
2503 1225 2792 1288 antequam
2813 1218 2892 1274 eis
2916 1220 3075 1290 huius
3099 1223 3386 1280 ministerii
3405 1225 3574 1282 licen-

1989 1305 2118 1359 tiam
2169 1307 2470 1376 permittat.
2521 1307 2795 1377 Prazeipue
2823 1311 2914 1380 qui
2961 1314 3218 1370 sacerdos
3255 1325 3376 1372 erat
3407 1327 3570 1376 ante-

1987 1411 2150 1468 quam
2177 1399 2406 1466 veniret,
2431 1401 2658 1457 omnino
2687 1403 2756 1458 ab
2795 1401 2974 1458 oﬂicio
3015 1406 3354 1476 prohibetur,
3395 1427 3570 1481 usque

1989 1492 2116 1548 dum
2162 1494 2356 1564 saepius
2403 1495 2739 1565 prospiciens
2787 1497 3034 1553 addiscat
3069 1517 3232 1570 quam
3285 1504 3568 1576 multiplici

1989 1585 2164 1640 studio
2190 1585 2293 1640 tale
2315 1595 2716 1640 sacramentum
2743 1595 3005 1642 tractetur
3025 1606 3055 1643 a
3079 1591 3254 1646 nobis.
3269 1591 3376 1648 Sed
3399 1603 3454 1648 ut
3475 1594 3567 1652 hic

1989 1674 2350 1738 meminerim,
2405 1683 2516 1730 tam
2575 1675 2666 1746 qui
2713 1677 3078 1744 examinator,
3125 1696 3286 1750 quam
3313 1682 3408 1750 qui
3445 1683 3564 1752 iam

1985 1765 2282 1821 examinati
2325 1754 2508 1838 aliquo
2533 1767 2696 1824 modo
2729 1769 2936 1826 servire
2973 1769 3252 1838 iubentur,
3281 1775 3566 1844 unusquis-

1912 1859 1952 1916 Β
1979 1871 2087 1926 que
2116 1857 2330 1918 illorum
2361 1859 2416 1913 in
2442 1859 2682 1928 capitulo
2721 1859 2942 1916 brevem
2995 1863 3285 1930 diligenter
3309 1865 3561 1929 attendit,

1977 1953 2038 1999 ut
2057 1941 2456 2004 animadvertat
2479 1949 2523 2003 si
2553 1957 2640 2004 est
2671 1949 2740 2004 ad
2773 1949 2938 2006 ullum
2957 1953 3194 2024 scriptus
3219 1953 3562 2028 obsequium,

1975 2039 2120 2107 quod
2143 2038 2226 2094 vel
2247 2039 2300 2094 in
2325 2041 2558 2098 ecclesia
2585 2042 2670 2098 vel
2694 2052 2846 2100 extra
2875 2045 2948 2100 sit
2973 2047 3262 2118 agendum.

2529 2173 2764 2232 CAPUT
2811 2177 2983 2233 XXIX

1977 2284 2063 2365 De_
2087 2289 2494 2365 hebdomadario
2518 2301 2752 2365 cantare,
2781 2302 2828 2347 ct
2857 2294 2920 2346 de
2945 2311 3005 2348 co
3033 2297 3122 2365 qui
3153 2307 3363 2352 notatus
3389 2310 3463 2353 est
3495 2301 3564 2353 ad

2045 2359 2401 2438 invitatoriam
2445 2363 2847 2438 imponendum,
2889 2367 2966 2418 vel
3001 2359 3072 2418 ad
3115 2365 3351 2438 aliquam
3389 2369 3565 2425 lectio-

2048 2443 2184 2492 nem,
2211 2430 2289 2484 vel
2313 2431 2527 2502 aliquod
2551 2435 2959 2502 responsoriunt.

2047 2516 2106 2571 Si
2133 2528 2219 2573 est
2259 2527 2482 2576 notatus
2537 2521 2608 2576 ad
2657 2523 3062 2590 invitatoriam,
3107 2527 3327 2596 quando
3381 2529 3562 2599 ipsum

1975 2609 2196 2664 inchoat
2221 2618 2376 2666 stans
2395 2611 2462 2664 ad
2485 2613 2711 2682 gradum
2732 2627 2856 2669 cum
2879 2629 2982 2670 suo
2999 2617 3203 2686 collega
3229 2618 3316 2672 vel
3337 2623 3556 2689 quando

1973 2697 2116 2764 ﬁnit,
2157 2707 2390 2770 utraque
2415 2701 2534 2757 vice
2555 2701 2688 2756 facit
2731 2713 2858 2758 ante
2881 2712 2936 2758 et
2965 2714 3132 2760 retro.
3163 2705 3223 2761 Si
3253 2722 3323 2763 ex
3353 2707 3562 2764 duobus

1971 2793 2276 2848 cantaturis
2299 2791 2692 2862 invitatoriam,
2713 2805 2799 2851 est
2815 2797 2968 2866 prior
2987 2807 3226 2866 notatus,
3247 2809 3378 2856 tunc
3391 2803 3562 2860 etiam
3589 2823 3594 2830 ·

1974 2884 2432 2942 hebdomadarius
2481 2888 2604 2954 erit,
2648 2903 2751 2960 per
2793 2881 2960 2946 totam
2997 2893 3391 2950 hebdomadam
3433 2895 3556 2952 olli-

1971 2975 2117 3032 cium
2145 2979 2326 3035 missa:
2360 2981 2584 3051 maioris
2615 2981 2868 3052 imponit,
2915 2985 2984 3038 ad
3029 3001 3190 3055 quam
3219 3003 3343 3041 cum
3387 2989 3443 3044 in
3471 2990 3562 3044 die

1971 3063 2275 3136 Dominica,
2301 3069 2388 3126 vel
2419 3072 2472 3125 in
2497 3071 2740 3142 qualibet
2761 3074 2810 3128 ei
2837 3073 3028 3140 simili,
3065 3078 3252 3132 omnia
3273 3077 3426 3150 signa
3445 3079 3564 3136 sint

273 3173 408 3230 Esto
451 3177 547 3244 eis,
573 3187 688 3235 etc.
721 3177 1031 3254 Sequuntur
1073 3185 1154 3240 hat
1177 3157 1572 3246 benedictionis
1599 3157 1866 3248 collectae;
1893 3205 1942 3269 ο
2295 3161 2372 3269 ξω
2595 3163 2834 3269 pertinet
2875 3173 2936 3218 ut
2969 3165 3086 3235 ipse
3125 3166 3332 3269 prifms
3373 3169 3562 3269 sci?”

275 3262 420 3326 Deus
475 3269 920 3341 indulgentiarunt
950 3316 966 3342 ,
998 3285 1130 3344 etc.,
1177 3275 1336 3342 Deus,
1383 3279 1472 3350 qui
1513 3297 1608 3348 per
1652 3293 1866 3338 cowter-

275 3368 424 3417 nam,
457 3365 566 3412 etc.
593 3355 816 3414 Domine
839 3357 967 3415 Iesu
993 3359 1218 3430 Christe,
1247 3365 1338 3436 qui
1360 3382 1414 3420 es
1453 3367 1560 3432 ria,
1584 3375 1714 3436 etc.,
1741 3367 1870 3425 San-
1895 3431 1898 3434 ,

273 3453 352 3500 cte
381 3445 638 3518 Spiritus,
661 3451 751 3519 qui
775 3461 820 3506 te
847 3451 1034 3516 Deum.
1051 3464 1178 3521 etc.,
1198 3455 1449 3514 Cltcullas
1464 3457 1537 3517 ita
1559 3459 1830 3518 benedicit
1852 3481 1864 3516 :

273 3535 498 3592 Domine
560 3539 688 3595 Jesu
731 3531 960 3611 Christe,
1004 3549 1130 3616 qni,
1189 3557 1320 3615 etc.,
1380 3565 1516 3620 aqua
1585 3553 1866 3610 benedicta

273 3631 614 3702 conspersit.
669 3631 774 3688 Sed
807 3636 992 3691 novitii
1025 3653 1122 3693 sua
1163 3641 1534 3699 benedictione
1558 3643 1706 3699 finita
1737 3662 1868 3701 con-

274 3730 508 3790 surgunt
558 3721 628 3778 ab
678 3725 958 3794 oratione,
1009 3739 1216 3786 exuunt
1257 3730 1488 3798 froccos,
1537 3743 1592 3790 et
1641 3735 1867 3792 induunt

273 3809 542 3864 cucullus.
597 3811 746 3868 Inter
797 3819 1102 3874 exuendum
1164 3838 1352 3878 rursus
1402 3824 1644 3880 dicturus
1680 3829 1864 3881 estad

273 3899 517 3978 singulos
553 3901 784 3960 domnus
841 3906 1046 3964 abbas:
1091 3908 1262 3966 Eximi
1322 3923 1371 3966 Ie
1437 3913 1712 3982 Dominus,
1754 3926 1860 3974 etc.

269 3988 417 4045 Inter
473 3991 844 4050 induendum:
883 3996 1077 4052 Induat
1127 4011 1198 4062 te.
1242 4013 1346 4057 etc.
1391 4000 1740 4060 Circumeunt
1769 4022 1865 4076 per

281 4089 454 4136 totum
506 4084 759 4150 chorum,
812 4097 870 4140 ut
923 4103 1110 4145 onmes
1147 4090 1366 4158 fratres,
1411 4095 1478 4148 ab
1512 4095 1625 4165 ipso
1666 4097 1864 4153 donmo

271 4169 474 4229 abbate
499 4173 838 4246 incipientes,
862 4180 1198 4236 osculenlur.

817 4333 1046 4391 CAPUT
1093 4337 1327 4392 XXVIII.

271 4421 352 4478 De
395 4423 722 4478 habitatione
781 4425 1004 4501 illorum,
1053 4429 1110 4501 in
1167 4429 1260 4482 illo
1314 4431 1492 4484 triduo
1543 4443 1654 4501 post
1713 4434 1864 4490 benc-

949 4497 1254 4554 dictionem.

343 4604 404 4660 In
436 4606 520 4662 his
561 4607 734 4662 tribus
767 4607 955 4664 diebus
995 4623 1100 4664 non
1147 4611 1422 4666 denudant
1462 4623 1622 4682 caput
1655 4615 1860 4683 capello

269 4711 632 4768 coopertum,
687 4700 738 4755 in
787 4702 1016 4758 cucullis
1062 4703 1376 4770 dormiunt,
1441 4707 1575 4762 nihil
1637 4710 1860 4765 oniniao

269 4789 601 4859 loquuntur,
632 4790 870 4847 ollerunt
913 4793 981 4847 ad
1029 4807 1244 4863 pacem,
1296 4793 1363 4850 ad
1415 4799 1856 4854 communionem

266 4881 516 4944 veniunt,
547 4880 688 4950 quod
721 4896 826 4935 non
853 4882 1146 4952 aliquando
1175 4883 1470 4948 dimittunt,
1514 4889 1678 4944 etiam
1710 4889 1860 4946 sicis

267 4971 478 5042 aliquid
507 4973 734 5043 conitigit
763 4973 1098 5030 tlormicndo.
1131 4975 1317 5030 Tertio
1353 4979 1569 5034 tandem
1599 4981 1706 5045 die,
1735 4997 1856 5036 cum

263 5060 534 5115 sacerdos
575 5060 740 5116 fuerit
763 5075 856 5118 eos
889 5065 1188 5127 osculatus,
1240 5063 1306 5118 de
1352 5067 1622 5134 capitibus
1666 5083 1856 5126 eorum

263 5151 542 5206 abstrahit
571 5153 862 5222 capellam,
907 5163 962 5208 et
1009 5157 1074 5213 de
1127 5161 1334 5210 caetero
1383 5155 1509 5214 licet
1557 5163 1658 5226 eis,
1715 5161 1860 5214 sicut

261 5241 392 5294 aliis
421 5239 705 5298 fratribus.
739 5242 880 5298 louui
921 5254 972 5298 et
1003 5258 1212 5298 exuere
1241 5244 1500 5298 cucullus.
1533 5252 1588 5298 Si
1621 5251 1746 5298 aliis
1777 5253 1856 5298 in.

1973 3248 2194 3321 incipiat
2221 3250 2462 3322 pulsare,
2497 3263 2554 3308 et
2590 3263 2776 3324 postea
2809 3269 2982 3327 cappa
3015 3271 3076 3312 se
3097 3259 3319 3324 vestire,
3343 3267 3408 3314 ut
3425 3260 3562 3316 cbo-

1971 3355 2066 3398 rus
2104 3351 2350 3398 teneatur
2373 3345 2440 3400 ab
2477 3345 2566 3400 illo
2589 3361 2603 3412 ;
2629 3347 2720 3416 qui
2751 3343 2810 3402 et
2835 3346 3125 3405 incensum
3167 3351 3272 3406 sibi
3309 3351 3554 3418 allatum.

1971 3447 2078 3504 quo
2099 3449 2300 3504 corpus
2321 3435 2530 3490 Domini
2563 3445 2690 3493 ante
2731 3441 3195 3496 consecrationem
3231 3453 3321 3498 est
3363 3443 3558 3498 incen-

1969 3526 2220 3592 sandum,
2253 3526 2305 3580 in
2336 3527 2669 3582 thuribulum
2709 3531 2882 3600 ponit.
2911 3529 3142 3598 Quando
3187 3545 3316 3588 sunt
3355 3535 3557 3592 fratres

1969 3615 2036 3669 ad
2066 3629 2258 3686 pacem
2285 3625 2340 3670 et
2368 3617 2988 3684 communionemylicet
3013 3621 3066 3676 ei
3093 3622 3306 3679 sedere.
3329 3623 3556 3692 Quoties

1969 3705 2022 3758 in
2055 3705 2354 3776 septimana
2399 3705 2603 3761 fuerint
2633 3708 2918 3764 duodecim
2967 3710 3247 3776 lectiones,
3276 3713 3344 3766 ad
3363 3727 3555 3768 omnes

1969 3801 2135 3856 horas
2171 3801 2402 3872 imponit
2429 3803 2808 3873 antiphonam,
2839 3813 3040 3876 prteter
3069 3808 3135 3861 ad
3181 3823 3457 3878 vesper-as,
3481 3811 3554 3862 ad

1965 3912 2104 3966 quas
2143 3913 2250 3952 non
2273 3898 2502 3968 imponit
2533 3901 2636 3954 nisi
2673 3899 2730 3955 in
2771 3900 2860 3956 tali
2895 3899 3194 3958 festivitate
3237 3904 3304 3957 de
3340 3903 3402 3958 S.
3431 3904 3556 3968 Tri-

1968 3991 2138 4045 nitate
2166 4031 2180 4053 ,
2227 3991 2309 4045 vel
2356 3992 2519 4046 etiam
2583 3993 2909 4049 solemniore
2955 4011 3114 4064 quam
3175 4006 3279 4050 cst.
3327 3997 3553 4062 Quando

1967 4095 2153 4136 omnes
2175 4083 2239 4137 ad
2267 4084 2530 4152 majorem
2563 4086 2783 4138 missam
2809 4101 2999 4140 sumus
3040 4088 3210 4139 induti
3259 4086 3413 4144 albis.
3439 4103 3550 4140 non

1965 4175 2032 4226 ad
2059 4187 2204 4236 eum,
2235 4174 2332 4228 sed
2360 4173 2425 4228 ad
2457 4175 2752 4227 armarium
2784 4177 3014 4246 pertinet
3057 4175 3294 4230 officium
3327 4177 3550 4244 majoris

1963 4263 2168 4318 missm.
2199 4265 2350 4331 Quod
2381 4263 2424 4316 si
2469 4279 2574 4318 non
2615 4265 3089 4329 hebdomadarius,
3135 4275 3313 4318 tamen
3357 4269 3422 4324 ad
3449 4266 3550 4321 ali-

1965 4369 2127 4422 quam
2182 4353 2534 4423 antipbonam
2579 4361 2970 4408 nocturnorum
3021 4363 3240 4408 netatus
3287 4365 3393 4418 est,
3423 4371 3546 4408 cum

1966 4445 2288 4514 imposuerit
2329 4459 2471 4508 eam,
2513 4444 2666 4498 linito
2713 4446 2892 4515 primo
2939 4461 3098 4500 versu
3149 4445 3365 4515 psalmi,
3413 4445 3546 4499 facit

1890 4549 1940 4608 υ
1966 4547 2089 4591 ante
2129 4544 2184 4591 et
2224 4545 2403 4600 relm;
2437 4538 2502 4590 ad
2533 4537 2822 4606 legendum
2869 4537 3098 4592 nmltum
3141 4536 3356 4592 inclinis
3379 4547 3432 4589 et
3459 4553 3548 4590 ac-

1963 4627 2104 4682 cedit
2127 4635 2182 4680 et
2205 4627 2437 4690 recedit,
2462 4627 2566 4682 nisi
2598 4643 2658 4681 ea
2683 4629 2822 4692 vice,
2849 4643 2955 4698 qua
2983 4635 3281 4684 conventus
3311 4627 3546 4680 nondum
3605 4705 3610 4711 _

1961 4717 2224 4781 consedit,
2257 4733 2360 4772 non
2385 4729 2470 4773 est
2499 4717 2636 4773 adeo
2659 4719 2907 4784 inclinis;
2934 4731 2988 4775 ct
3009 4727 3295 4789 postquam
3327 4717 3539 4788 legerit,

1962 4823 2152 4864 rursus
2181 4809 2246 4862 ad
2277 4810 2504 4878 gradum
2535 4823 2639 4864 non
2664 4811 2838 4864 solum
2867 4821 2999 4868 ante
3021 4819 3074 4864 et
3095 4819 3244 4863 retro
3269 4808 3420 4872 facit,
3445 4812 3540 4864 sed

1961 4899 2126 4954 etiam
2161 4897 2306 4950 illam
2329 4899 2547 4952 veniam
2569 4913 2732 4967 super
2753 4913 2946 4958 manus
2969 4909 3026 4957 et
3047 4913 3219 4968 genua
3241 4899 3544 4966 pmmittit.

1961 4989 2000 5042 Α
2021 5003 2130 5058 quo
2159 4987 2322 5040 etiam
2361 4989 2658 5044 notandum
2693 4989 2800 5044 hoc
2827 4995 3000 5049 moris
3043 5001 3167 5044 esse
3193 4990 3388 5054 nostri,
3415 4999 3472 5043 ut
3503 4991 3550 5046 si

1961 5094 2123 5151 quam
2151 5077 2516 5147 prophetiam,
2547 5081 2785 5134 maxime
2813 5085 2910 5139 ubi
2941 5080 3080 5140 nihil
3125 5078 3354 5134 habetur
3380 5081 3552 5136 histo-

1960 5171 2157 5226 ricum,
2185 5166 2374 5232 legerit
2423 5168 2476 5222 in
2531 5169 2830 5224 Dominicis
2873 5173 3152 5232 noctibus,
3179 5167 3246 5220 ad
3277 5167 3440 5226 linem
3480 5170 3558 5225 le-

1958 5256 2156 5298 nlinnis
2189 5269 2292 5298 nnn
2333 5255 2474 5298 {Iit'nl
2535 5257 2662 5298 "mt-
2705 5258 2834 5298 [lit-il
2895 5262 3149 5298 Πηηὶῖηΐίς
3203 5257 3296 5298 cmi
3349 5257 3428 5298 Ἰέι
3459 5275 3558 5298 ηυ-
