4040 5298
410 373 430 386 Ἴ
461 383 569 439 715

1465 379 1782 439 lfDMJllCl
1829 379 2326 438 CLUNIACENSIS
2369 373 2674 439 MONAlel

3636 381 3742 440 ’ἵιεί

463 499 557 564 tit;
597 505 652 553 et
695 496 739 552 si
786 509 908 551 cum
965 494 1134 550 altero
1177 505 1260 550 est
1299 504 1642 564 conlaturus,
1693 499 1937 553 cantabit
1979 499 2036 552 ad

2153 490 2322 532 cornu
2351 478 2560 542 altaris,
2599 476 2821 532 melmat
2845 474 2910 532 ad
2933 462 3255 544 ὃῖαῖῖοιιῒιὴ,
3280 491 3514 534 maxime
3546 475 3736 539 Domi-

458 591 704 661 gradum.

1028 682 1254 738 CAPUT
1303 682 1468 737 XXX.

839 775 914 830 De
939 776 1205 831 sacerdote
1227 777 1661 832 Itebtlonmtlnrio.

533 867 684 935 Quod
713 867 758 922 si
787 867 1023 936 scriptus
1050 875 1134 922 est
1163 875 1222 922 ιιι
1265 867 1570 924 sacerdotio
1595 869 1866 939 fungatur.
1901 879 1956 923 ct
1993 869 2046 924 in

457 957 712 1028 prmsenti
746 957 1046 1026 septimana
1078 954 1339 1026 majorem
1383 956 1601 1012 missam
1627 958 1948 1023 cantavcrit,
1992 957 2047 1012 in

461 1048 710 1118 sequenti
746 1047 990 1104 cantabit
1040 1048 1433 1103 matutinalem.
1467 1049 1542 1104 De
1583 1049 1668 1104 his
1697 1060 1902 1115 autem,
1927 1064 2048 1120 qua:

457 1139 704 1196 dicturus
746 1135 850 1206 est,
895 1158 1000 1197 non
1047 1157 1215 1212 pauca
1267 1142 1412 1198 St'it‘c
1459 1142 1618 1198 debet
1657 1143 1819 1199 corde
1850 1153 2044 1210 lenus;

423 1231 689 1300 \primum
719 1243 828 1288 tres
849 1233 1102 1290 collectas
1125 1234 1190 1288 ad
1217 1235 1424 1289 cantica
1449 1235 1754 1304 quindecim
1780 1251 1874 1308 gra
1899 1237 2042 1292 tuum

459 1331 592 1378 ante
623 1333 942 1388 nocturnos,
973 1323 1055 1378 vel
1081 1325 1123 1380 si
1155 1323 1452 1395 psalmodia
1490 1325 1832 1394 protenditur
1873 1342 2046 1398 usque

456 1415 524 1469 ad
555 1416 714 1472 finem
746 1416 1298 1482 Psalterii,collectas
1326 1417 1390 1471 ad
1427 1417 1682 1491 sullragia
1707 1429 2044 1486 sanctormn,

454 1508 710 1564 collectas
757 1511 824 1565 ad
865 1509 1038 1566 ollicia
1091 1510 1488 1576 defunctorum,
1539 1515 1604 1572 ad
1659 1515 1892 1586 psalmos
1948 1531 2045 1586 pro

451 1597 834 1668 familiaribus,
873 1601 940 1656 ad
981 1601 1338 1670 psalmodiam
1398 1605 1558 1670 Dens,
1609 1608 1845 1661 nuribus.
1904 1607 2042 1663 L‘sus

452 1705 670 1762 quoque
699 1703 916 1749 nostros
955 1695 1310 1751 multifariam
1342 1697 1487 1753 scire
1514 1699 1690 1762 debet,
1725 1699 1962 1754 maxime
1990 1699 2040 1752 in

454 1782 700 1839 collectis
729 1783 978 1842 dicendis
999 1795 1052 1840 et
1075 1787 1412 1853 ordinandis,
1442 1799 1500 1843 ut
1529 1789 1581 1843 in
1618 1779 1884 1844 conventu
1911 1790 2046 1844 nihil

2153 569 2352 634 nicam,
2406 570 2487 626 vel
2537 571 2582 626 si
2637 571 2807 642 magis
2850 571 3098 638 voluerit,
3133 573 3352 628 Domine
3380 587 3582 640 sancto,
3627 586 3730 633 etc.

2151 661 2441 718 osculatur
2480 665 2653 722 altare
2701 675 2754 722 et
2807 675 3009 722 textum
3065 667 3366 738 Evangelii,
3413 671 3503 724 dat
3553 672 3738 727 locum

2151 754 2382 810 diacono
2410 765 2468 810 ut
2495 767 2640 812 stare
2667 758 2837 828 possit
2863 773 3030 829 prope
3051 760 3300 816 dextrum
3325 776 3490 816 cornu
3513 761 3734 826 altaris;

2150 844 2266 915 ipse
2294 862 2510 918 quoque
2547 858 2658 904 stat
2684 865 2850 920 prope
2883 851 3186 917 sinistrum,
3216 863 3270 908 et
3300 855 3514 914 inclinis
3535 867 3734 914 contra

2149 937 2437 1002 diaconum
2495 941 2745 998 similiter
2800 943 3080 1011 inclinem,
3127 945 3260 1001 dicit
3305 947 3730 1014 confessionem;

2149 1024 2302 1096 cujus
2328 1029 2488 1084 etiam
2530 1029 2700 1088 forma
2754 1034 2828 1088 ita
2883 1044 2967 1091 est
3020 1038 3364 1109 przescripta,
3417 1049 3476 1094 ιιι
3523 1054 3628 1098 nec
3667 1040 3737 1095 ad

2150 1119 2395 1186 missam,
2427 1129 2526 1178 nec
2556 1123 2622 1177 ad
2675 1123 2837 1181 horas
2886 1127 3082 1196 quibus
3126 1138 3207 1184 est
3240 1130 3500 1204 dicenda,
3549 1134 3738 1190 verbis

2148 1212 2502 1280 amplioribus
2548 1215 2762 1276 dicatur
2812 1233 2973 1293 quam
3039 1221 3399 1296 hujusmodi:
3465 1225 3738 1296 Conﬁteor

2149 1302 2258 1360 Deo
2291 1319 2340 1362 et
2379 1311 2621 1366 omnibus
2650 1315 2844 1368 sanctis
2891 1314 3004 1384 ejus
3029 1357 3044 1381 ,
3095 1327 3143 1370 et
3179 1317 3338 1384 vobis,
3388 1315 3572 1386 Pater,
3605 1324 3732 1392 quin

2147 1399 2352 1465 precari
2393 1401 2448 1457 in
2493 1403 2829 1474 cogitatione,
2863 1405 3145 1474 locutione,
3179 1420 3425 1480 clepere,
3469 1429 3583 1467 mea
3619 1413 3732 1468 cnl-

2145 1508 2211 1560 pn
2234 1508 2254 1554 ;
2277 1509 2460 1561 precor
2487 1507 2770 1562 ros,.ornte
2791 1513 2884 1566 pro
2916 1512 3012 1553 me.
3036 1497 3201 1570 Resp.
3231 1499 3549 1556 Misereatnr
3575 1507 3732 1558 uestri

2147 1585 2469 1653 omnipotens
2525 1587 2698 1653 Dens,
2751 1599 2798 1644 et
2841 1591 3068 1645 dimittat
3115 1593 3258 1646 robis
3296 1595 3472 1648 omnia
3519 1607 3730 1664 peccata

2146 1689 2309 1731 restru
2329 1695 2347 1742 ;
2370 1679 2544 1734 liberet
2575 1697 2665 1736 ros
2691 1682 2756 1736 ab
2792 1683 2934 1737 omni
2979 1683 3116 1739 nialo
3134 1701 3151 1750 ;
3175 1697 3434 1740 conservet
3461 1696 3508 1741 et
3537 1689 3730 1755 confir—

2146 1779 2246 1824 mct
2275 1788 2382 1838 ros,
2408 1771 2459 1826 in
2483 1773 2628 1829 enini
2651 1791 2803 1846 opere
2825 1777 2980 1842 bono,
3008 1789 3053 1830 et
3076 1779 3323 1846 perducat
3353 1797 3441 1835 ros
3471 1781 3540 1834 ad
3569 1783 3728 1836 ritum

455 1888 699 1943 unquam
739 1877 883 1932 dicat
907 1879 1050 1947 quod
1087 1877 1155 1932 ah
1185 1877 1291 1934 illis
1319 1879 1426 1932 ullo
1452 1880 1611 1935 modo
1636 1880 1922 1944 dissideat;
1948 1882 2036 1936 sed

2145 1873 2419 1929 (etei-nam,
2452 1865 2638 1922 Amen.
2666 1869 2746 1922 Ad
2795 1869 3074 1940 epistolam
3121 1872 3271 1927 sedet
3301 1887 3472 1942 usque
3499 1876 3628 1929 dum
3659 1875 3729 1930 ad

453 1969 852 2039 quantumlibet
894 1969 1094 2026 sciolus
1123 1971 1224 2027 sibi
1272 1971 1339 2027 de
1369 1971 1622 2028 omnibus
1662 1973 1931 2036 videatur,
1963 1983 2042 2027 ta-

453 2075 578 2116 men
609 2077 716 2117 non
756 2063 918 2118 debet
947 2063 1228 2136 dedignari
1278 2063 1594 2135 frequenter
1620 2067 1772 2124 etde
1811 2067 2042 2138 singulis

454 2160 732 2208 cautorem
760 2162 813 2208 et
842 2154 1138 2208 armarium
1189 2154 1545 2227 interrogare.
1600 2155 1824 2224 Quoties
1858 2169 2038 2214 autem

457 2241 593 2296 fiunt
637 2243 922 2298 duodecim
971 2244 1251 2312 lectiones,
1292 2256 1415 2316 post
1469 2255 1762 2303 nocturnos
1807 2247 2040 2304 lecturus

453 2330 806 2403 Evangelium
834 2349 939 2389 non
971 2335 1121 2405 prius
1151 2335 1262 2390 exit
1292 2335 1360 2391 de
1389 2335 1562 2392 choro
1586 2353 1751 2408 quam
1779 2352 1844 2393 ex
1883 2338 2041 2394 alter-

455 2423 677 2480 natione
707 2424 1101 2481 modulantium
1151 2435 1371 2482 ventum
1403 2426 1568 2483 fuerit
1592 2429 1658 2483 ad
1685 2428 1832 2484 illum
1865 2426 2036 2484 versi-

451 2515 656 2584 culum,
685 2515 838 2571 Pleni
875 2527 995 2572 sunt
1036 2518 1149 2573 caeli
1175 2529 1222 2574 et
1249 2529 1421 2586 terra;
1467 2529 1522 2575 et
1553 2529 1679 2575 tunc
1719 2520 2041 2576 festinanter

453 2607 652 2663 lavatis
707 2609 957 2664 manibus
1005 2611 1304 2665 saerarimn
1357 2609 1563 2676 intrat,
1615 2611 1842 2666 vestitus
1883 2610 2038 2674 alba,

458 2699 595 2754 stola
655 2709 710 2756 et
738 2699 943 2768 casula,
987 2717 1176 2756 rursus
1205 2701 1474 2758 versiculo
1503 2701 1594 2756 illo
1625 2701 1902 2772 imposito,
1939 2701 2040 2757 Per

451 2791 686 2860 singulos
734 2792 883 2856 dies,
941 2793 1188 2864 procedit
1239 2801 1428 2847 tenens
1481 2793 1745 2848 ambabus
1791 2793 2042 2850 manibus

453 2880 731 2952 Evangelii
765 2891 968 2937 textum
1000 2891 1318 2938 reverenter
1357 2891 1544 2938 contra
1580 2892 1770 2952 pectus
1807 2883 2038 2938 reclina—

455 2978 590 3036 tum,
627 2985 790 3040 quem
821 2971 982 3026 etiam
1011 2970 1274 3027 accedens
1299 2972 1451 3042 ponit
1473 2972 1528 3026 in
1553 2973 1731 3028 medio
1751 2973 1956 3038 altaris,
1984 2983 2038 3029 et

445 3080 573 3118 eum
605 3064 827 3120 incenso
857 3063 990 3122 facit
1031 3065 1194 3134 super
1230 3079 1352 3120 eum
1402 3066 1581 3120 erucis
1627 3066 1838 3137 signum
1871 3067 2036 3122 semel

449 3167 700 3220 tantum;
736 3157 964 3212 inclinat
985 3170 1044 3210 se
1087 3156 1152 3209 ad
1187 3157 1489 3211 orationem
1539 3157 1772 3212 maxime
1800 3157 2039 3212 Domini-

453 3263 595 3312 eam,
629 3249 692 3303 ad
722 3247 970 3303 ultimum
1003 3263 1214 3303 versum
1243 3248 1427 3320 hymni
1467 3247 1776 3318 praesignati
1820 3248 2036 3319 erigens

445 3357 528 3406 se,
564 3341 702 3397 tollit
732 3351 934 3396 textum
980 3341 1046 3396 de
1083 3341 1240 3396 altari
1285 3341 1619 3407 deosculato,
1660 3352 1716 3398 et
1763 3343 1938 3414 pergit
1968 3345 2034 3398 ad

441 3433 798 3504 analogiam,
855 3441 1042 3490 contra
1103 3449 1265 3504 quem
1327 3434 1492 3490 etiam
1535 3445 1839 3494 conventus
1889 3444 2033 3492 totus

446 3539 746 3581 conversus
777 3525 1018 3582 inclinat.
1061 3525 1340 3580 Matutinis
1372 3526 1617 3582 laudibus
1647 3527 1898 3598 inemptis
1927 3545 2032 3586 non

449 3631 509 3670 se
533 3627 713 3673 movet
737 3616 906 3672 aloeo
929 3632 1098 3686 usque
1127 3605 1251 3672 dum
1299 3617 1500 3672 dixerit
1531 3633 1654 3672 cum
1698 3619 1820 3676 aliis
1851 3617 2034 3675 Gloria

449 3702 622 3768 Patri,
649 3713 706 3759 et
733 3705 1127 3775 aliquantulum
1159 3707 1448 3772 inclinans,
1480 3707 1678 3776 quibus
1697 3723 1756 3766 se
1781 3710 2025 3779 erigenti-

443 3794 549 3847 bus
585 3793 702 3863 ipse
736 3809 952 3864 quoque
1002 3795 1241 3861 recedit;
1275 3810 1462 3851 verum
1507 3811 1721 3868 semper
1763 3800 2036 3856 accelerat

447 3893 503 3937 ut
533 3884 682 3952 prius
711 3885 780 3940 sit
809 3899 1062 3941 reversus
1102 3886 1156 3940 in
1201 3887 1428 3942 chorum
1457 3903 1620 3958 quam
1652 3889 1860 3959 primus
1890 3890 2030 3960 psal-

432 3990 566 4029 .mus
601 3973 837 4030 finiatur.
870 3975 946 4030 De
979 3976 1204 4032 incenso
1235 3977 1308 4032 ita
1336 3979 1475 4048 gerit
1499 3986 1558 4032 ut
1580 3980 1816 4049 primum
1851 3982 2033 4038 incen-

445 4071 528 4118 set
557 4063 750 4120 faciem
780 4065 988 4132 altaris,
1019 4077 1143 4122 tunc
1182 4068 1526 4139 superficiem
1577 4086 1739 4126 manu
1792 4081 1875 4128 ter
1909 4088 2030 4128 eum

443 4155 668 4212 incenso
693 4171 940 4229 porrecta
969 4173 1066 4229 per
1095 4160 1306 4216 diversa
1349 4161 1461 4217 loca
1493 4161 1794 4219 latitudinis
1821 4165 2028 4234 altaris,

429 4256 497 4301 et
532 4249 698 4303 semel
733 4249 786 4303 in
830 4259 1224 4317 transversum,
1252 4261 1365 4307 tum
1415 4263 1561 4308 retro
1588 4254 1836 4308 dextrum
1861 4271 2029 4312 cornu

443 4336 656 4406 altaris,
689 4348 799 4394 tum
829 4355 994 4395 cornu
1024 4341 1213 4397 altaris
1242 4344 1546 4399 sinistrum.
1587 4343 1836 4400 lncensat
1866 4348 2028 4402 etiam

443 4431 638 4486 altaria
671 4448 900 4504 quaeque
949 4435 1158 4490 minora
1187 4436 1354 4490 choro
1399 4438 1666 4507 proxima,
1715 4449 1769 4493 et
1819 4441 2031 4496 Sancta:

2145 1952 2494 2026 Evangelium
2527 1960 2762 2015 venitur.
2819 1961 3060 2018 Diaeono
3108 1963 3312 2019 lecturo
3363 1967 3456 2021 dat
3503 1967 3731 2023 benedi-

2145 2042 2378 2099 ctionetn
2408 2047 2713 2119 hujnsmodi
2743 2067 2754 2104 :
2781 2050 2916 2105 Dens
2938 2052 3248 2107 miserentur
3269 2057 3426 2109 vestri
3446 2068 3492 2111 et
3519 2059 3726 2113 benedi-

2145 2145 2270 2188 cat:
2310 2151 2370 2190 ea
2406 2138 2521 2194 vice
2564 2149 2672 2194 stat
2717 2157 2884 2211 prope
2935 2143 3184 2198 dextrttm
3236 2161 3404 2202 cornu
3436 2147 3646 2218 altaris,
3672 2163 3726 2207 et

2142 2223 2405 2282 diaconus
2433 2243 2598 2301 prope
2628 2231 2926 2287 sinistrum.

2219 2313 2315 2372 llic
2345 2329 2523 2374 autem
2555 2337 2659 2378 non
2683 2333 2772 2380 est
2804 2326 3080 2394 indignum
3115 2328 3423 2386 meminisse
3463 2345 3566 2401 qua
3601 2331 3724 2386 dili-

2115 2409 2117 2412 '
2143 2409 2344 2476 gentia,
2373 2425 2589 2484 quoque
2613 2416 2794 2472 studio
2821 2418 2888 2473 ad
2923 2418 3188 2476 Domiuiei
3222 2422 3469 2492 corporis
3510 2435 3566 2478 et
3596 2439 3726 2478 san-

2143 2497 2320 2566 guinis
2349 2505 2815 2561 consecrationem
2863 2518 2916 2564 et
2963 2510 3398 2566 comtnunionem
3433 2513 3726 2568 serviatur.

2143 2587 2382 2648 Primum
2420 2606 2645 2668 propter
2675 2599 2776 2656 hoc
2807 2601 2980 2670 ipsum
3019 2601 3221 2658 factum
3251 2613 3336 2659 est
3359 2621 3524 2660 unum
3551 2621 3728 2661 arma-

2144 2680 2336 2738 riolum
2363 2695 2490 2741 ante
2520 2685 2714 2744 faciem
2747 2690 2968 2760 majoris
3003 2692 3192 2748 altaris
3220 2695 3420 2764 optime
3449 2699 3726 2769 compagio

2143 2783 2350 2840 natmn,
2384 2787 2437 2831 et
2466 2777 2789 2837 intrinsecus
2835 2783 3030 2852 pannis
3059 2786 3338 2854 vestitum,
3371 2789 3419 2842 in
3453 2804 3562 2858 quo
3594 2789 3728 2845 nihil

2140 2866 2285 2920 aliud
2331 2870 2641 2926 reconditur
2670 2885 2870 2944 prreter
2902 2876 2987 2930 illa
3021 2878 3289 2943 utensilia,
3321 2895 3443 2950 qua':
3472 2897 3728 2937 necessa-

2141 2957 2220 3012 ria
2245 2971 2373 3016 sunt
2395 2964 2462 3017 ad
2488 2963 2775 3019 missarum
2803 2966 3062 3022 solemnia
3086 2968 3349 3025 duntaxat
3375 2971 3427 3024 in
3455 2983 3726 3028 conventu

2139 3052 2467 3120 generaliter
2491 3057 2844 3128 agctnlarum,
2879 3062 3146 3132 prmcipue
3196 3065 3302 3120 duo
3341 3065 3538 3121 calices
3573 3067 3724 3122 aurei

2140 3155 2261 3196 cum
2321 3146 2534 3214 patenis
2597 3148 2824 3205 diversa:
2867 3153 3217 3222 quantitatis;
3268 3165 3322 3210 et
3372 3158 3477 3211 duo
3530 3172 3728 3228 corpo-

2064 3215 2108 3277 C
2141 3234 2296 3304 ralia,
2329 3253 2495 3292 unum
2526 3239 2770 3311 duplum,
2805 3243 2949 3299 sicut
2993 3245 3174 3300 omnia
3221 3249 3520 3318 corporalia
3546 3251 3726 3306 solent

2137 3340 2257 3382 esse
2287 3331 2354 3384 ad
2385 3331 2628 3400 privatas
2682 3333 2896 3402 missas,
2951 3337 3179 3392 alterunt
3225 3340 3499 3410 simplum.
3549 3341 3726 3398 Minor

2137 3419 2278 3476 calix
2307 3439 2428 3479 cum
2457 3425 2620 3497 duplo
2667 3429 2933 3500 corporali
2959 3432 3026 3486 ad
3055 3434 3428 3490 matutinalem
3458 3437 3720 3503 missam;

2137 3514 2312 3584 major
2339 3533 2462 3573 cum
2491 3519 2689 3590 simple
2713 3521 2779 3576 ad
2815 3523 3074 3595 majorem
3099 3542 3111 3593 ;
3145 3542 3272 3580 nam
3301 3537 3352 3582 et
3383 3543 3550 3584 unum
3589 3528 3719 3584 sim-

2135 3603 2282 3673 plum
2312 3621 2526 3679 semper
2564 3608 2709 3678 jacet
2759 3612 2812 3666 in
2863 3613 3088 3672 sinistro
3128 3631 3296 3672 cornu
3343 3617 3552 3685 altaris,
3603 3627 3719 3674 uta

2137 3699 2408 3768 prioribus
2437 3703 2637 3757 nostris
2669 3705 2875 3776 accepi.
2901 3719 3125 3778 propter
3168 3711 3270 3766 hoc
3306 3721 3362 3765 ut
3391 3711 3460 3766 ad
3493 3729 3716 3768 manum

2136 3789 2308 3859 possit
2331 3806 2453 3848 esse
2483 3803 2670 3849 contra
2697 3797 2994 3866 periculmn
3045 3802 3214 3872 ignis;
3253 3814 3440 3857 contra
3472 3807 3641 3874 quod,
3673 3807 3718 3860 si

2135 3883 2275 3940 forte
2304 3885 2609 3956 contigerit,
2657 3890 2900 3945 creditur
2927 3908 2956 3947 a
2991 3893 3175 3950 multis
3203 3897 3328 3967 quia
3376 3897 3605 3953 multum
3633 3915 3718 3953 va-

2134 3971 2243 4028 leat
2273 3988 2590 4046 expansum.
2639 3979 2768 4036 ltem
2815 3981 2885 4037 ibi
2937 3993 3018 4039 est
3075 3995 3265 4056 patena
3329 3989 3628 4046 mediocris
3667 3999 3722 4046 et

2135 4075 2412 4137 argentea,
2443 4079 2496 4124 et
2523 4087 2684 4127 aurea
2714 4073 2934 4129 seutella
2991 4077 3196 4134 habens
3237 4081 3554 4150 operculum
3578 4083 3720 4154 ejus-

2135 4157 2253 4213 dem
2285 4159 2508 4226 metalli,
2555 4161 2732 4218 fabrili
2783 4181 2946 4236 opere
2977 4169 3307 4242 colligatum,
3357 4173 3428 4228 ibi
3470 4176 3722 4248 ampulla:

2135 4248 2200 4302 ad
2257 4250 2812 4310 subministrationem
2863 4259 2970 4312 vini
3027 4268 3083 4314 et
3137 4277 3334 4331 aqum:
3385 4280 3511 4319 nam
3555 4277 3612 4322 et
3665 4267 3717 4322 in

2134 4342 2364 4412 ampulla
2393 4344 2576 4398 vinmn
2601 4355 2726 4402 ante
2750 4351 3215 4408 consecrationem
3243 4354 3380 4410 solet
3403 4355 3613 4412 offerri.
3643 4359 3716 4414 lbi

2131 4447 2327 4488 urceus
2350 4445 2660 4504 argenteus,
2709 4453 2830 4492 cum
2877 4441 3194 4510 appendicio
3229 4457 3326 4498 suo
3359 4445 3426 4498 ad
3459 4461 3718 4503 manuum

433 4522 634 4579 Crneis
657 4525 848 4590 altare,
880 4525 1088 4582 faciens
1123 4543 1220 4596 per
1244 4529 1451 4598 singula
1485 4545 1603 4584 eum
1651 4532 1872 4588 incenso
1902 4549 2024 4587 crn-

2138 4523 2492 4590 ablutionem;
2520 4528 2590 4582 ibi
2629 4529 2846 4585 linteola
2873 4533 3045 4602 plura,
3096 4534 3214 4589 sine
3258 4535 3456 4604 quibus
3503 4537 3718 4608 singula

441 4611 524 4666 eis
553 4617 927 4670 tantummodo
951 4619 1189 4687 signum.

511 4705 569 4759 In
607 4707 838 4777 privatis
867 4711 1059 4766 diebus
1101 4713 1314 4781 quoties
1364 4712 1448 4768 his
1498 4717 1819 4784 comeditur,
1849 4720 2028 4790 prius-

439 4813 602 4867 quam
647 4797 858 4870 signum
899 4803 1145 4871 pulsetur
1181 4805 1248 4860 ad
1292 4806 1532 4872 tertiam,
1563 4825 1754 4864 manus
1791 4810 1934 4865 lavat
1960 4828 2027 4866 ex

439 4906 612 4958 more,
647 4903 704 4947 ut
729 4897 975 4952 oratione
1017 4896 1162 4952 facta
1214 4915 1338 4954 mox
1385 4902 1810 4959 sacerdotalibus
1841 4903 2027 4959 induat

2131 4629 2341 4674 sacrata
2377 4635 2502 4675 vasa
2528 4637 2626 4678 nec
2653 4623 2916 4686 levantur,
2963 4643 3064 4680 nec
3103 4643 3375 4697 quoquam
3403 4639 3714 4697 portantur.

2129 4711 2307 4782 Ipsum
2336 4723 2519 4770 autem
2549 4717 2899 4772 armariolum
2927 4719 3088 4774 habet
3113 4720 3164 4774 in
3188 4721 3368 4776 medio
3391 4721 3713 4786 tabulatum,

2129 4815 2188 4858 ut
2219 4821 2448 4876 qumque
2477 4811 2772 4865 sacratiora
2801 4811 2908 4867 sint
2931 4829 3143 4868 sursum
3163 4853 3178 4880 ,
3203 4823 3401 4870 caetera
3435 4815 3712 4872 deorsum.

2128 4899 2209 4950 Ad
2259 4899 2470 4954 initium
2527 4901 2814 4957 missarum
2847 4913 3121 4959 reseratur
3175 4921 3205 4959 a
3255 4904 3460 4973 majore
3488 4909 3716 4962 custode
