4040 5298
261 273 359 328 Ἠῗ

935 269 1514 330 CONSUETUDINES
1553 267 2092 328 CLUNIACENSES.
2129 301 2196 310 -—
2235 269 2436 325 LIBER
2473 269 2854 326 SECUNDUS.

263 393 370 446 hoc
395 391 496 445 sibi
529 391 786 444 vicarium
825 387 1141 446 alterutrius
1186 391 1415 452 ordinis,
1457 397 1514 442 ut
1556 389 1608 440 in
1656 393 1846 456 quarta
1879 389 1923 446 Α
1957 399 2124 438 cornu
2171 384 2360 438 altaris
2392 393 2446 437 ct
2485 382 2852 452 superﬁciem,
2887 381 2951 436 ad
2993 389 3296 438 extremum
3337 383 3541 440 sinistri

261 484 394 538 feria
425 493 478 537 et
511 481 752 538 Sabbalo
787 498 802 548 ;
836 499 995 538 manu
1025 483 1252 538 interius
1281 483 1440 536 missa
1473 480 1608 535 bene
1629 493 1843 549 quoque

263 573 317 626 in
350 573 518 626 fundo
545 571 658 642 ipse
691 572 832 626 calix
865 574 1216 638 confricetur,
1265 589 1332 626 ne
1374 573 1512 625 lorte
1537 570 1842 639 aliquantu-

261 661 372 716 lum
401 661 618 718 fetiseat
641 671 864 732 pmpter
899 661 1008 716 vini
1057 663 1306 716 crebram
1331 661 1678 716 inlusionem.
1707 659 1846 728 lirgo

263 754 476 810 lavatns
503 765 812 824 reportatur
835 763 888 810 et
917 755 1134 825 ponitur
1157 771 1319 824 super
1349 753 1741 821 armariolumq

335 846 712 900 Subdiaconus
757 846 1018 914 anticipat
1059 846 1241 902 lavare
1291 861 1506 910 manus,
1543 854 1602 900 ut
1641 845 1754 916 ipse
1781 845 1848 900 ad

261 937 622 992 ministerium
660 935 844 993 calicis
872 937 944 990 sit
971 947 1228 1006 paratus;
1261 953 1420 1006 quem
1461 937 1698 1002 interim,
1722 938 1846 991 dum

261 1027 616 1100 Evangelium
653 1027 870 1098 legitur,
921 1029 1196 1098 accipiens
1240 1029 1398 1084 simul
1431 1045 1553 1084 cum
1583 1029 1847 1100 corporali

259 1129 316 1174 et
349 1129 566 1191 patena,
599 1120 876 1190 experitur
903 1121 947 1174 si
981 1121 1110 1188 quid
1152 1137 1306 1191 aqua:
1354 1123 1404 1176 in
1451 1121 1542 1176 illo
1591 1122 1852 1176 remansit

261 1213 402 1266 inter
431 1211 738 1274 lavandum,
789 1222 844 1266 et
871 1211 1096 1268 ell'uudit
1147 1213 1202 1268 in
1249 1229 1468 1270 caveam
1499 1215 1566 1268 de
1603 1213 1854 1268 lateritiis

261 1304 454 1374 tegulis
483 1303 680 1359 factam
713 1305 764 1360 in
797 1307 1044 1375 proximo
1076 1307 1285 1372 altaris,
1321 1307 1464 1362 sicut
1506 1307 1675 1362 altera
1712 1307 1850 1362 facta

257 1406 340 1450 est
383 1395 660 1474 paululum
709 1399 992 1462 remotius,
1041 1399 1130 1454 ubi
1176 1399 1318 1455 idem
1361 1399 1752 1464 subdiaconus,
1801 1411 1854 1453 ct

258 1485 348 1540 alii
385 1487 749 1552 subministri,
787 1503 983 1546 manus
1021 1507 1184 1562 super
1209 1505 1270 1546 ea
1303 1491 1502 1546 lavent.
1547 1490 1666 1545 Stat
1701 1489 1855 1560 juxta

255 1579 618 1646 sacerdotem,
653 1595 824 1652 usque
873 1582 998 1638 dum
1043 1583 1392 1654 Evangelium
1427 1583 1664 1639 ﬁniatur.
1697 1583 1858 1639 Ponit

257 1669 539 1738 corporale
561 1685 726 1740 super
746 1669 937 1736 altare,
970 1671 1197 1728 calicem
1224 1672 1468 1728 retinens
1497 1681 1550 1727 et
1573 1681 1848 1744 patenam;

259 1765 552 1819 comitatur
604 1765 940 1822 sacerdotem
997 1769 1392 1837 prmcedentem
1455 1769 1846 1838 aliquantulum

255 1865 446 1908 contra
499 1855 697 1911 fratres
745 1865 806 1910 ut
857 1871 886 1910 a
937 1857 1164 1926 singulis
1209 1857 1472 1915 offeratur
1509 1879 1522 1916 :
1558 1876 1585 1914 a
1622 1860 1850 1916 diacono

254 1961 394 2018 aqua
451 1957 506 2001 et
570 1949 966 2019 manutergium
1022 1961 1378 2020 apportatur,
1430 1961 1486 2006 et
1542 1961 1850 2007 reverenter

253 2037 582 2102 exhibetur;
627 2039 718 2112 qui
767 2038 962 2094 lavatis
1009 2041 1262 2096 manibus
1310 2041 1520 2097 accedit
1552 2043 1618 2095 ad
1653 2041 1846 2104 altare,

251 2135 394 2183 etut
424 2129 510 2184 hic
557 2131 774 2201 proprie
817 2132 993 2186 dicam
1023 2135 1088 2188 de
1135 2133 1322 2204 majori
1350 2137 1538 2200 missa,
1562 2143 1850 2206 utrumque

253 2219 558 2288 corporale,
589 2222 670 2276 vel
702 2221 843 2294 quod
878 2223 930 2276 in
974 2223 1128 2278 altari
1167 2239 1380 2294 semper
1401 2223 1566 2294 jacet,
1595 2225 1678 2280 vel
1707 2227 1848 2296 quod

253 2309 620 2366 subdiaconus
642 2315 970 2382 apportavit,
995 2315 1267 2386 accipiens
1288 2317 1574 2386 expandit;
1601 2315 1846 2384 pollicem

255 2410 438 2455 tamen
473 2411 530 2455 et
559 2402 791 2458 indicem
825 2404 1106 2475 utriusque
1139 2421 1332 2461 manus
1362 2407 1698 2462 combinatos
1729 2409 1851 2462 dili-

252 2500 444 2560 genter
483 2493 828 2562 constringit,
856 2509 926 2550 ne
967 2495 1052 2551 vel
1097 2495 1213 2566 ipsa
1264 2497 1567 2566 corporalia
1605 2513 1728 2554 cum
1765 2500 1846 2554 eis

255 2592 476 2653 tangat,
532 2597 654 2637 cum
701 2583 896 2652 quibus
955 2585 1160 2640 hostias
1213 2586 1436 2643 habebit
1493 2589 1544 2642 in
1601 2589 1848 2658 proximo

255 2683 478 2743 tangere
517 2683 572 2730 ct
621 2685 871 2732 tractare.
917 2677 1302 2736 Consummata
1351 2689 1528 2736 autem
1573 2683 1848 2737 oblatione

251 2767 508 2822 sacerdos
536 2784 751 2838 quoque
777 2770 923 2826 lavat
951 2787 1165 2838 manus,
1203 2789 1403 2830 cavens
1431 2783 1487 2829 et
1511 2774 1626 2844 ipse
1657 2783 1844 2844 postea

251 2877 322 2916 ne
367 2861 516 2916 aliud
569 2863 698 2934 quid
748 2873 933 2936 tangat
985 2881 1106 2922 cum
1161 2867 1346 2938 digitis
1398 2869 1597 2937 quibus
1651 2883 1847 2940 corpus

251 2953 464 3008 Domini
497 2964 584 3010 est
626 2957 972 3027 tangendum.
1005 2957 1386 3014 Subdiaconus
1421 2967 1604 3030 portat
1635 2960 1844 3014 hostias

250 3047 318 3101 ad
349 3046 640 3101 diaconum
669 3061 826 3103 secus
855 3048 1026 3103 altare
1055 3058 1285 3104 stantem
1317 3058 1370 3106 et
1396 3065 1456 3105 se
1481 3050 1842 3120 operientem,
1873 3081 1916 3142 Ο

249 3145 314 3192 ut
345 3135 416 3193 de
451 3139 704 3194 omnibus
756 3147 890 3202 tres,
923 3156 1058 3214 quas
1113 3141 1364 3206 voluerit,
1401 3141 1564 3212 eligat
1607 3141 1674 3196 ad
1715 3157 1846 3196 corr.-

249 3229 616 3296 Secrandum;
689 3241 909 3302 propter
979 3232 1126 3304 quod
1181 3233 1402 3289 dimissa
1473 3240 1666 3302 patena
1722 3247 1842 3286 cum

251 3319 446 3377 hostiis
503 3337 666 3393 super
717 3323 915 3388 altare,
981 3325 1201 3390 vinum,
1248 3327 1390 3396 quod
1451 3326 1688 3381 oblatum
1737 3333 1841 3388 est,

251 3413 500 3470 fuuditur
546 3418 616 3472 ab
663 3417 782 3488 ipso
837 3432 1054 3488 quoque
1117 3418 1449 3474 subdiacouo
1507 3419 1557 3473 in
1613 3419 1841 3473 alterum

251 3507 502 3573 caiicem,
545 3517 862 3577 tantumque
909 3509 1165 3580 relinquit
1208 3511 1349 3580 quod
1392 3509 1584 3564 suilicit
1619 3510 1683 3564 ad
1717 3524 1842 3564 con-

251 3601 639 3656 secrationem.
665 3601 746 3655 Ad
771 3601 915 3670 quod
940 3609 1116 3656 tamen
1141 3599 1255 3672 ipse
1279 3617 1384 3656 non
1411 3603 1600 3656 miscet
1623 3617 1839 3671 aquam,

251 3691 378 3758 quia
428 3691 478 3746 ei
523 3706 622 3746 nec
656 3691 839 3746 vinum
883 3707 984 3748 nec
1015 3707 1209 3762 aquam
1251 3693 1378 3748 licet
1413 3692 1717 3756 infundere,
1749 3693 1840 3746 scd

252 3781 470 3835 allatam
499 3781 786 3851 ampullam
831 3798 985 3854 aquae
1037 3783 1198 3838 simul
1236 3799 1358 3838 cum
1408 3783 1575 3838 calice
1605 3783 1698 3836 dat
1730 3783 1842 3836 dia-

251 3887 425 3936 cono,
467 3879 523 3926 ut
565 3871 652 3926 ille
701 3873 954 3936 misceat;
1009 3873 1101 3927 dat
1151 3882 1206 3928 et
1263 3874 1539 3928 linteolum
1589 3883 1650 3928 ut
1700 3873 1837 3928 calix

253 3963 458 4018 deforis
505 3971 750 4035 tergatur
783 3965 1090 4036 diligenter,
1126 3981 1194 4020 ne
1237 3966 1377 4021 lorte
1423 3966 1550 4036 quid
1602 3967 1706 4020 vini
1757 3965 1838 4020 vel

253 4069 410 4123 aquae
459 4055 702 4109 exterius
755 4065 1058 4120 remaneat,
1103 4067 1158 4110 οι
1205 4065 1580 4111 consecratum
1630 4065 1834 4124 pereat.

254 4145 367 4201 Hac
403 4146 524 4200 vice
555 4161 660 4199 nou
697 4153 855 4201 cavet
883 4145 1080 4217 digitos
1109 4147 1388 4210 diaconus,
1417 4162 1644 4216 quorum
1676 4163 1836 4216 supra

253 4237 495 4298 tuemini,
531 4238 860 4308 disjungerc,
887 4240 975 4308 qui
1010 4239 1108 4293 has
1141 4238 1344 4294 hostias
1362 4237 1470 4305 jam
1497 4240 1674 4308 posuit
1705 4255 1836 4309 quas

254 4338 374 4382 erat
418 4328 724 4399 positurus;
775 4337 830 4383 et
868 4331 944 4384 sic
998 4331 1208 4386 tandem
1258 4329 1427 4386 calice
1461 4345 1622 4400 super
1664 4331 1835 4385 altare

1951 472 2144 528 faciem
2189 483 2242 530 ct
2279 473 2644 544 superficiem.
2703 471 2760 526 Si
2817 487 2948 528 vero
2993 473 3110 527 dies
3139 474 3310 530 festus
3363 475 3540 536 adest.

1949 567 2188 638 quinque
2233 566 2320 620 illa
2369 565 2562 620 altaria
2615 565 2934 634 principalia
2979 566 3221 634 proxima
3269 567 3539 634 inccnsat,

1949 671 2005 718 ct
2031 663 2158 718 illud
2189 663 2256 718 ad
2285 661 2428 732 quod
2460 669 2756 716 conventus
2785 659 2852 715 ad
2882 675 3136 729 vesper-as
3163 669 3218 715 et
3245 663 3540 718 matutinas

1951 752 2138 806 laudes
2171 751 2266 806 ivit
2323 751 2412 806 ubi
2445 760 2499 806 et
2535 765 2728 805 cereus
2761 759 2868 804 tam
2905 749 2960 804 in
2991 757 3150 806 nocte
3179 765 3340 806 uuam
3369 753 3424 806 in
3451 751 3542 808 die

1951 842 2122 896 ardet.

2025 933 2330 990 Notandum
2367 943 2546 990 autem
2586 935 2728 1006 quod
2777 935 2830 989 in
2871 934 3124 990 omnibus
3160 935 3348 991 diebus
3387 937 3540 994 festis

1952 1037 2008 1081 et
2047 1027 2344 1082 Dominicis
2375 1028 2444 1082 ad
2477 1026 2736 1096 majorem
2783 1027 3004 1081 missam
3043 1027 3298 1096 praedicta
3345 1027 3538 1086 altaria

1955 1116 2040 1170 his
2079 1117 2446 1178 incen=autur,
2481 1116 2658 1185 primo
2701 1116 2952 1170 videlicet
2999 1126 3284 1187 postquam
3328 1119 3540 1174 confes-

1955 1207 2162 1264 sionem
2195 1224 2347 1264 suatn
2385 1209 2642 1264 sacerdos
2670 1218 2724 1262 et
2759 1209 3018 1263 diaconus
3057 1209 3306 1274 fecerint,
3337 1219 3390 1264 et
3423 1221 3546 1280 post

1955 1299 2306 1356 offerendam.
2341 1299 2608 1355 Similiter
2637 1301 2704 1352 ad
2748 1301 3034 1364 minorem,
3063 1302 3128 1354 ad
3159 1316 3318 1370 qttam
3360 1303 3542 1358 omnia

1957 1394 2106 1465 signa
2143 1393 2457 1464 pulsantur;
2503 1393 2728 1462 privatis
2779 1409 2908 1448 vero
2950 1392 3140 1446 dir-bus
3177 1395 3242 1449 ad
3283 1393 3541 1461 majorem

1959 1487 2180 1542 missam
2212 1487 2378 1544 semel
2423 1487 2704 1542 incensum
2733 1485 2978 1544 oliertur.
3013 1485 3216 1540 scilicet
3261 1497 3382 1558 post
3413 1485 3546 1542 οπως

1959 1579 2206 1644 rendam,
2237 1587 2288 1636 et
2312 1577 2651 1634 solummodo
2671 1591 2824 1632 sacra
2863 1575 3084 1640 oblatio,
3113 1591 3232 1646 qua:
3269 1589 3352 1632 est
3385 1578 3438 1632 in
3469 1578 3548 1632 al-

1961 1671 2064 1726 tari
2097 1670 2401 1740 principali,
2427 1670 2760 1726 ineensatur.
2785 1669 2866 1723 Ad
2901 1669 3160 1738 majorem
3189 1669 3410 1724 missam
3439 1670 3542 1724 nisi

1953 1763 2104 1832 signa
2133 1762 2436 1832 pulsentur,
2467 1777 2740 1832 nunquam
2771 1763 3048 1816 incensum
3079 1761 3326 1816 olfertur.
3355 1763 3542 1818 Scien-

1951 1855 2076 1910 dum
2109 1869 2326 1926 quoque
2357 1855 2614 1924 quoniam
2647 1855 2764 1910 sive
2801 1864 2912 1909 tres
2941 1856 3054 1910 sive
3083 1857 3323 1927 quinque
3354 1857 3543 1912 host'ae

1951 1957 2362 2012 ronsecrentur,
2404 1963 2619 2018 semper
2655 1947 2908 2003 sacerdos
2959 1949 3190 2002 mediam
3237 1950 3454 2020 accipit,
3489 1963 3545 2006 et

1951 2053 2072 2092 cum
2107 2040 2218 2108 ipsa
2251 2053 2440 2094 cruces
2489 2041 2540 2093 in
2587 2039 2755 2094 calice
2798 2039 2959 2100 facit,
3012 2040 3292 2110 ipsamque
3329 2043 3542 2104 dividit,

1951 2137 2004 2182 et
2055 2145 2218 2183 unam
2269 2129 2588 2199 particulam
2639 2131 2691 2183 in
2745 2131 3063 2200 sanguinem
3112 2131 3298 2200 mittit,
3325 2142 3379 2186 et
3423 2149 3542 2189 sese

1951 2220 2150 2284 media,
2179 2219 2464 2274 diaconum
2496 2220 2700 2290 reliqua
2727 2221 3134 2275 communicare
3161 2239 3264 2277 non
3299 2223 3538 2294 negligit.

2021 2311 2314 2378 Postquam
2348 2323 2530 2366 autem
2571 2313 2832 2368 diaconus
2861 2313 3054 2380 altare,
3088 2314 3169 2369 vel
3213 2316 3258 2371 si
3296 2315 3419 2372 talis
3457 2329 3534 2372 est

1951 2403 2087 2466 dies,
2113 2402 2302 2458 altaria
2334 2404 2712 2464 incensaverit,
2743 2415 2796 2458 et
2825 2405 3057 2476 aliquem
3089 2408 3424 2478 episcopum.
3455 2410 3536 2463 vel

1951 2495 2223 2558 abbatem,
2253 2495 2296 2549 si
2345 2493 2486 2550 forte
2527 2493 2940 2566 affuerit,jnxta
2990 2496 3298 2552 columnam
3347 2500 3540 2555 ciborii

1951 2597 2122 2654 stans,
2157 2587 2485 2642 tituribulum
2515 2603 2780 2643 convent)
2829 2589 3024 2654 reddit,
3056 2605 3084 2642 a
3111 2605 3218 2659 quo
3263 2600 3319 2646 et
3358 2592 3542 2646 incen-

1949 2689 2124 2746 satnr,
2147 2689 2200 2736 et
2231 2681 2425 2736 ibidem
2466 2689 2648 2736 manet
2688 2680 2934 2744 acclinis,
2964 2681 3104 2736 sicut
3143 2683 3210 2738 ad
3250 2683 3452 2751 primas
3487 2695 3546 2737 et.

1949 2769 2170 2825 ultimas
2215 2769 2492 2834 collectas,
2523 2769 2694 2824 donec
2733 2766 2834 2822 Per
2869 2771 3044 2822 omnia
3089 2769 3284 2825 strcula
3321 2771 3544 2826 uocula-

1951 2875 2068 2914 rum
2127 2875 2156 2914 a
2209 2861 2494 2916 sacerdote
2549 2862 2784 2916 dicatur.
2838 2859 3146 2916 Conversus
3199 2877 3442 2932 quoque,
3495 2864 3542 2917 si

1951 2965 2118 3022 cappa
2143 2962 2228 3008 est
2261 2954 2312 3008 in
2353 2955 2540 3018 choro,
2571 2953 2723 3023 prius
2753 2952 2904 3006 illum
2951 2953 3198 3008 iucensat
3231 2954 3324 3024 qui
3355 2969 3418 3009 ea
3461 2954 3546 3008 iu-

1951 3045 2114 3102 dutus
2155 3055 2268 3110 est;
2309 3046 2504 3103 deinde
2550 3047 2816 3116 incipiens
2845 3063 2874 3100 a
2905 3047 3096 3100 dextra
3143 3048 3332 3102 eodem
3381 3049 3542 3103 modo

1949 3148 2006 3194 et
2031 3139 2222 3194 ordine
2255 3139 2586 3194 tlturibulum
2617 3144 2820 3208 portat,
2857 3151 2964 3207 quo
2999 3137 3250 3206 superius
3277 3139 3539 3202 diximus,

1950 3228 2037 3283 his
2072 3227 2162 3298 qui
2210 3225 2430 3282 sunt'in
2477 3227 2645 3280 choro
2677 3225 2868 3293 majori
2912 3225 2994 3280 vel
3035 3226 3259 3289 minori;
3291 3225 3393 3280 hoc
3421 3226 3542 3295 plus

1948 3319 2216 3386 faciendo,
2249 3319 2394 3389 quod
2439 3319 2492 3373 in
2539 3319 2804 3372 minorem
2851 3317 3078 3374 chorum
3119 3317 3234 3372 exit
3279 3319 3428 3387 prius
3471 3322 3538 3373 ad

1947 3417 2246 3478 dexteram,
2271 3423 2458 3484 postea
2479 3415 2546 3470 ad
2571 3413 2867 3468 sinistram.
2895 3411 3024 3470 Post
3046 3415 3148 3470 hoc
3171 3427 3302 3468 vero
3324 3415 3534 3476 exiens,

1949 3514 2192 3568 incensat
2231 3529 2324 3567 eos
2373 3511 2462 3582 qui
2514 3521 2666 3568 extra
2709 3513 2940 3567 chorum
2979 3521 3126 3575 sunt,
3160 3511 3423 3580 incipiens
3471 3513 3541 3565 ab

1949 3607 2174 3663 introitu
2205 3607 2358 3662 chori
2397 3607 2450 3662 in
2481 3607 2748 3678 superiori
2781 3615 2953 3676 parte,
2984 3607 3176 3662 deinde
3204 3607 3362 3670 alios,
3397 3607 3540 3661 sicut

1945 3710 2074 3755 sunt
2101 3700 2152 3754 in
2179 3699 2502 3754 stationibus
2525 3699 2637 3754 suis
2663 3713 2758 3768 per
2777 3699 3088 3762 circuitum,
3117 3709 3394 3768 postremo
3422 3699 3536 3768 ipsa

1945 3793 2154 3854 minora
2201 3791 2395 3846 altaria
2423 3806 2544 3862 quas
2574 3799 2702 3846 sunt
2729 3806 2896 3861 prope
2935 3791 3182 3855 chorum,
3216 3807 3337 3862 qua‘
3363 3807 3389 3844 a
3422 3791 3538 3846 dia-

1943 3896 2081 3936 cono
2107 3897 2212 3936 non
2239 3881 2608 3944 inccnsantur.
2642 3882 2692 3936 in
2724 3882 2984 3936 anteriori
3011 3892 3184 3951 parte,
3209 3893 3264 3938 ct
3287 3884 3338 3937 in
3370 3881 3540 3938 latere

1943 3972 2152 4035 dextro,
2185 3979 2240 4026 et
2277 3972 2329 4026 in
2360 3971 2583 4026 sinistro
2606 4013 2618 4032 ,
2673 3989 2776 4026 nou
2826 3981 3008 4026 tamen
3055 3973 3334 4041 praesumit
3371 3987 3536 4042 super

1944 4063 2113 4118 altare
2153 4079 2369 4118 manum
2400 4065 2711 4119 extendere.
2745 4063 2897 4130 Quod
2929 4065 2972 4117 si
3015 4065 3248 4134 aliquem
3279 4067 3536 4118 sacculo-

1945 4163 2048 4208 tem
2089 4156 2308 4210 missam
2358 4147 2434 4208 ibi
2481 4163 2788 4208 cantantem
2827 4153 3140 4217 offenderit,
3191 4156 3276 4208 vel
3311 4155 3423 4224 ipse.
3451 4158 3532 4208 vel

1941 4245 2222 4311 diaconus,
2255 4246 2298 4300 si
2331 4253 2700 4314 competenter
2735 4243 2848 4299 ﬁeri
2881 4254 3078 4314 potest.
3108 4245 3156 4300 ei
3193 4245 3526 4300 thuribulum

1940 4335 2119 4400 oll‘crt,
2151 4347 2203 4390 et
2240 4337 2352 4405 ipse
2387 4337 2558 4390 altare
2591 4338 2670 4389 vel
2717 4352 2928 4391 sacram
2977 4336 3304 4390 oblationem
3347 4337 3534 4392 inccn~

253 4418 453 4485 posito,
491 4418 854 4474 subdiaconus
899 4435 1020 4474 cum
1069 4429 1260 4490 patena
1300 4429 1354 4475 et
1385 4420 1618 4490 ampulla
1653 4436 1835 4476 rever-
1867 4430 1914 4487 l)
1941 4441 2091 4492 sans,
2127 4429 2176 4481 ei
2225 4426 2558 4480 thuribulum
2595 4427 2803 4490 reddit,
2849 4428 3070 4496 ipseque
3119 4441 3414 4482 conversus
3449 4428 3532 4479 vel

257 4521 396 4576 lens,
425 4520 680 4580 patenam
712 4511 904 4567 hostiis
933 4513 1184 4567 relertam
1211 4513 1358 4582 ponit
1389 4527 1551 4582 super
1575 4516 1842 4568 armario-

255 4601 388 4666 lum,
417 4611 472 4658 et
498 4603 791 4673 ampullam
825 4604 878 4658 in
911 4603 1029 4658 loco
1066 4619 1174 4672 quo
1203 4604 1339 4660 solet
1373 4606 1655 4660 reservari.
1693 4607 1845 4661 Acci-

253 4693 332 4761 pit
377 4693 536 4748 aliam
573 4703 828 4764 patenam
877 4705 1190 4766 argenteam
1243 4697 1379 4751 intra
1427 4695 1703 4752 scutellam
1751 4715 1846 4751 au-

256 4799 404 4840 ream
453 4785 826 4851 reconditam,
876 4797 931 4841 ct
989 4787 1154 4857 tergit
1207 4789 1444 4845 studiose
1492 4803 1614 4846 cum
1669 4807 1846 4860 panes

257 4873 648 4930 candidissimo
675 4891 843 4947 prope
881 4877 1230 4932 armariolum
1271 4891 1489 4950 propter
1535 4881 1640 4936 hoc
1673 4883 1848 4954 ipsum

251 4965 454 5038 jugiter
481 4969 776 5039 pendente,
803 4978 858 5025 et
893 4980 1080 5042 postea
1129 4984 1248 5024 cum
1291 4971 1505 5032 linteolo
1537 4974 1768 5034 honeste
1799 4985 1852 5029 ct

259 5071 574 5117 reverenter
619 5061 862 5117 involvit.
919 5063 1192 5120 Sacerdos
1243 5064 1454 5123 interim
1509 5066 1744 5128 calicem
1799 5079 1853 5124 et

259 5149 486 5209 hostiam
530 5155 842 5220 incensans,
875 5154 996 5211 facit
1043 5169 1167 5208 cum
1219 5155 1434 5215 incenso
1475 5172 1644 5229 super
1691 5161 1854 5219 ambo

261 5252 369 5298 tres
399 5259 612 5298 cruces.
643 5251 700 5298 et
733 5259 895 5298 unum
925 5244 1084 5298 quasi
1117 5245 1398 5298 circulum.
1431 5253 1685 5298 incensal
1716 5268 1854 5298 ηιιη-

1947 4519 2208 4575 diaconus
2247 4535 2366 4574 eum
2409 4529 2722 4575 reverenter
2755 4520 3057 4584 incensare,
3091 4529 3146 4576 et
3180 4521 3418 4575 casulam
3451 4522 3534 4574 in-

1950 4621 2032 4666 ter
2069 4611 2286 4665 brachia
2327 4621 2514 4679 aptare
2571 4625 2675 4664 non
2725 4611 2968 4683 negligit.
3017 4610 3154 4666 (tum
3205 4621 3382 4667 autem
3435 4612 3539 4665 Per

1947 4703 2126 4756 omnia
2175 4701 2392 4763 multa,
2433 4708 2564 4763 ete.,
2604 4707 2728 4753 ante
2781 4699 3154 4769 praefationem
3203 4700 3457 4766 audierit,
3493 4701 3540 4753 si

1945 4795 2056 4864 jam
2080 4793 2148 4847 de
2177 4791 2521 4847 incensandis
2568 4790 2834 4848 altaribus
2873 4779 3050 4850 rediit.
3083 4791 3167 4845 vel
3206 4792 3250 4845 si
3291 4789 3364 4844 ibi
3403 4805 3542 4861 prsc-

1953 4895 2078 4937 sens
2103 4891 2204 4945 est,
2237 4888 2296 4935 ut
2339 4882 2392 4935 in
2438 4881 2661 4949 privatis
2702 4879 2924 4950 diebus,
2953 4880 3106 4936 vadit
3142 4891 3264 4951 post
3297 4880 3550 4935 sacerdo.

1956 4983 2062 5028 tem
2103 4982 2277 5034 retro;
2314 4972 2458 5040 quod
2503 4971 2547 5023 si
2601 4972 2852 5035 nondum
2903 4973 3148 5037 redierit,
3181 4987 3304 5028 mox
3341 4971 3430 5027 ubi
3467 4985 3570 5024 τρε.

1954 5062 2144 5122 dierit,
2187 5061 2316 5116 iliud
2371 5063 2510 5117 idem
2566 5060 2726 5118 facit:
2791 5081 2853 5126 et
2896 5071 3024 5139 post
3057 5064 3354 5119 diaconum
3405 5062 3544 5117 vatil'

1955 5154 2337 5214 subdiaconus,
2372 5169 2530 5208 manu
2563 5169 2785 5210 sursum
2821 5164 3043 5217 extenta
3085 5164 3276 5212 tenens
3303 5162 3558 5226 patenam

1957 5247 2028 5298 ita
2073 5251 2133 5298 ut
2179 5241 2494 5298 nrtedictum
2535 5252 2618 5298 est
2683 5258 3038 5298 conum-mm.
3075 5256 3131 5298 et
3177 5246 3229 5298 in
3277 5243 3558 5298 duodecim
