4040 5298
467 389 574 444 719

1467 385 1784 446 UDALliiCl
1827 382 2328 443 CLUNIACENSIS
2368 383 2684 446 ΜΟΝᾹΟΙΠ

3641 401 3754 470 rso

463 518 520 561 et
551 506 604 560 in
635 505 874 576 qualibet
907 504 1068 560 missa
1102 503 1312 575 privata
1333 505 1590 560 deberent
1617 506 1726 577 agi,
1749 507 1892 564 sicut
1921 505 2044 560 alias

2163 482 2324 535 mittit
2359 482 2412 536 in
2439 482 2684 548 calicem,
2724 485 2855 538 duas
2886 499 3048 555 super
3085 494 3360 558 patcnam,
3392 498 3444 545 et
3475 505 3747 549 cum-cor-

461 599 668 656 dictnm
710 609 814 654 est.
857 597 1008 654 Unus
1045 607 1225 654 autem
1265 599 1673 665 ministrorum,
1705 600 1798 670 qui
1839 614 2056 669 semper

463 689 574 746 duo
605 689 802 744 debent
841 703 988 754 esse,
1018 697 1168 744 stans
1205 703 1327 744 cum
1367 688 1578 743 flabello
1607 704 1774 759 prope
1801 690 2050 746 sacerdo-

463 787 597 844 tem,
630 793 694 835 es
729 793 842 848 quo
872 793 1181 834 muscarum
1214 778 1490 835 infestatio
1519 795 1816 853 exsurgere
1841 781 2054 852 incipit,

463 868 634 924 mineo
673 868 911 934 ﬁniatur,
943 883 1038 924 cas
1077 882 1261 924 arcere
1290 884 1318 922 a
1353 868 1644 935 sacrificio,
1679 878 1736 926 et
1769 871 1838 926 ab
1867 870 2054 936 altari,

465 974 560 1014 seu
603 959 670 1014 ab
702 960 816 1032 ipso
864 961 1147 1016 sacerdote
1176 975 1286 1016 non
1315 960 1553 1031 negligit.
1599 961 1871 1016 Diaeonus
1902 977 2055 1028 vero,

461 1052 844 1115 subdiaconus,
869 1062 923 1107 et
949 1068 1088 1108 urnis
1109 1052 1506 1118 ministrorum,
1534 1053 1580 1108 si
1603 1055 1722 1109 dies
1747 1053 1917 1110 festus
1947 1065 2048 1120 est,

461 1143 697 1198 acclines
739 1153 924 1214 postea
964 1155 1186 1199 manent
1228 1144 1460 1200 orationi
1506 1146 1724 1202 intenti.
1761 1145 1924 1204 Notat
1967 1158 2052 1202 ta-

413 1245 418 1250 ‘
459 1245 582 1287 men
613 1233 872 1290 diaconus
899 1235 1117 1305 qmuulo
1146 1235 1400 1290 sacerdos
1427 1234 1494 1290 ad
1523 1233 1796 1308 Supplices
1823 1248 1874 1292 te
1899 1254 2046 1308 rogu-

461 1341 580 1380 tum
626 1325 922 1383 inclinatus
959 1343 1016 1383 se
1061 1327 1322 1394 erexerit,
1347 1336 1404 1383 et
1440 1337 1568 1384 tunc
1605 1343 1820 1400 quoque
1850 1329 1966 1401 ipse
1993 1343 2052 1384 se

459 1417 707 1487 elevans,
729 1428 788 1475 ut
821 1429 1058 1491 quatuor
1089 1419 1313 1491 digitos,
1342 1420 1540 1490 quibus
1567 1419 1906 1478 Dominicum
1933 1437 2054 1476 cor-

461 1525 560 1580 pus
593 1513 918 1583 tangendum
947 1522 1002 1568 et
1029 1512 1374 1568 dividendum
1399 1523 1503 1578 cst,
1527 1513 1730 1578 abluat,
1763 1513 1814 1570 in
1840 1525 2050 1586 partem

457 1611 584 1656 ante
612 1602 981 1673 supradictum
1007 1603 1362 1658 armariolnm
1393 1605 1641 1660 secessit.
1673 1603 1742 1660 Et
1773 1605 2048 1664 sciendum

457 1692 714 1762 quoniam
764 1707 870 1748 non
919 1694 1086 1748 modo
1133 1707 1230 1764 pro
1273 1693 1453 1748 anima
1505 1693 1702 1764 ipsius,
1732 1695 1822 1765 qui
1873 1695 2048 1766 ipsum

457 1781 772 1847 urceolum,
825 1797 934 1853 quo
983 1797 1124 1854 aqua
1175 1783 1449 1850 funditur,
1483 1795 1540 1840 et
1587 1787 1889 1853 concham,
1941 1803 2046 1857 qua

458 1875 778 1944 suscipitur,
828 1874 1017 1940 dedit,
1069 1875 1166 1930 sed
1225 1882 1344 1944 post
1393 1873 1722 1932 offerendam
1779 1887 1888 1933 tam
1936 1878 2049 1949 ipse

453 1979 621 2033 cpiam
653 1965 912 2020 sacerdos
941 1979 1136 2020 manus
1164 1965 1236 2020 ibi
1265 1963 1546 2022 abluentes
1590 1965 1732 2022 lianc
1768 1967 2048 2024 collectam

453 2053 678 2110 dicunt:
711 2051 960 2118 Oremus,
997 2055 1236 2122 Absolve,
1279 2055 1518 2124 Domine,
1563 2057 1796 2114 animum
1835 2059 2044 2129 (catuli,

457 2155 596 2211 etc.,
627 2155 736 2201 tam
779 2147 890 2202 alte
927 2155 984 2200 ut
1027 2147 1273 2202 conversi
1312 2147 1616 2212 audientes,
1648 2149 1740 2220 qui
1781 2150 1885 2206 sibi
1927 2165 2046 2208 ser-

453 2235 638 2302 viunt,
693 2239 901 2308 possint
945 2239 1274 2308 respondere
1321 2240 1506 2296 Amen.
1545 2241 1736 2312 Digitis
1770 2242 1968 2298 ablutis
1995 2254 2049 2300 et

458 2329 641 2395 tersis,
672 2329 740 2384 ad
780 2329 956 2386 locum
987 2331 1074 2386 ubi
1106 2331 1362 2401 primitus
1387 2333 1616 2390 acclinis
1657 2333 1912 2391 manebat
1961 2351 2048 2392 rc-

449 2419 551 2484 dit,
591 2419 864 2492 altiusque
908 2423 1176 2479 inclinats
1223 2425 1478 2480 continuo
1507 2441 1567 2482 se
1594 2427 1774 2498 erigit,
1805 2436 2044 2498 post-mo-

449 2509 578 2564 dum
630 2520 782 2567 stans
826 2522 882 2568 et
915 2514 1198 2586 diligenter
1231 2515 1530 2572 observans
1565 2520 1786 2587 quando
1835 2521 1901 2576 ad
1941 2518 2047 2574 Per

449 2603 618 2671 ipsum
651 2611 698 2658 et
728 2622 850 2660 cum
887 2606 998 2676 ipso
1045 2617 1090 2660 et
1137 2607 1190 2661 in
1237 2608 1376 2678 ipso,
1403 2624 1594 2666 cruces
1633 2626 1797 2682 super
1835 2613 2045 2668 sacrifi-

453 2694 596 2748 cium
627 2694 808 2752 facrre
837 2697 1058 2767 incipiat
1086 2700 1364 2754 sacerdos.
1396 2699 1550 2766 Quod
1579 2717 1704 2756 mox
1733 2711 1792 2758 ut
1823 2703 2048 2772 viderit,

453 2788 736 2844 moderate
780 2805 844 2845 ac
881 2790 1210 2860 pedetentim
1247 2791 1312 2845 ad
1341 2790 1514 2848 altare
1557 2794 1860 2860 accedens,
1893 2795 2044 2864 prius

450 2881 700 2936 dextrum
747 2897 916 2936 cornu
967 2882 1173 2944 altaris,
1219 2882 1414 2938 deinde
1457 2885 1708 2940 dextrum
1757 2873 2042 2944 bnnterum

448 2972 752 3026 sacerdotis
776 2971 1072 3038 osculatur,
1097 2983 1152 3027 et
1173 2981 1356 3044 postea
1382 2975 1668 3045 corporale
1689 2995 1814 3034 cum
1833 2979 2044 3038 duobus

449 3062 644 3120 mediis
673 3065 856 3134 digitis
899 3080 1092 3120 manus
1133 3065 1334 3120 dextra:
1363 3079 1428 3120 ex
1461 3083 1570 3122 una
1595 3077 1747 3138 parte
1776 3081 2038 3138 removet,

447 3164 500 3210 et
538 3156 798 3212 sacerdos
837 3172 903 3212 ex
950 3157 1152 3224 altera,
1177 3173 1300 3213 cum
1349 3160 1546 3228 quibus
1591 3171 1646 3216 et
1682 3163 1906 3220 calicem
1945 3181 2044 3236 per
2069 3187 2114 3248 ρ

447 3248 686 3304 medium
737 3257 960 3316 tenens,
1009 3265 1200 3322 parum
1248 3251 1574 3318 sublevare,
1617 3255 1743 3312 dum
1787 3259 2046 3316 sacerdos

443 3340 576 3396 dicit
617 3338 724 3396 Per
749 3343 928 3396 omnia
969 3343 1189 3410 arcula,
1231 3351 1359 3410 etc.,
1391 3353 1446 3400 et
1484 3347 1831 3418 postmodum
1863 3350 2040 3422 ipsum

443 3433 732 3502 corporale
772 3449 840 3488 es
875 3434 1063 3490 eadem
1097 3445 1250 3507 parte
1279 3451 1650 3509 superponere
1676 3453 1952 3510 procurat,
1985 3454 2040 3500 et

449 3523 668 3578 militem
701 3525 916 3581 rediens
941 3534 1064 3596 post
1103 3527 1442 3584 sacerdotem
1473 3530 1526 3584 in
1557 3530 1754 3596 locum,
1790 3534 1876 3589 ubi
1919 3545 2038 3591 erat

443 3614 620 3683 prius,
655 3615 856 3672 iterum
879 3617 1106 3674 acclinis
1135 3627 1333 3684 manet,
1367 3621 1540 3676 donec
1571 3622 1618 3676 ei
1649 3641 1680 3677 a
1705 3623 2040 3682 subdiacono

440 3713 638 3772 patena
664 3717 922 3776 argentea
943 3707 1220 3763 olIcratur.
1247 3708 1352 3777 Qui
1373 3711 1738 3767 subdiaconus
1759 3729 1862 3768 non
1887 3716 2040 3785 prius

441 3812 502 3852 se
554 3796 750 3868 erigit,
809 3813 984 3868 neque
1031 3803 1098 3854 de
1139 3800 1290 3866 loco,
1323 3801 1376 3856 in
1427 3817 1539 3874 quo
1583 3812 1702 3874 post
1747 3806 2036 3862 diaconum

441 3887 668 3946 acclinis
697 3906 761 3946 ex
795 3905 902 3961 quo
932 3890 1162 3946 Sanctus
1191 3893 1486 3962 incoeptum
1518 3894 1712 3962 fuerat,
1739 3908 2040 3966 manserat,

441 3977 668 4046 recedit,
705 3979 878 4036 donec
921 3996 952 4035 a
993 3981 1279 4039 sacerdote
1314 3981 1512 4060 Panem
1553 3997 1788 4042 nostrum
1819 3988 1870 4044 in
1902 3987 2037 4044 Ora-

440 4071 592 4128 tione
641 4071 924 4130 Dominiea
962 4073 1194 4130 dicatur.
1243 4075 1352 4132 Sed
1405 4087 1532 4135 tunc
1589 4080 1714 4134 inde
1771 4082 2036 4138 secedens

440 4171 604 4234 atque
641 4173 956 4220 reverenter
997 4165 1286 4234 incedens,
1318 4175 1374 4222 et
1412 4165 1704 4224 linteamen
1739 4169 1805 4225 de
1833 4181 2031 4242 patena

439 4253 752 4321 tlctolvens,
793 4271 1066 4326 manuque
1111 4256 1443 4314 linteaminis
1481 4268 1637 4332 parte
1673 4260 1912 4318 involuta
1949 4263 2032 4335 ip-

438 4362 555 4402 sam
596 4357 808 4414 tenens,
837 4359 1046 4418 partem
1071 4348 1312 4418 ejusdem
1347 4351 1677 4408 linteaminis
1701 4355 1938 4424 pendere
1965 4371 2032 4411 ex

436 4437 704 4494 industria
758 4437 922 4501 facit,
975 4447 1032 4492 ut
1079 4440 1342 4494 diaconus
1389 4456 1604 4511 quoque
1659 4459 1784 4498 cum
1850 4445 2033 4516 digitis

2159 572 2324 639 porali
2385 574 2515 646 tegit
2565 584 2872 646 utramque.
2929 575 3083 633 Prius
3139 588 3318 635 tamen
3367 596 3530 652 super
3570 584 3754 654 ipsum

2158 665 2403 732 calicem,
2435 667 2633 738 digitos
2663 669 2860 739 quibus
2910 671 3120 742 tetigit,
3175 673 3460 745 diligenter
3497 677 3654 732 fricat
3694 693 3752 734 ct

2156 757 2379 822 excutit,
2426 773 2493 813 ne
2529 759 2657 830 quid
2698 760 2835 816 forte
2864 763 3006 817 inter
3033 761 3386 836 frangendum
3423 768 3490 824 de
3520 785 3754 840 corpore

2158 844 2368 900 Domini
2437 847 2762 918 adbacserit;
2821 867 3018 908 manus
3074 855 3292 910 interim
3347 873 3470 912 cum
3535 875 3754 914 summo

2155 936 2334 992 stmlio
2358 935 2612 995 claudens
2644 949 2698 995 ct
2727 942 2778 997 in
2811 943 3028 998 modum
3058 945 3240 1000 crucis
3266 948 3330 1001 ad
3355 947 3544 1018 pectus
3573 950 3760 1022 appr--

2156 1041 2306 1094 cans,
2331 1029 2494 1083 vertit
2517 1045 2576 1085 se
2597 1031 2830 1100 primum
2857 1033 3082 1089 diacono
3108 1047 3422 1092 reverenter
3439 1037 3754 1106 inclinanti,

2154 1127 2209 1170 et
2245 1117 2487 1172 casulam
2527 1137 2650 1176 cum
2703 1123 2913 1178 duobus
2961 1119 3170 1182 mediis
3205 1127 3390 1202 digitis
3429 1142 3552 1200 post
3593 1135 3748 1202 pacis

2154 1210 2399 1265 osculum
2452 1211 2596 1268 inter
2643 1213 2865 1270 brachia
2917 1219 3155 1286 aptanti,
3213 1219 3348 1277 (latis
3403 1221 3474 1277 illi
3527 1239 3750 1296 pacem,

2155 1301 2350 1356 deinde
2382 1303 2734 1372 subdiacono,
2763 1317 2817 1360 et
2847 1307 2899 1362 in
2925 1309 3270 1378 procedendo
3291 1325 3480 1368 contra
3505 1331 3743 1372 conven-

2158 1403 2291 1458 tum,
2339 1395 2548 1452 duobus
2595 1399 2882 1468 ministris,
2927 1403 2995 1456 ad
3029 1401 3277 1458 ultimum
3316 1406 3542 1464 veniens
3580 1425 3752 1478 super

2154 1485 2380 1556 gradum
2431 1498 2559 1546 ante
2603 1490 2910 1561 analogium
2962 1495 3052 1548 dat
3093 1510 3278 1564 pacem
3323 1498 3565 1564 caeteris,
3602 1499 3746 1556 sicut

2153 1577 2400 1633 adnotari
2430 1581 2790 1650 decrevimus,
2823 1584 2874 1638 in
2901 1587 3140 1656 quinque
3164 1587 3452 1660 praecipuis
3478 1589 3742 1648 festivita-

2155 1670 2298 1726 tibus
2331 1681 2442 1727 toto
2467 1676 2790 1743 conventui;
2824 1679 3036 1734 etcteris
3059 1689 3239 1734 autem
3263 1679 3472 1748 diebus,
3502 1683 3752 1756 exceptis

2156 1763 2408 1821 Sabbatis
2432 1765 2486 1821 in
2513 1767 2712 1838 quibus
2733 1767 2988 1823 eveniunt
3009 1769 3211 1840 jejuni-3
3237 1769 3482 1840 Quatuor
3509 1773 3740 1846 Tempo—

2082 1837 2124 1894 Β
2155 1873 2296 1924 rum,
2324 1867 2379 1914 ct
2408 1837 2652 1932 exceptis
2684 1861 2872 1916 missis
2893 1837 3080 1932 ieiunii
3107 1863 3160 1916 in
3187 1837 3571 1920 festivitatibus
3595 1837 3734 1935 Qua-

2152 1951 2493 2020 dragesimze,
2521 1961 2575 2006 ct
2620 1951 2842 2024 reliquis
2879 1951 3123 2022 jejuniis,
3148 1955 3201 2009 in
3238 1957 3434 2028 quibus
3473 1957 3744 2014 festivitas
3781 2003 3788 2006 «

2153 2041 2439 2098 duodecim
2487 2043 2782 2100 ieclionum
2833 2051 3110 2112 evenerit,
3157 2049 3372 2118 quando
3414 2066 3521 2105 una
3564 2051 3744 2106 hostia

2149 2133 2399 2202 oii'ertur,
2437 2144 2494 2192 ct
2543 2152 2646 2208 pax
2696 2137 2788 2192 uni
2839 2153 2868 2196 a
2915 2139 3154 2195 diacono
3193 2141 3378 2208 dator,
3411 2141 3488 2198 sic
3530 2143 3640 2198 itur
3671 2145 3739 2200 ad

2149 2242 2340 2298 pacem
2373 2245 2391 2281 τ
2416 2227 2467 2282 in
2503 2227 2666 2284 tertia
2692 2238 2745 2286 et
2776 2231 2962 2302 quinta
2995 2231 3151 2300 feria,
3173 2241 3228 2288 et
3255 2231 3496 2290 Sabbato
3523 2251 3742 2308 semper

2150 2319 2339 2374 dexter
2361 2319 2563 2375 chorus
2591 2320 2739 2376 vadit
2767 2321 2833 2376 ad
2863 2337 3074 2392 pacem,
3099 2333 3295 2394 prarter
3333 2325 3482 2380 illum
3512 2327 3598 2382 cui
3635 2326 3740 2382 tale

2148 2411 2276 2482 quid
2307 2411 2358 2468 in
2388 2422 2544 2468 nocte
2573 2414 2836 2485 conligit;
2868 2415 2920 2469 in
2960 2417 3216 2484 secunda,
3246 2429 3464 2488 quarta,
3491 2428 3546 2473 et
3579 2430 3742 2474 sexta

2149 2503 2402 2568 sinister;
2433 2503 2484 2557 in
2533 2503 2827 2560 Dominicis
2877 2515 3058 2561 autem
3093 2499 3452 2574 alternatim,
3493 2517 3552 2564 ut
3599 2509 3739 2565 alter

2147 2598 2346 2656 chorus
2381 2600 2436 2654 in
2473 2615 2603 2667 una,
2633 2601 2769 2666 alter
2800 2601 2853 2656 in
2895 2601 3090 2670 altera,
3114 2603 3256 2660 sicut
3298 2605 3608 2662 alternatim
3657 2609 3737 2662 in-

2147 2690 2422 2764 cipiantur
2447 2693 2654 2766 hymni,
2684 2691 2992 2764 antiplxonae
3017 2705 3072 2750 et
3095 2693 3311 2765 psalmi,
3342 2697 3410 2752 ab
3438 2713 3548 2752 uno
3569 2698 3747 2754 cboro

2148 2782 2200 2836 in
2233 2799 2340 2838 una
2373 2784 2731 2850 bebdomada,
2773 2785 2843 2842 ab
2871 2785 3045 2842 altero
3087 2787 3140 2842 in
3169 2788 3294 2842 alia.
3329 2787 3386 2844 Si
3423 2805 3554 2846 vero
3581 2805 3766 2846 reve-.

2147 2875 2259 2928 stiti
2289 2883 2414 2930 sunt
2445 2876 2497 2930 in
2520 2876 2712 2948 cappis
2750 2891 2846 2934 seu
2881 2877 2934 2934 in
2974 2878 3132 2948 albis,
3162 2882 3458 2938 secundum
3499 2882 3744 2954 dignita-

2148 2975 2255 3022 tem
2293 2967 2500 3022 ordinis
2545 2967 2701 3022 ibunt
2739 2967 2811 3024 ad.
2855 2971 3068 3040 pacem,
3099 2981 3157 3026 ut
3195 2973 3373 3044 primo
3402 2973 3522 3030 loco
3557 2990 3746 3032 sacer-

2147 3056 2336 3120 dotes,
2383 3056 2524 3112 sicut
2568 3069 2697 3114 sunt
2733 3060 2975 3128 priores,
3020 3061 3266 3120 secundo
3306 3063 3538 3130 diaconi,
3577 3067 3746 3122 tertio

2147 3147 2700 3216 subdiaconi,deinde
2735 3151 2844 3214 alii,
2879 3153 3022 3210 sicut
3055 3155 3190 3210 ordo
3227 3170 3414 3212 eorum
3448 3157 3650 3229 exigit,
3673 3158 3740 3214 ad

2143 3249 2448 3296 extremum
2475 3243 2747 3298 conversi.
2790 3242 2846 3298 Si
2878 3253 3058 3300 autem
3090 3245 3258 3318 aliqui
3289 3257 3416 3304 sunt
3443 3247 3495 3304 in
3525 3251 3736 3322 cappis,

2143 3339 2198 3386 ct
2224 3331 2391 3402 aliqui
2419 3334 2472 3388 in
2503 3333 2664 3400 albis,
2687 3343 2741 3391 ct
2763 3335 2926 3406 aliqui
2954 3337 3013 3392 in
3036 3337 3238 3396 froccis
3263 3339 3347 3394 vel
3370 3341 3620 3407 cucullis,
3650 3358 3744 3398 se-

2142 3425 2377 3480 cundant
2433 3427 2749 3498 dignitatem
2803 3428 3032 3488 ordinis.
3063 3430 3213 3500 prius
3261 3431 3505 3504 ibuntJti
3549 3435 3642 3504 qui
3683 3433 3737 3489 in

2142 3517 2346 3586 cappis,
2382 3517 2574 3572 deinde
2604 3518 2694 3589 qui
2729 3517 2781 3574 in
2821 3519 2982 3586 albis,
3019 3509 3298 3592 postremo
3329 3523 3421 3594 qui
3455 3524 3507 3579 in
3541 3525 3744 3581 froccis

2141 3624 2235 3664 seu
2264 3608 2487 3665 cucullis
2516 3623 2699 3676 erunt,
2728 3612 2870 3667 sicut
2895 3627 3110 3684 semper
3136 3623 3294 3683 prout
3323 3616 3389 3670 ad
3421 3620 3738 3672 conversio-

2143 3717 2264 3756 nem
2299 3713 2560 3756 venerunt
2587 3717 2680 3759 seu
2714 3718 2742 3756 a
2778 3704 2976 3758 domno
3020 3703 3218 3761 abbate
3245 3705 3406 3762 levati
3442 3715 3590 3772 sunt,
3622 3708 3740 3764 sive

2140 3793 2246 3848 sint
2275 3803 2548 3862 cantores,
2581 3794 2696 3850 sive
2731 3796 3001 3850 conversi.
3585 3865 3588 3868 η
3749 3791 3754 3794 “

2209 3881 2520 3940 Notandum
2555 3893 2734 3940 tamen
2769 3886 3028 3954 quoniam
3069 3885 3116 3942 si
3152 3887 3382 3942 domnus
3416 3887 3590 3944 abbas
3609 3905 3736 3960 pro-

2139 3985 2258 4049 pter
2292 3976 2530 4048 aliquam
2579 3965 2958 4035 rationabilem
2997 3994 3216 4035 causam
3261 3979 3558 4050 quemlibet
3599 3998 3737 4037 con-

2137 4088 2353 4130 versum
2385 4072 2649 4128 lcvaverit
2689 4073 2742 4129 in
2769 4073 3007 4145 capitulo
3036 4083 3090 4132 et
3121 4075 3174 4130 in
3211 4075 3522 4142 rcfectorio,
3552 4087 3732 4134 tamen

2137 4164 2384 4220 ordinem
2425 4165 2575 4221 illum
2603 4167 2876 4234 servabit;
2925 4166 2990 4221 ad
3021 4183 3212 4240 pacem
3243 4184 3373 4225 vero
3400 4177 3456 4234 et
3481 4170 3548 4226 ad
3579 4187 3730 4228 como

2137 4258 2474 4324 munionem,
2510 4258 2654 4314 sicut
2687 4266 2741 4314 et
2781 4257 2850 4313 ad
2893 4273 3092 4332 aquam
3137 4260 3500 4330 benedictum,
3535 4277 3732 4320 secun-

2137 4352 2540 4408 dum'ordinem
2577 4351 2950 4408 conversionis
2981 4353 3100 4408 ibit.
3133 4353 3372 4410 Privatis
3399 4365 3584 4411 autem
3613 4357 3727 4412 die-

2135 4443 2236 4498 bus
2270 4459 2586 4511 conversus,
2614 4444 2704 4514 qui
2733 4443 2904 4500 servit
2945 4445 3012 4500 de
3061 4445 3406 4514 candelabro,
3431 4450 3559 4521 quia
3607 4447 3728 4504 alba

436 4530 636 4586 mediis
685 4530 1004 4586 linteamine
1059 4531 1316 4586 involutis
1361 4534 1606 4588 eatndem
1659 4544 1910 4606 patenum
1965 4539 2034 4594 ab
2063 4535 2110 4596 ῐ)
2137 4534 2356 4590 indutus
2383 4542 2486 4598 est,
2518 4535 2727 4604 primus
2767 4543 3054 4605 postquam
3093 4539 3353 4592 sacerdos
3396 4553 3563 4610 super
3605 4555 3728 4608 gra—

438 4621 556 4691 ipso
592 4621 874 4678 osculante
899 4623 950 4678 ei
977 4637 1194 4676 manum
1236 4623 1532 4694 accipiens,
1579 4627 1729 4682 tinita
1772 4626 2030 4686 Oratione

441 4713 746 4781 Dominica,
807 4712 1002 4769 otferat
1049 4715 1350 4783 sacerdoti;
1384 4725 1605 4787 propter
1652 4720 1794 4788 quod
1851 4731 2026 4776 tamen

437 4806 692 4876 pollicem
715 4819 771 4863 et
793 4807 1026 4864 indicem
1055 4808 1278 4864 minime
1301 4809 1580 4880 disiungit,
1607 4810 1748 4866 sicut
1773 4821 1898 4870 tunc
1921 4829 2027 4868 non

440 4898 707 4970 disjunxit
730 4901 947 4970 quando
977 4901 1202 4957 calicem
1233 4917 1354 4956 cum
1397 4902 1683 4956 sacerdote
1715 4903 1931 4960 levavit.
1966 4907 2032 4961 Et

441 4993 721 5040 sciendum
775 4995 1032 5040 attoniam
1091 4994 1354 5040 nuitlmtitl
1403 4993 1472 5040 de.
1523 4996 1778 5040 orn-alipta
1835 5007 2027 5040 natura

2135 4624 2260 4678 dum
2285 4623 2515 4690 venerit,
2545 4623 2699 4678 vadit
2723 4625 2790 4678 ad
2812 4638 3026 4694 pacem.
3049 4625 3118 4680 At
3139 4627 3419 4684 sacerdote
3446 4627 3512 4682 ad
3541 4644 3726 4698 pacem

2133 4717 2496 4787 procedente,
2556 4716 2820 4772 diaconus
2868 4718 2934 4772 ad
2987 4718 3155 4773 altare
3199 4720 3437 4786 accedit,
3485 4721 3728 4793 duasque

2133 4811 2364 4876 hostias,
2403 4811 2488 4866 vel
2515 4811 2559 4865 si
2593 4811 2778 4879 plures
2809 4809 3032 4878 fuerint,
3060 4821 3120 4864 ut
3149 4813 3202 4865 in
3231 4812 3550 4878 Dominicis,
3583 4815 3728 4868 fran-

2133 4902 2212 4970 git
2249 4913 2302 4954 et
2334 4901 2543 4965 dividit,
2574 4917 2712 4969 quas
2746 4901 3008 4956 sacerdos
3049 4917 3160 4982 non
3192 4901 3400 4968 divisit,
3433 4903 3726 4972 separatim

2135 4991 2384 5040 dimittit-
2407 4999 2468 5040 ut
2510 4992 2576 5040 de
2607 4990 2777 5040 altera
2826 4990 2962 5040 inse.
2995 4993 3060 5040 de
3089 4991 3258 5040 altera
3292 4993 3550 5040 sacerdos
3579 5009 3726 5040 (‘nlll-
