4040 5298
275 201 376 258 ’121

981 209 1568 274 CONSUETUDIN‘ES
1591 215 2112 280 CLL'NIACENSES
2143 256 2207 268 --
2233 226 2439 286 LIBER
2471 231 2860 304 SECUNDUS.

3453 249 3555 306 722

275 317 488 374 redeat.
515 319 620 388 Qui
663 323 896 390 rediens,
919 333 972 380 et
1005 325 1148 381 illam
1173 331 1569 398 portiunculam
1601 335 1862 390 Dominici
1900 347 1941 398 Α
1973 339 2068 404 vit,
2100 341 2297 413 accipit
2323 345 2390 400 ab
2419 347 2608 404 eodem
2632 351 2855 408 calicem
2877 395 2890 420 ,
2924 358 3174 415 osculans
3215 363 3262 416 ei
3307 381 3550 430 manum,

271 413 549 482 corporis,
581 429 742 484 quam
774 425 1089 486 sumpturus
1126 429 1229 486 est,
1267 423 1332 476 de
1363 433 1555 492 patena
1595 427 1867 496 accipiens

273 521 402 558 cum
435 503 648 562 duobus
675 508 868 564 mediis
897 510 1080 582 digitis
1107 513 1348 570 sinistra:
1375 531 1584 582 manus,
1617 529 1868 588 patcuam

267 597 494 652 modice
547 598 778 654 diacono
819 601 1080 672 porrigit;
1121 613 1174 659 et
1225 621 1388 676 super
1425 607 1650 664 calicem
1701 611 1868 680 ipsam

241 690 680 758 portiunculam
719 707 962 756 sumens,
993 705 1188 765 postea
1216 699 1466 754 eumdem
1497 701 1718 756 calicem
1735 718 1868 758 cum

271 782 546 852 sanguine
571 784 804 842 diacono
833 786 948 842 dat.
977 787 1126 844 Unus
1155 799 1336 846 autem
1355 793 1422 848 de
1445 793 1707 850 ministris
1731 795 1871 850 tollit

271 869 346 926 de
375 875 620 930 armario
653 875 958 942 scutellam,
985 887 1043 934 et
1073 879 1290 936 allatam
1325 889 1472 937 tenet
1498 899 1620 938 cum
1651 884 1869 942 linteolo

255 980 452 1036 super
475 967 922 1036 reclinatorium,
959 973 1105 1042 quod
1135 981 1242 1038 est,
1269 985 1528 1044 quantum
1557 985 1704 1046 puto,
1739 993 1868 1047 pro-

273 1063 399 1124 pter
441 1055 542 1112 hoc
579 1058 818 1114 maxime
843 1058 1048 1116 factum
1093 1061 1236 1118 inter
1271 1065 1405 1120 duas
1428 1067 1630 1122 ciborii
1661 1067 1870 1123 colum-

271 1163 408 1214 nas;
458 1165 627 1219 super
669 1154 816 1223 quod
861 1154 1124 1210 diaconus
1165 1157 1334 1212 mittit
1377 1167 1630 1230 patenam
1667 1162 1718 1216 in
1761 1175 1869 1232 qua

245 1242 626 1300 rDominicum
679 1261 878 1317 corpus
929 1255 1016 1302 est
1070 1249 1334 1316 divisum;
1386 1251 1610 1308 calicem
1657 1269 1871 1324 quoque

245 1351 400 1391 cum
427 1338 697 1407 sanguine
711 1339 809 1394 dat
833 1339 1166 1396 subdiacouo
1191 1343 1522 1400 intrinsecus
1543 1345 1704 1400 stanti
1731 1345 1872 1400 inter

273 1429 691 1485 reclinaret-ium
719 1439 780 1486 et
799 1431 978 1488 altare
1003 1449 1022 1486 τ
1053 1434 1144 1503 qui
1183 1435 1390 1490 tenebit
1419 1449 1548 1492 cum
1589 1435 1868 1502 reclinem,

271 1535 440 1590 (luam
461 1520 806 1590 oorrjunctins
835 1523 1042 1593 poterit
1055 1539 1188 1595 erga
1221 1525 1532 1590 scutellam;
1565 1528 1864 1581 communio

1969 443 2024 490 et
2057 451 2084 490 a
2110 437 2335 496 diacono
2357 454 2612 512 patenam
2649 447 2864 514 calicis,
2912 450 2980 505 ab
3007 451 3163 508 altari
3214 461 3552 532 superimpo-

1967 527 2078 583 sito
2099 545 2206 586 uno
2227 535 2498 606 corporali
2526 549 2838 608 acceptam;
2885 557 3009 598 nam
3035 545 3262 602 alteram
3285 527 3345 604 in
3373 527 3551 608 locum

1969 633 2126 674 suum
2184 637 2346 692 super
2369 625 2540 681 altare
2587 631 2832 699 reponit;
2876 639 2928 686 et
2974 643 3098 690 tunc
3147 639 3231 692 ille
3274 643 3362 712 qui
3406 652 3551 698 tenet

1967 711 2271 778 scutellam,
2302 713 2462 771 altius
2483 731 2609 772 cam
2643 719 2890 786 elevans,
2935 725 3084 779 νιιιΙίι
3114 737 3240 784 ante
3269 731 3550 786 sinistrum

1967 813 2140 855 conm
2174 801 2394 873 altaris,
2440 815 2493 861 et
2523 809 2886 868 subdiaconus
2919 827 3166 872 remanet
3205 835 3327 876 cum
3373 823 3549 882 calice

1969 905 2096 952 ante
2124 897 2408 968 dextrum,
2433 913 2553 974 post
2592 907 2931 963 sacerdotem
2981 919 3168 966 tenens
3209 931 3331 970 cum
3378 917 3550 974 altera

1973 1003 2136 1043 manu
2162 991 2385 1046 calicem
2407 1035 2420 1059 ,
2465 1007 2588 1050 cum
2620 996 2791 1052 altera
2823 1009 3020 1070 patena
3046 1017 3340 1076 parumper
3373 1009 3552 1064 suble-

1971 1093 2095 1136 vata
2122 1097 2244 1137 cum
2275 1086 2568 1155 corporali.
2601 1089 2798 1144 Verum
2833 1103 3022 1147 contra
3062 1096 3205 1166 ipsos
3249 1107 3394 1156 totus
3423 1116 3552 1156 con-

1971 1181 2166 1227 ventus
2181 1189 2278 1242 pro
2303 1179 2606 1232 reverentia
2631 1179 2895 1236 Boruinici
2919 1187 3165 1254 corporis
3187 1197 3241 1244 ct
3267 1193 3552 1264 sanguinis

1967 1263 2185 1317 veniant
2215 1265 2368 1334 perit.

2043 1353 2336 1413 Sciendum
2365 1367 2549 1414 autem
2576 1363 2836 1432 quoniam
2859 1403 2875 1432 ,
2917 1365 2961 1420 si
2989 1366 3224 1436 quilibet
3251 1379 3374 1440 post
3397 1387 3550 1428 com-

1965 1459 2189 1501 munem
2225 1448 2438 1504 veniam
2477 1455 2883 1520 supervenerit,
2929 1472 3076 1512 nunc
3107 1459 3156 1512 in
3185 1460 3374 1528 choro,
3409 1479 3554 1520 mmc

1971 1545 2122 1590 extra
2156 1535 2382 1593 chorum
2418 1541 2635 1595 veniam
2677 1551 2862 1612 petere
2899 1545 3080 1601 debet.
3108 1547 3382 1606 Similiter
3411 1561 3554 1622 post-

271 1619 368 1666 cat
396 1611 616 1680 primus
663 1612 946 1678 diaconus,
980 1623 1040 1669 et
1083 1625 1211 1686 post
1247 1629 1378 1672 eum
1423 1615 1518 1672 alii
1567 1615 1870 1672 forinsecus
1905 1641 2133 1708 nquam
2181 1627 2378 1698 aliquis
2422 1611 2912 1694 commtmicaverit
2959 1649 3156 1708 pnetcr
3206 1642 3347 1698 hanc
3405 1611 3554 1699 com-

247 1703 620 1768 accedentes,
645 1719 716 1760 eo
753 1705 946 1762 ordine
975 1721 1091 1778 Quo
1127 1715 1180 1764 et
1221 1707 1290 1763 ad
1333 1723 1542 1779 pacem.
1583 1717 1638 1762 οι
1673 1716 1874 1780 prtelet‘
1905 1687 1952 1746 Β
1979 1687 2312 1786 tunimeui,
2349 1737 2497 1777 nime
2528 1733 2654 1780 ante
2683 1725 2855 1782 altare
2899 1687 3232 1796 S.r:loannis,
3283 1687 3428 1788 nunc
3455 1735 3556 1790 ali-

279 1795 406 1852 itlos
427 1797 518 1866 qui
541 1797 599 1852 in
617 1797 766 1854 albis
779 1807 930 1860 sunt,
951 1807 1246 1870 antequam
1265 1801 1670 1857 communicent
1694 1799 1875 1856 cuncti

241 1888 492 1944 .veuiam
533 1897 803 1959 petentes,
835 1899 892 1946 et
923 1905 1148 1946 manum
1199 1892 1504 1948 sacerdmis
1545 1891 1875 1958 osculantes,

277 1991 390 2034 tam
430 1979 506 2035 illi
537 1995 702 2052 quam
749 1982 865 2038 alii.
911 1981 970 2038 Si
1015 1983 1144 2054 quis
1181 1993 1386 2050 autem,
1413 1985 1510 2056 qui
1547 1999 1654 2041 non
1702 1987 1773 2040 sit
1812 1986 1878 2041 dc

239 2071 376 2128 ~illo
425 2073 597 2128 clzoro
639 2075 730 2146 qui
759 2075 910 2132 vadit
951 2077 1017 2132 ad
1063 2091 1273 2147 pacem,
1307 2077 1540 2134 voluerit
1577 2079 1880 2134 communi-

279 2179 444 2228 care,
499 2163 644 2220 facto
691 2165 817 2222 inde
865 2165 1021 2238 signo
1063 2167 1135 2222 illi
1173 2169 1268 2239 qui
1311 2177 1490 2224 servat
1535 2169 1798 2230 ordinem,
1831 2170 1878 2226 si

271 2253 516 2308 slotnntrs
550 2254 719 2312 abbas
753 2255 838 2311 vel
875 2257 1030 2327 prior
1067 2257 1240 2325 abest,
1286 2260 1491 2315 accedit
1531 2267 1638 2314 tam
1673 2263 1740 2314 al
1777 2277 1872 2330 pa.

273 2357 402 2398 cem
432 2359 598 2416 quam
625 2345 694 2399 ad
725 2349 1163 2404 communionem
1211 2352 1264 2405 in
1297 2365 1396 2407 suo
1433 2353 1641 2407 ordine.
1671 2352 1880 2408 habent

279 2441 470 2490 autem
515 2435 718 2508 singuli
743 2437 818 2492 ita
847 2453 908 2494 se
936 2439 1180 2496 scutella:
1209 2442 1527 2512 adiungere,
1557 2451 1616 2497 ut
1650 2444 1694 2496 si
1738 2445 1878 2500 forte

281 2527 432 2582 inter
471 2529 795 2586 sumendum
847 2545 1049 2600 corpus
1079 2531 1298 2588 Domini
1349 2533 1640 2604 aliquando
1689 2535 1772 2588 vel
1814 2536 1878 2590 de

273 2634 380 2675 ore
397 2620 688 2687 sumentis,
709 2621 798 2677 vel
825 2622 891 2678 de
917 2639 1080 2678 manu
1101 2627 1432 2696 porrigentis
1461 2630 1666 2698 lapsum
1691 2627 1878 2691 fuerat,

241 2725 248 2732 '
275 2709 388 2766 nisi
421 2709 474 2766 in
501 2711 784 2770 scutellam
815 2715 1012 2772 cadere
1037 2732 1144 2772 non
1177 2719 1368 2786 possit.
1396 2719 1670 2790 Quotquot
1697 2729 1878 2774 autem

275 2805 462 2872 ipsum
513 2819 711 2877 corpus
754 2819 975 2863 sacrum
1025 2808 1274 2875 dederit,
1329 2811 1557 2881 singulis
1617 2813 1880 2882 sanguine

271 2895 435 2966 prius
482 2895 738 2968 iatinguit
771 2896 876 2970 (ϐ).
918 2897 1346 2956 Connuunicatis
1393 2912 1574 2957 autem
1627 2903 1882 2958 outnibus

272 2988 376 3058 qui
423 2988 718 3056 voluerint,
747 2999 802 3046 et
828 2992 1122 3048 novissime
1151 2995 1506 3060 snbdiacono,
1542 2995 1634 3065 qui
1665 3010 1884 3064 semper

279 3099 382 3155 per
410 3083 862 3139 consuetudinem
891 3085 962 3139 ad
997 3085 1260 3158 majorem
1311 3087 1536 3142 missam
1569 3087 1882 3144 communi-

275 3189 412 3230 care
457 3174 622 3231 debet
650 3175 920 3247 (exceptis
957 3176 1043 3232 bis
1091 3179 1293 3236 diebus
1339 3179 1392 3234 in
1430 3179 1628 3250 quibus
1671 3189 1882 3235 tantum

283 3282 392 3321 una
447 3267 628 3322 hostia
677 3269 1052 3340 consecratur)
1092 3279 1148 3325 et
1197 3273 1598 3327 communicato
1647 3273 1738 3328 illo
1789 3275 1882 3342 qni

283 3365 441 3414 tenet
465 3359 776 3428 scutellam,
815 3361 860 3416 si
891 3375 1092 3432 corpus
1121 3363 1338 3418 Domini
1389 3373 1661 3436 superest,
1707 3364 1790 3420 vel
1839 3364 1882 3420 si

283 3445 512 3503 videtur
561 3447 686 3515 sibi,
717 3450 1038 3521 cooperitur
1075 3451 1194 3523 ipsa
1229 3452 1477 3520 scutella,
1511 3463 1568 3509 et
1605 3453 1697 3525 qui
1739 3462 1886 3510 tenet

283 3553 410 3593 eam
437 3553 546 3594 non
571 3553 630 3596 se
656 3543 944 3598 submovet
971 3542 1098 3599 inde
1121 3559 1406 3616 quousque
1431 3547 1686 3603 sacerdos
1715 3545 1886 3603 calice

283 3647 318 3686 a
356 3631 694 3688 subdiaeouo
730 3641 950 3704 recepto
989 3635 1311 3707 sanguinem
1341 3647 1542 3703 sumat,
1570 3637 1886 3708 vinumque,

287 3737 400 3793 quo
445 3731 632 3794 postea
678 3725 904 3781 calicem
947 3727 1118 3792 lavat,
1171 3727 1406 3786 infusum
1439 3731 1542 3787 sibi
1586 3729 1654 3786 ab
1697 3729 1885 3787 eodem

243 3833 254 3840 ·
287 3815 624 3874 οιιΜίιιεοιιο
647 3818 700 3872 in
726 3819 894 3874 altera
919 3835 1080 3874 manu
1105 3829 1320 3878 tenente
1343 3823 1658 3892 ampullam,
1682 3833 1736 3878 et
1763 3838 1886 3878 cum

241 3920 250 3932 δ
289 3903 478 3964 altera.
520 3905 760 3961 involuta
807 3906 1060 3974 linteolo,
1108 3911 1250 3979 quod
1295 3926 1422 3966 cum
1478 3921 1671 3982 pateua
1725 3927 1888 3982 super

289 3996 468 4054 altare
494 4007 772 4068 posnerat,
795 3999 1112 4058 sublevante
1139 4003 1326 4060 calicis
1356 4007 1568 4076 pedem.
1596 4005 1884 4071 Diaconos,

291 4097 550 4162 percepta
587 4090 1004 4158 communione,
1048 4107 1216 4164 prope
1253 4095 1599 4151 armariolum
1635 4097 1798 4160 venit,
1830 4107 1889 4152 ut

245 4199 252 4204 '
293 4195 418 4236 cum
451 4179 578 4238 vino
603 4181 656 4235 in
680 4180 854 4237 altero
873 4181 1042 4236 calice
1066 4183 1260 4253 digitos
1283 4183 1467 4240 abluat
1487 4187 1683 4256 quibus
1712 4185 1889 4240 Domi-

251 4289 254 4292 ·
293 4273 476 4329 nicum
523 4287 722 4344 corpus
767 4275 1039 4341 tractavit,
1072 4275 1322 4332 ministro
1349 4275 1444 4347 qui
1475 4285 1755 4348 supererat
1784 4278 1888 4348 (7),

1979 1809 2032 1864 bi
2065 1812 2276 1867 veniam
2326 1817 2846 1875 consuctudinalitcr
2895 1823 3048 1892 petit.
3103 1823 3222 1879 Mox
3283 1833 3458 1881 autem
3497 1835 3558 1881 ut

1933 1893 1944 1908 ⁴
1979 1899 2070 1955 ille
2099 1901 2380 1972 minister,
2430 1905 2521 1976 qui
2554 1917 2856 1978 supererat,
2902 1911 3084 1982 digitis
3126 1913 3336 1970 diaconi
3372 1915 3552 1971 viuum

1979 1991 2313 2064 superfudit,
2336 1995 2546 2051 accedit
2565 2007 2724 2053 extra
2750 2000 2948 2056 inclina
2959 2003 3159 2058 torium
3189 2003 3444 2062 deferens
3466 2022 3564 2061 ca-

1982 2082 2136 2138 licem
2173 2083 2338 2138 alium
2369 2087 2630 2143 minorem
2653 2129 2668 2153 ,
2714 2105 2836 2146 cum
2867 2092 3125 2162 ampulla,
3157 2109 3318 2164 quam
3348 2097 3555 2151 submi-
3583 2111 3585 2114 '

1979 2174 2236 2228 nistravit
2258 2175 2522 2242 diacono,
2555 2187 2608 2233 et
2634 2189 2756 2250 post
2782 2181 2849 2236 ab
2873 2182 3068 2236 eodem
3103 2183 3325 2254 recipit,
3359 2193 3416 2239 ut
3466 2201 3556 2240 sa-

1977 2265 2175 2322 cerdos
2219 2281 2436 2336 quoque
2479 2267 2676 2340 digitos
2703 2267 2830 2326 illos
2873 2271 3048 2335 lavet,
3093 2273 3288 2344 quibus
3319 2275 3558 2330 Domini-

1973 2371 2102 2410 cum
2131 2371 2333 2426 corpus
2383 2359 2674 2423 tractavit,
2731 2373 2867 2429 quos
2916 2377 3192 2432 nunquam
3241 2363 3292 2417 in
3337 2361 3558 2432 majoris

1983 2447 2169 2502 missae
2193 2447 2368 2502 calice
2395 2447 2616 2504 abluere
2645 2449 2788 2505 licet.
2821 2449 2938 2518 Quo
2963 2461 3195 2523 sumpto,
3247 2453 3441 2508 iterum
3473 2454 3558 2506 vi-

1979 2551 2110 2592 num
2136 2538 2188 2592 in
2219 2537 2442 2594 calicem
2479 2537 2740 2606 funditur,
2767 2551 2825 2596 ut
2853 2541 2968 2612 ipse
2989 2541 3387 2612 aliquantulum
3412 2541 3552 2596 calix

1979 2629 2398 2694 abluatur,cta
2427 2632 2708 2686 sacerdote
2759 2633 3011 2688 sumitur.
3059 2633 3128 2687 Et
3175 2634 3388 2703 quoties
3449 2641 3557 2688 tam

1983 2724 2296 2792 sanguinem
2366 2737 2527 2792 quam
2595 2723 2860 2794 reliquum
2899 2725 3080 2778 vinum
3126 2725 3319 2784 sun'tit.
3367 2723 3558 2777 ﬁteicm

1983 2829 2171 2870 versus
2197 2815 2392 2880 altare,
2421 2813 2502 2870 vel
2531 2829 2720 2871 versus
2751 2817 3017 2872 orientem
3045 2818 3228 2871 vertit.
3257 2817 3350 2870 Ille
3376 2825 3556 2870 autem

1981 2904 2072 2976 qui
2103 2911 2282 2975 portat
2303 2903 2683 2961 candelabrum
2705 2945 2726 2973 ,
2757 2915 3042 2976 postquam
3073 2907 3328 2962 sacerdos
3367 2923 3394 2958 a
3427 2922 3561 2976 pace

1908 3030 1954 3092 Ο
1983 2995 2228 3060 redierit,
2261 2993 2520 3050 continuo
2551 2996 2776 3066 accipit,
2831 3003 3020 3050 tenens
3047 2997 3149 3050 hoc
3171 3005 3294 3050 ante
3323 2995 3552 3065 gradum

1979 3085 2341 3148 sublevatnm,
2377 3099 2476 3140 nec
2507 3085 2656 3154 prius
2695 3085 2918 3157 deponit
2943 3097 3103 3157 quam
3139 3085 3241 3140 Per
3279 3085 3562 3139 Dominum

1987 3183 2222 3228 nostrum
2257 3175 2322 3230 de
2351 3176 2524 3245 prima
2548 3175 2773 3230 collecta
2809 3183 2929 3246 post
2950 3175 3386 3231 communionem
3413 3175 3562 3229 dica-

1987 3273 2095 3321 tur.
2127 3265 2322 3321 Eadem
2361 3267 2492 3320 hora
2527 3275 2634 3320 tam
2669 3265 3031 3320 subdiaconus
3051 3279 3172 3318 cum
3203 3263 3374 3320 calice
3393 3279 3556 3332 quam

1987 3357 2238 3412 minister
2272 3373 2393 3412 cum
2435 3357 2661 3412 scutella
2700 3356 3000 3410 discedunt.
3047 3354 3103 3409 In
3151 3353 3432 3409 duodecim
3487 3353 3562 3408 le-

1985 3449 2258 3506 ctionibus
2301 3451 2408 3505 duo
2443 3449 2690 3504 conversi
2720 3463 2840 3505 cum
2874 3449 3083 3503 duobus
3109 3443 3472 3508 candelabris,
3507 3453 3564 3499 et

1987 3542 2180 3597 tertius
2205 3550 2396 3597 tenens
2417 3540 2774 3606 tburibulum,
2801 3537 2990 3596 eodem
3009 3537 3230 3593 omnino
3255 3536 3412 3593 modo
3435 3545 3564 3590 ante

1985 3634 2216 3704 gradum
2255 3642 2314 3688 et
2357 3631 2622 3688 accedunt
2667 3639 2726 3686 et
2758 3631 3076 3694 discedunt,
3109 3643 3218 3700 quo
3247 3629 3449 3684 dictum
3480 3637 3576 3683 est

1988 3723 2215 3795 privatis
2241 3723 2452 3780 diebus.

2059 3815 2353 3873 Sciendum
2383 3829 2508 3869 vero
2553 3812 2849 3885 quoniam,
2907 3812 3120 3882 quoties
3150 3825 3256 3866 non
3305 3809 3407 3864 nisi
3457 3825 3560 3862 una

1989 3891 2166 3964 bestia
2216 3915 2570 3964 consecratur
2625 3905 2694 3959 ad
2739 3904 3004 3974 majorem
3057 3901 3310 3967 missam,
3373 3903 3564 3956 eadem

1991 4001 2150 4054 missa
2177 4015 2298 4054 cum
2327 3997 2496 4054 calice
2522 3995 2748 4052 minoris
2795 3995 2974 4049 missa:
3012 4003 3067 4050 et
3107 3994 3267 4063 duplo
3298 3991 3565 4060 corporali

1989 4101 2276 4157 cantatur;
2307 4101 2362 4146 et
2393 4100 2518 4146 tunc
2546 4102 2720 4159 neque
2739 4097 2934 4159 patena
2965 4096 3222 4156 argentea
3253 4083 3561 4145 exhibetur,

1987 4201 2170 4256 neque
2195 4185 2451 4256 prmdicta
2479 4183 2703 4237 scutella
2741 4189 3083 4252 apportatur,
3127 4191 3301 4246 neque
3348 4177 3567 4231 subdia-

1991 4293 2180 4344 conus,
2213 4287 2500 4348 postquam
2541 4273 2766 4330 calicem
2813 4281 2935 4343 post
2977 4271 3409 4326 communionem
3449 4283 3566 4321 sus-

293 4361 420 4420 cu'm
447 4365 684 4436 ampulla
717 4363 979 4422 fundente
1011 4368 1194 4422 vinum
1223 4373 1280 4422 et
1309 4367 1500 4437 pedem
1541 4368 1724 4423 calicis
1762 4371 1888 4422 sub.
1923 4377 1964 4430 ι)
1990 4369 2233 4438 ceperit,
2289 4375 2412 4436 post
2444 4365 2781 4421 sacerdotem
2830 4371 3102 4425 moratur,
3135 4374 3310 4428 neque
3344 4371 3570 4412 convcr-

298 4455 546 4520 levante;
593 4471 732 4528 quos
777 4457 990 4514 ablutos
1034 4460 1101 4514 ad
1149 4459 1370 4515 calicem
1403 4459 1552 4528 prius
1584 4461 1761 4530 tergit,
1793 4460 1890 4515 de-

300 4549 424 4604 inde
449 4552 516 4605 ad
546 4549 762 4614 faciem,
787 4561 842 4606 et
855 4567 978 4607 eam
1005 4561 1212 4621 partem
1239 4567 1345 4621 qua
1387 4553 1542 4606 tersit
1565 4567 1626 4605 ca
1652 4551 1886 4621 applicat

299 4647 359 4696 et
405 4642 591 4696 vinum
641 4643 808 4698 sumit
849 4653 1068 4699 vertens
1109 4659 1168 4699 se
1205 4645 1272 4700 ad
1302 4649 1601 4709 orientem,
1659 4655 1710 4700 et
1761 4657 1890 4701 tunc

253 4741 258 4750 '
299 4733 610 4802 corporalia
647 4733 878 4804 plicare,
917 4741 974 4789 et
1004 4733 1199 4789 librum
1227 4737 1505 4793 missalcm
1543 4737 1612 4790 de
1669 4736 1893 4793 sinistro

303 4837 474 4879 cornu
503 4825 698 4880 altaris
728 4825 782 4880 in
805 4826 1057 4882 dextrum
1081 4837 1305 4894 ponere,
1327 4837 1384 4881 et
1406 4829 1472 4882 ad
1503 4827 1682 4882 locum
1715 4827 1888 4893 illum,

307 4911 400 4967 ubi
425 4913 574 4983 prior
611 4913 838 4970 collecta
870 4922 958 4970 est
989 4914 1042 4968 in
1072 4913 1320 4982 proximo
1359 4915 1588 4972 dicenda
1617 4955 1632 4979 ,
1680 4927 1893 4973 vertere

307 5005 596 5060 accelerat.
657 5005 1035 5062 Sobdiaconus
1087 5017 1248 5067 vero,
1295 5021 1417 5061 mox
1470 5017 1530 5064 ut
1573 5012 1892 5079 sanguinem

309 5096 540 5164 sumpsit
569 5095 842 5165 sacerdos,
879 5106 936 5154 et
963 5096 1148 5150 vinum
1169 5109 1276 5162 quo
1308 5109 1501 5165 postea
1541 5096 1776 5156 calicem
1819 5101 1894 5155 la-

385 5231 462 5298 (6)
495 5233 769 5298 Intinguit.
807 5235 972 5292 Addit
1015 5231 1156 5285 alius
1202 5231 1368 5289 codex
1401 5255 1414 5290 :
1448 5235 1779 5298 Quanquam
1829 5239 1898 5294 sit

1989 4475 2083 4514 sus
2106 4458 2172 4512 de
2203 4455 2524 4512 candelabro
2551 4455 2814 4518 serviens,
2845 4462 3127 4523 postquam
3159 4449 3417 4503 sacerdos
3449 4457 3570 4516 past

1991 4550 2318 4606 aliutionem
2347 4548 2636 4619 digitorum
2675 4547 2854 4598 vinum
2895 4543 3053 4598 calici
3107 4541 3341 4596 infusum
3387 4539 3573 4594 ebibe-

1994 4639 2344 4709 rit,ampllus
2387 4638 2650 4710 operitur.
2702 4637 2994 4692 Sciendum
3051 4649 3268 4704 quoque
3311 4633 3596 4702 quonianr

1992 4733 2144 4789 omni
2167 4733 2254 4788 die
2285 4731 2564 4788 Dominica
2594 4727 3034 4798 corpusDomini
3065 4733 3332 4790 mutatur,
3358 4732 3414 4778 et
3439 4724 3564 4778 dum

1995 4823 2250 4879 sacerdos
2279 4821 2522 4891 procedit
2553 4821 2620 4876 ad
2652 4833 2878 4890 pacem,
2920 4833 3109 4874 recens
3140 4823 3511 4872 consecratum
3543 4831 3574 4866 ιι

1996 4915 2228 4970 diacono
2275 4913 2328 4967 in
2371 4911 2552 4983 pixide
2579 4911 2785 4966 cortica
2831 4910 3140 4981 reponitur;
3177 4907 3402 4976 etquod
3433 4919 3572 4973 pra--

2001 5005 2158 5059 terita
2187 5003 2469 5058 Dominica
2499 5007 2876 5057 consecratum
2911 5004 3104 5064 fuerat,
3131 5000 3258 5052 inde
3288 4996 3612 5065 ειριςίιιῇιιιι·Μ

1999 5107 2057 5152 et
2087 5096 2155 5150 ab
2175 5094 2365 5150 eodem
2389 5096 2622 5150 diacono
2647 5093 2928 5160 dividitur,
2957 5102 3014 5150 et
3043 5093 3241 5147 fratres
3267 5091 3392 5145 inde
3417 5101 3566 5140 com—
3587 5117 3604 5124 ς

2001 5241 2156 5290 extra
2204 5227 2632 5288 reclinatorium.
2665 5236 2724 5282 ut
2771 5231 3025 5286 sacerdos
3072 5238 3236 5298 super
3282 5236 3407 5278 eum
3459 5232 3618 5272 cum-.-
