4040 5298
517 411 616 474 :23

1511 411 1835 478 UDALRICI
1877 413 2375 478 CLUNIACENSIS
2418 412 2724 476 nossent

3689 415 3788 474 72$

521 534 898 600 taunicantur;
954 527 1074 590 duae
1133 541 1339 590 tantum
1391 539 1674 607 pulticula:
1716 539 1860 593 illius
1885 539 2094 604 hostim,
2130 543 2171 600 Α
2203 553 2364 592 unam
2391 551 2657 600 mensam,
2689 542 2876 606 postea
2926 533 2994 588 ad
3041 547 3234 588 omnes
3284 533 3336 588 in
3375 533 3478 588 alia
3510 543 3702 602 parte,
3729 543 3792 588 et

515 639 676 694 quam
707 624 965 680 sacerdos
1013 625 1222 688 divisit,
1269 640 1374 681 non
1417 637 1718 682 mutantur.
1773 627 2099 682 Praedictam

514 726 693 771 autem
717 717 975 788 pixidem,
1013 718 1139 770 dum
1179 717 1373 788 psalmi
1405 717 1704 774 familiares
1727 728 1852 788 post
1880 720 2098 774 tertiam

514 801 810 874 dicuntur,
857 808 1116 862 diaconus
1165 808 1231 862 de
1285 807 1535 864 columba
1573 809 1779 881 jugiter
1828 810 2100 878 pendente

514 915 678 970 super
710 901 904 964 altare,
937 901 1076 956 bene
1107 917 1231 956 cum
1259 901 1479 958 linteolo
1508 905 1574 958 de
1610 903 1831 973 pulvere
1859 905 2101 958 exterius

517 1001 682 1057 tersa,
711 994 1010 1058 abstrahit,
1058 1004 1114 1048 et
1157 1009 1321 1064 super
1369 996 1621 1049 dextrum
1655 1011 1822 1050 cornu
1873 996 1974 1051 sub
2011 1011 2101 1050 co-

513 1087 785 1158 upertorio
813 1088 982 1158 ponit,
1013 1079 1286 1156 missaque
1312 1089 1460 1142 finita
1491 1091 1542 1142 in
1571 1090 1760 1144 eodem
1793 1089 1912 1145 loco
1939 1105 2093 1160 repo-

516 1177 617 1230 nit.
657 1176 948 1247 Postquam
981 1187 1159 1232 autem
1207 1179 1572 1234 subdiaconus
1628 1189 1683 1234 et
1739 1181 1982 1236 minister
2035 1181 2100 1234 de

515 1279 638 1324 ante
667 1269 836 1324 altare
864 1270 1232 1336 discesserint,
1259 1272 1490 1342 quisque
1523 1287 1618 1327 sua
1652 1273 1719 1328 ad
1745 1272 2098 1328 armat-inium

515 1369 774 1432 reportat.
829 1361 928 1418 Ubi
962 1361 1358 1433 quantumlibet
1393 1366 1538 1420 ciara
1602 1365 1718 1420 dies
1770 1366 1861 1430 sit,
1919 1376 2096 1420 tamen

513 1469 638 1530 cum
670 1469 830 1510 cert-0
861 1465 1185 1524 utrumque,
1233 1465 1432 1526 patena
1470 1455 1708 1522 scilicet,
1746 1473 1908 1526 super
1936 1472 2097 1526 quam

515 1539 728 1600 Domini
765 1560 961 1614 corpus
1006 1545 1239 1601 fractum
1287 1547 1482 1613 fuerit,
1530 1557 1584 1602 et
1627 1547 1770 1603 calix
1798 1547 2099 1618 diligentis-

513 1637 650 1691 sime
675 1637 1092 1692 cmsiderantur
1130 1654 1160 1692 a
1205 1641 1538 1696 subdiacono
1577 1650 1631 1694 et
1660 1656 1688 1693 a
1739 1641 2020 1704 ministro,
2051 1642 2094 1695 si

513 1729 644 1798 quid
677 1727 817 1785 forte
849 1729 927 1784 vel
961 1730 1386 1788 minutissimum
1413 1734 1480 1788 de
1507 1748 1733 1803 corpore
1773 1734 1984 1789 Domini
2014 1751 2098 1789 rei

513 1819 812 1885 manserit;
865 1829 952 1886 et,
1003 1821 1046 1876 si
1077 1822 1205 1891 quid
1241 1823 1438 1879 viderit
1473 1825 1820 1890 remansisse,
1853 1826 1958 1880 hoc
1991 1841 2094 1878 non

2201 630 2279 684 sic
2313 630 2506 682 iterum
2539 629 2680 682 redit
2703 627 2770 682 ad
2801 627 3103 692 dexteram,
3127 635 3184 681 et
3211 627 3505 682 tribuentis
3534 642 3780 682 manusa

2205 720 2437 790 singulis
2463 719 2758 775 osculatur.
2792 717 3016 785 Quoties
3047 718 3336 783 benedieit,
3367 718 3498 774 facit
3523 727 3634 772 tres
3661 733 3790 773 cru-

2205 827 2300 866 ces
2329 817 2518 866 contra
2549 823 2794 864 mensam
2819 808 3198 878 principalem,
3225 817 3420 864 contra
3453 809 3702 864 dextram
3731 817 3792 864 et

2203 903 2514 968 sinistram;
2565 901 2631 956 ad
2681 911 2866 972 potutn
2921 915 3049 956 vero
3101 917 3206 957 non
3259 901 3366 956 nisi
3414 917 3600 958 unam.
3661 901 3790 958 Po‘st

2203 993 2640 1064 completorium,
2677 992 2993 1061 priusquam
3028 992 3186 1046 tertia
3207 991 3428 1046 tiniatur
3449 993 3646 1054 oratio,
3675 992 3786 1047 exit

2203 1087 2270 1140 de
2296 1085 2466 1140 choro
2492 1083 2558 1140 ad
2591 1099 2788 1154 aquam
2813 1083 3177 1150 benedictam,
3209 1095 3269 1139 nt
3295 1099 3418 1141 cum
3449 1099 3512 1139 ea
3546 1085 3784 1156 singuiov

2205 1185 2476 1247 aspergat.
3403 1229 3408 1234 .
3735 1235 3738 1244 .

2275 1271 2342 1326 Et
2368 1271 2491 1340 quia
2519 1267 2822 1325 sacerdotis
2867 1268 3034 1324 semel
3079 1269 3324 1334 memini,
3359 1277 3420 1324 ut
3459 1270 3550 1326 hic
3597 1269 3786 1340 adjun-

2203 1379 2324 1434 gam
2378 1363 2522 1433 quod
2571 1361 2862 1430 adhuc_ad
2903 1376 3026 1416 eum
3087 1361 3398 1430 specialiter
3449 1361 3709 1430 pertinet,
3739 1362 3784 1415 si

2203 1455 2426 1510 intissam
2459 1453 2730 1524 privatam
2773 1460 2998 1506 cantare
3043 1451 3306 1516 voluerit,
3339 1450 3516 1507 innuit
3559 1465 3785 1505 conver-

2201 1561 2262 1600 so
2293 1560 2416 1600 cum
2444 1545 2600 1616 signo
2627 1543 2830 1606 crucis,
2887 1542 3031 1612 quod
3061 1550 3144 1597 cst
3185 1542 3400 1612 signum
3432 1541 3614 1598 missa:
3655 1557 3778 1596 can-

2204 1637 2402 1690 tandm.
2427 1635 2554 1702 Qui,
2600 1635 2863 1690 continuo
2899 1649 3134 1704 sequens
3159 1634 3310 1690 illum
3358 1635 3426 1690 ad
3477 1634 3662 1692 locum
3699 1635 3784 1689 ubi

2200 1737 2328 1784 sunt
2355 1728 2608 1784 utensilia
2640 1728 2920 1783 recondita
2951 1728 3018 1782 ad
3047 1726 3316 1782 solemnia
3349 1727 3668 1792 missarum,
3697 1742 3782 1782 ac-

2199 1819 2382 1874 cendit
2403 1819 2710 1885 candelam,
2739 1817 2892 1886 ponit
2914 1819 2965 1872 in
3000 1818 3286 1874 brachium
3309 1817 3596 1872 sinistrum
3624 1819 3776 1874 vesti-

514 1931 679 1968 manu
718 1922 938 1983 tangere
971 1888 1278 1984 praesumit,
1335 1917 1430 1972 sed
1479 1917 1657 1988 lingua
1701 1888 1908 1974 tantum
1952 1919 2099 1972 levat
2131 1888 2172 1946 Β
2203 1920 2445 1966 mentum
2474 1908 2846 1972 sacerdotale,
2885 1917 2942 1962 et
2985 1907 3222 1978 desuper
3257 1906 3454 1963 librum
3489 1907 3784 1963 missalem.

514 2015 571 2060 et
605 2004 800 2070 sumit,
845 2005 888 2060 si
917 2003 1042 2060 talis
1070 2015 1154 2060 est
1191 2007 1456 2078 particula
1503 2023 1666 2077 quam
1713 2009 2100 2064 convenienter

512 2114 730 2155 sumere
751 2101 952 2169 possit;
981 2101 1025 2155 si
1057 2116 1187 2156 vero
1209 2102 1592 2170 minutissima,
1618 2109 1692 2169 et,
1719 2113 1777 2160 ut
1799 2105 1872 2160 ita
1895 2105 2098 2172 dicam,

515 2184 861 2248 indivisihilis
891 2201 947 2248 et
982 2203 1164 2250 atomo
1191 2194 1408 2260 similis,
1443 2196 1604 2262 hanc,
1651 2197 1696 2252 si
1738 2207 1948 2267 potest,
1972 2213 2096 2254 eum

513 2281 639 2336 vino
669 2282 724 2336 in
757 2283 944 2347 calice,
997 2299 1106 2353 quo
1144 2285 1400 2340 sacerdos
1423 2295 1478 2340 et
1503 2286 1764 2342 diaconus
1785 2288 1982 2358 digitos
2005 2288 2098 2342 ah-

510 2371 686 2438 luunt,
719 2375 934 2446 recipit,
969 2375 1112 2432 levat
1161 2387 1215 2432 et
1263 2387 1498 2448 separat.
1551 2380 1705 2447 Quod
1733 2381 1776 2436 si
1812 2381 1884 2435 ita
1917 2383 2098 2436 adhae-

510 2463 666 2530 serit,
705 2474 764 2520 ut
815 2481 941 2522 cum
991 2466 1114 2522 vino
1165 2467 1282 2523 tieri
1341 2485 1448 2524 neu
1473 2470 1665 2540 possit,
1717 2471 1773 2526 in
1819 2487 1886 2528 eo
1917 2484 2096 2528 tamen

512 2570 655 2622 .oco,
693 2557 783 2612 ubi
813 2573 932 2612 eam
965 2559 1178 2624 viderit,
1213 2559 1452 2631 linguam
1487 2562 1796 2618 summatim
1826 2563 2094 2634 applicat,

517 2653 572 2698 et
600 2637 680 2698 sic
709 2661 828 2700 eam
854 2647 1039 2712 sumit;
1065 2658 1120 2702 et
1143 2659 1332 2718 postea
1361 2651 1556 2706 iterum
1585 2661 1840 2721 patenam
1866 2655 1990 2710 vino
2013 2671 2098 2709 su-

509 2733 808 2802 per-fundit.
841 2737 994 2805 Quod
1025 2740 1070 2794 si
1127 2755 1236 2794 non
1265 2749 1322 2794 et
1351 2743 1756 2812 quantumlibet
1781 2744 1852 2800 ibi
1881 2759 2098 2800 reman-

511 2825 647 2879 sisse
678 2829 1019 2896 cognoverit,
1043 2845 1148 2884 non
1179 2838 1356 2885 tamen
1387 2841 1606 2902 prepter
1635 2833 1734 2889 hoc
1763 2850 1882 2890 eam
1911 2837 1988 2890 vel
2015 2853 2097 2892 se-

511 2916 616 2970 mel
641 2916 1054 2988 diligentissime
1087 2921 1211 2976 vino
1233 2921 1628 2990 superfundere
1656 2925 1916 2992 dimittat,
1961 2937 2012 2980 et
2038 2929 2097 2979 ii-

513 3007 616 3061 lam
641 3007 1072 3077 superfusionem
1095 3013 1348 3082 primitus
1372 3016 1569 3081 sumit;
1617 3025 1673 3071 et
1721 3027 1907 3085 postea
1947 3033 2098 3074 eum-

511 3096 634 3152 dem
669 3099 896 3154 calicem
921 3141 936 3166 ,
989 3117 1096 3172 quo
1131 3103 1314 3158 vinum
1353 3105 1482 3160 illud
1511 3117 1722 3176 patent):
1752 3111 2093 3179 superfusum

2203 1999 2470 2056 Sacerdos
2496 2009 2678 2054 autem
2704 1999 2882 2069 primo
2927 2014 3122 2054 manus
3150 2013 3277 2054 suas
3305 1997 3454 2052 lavat
3493 2007 3548 2053 ct
3593 1999 3782 2070 tergit,
3857 2039 3864 2046 .

2201 2091 2368 2145 mittit
2393 2091 2628 2144 hostiam
2661 2105 2788 2144 cum
2841 2087 3112 2144 cochleari
3165 2103 3326 2157 super
3379 2097 3664 2158 palenam;
3695 2103 3782 2143 ca-

2203 2182 2357 2236 licem
2388 2195 2602 2251 quoque
2627 2181 2769 2234 lavat
2798 2189 2852 2234 et
2883 2179 3064 2249 tergit.
3101 2178 3236 2232 Item
3280 2177 3332 2232 in
3363 2177 3630 2247 ampullas
3655 2178 3786 2234 duas

2203 2271 2438 2328 infundit
2471 2273 2656 2328 vinum
2705 2283 2760 2327 et
2799 2287 3018 2342 aquam,
3051 2286 3186 2340 quas
3225 2280 3280 2325 et
3311 2285 3432 2326 cum
3457 2271 3684 2326 sinistra
3711 2270 3786 2323 Ι..-

2204 2377 2315 2434 vat,
2339 2377 2394 2424 et
2423 2385 2546 2424 cum
2589 2367 2814 2422 dextera
2841 2367 3066 2423 calicem
3103 2367 3465 2437 superpositis
3503 2375 3700 2434 patena
3733 2373 3782 2417 ct

2201 2461 2494 2532 corporali.
2538 2461 2615 2514 lta
2669 2460 2982 2530 praecedens
3049 2475 3374 2516 conversum
3427 2465 3782 2528 sequentem,

2202 2555 2376 2625 pergit
2407 2556 2474 2610 ad
2505 2555 2680 2610 altare
2719 2554 2808 2610 ubi
2845 2563 2929 2610 est
2976 2563 3316 2619 cantaturus,
3361 2553 3516 2623 cujus
3559 2552 3784 2606 linteum

2201 2647 2584 2717 complicatum
2609 2647 2880 2716 erplicat;
2917 2647 3068 2716 ponit
3091 2645 3315 2702 calicem
3345 2655 3402 2702 et
3427 2645 3627 2700 librum
3659 2645 3788 2699 mis-

2201 2739 2389 2792 salem.
2441 2738 2524 2793 Ad
2575 2737 2954 2793 vestimentum
2994 2753 3102 2792 non
3149 2744 3232 2792 est
3283 2735 3640 2806 improvisum
3689 2751 3782 2790 nec

2200 2829 2488 2892 ontissnm,
2515 2837 2572 2881 ut
2594 2827 2661 2882 ad
2689 2827 2900 2898 singula
2932 2826 3126 2882 altaria
3159 2841 3264 2880 una
3293 2826 3366 2880 sit
3399 2825 3576 2881 tabula
3607 2826 3658 2879 in
3682 2839 3782 2894 qua

2201 2929 2459 2990 ponatur,
2503 2933 2780 2988 unumque
2829 2919 3030 2989 lignum
3063 2919 3306 2990 patulum
3357 2927 3413 2974 et
3459 2935 3617 2973 muro
3667 2917 3786 2972 inftq

2203 3027 2351 3075 xttm,
2385 3026 2546 3081 super
2573 3011 2716 3080 quod
2757 3020 3030 3081 ponantur
3079 3010 3361 3081 ampulla};
3402 3009 3604 3081 pendet
3653 3025 3784 3080 quo-

2199 3119 2308 3170 que
2338 3103 2390 3158 in
2434 3113 2687 3174 promptu
2725 3102 3179 3174 mauutergiolum
3199 3144 3214 3168 ,
3239 3103 3304 3158 ad
3339 3118 3477 3171 quos
3507 3103 3782 3167 sacerdos,

510 3191 825 3258 sumpserit,
859 3192 965 3248 alio
996 3195 1120 3249 vino
1152 3195 1340 3261 abluit,
1396 3197 1476 3253 vel
1525 3198 1678 3264 illud,
1733 3216 1841 3270 quo
1869 3203 2091 3258 calicem
2123 3235 2165 3293 C
2201 3207 2485 3268 postquam
2515 3211 2575 3251 se
2613 3195 2874 3262 induerit,
2909 3195 3117 3250 lavatas
3144 3197 3305 3268 tergit
3330 3197 3680 3252 summitates
3702 3195 3784 3249 di-

511 3278 730 3346 majoris
767 3282 946 3336 missae
976 3283 1056 3338 vel
1083 3285 1196 3354 ipse
1221 3285 1302 3340 vel
1329 3287 1582 3342 minister
1605 3288 1834 3346 interius
1859 3291 1960 3346 lavi
1971 3301 2008 3356 t,
2039 3294 2092 3346 in

509 3367 659 3422 illum
709 3370 934 3427 calicem
985 3373 1258 3447 immergit
1301 3385 1355 3431 et
1401 3378 1566 3434 sumit
1607 3379 1878 3452 tnittitque
1911 3384 2094 3438 vinum

509 3457 744 3515 alterum
793 3462 850 3516 in
896 3463 1121 3520 calicem
1159 3465 1388 3535 majoris
1424 3469 1622 3536 missae,
1656 3480 1710 3526 et
1751 3473 2096 3544 circumqua-

507 3564 614 3618 que
642 3551 791 3606 intus
811 3552 1000 3619 diluit,
1043 3565 1097 3610 et
1117 3595 1132 3622 ,
1183 3557 1230 3612 si
1261 3559 1513 3616 minister
1542 3563 1992 3629 communicavit,
2025 3565 2092 3620 il-

511 3639 599 3706 lud
628 3641 830 3708 ebibit;
879 3644 962 3698 sin
991 3655 1172 3702 autem
1196 3687 1212 3712 ,
1255 3648 1644 3716 subdiaconus,
1690 3661 1978 3722 postquam
2013 3655 2092 3708 vi-

510 3745 640 3785 num
659 3743 872 3802 patente
892 3736 1244 3804 superfusum
1272 3743 1588 3810 sumpserit,
1613 3743 1664 3796 iu
1697 3759 1820 3798 eum
1847 3745 2092 3806 calicem.

509 3838 674 3890 super
707 3841 869 3895 quem
892 3829 1084 3884 eadem
1113 3841 1310 3900 patena
1343 3832 1462 3888 fusa
1486 3843 1568 3890 est
1587 3873 1604 3900 ,
1633 3837 1928 3909 immergit,
1955 3838 2097 3894 sicut

511 3913 718 3970 dictum
747 3926 862 3984 est,
903 3929 957 3974 et
981 3923 1144 3976 sumit
1175 3933 1232 3978 et
1263 3931 1394 3979 tunc
1425 3942 1530 3981 non
1554 3928 1662 3983 alio
1695 3929 1820 3986 vino
1848 3945 1972 3986 eum
1999 3933 2094 3987 ab-

509 4003 630 4071 luit,
677 4007 782 4062 nisi
813 4008 951 4066 forte
979 4011 1084 4066 tale
1109 4013 1238 4082 quid
1269 4026 1456 4085 postea
1497 4019 1568 4072 ibi
1623 4023 1952 4076 remansisse
1997 4039 2094 4079 co-

510 4098 780 4166 gnoverit.
828 4099 980 4155 Alter
1023 4104 1398 4162 ministrorum
1445 4124 1662 4166 cereum
1712 4113 1778 4166 ad
1827 4114 1926 4170 hoc
1973 4117 2097 4172 dili-

509 4198 702 4258 genter
747 4193 1144 4263 inspiciendum
1191 4207 1396 4264 tenere,
1433 4217 1622 4256 verum
1674 4203 1926 4270 linteola,
1975 4224 2094 4277 qua:

512 4280 618 4336 tria
645 4291 793 4350 sunt,
824 4285 985 4340 debet
1007 4287 1186 4344 studio
1216 4291 1511 4360 explicare.
1547 4294 1699 4361 Quod
1729 4297 1774 4352 si
1801 4297 2090 4356 subdiaco-

509 4388 611 4426 nus
653 4383 738 4429 est
785 4377 838 4430 in
889 4379 1156 4444 custodia,
1212 4384 1453 4438 custodis
1488 4395 1571 4440 est
1619 4402 1838 4442 cereum
1887 4397 2088 4446 tenere.

511 4462 628 4518 Duo
656 4473 838 4521 autem
882 4467 1101 4525 linteola
1142 4487 1307 4542 super
1351 4476 1576 4532 calicem
1619 4481 1842 4551 majoris
1891 4483 2091 4550 missae,

2201 3290 2458 3358 gitorum,
2491 3288 2688 3357 quibus
2731 3288 3042 3342 necessario
3071 3289 3242 3360 tangit
3273 3302 3362 3344 res
3392 3298 3658 3345 sacratas.
3697 3287 3784 3342 ln-

2199 3382 2263 3434 de
2312 3382 2532 3434 missam
2574 3379 2862 3449 incipiens,
2909 3388 3081 3434 totum
3133 3389 3377 3446 cautum,
3417 3380 3512 3450 qui
3557 3380 3626 3436 ad
3664 3393 3780 3434 eam

2199 3473 2454 3540 pertinet,
2482 3488 2579 3543 pro
2606 3473 2784 3528 edicto
2813 3471 3036 3526 Patrum
3077 3479 3390 3526 nostrorum
3423 3471 3599 3539 magis
3649 3468 3781 3539 legit

2200 3564 2251 3618 in
2295 3563 2564 3617 directum
2613 3579 2778 3633 quam
2821 3577 3059 3634 unquam
3109 3563 3308 3618 audeat
3341 3571 3602 3632 cantare.
3651 3560 3781 3616 Cum

2145 3703 2150 3706 .
2201 3662 2416 3706 ventum
2445 3651 2610 3708 fuerit
2637 3653 2704 3708 ad
2731 3651 3100 3720 olfercndam,
3126 3654 3314 3710 eodem
3359 3653 3561 3718 studio,
3609 3661 3666 3708 et
3699 3651 3782 3706 di-

2200 3744 2438 3816 ligentia,
2469 3759 2572 3814 qua
2609 3743 2727 3800 ﬁeri
2777 3744 2917 3800 solet
2960 3746 3029 3802 ad
3059 3745 3322 3814 majorem
3371 3745 3627 3810 missam,
3690 3757 3782 3812 per

2198 3835 2380 3890 omnia
2401 3849 2462 3892 se
2493 3835 2672 3891 habet.
2709 3836 2890 3892 Finita
2911 3837 3076 3893 missa
3095 3853 3219 3893 cum
3249 3837 3498 3902 redierit,
3529 3851 3632 3892 nec
3657 3845 3782 3890 tunc

2197 3927 2399 3982 omittit
2443 3928 2638 3983 iterum
2690 3929 2875 3984 lavate
2911 3929 3256 3985 summitates
3301 3929 3637 4000 digitorum,
3671 3943 3782 3984 ma-

2201 4019 2345 4074 xime
2378 4029 2604 4092 propter
2649 4021 2874 4076 ealieem
2921 4031 2976 4078 et
3015 4029 3237 4093 pmpter
3279 4021 3562 4093 corporale
3603 4033 3782 4092 repor-

2201 4112 2442 4166 tandum.

2274 4204 2340 4259 Ut
2369 4205 2547 4262 adhuc
2567 4206 2796 4278 amplius
2825 4207 2957 4277 quid
2995 4207 3170 4264 dicam
3203 4207 3270 4262 de
3299 4206 3416 4280 lege
3441 4203 3740 4262 sacerdotis
3764 4221 3780 4264 ξ

2197 4296 2413 4364 quando
2429 4311 2486 4351 se
2510 4298 2674 4352 vestit
2699 4299 2764 4352 ad
2795 4299 3018 4354 missam
3044 4299 3343 4369 privatam,
3369 4299 3416 4354 si
3443 4295 3698 4368 pulsatur
3710 4297 3786 4351 si-

2197 4402 2362 4456 guunt
2390 4387 2458 4442 ad
2496 4389 2684 4442 horam
2721 4389 3050 4459 regularem,
3099 4399 3154 4444 et
3178 4389 3418 4444 nondum
3446 4387 3648 4444 stolam
3677 4387 3782 4442 mi-

2197 4482 2264 4536 sit
2293 4496 2458 4552 super
2488 4483 2712 4549 collum,
2741 4499 2949 4540 exuens
2975 4499 3034 4540 se
3063 4492 3244 4540 cessat
3281 4499 3312 4537 a
3343 4483 3536 4548 missa,
3565 4491 3622 4537 et
3643 4481 3780 4552 ‘per-

509 4556 708 4612 iterum
741 4575 870 4616 vero
900 4577 1062 4634 super
1083 4565 1310 4623 calicem
1340 4570 1570 4626 minoris
1598 4574 1798 4630 debent
1832 4577 1958 4645 poni
1985 4617 1999 4641 ,
2035 4589 2090 4632 et
2117 4579 2170 4637 ι)
2195 4575 2274 4644 git
2304 4574 2370 4629 ad
2397 4573 2607 4629 horam.
2639 4575 2770 4631 Item
2819 4575 3060 4640 interim,
3087 4575 3214 4630 dum
3260 4575 3392 4628 hora
3428 4582 3706 4638 cantatur,
3735 4573 3777 4629 sl

507 4647 590 4704 sic
625 4667 840 4722 quoque
861 4672 1016 4711 sacra
1041 4674 1167 4713 vasa
1194 4661 1247 4714 in
1275 4677 1376 4716 suo
1410 4663 1532 4719 loco
1557 4669 1832 4737 componi.
1862 4668 2016 4736 Quod
2043 4671 2088 4726 si

509 4749 638 4797 ante
665 4743 828 4800 liuent
859 4748 1036 4804 missa:
1059 4751 1351 4820 aliquando
1379 4766 1600 4824 possunt
1635 4759 1954 4827 perfecisse,
1986 4777 2090 4818 nOn

511 4845 696 4890 tamen
735 4849 958 4906 propter
986 4842 1089 4896 hoc
1131 4845 1328 4914 aliquis
1354 4861 1540 4901 eorum
1581 4850 1740 4904 debet
1768 4852 2090 4908 devestitum

511 4925 610 4980 ire.
641 4926 920 4984 ltecedens
962 4943 1144 4988 autem
1171 4937 1428 4992 sacerdos
1457 4937 1526 4992 ab
1557 4939 1742 5006 altari,
1775 4943 1866 4996 dat
1897 4946 2094 5000 missa-

509 5016 613 5070 lem
638 5018 891 5086 diacono,
945 5033 1002 5078 ut
1051 5028 1118 5078 ab
1167 5043 1232 5081 eo
1268 5043 1610 5094 reportetur;
1659 5036 1852 5090 stulam
1891 5037 2004 5094 inse
2039 5048 2094 5093 et

2201 4663 2419 4718 missam
2449 4663 2671 4729 finierit,
2713 4674 2768 4720 et
2807 4665 2922 4735 ipse
2957 4667 3142 4722 venire
3177 4663 3414 4734 potuerit
3458 4663 3512 4717 in
3554 4664 3778 4718 chorum

2197 4766 2326 4811 ante
2359 4757 2542 4812 Gloria
2571 4758 2728 4828 primi
2779 4759 3006 4828 psalmi,
3055 4773 3376 4814 conversum
3409 4756 3630 4810 dimittit
3659 4770 3776 4810 cum

2199 4850 2524 4905 vestimento
2550 4851 2902 4920 complicato,
2934 4851 3014 4906 vel
3053 4847 3540 4924 non_compiicato,
3571 4855 3630 4902 et
3665 4846 3780 4916 ipse

2197 4943 2374 5012 pergit
2399 4943 2466 4995 ad
2499 4941 2720 4996 Horam.
2765 4944 2835 4996 At
2885 4944 2928 4998 si
2975 4943 3163 4997 venire
3193 4957 3296 4996 non
3329 4947 3532 5010 potest,
3587 4953 3692 4992 non
3723 4953 3780 4992 se

2197 5042 2378 5088 movet
2415 5049 2444 5086 a
2476 5033 2629 5094 loco,
2683 5049 2784 5088 nec
2827 5050 3164 5094 conversus.
3211 5049 3494 5094 quousque
3542 5032 3676 5086 hora
3720 5033 3778 5084 ti-
