4040 5298
297 292 414 350 ῗίὲὂ

977 281 1552 342 CONSUETU'DINES
1585 281 2124 342 CLUNIACENSES.
2153 284 2434 342 ——LII5EIl
2476 283 2856 342 SECUNDUS.

3467 283 3574 338 728

307 401 750 472 reprehenditur,
791 400 836 456 si
869 399 1216 470 frequentare
1245 397 1476 456 voluerit
1503 405 1556 450 et
1585 397 1636 450 in
1664 412 1762 450 usu
1793 397 1886 450 lia-
1915 403 1960 460 Α
1993 399 2362 454 benedictione
2386 419 2398 452 :
2425 398 2643 454 Sulcum
2667 399 2751 468 {ac
2777 409 3003 462 servant,
3021 401 3152 462 etc.,
3179 396 3324 452 Mitte
3347 397 3392 452 ei
3415 413 3570 452 auri-

304 495 462 550 bere.

877 579 1108 637 CAPUT
1137 578 1328 634 XXXI.

347 675 430 732 De
489 675 846 738 subdiacono,
891 675 1026 728 etde
1071 672 1370 728 cantoribus
1427 669 1736 740 gratlualis,
1779 667 1856 722 vel

801 745 1042 810 alleluia,
1075 753 1124 797 ct
1174 753 1396 796 tractus.

1993 487 2292 554 limit,etc.,
2317 488 2572 544 Dominus
2602 489 2825 542 custodit
2853 499 2926 552 te,
2951 497 3084 552 etc.,
3113 487 3370 542 Dominus
3401 500 3574 544 custo-

1993 578 2108 632 diat
2133 580 2358 644 introit.,
2387 587 2496 634 etc.
2531 577 2754 648 Auferat
2775 595 2808 632 a
2829 589 2876 632 te
2895 579 3136 648 spiritum
3161 576 3434 642 elationis,
3457 585 3566 632 etc.

1997 670 2196 724 lterum
2237 671 2332 740 qui
2369 669 2608 726 lecturus
2653 679 2738 726 est
2769 669 2994 726 inclinat
3035 678 3094 726 ut
3120 669 3293 740 prius.
3320 669 3461 722 Ante
3493 683 3575 724 re-

1999 759 2290 814 fectionem
2343 760 2653 828 generalem
2701 761 2766 816 de
2819 775 2958 830 pane
3013 761 3248 830 vinoque
3287 758 3565 830 praelibat.

389 857 788 920 Subdiaconus,
839 871 932 924 qui
977 861 1216 910 lecturus
1265 861 1352 908 est
1401 851 1728 924 Epistulam,
1777 865 1896 904 cum
1995 849 2148 920 juxta
2171 851 2549 921 praescriptum
2577 851 2748 908 sancti
2777 849 3176 914 Benedicti.Ad
3203 847 3574 903 matutinalem

311 947 604 1002 sacerdote
659 959 1016 1014 processurus
1073 942 1142 998 ad
1183 941 1395 1004 altare,
1453 949 1636 1010 portat
1693 948 1898 994 textum

313 1035 625 1108 Evangelii,
658 1045 710 1092 et
743 1035 900 1106 ponit
938 1034 990 1088 in
1019 1033 1200 1088 medio
1229 1031 1450 1094 altaris;
1485 1029 1764 1100 pulvillum
1791 1045 1898 1083 non

315 1133 524 1196 portat,
541 1125 644 1178 nisi
669 1125 884 1196 quando
905 1120 1406 1178 diesestsolemnis.
1423 1118 1686 1174 Inchoans
1711 1117 1900 1172 lectio-

315 1233 468 1282 nem,
501 1216 586 1272 vel
621 1231 684 1270 ea
709 1217 882 1282 finita,
917 1215 986 1269 ad
1015 1221 1304 1282 utramque
1329 1211 1502 1266 vicem
1535 1209 1666 1264 facit
1695 1219 1822 1264 ante
1847 1218 1904 1264 ct

319 1315 472 1360 retro
497 1305 698 1360 ibidem
723 1305 810 1360 ubi
843 1303 1084 1358 lecturus
1109 1311 1216 1356 est.
1254 1299 1522 1366 Similiter
1549 1307 1676 1354 sunt
1707 1297 1900 1352 facturi

269 1433 278 1440 .
317 1396 410 1466 qui
440 1403 666 1450 cantant
693 1395 1116 1464 responsorium,
1145 1391 1228 1446 vel
1261 1391 1352 1462 qui
1383 1391 1592 1444 alleluia
1614 1429 1628 1452 ,
1657 1389 1742 1444 vel
1785 1397 1900 1444 tra-

313 1499 470 1544 ctum
499 1503 592 1544 seu
617 1488 925 1552 canticum;
953 1501 1074 1556 qua:
1099 1501 1222 1540 cum
1251 1485 1304 1538 in
1329 1483 1556 1554 privatis
1583 1481 1773 1538 diebus
1795 1495 1902 1536 non

319 1581 424 1636 nisi
445 1579 810 1636 communiter
853 1585 1146 1634 cantantur
1172 1591 1202 1632 a
1230 1583 1536 1638 conventu,
1565 1574 1610 1630 si
1643 1571 1786 1644 quod
1825 1572 1903 1628 fec

317 1680 469 1726 stum
495 1671 726 1740 amplius
761 1671 814 1724 in
839 1671 1142 1738 septimana
1171 1667 1442 1730 evenerit,
1465 1667 1740 1720 cantanda
1777 1673 1904 1720 sunt

317 1762 522 1818 iterum
575 1761 646 1818 ab
675 1761 808 1832 ipsis
829 1775 860 1816 a
883 1759 1084 1832 quibus
1113 1767 1166 1814 et
1209 1759 1364 1828 prius
1391 1757 1446 1812 in
1471 1757 1748 1812 Dominica
1775 1765 1900 1812 sunt
1935 1741 1974 1798 Β

316 1853 626 1908 cantanda.
653 1851 808 1918 Quod
833 1852 876 1908 si
901 1865 1094 1908 omnes
1123 1850 1176 1904 in
1207 1849 1394 1918 cappis
1419 1847 1504 1902 vel
1527 1848 1580 1902 in
1604 1847 1771 1914 albis,
1809 1862 1898 1900 ar-

317 1945 530 2002 marius
574 1947 754 2000 innuit
799 1946 1210 2016 quibuscunquc
1263 1941 1494 1998 voluerit
1525 1954 1622 2012 pro
1663 1939 1742 1994 eis
1767 1953 1898 1992 cau-

321 2038 538 2104 tandis;
571 2038 712 2107 quod
739 2047 794 2093 et
824 2039 950 2092 facit
978 2038 1044 2092 ad
1073 2049 1312 2106 prosam,
1345 2033 1390 2088 si
1419 2019 1636 2102 quando
1659 2039 1742 2086 est
1769 2043 1902 2084 can-

321 2130 514 2194 tanda,
544 2139 600 2184 et
623 2129 690 2184 ad
719 2131 860 2186 lianc
885 2137 1014 2185 ante
1068 2137 1124 2184 et
1171 2136 1320 2184 retro
1347 2139 1448 2182 nec
1479 2123 1534 2180 iu
1569 2121 1674 2178 fine
1715 2135 1816 2178 nec
1846 2121 1900 2178 in

317 2221 592 2292 principio
621 2231 702 2278 est
727 2224 1046 2294 gerendum.

875 2333 1105 2388 CAPUT
1133 2331 1344 2388 XXXII.

931 2423 1014 2484 De
1061 2425 1302 2478 diacono.

395 2543 670 2598 Diaconos
708 2542 1044 2598 sacerdotem
1077 2537 1384 2611 praecedere
1419 2536 1558 2593 solet
1584 2535 1652 2590 ad
1681 2535 1882 2600 altare;

323 2636 616 2690 sacerdote
645 2633 942 2690 inclinante
970 2649 1028 2690 se
1076 2633 1143 2688 ad
1183 2629 1510 2696 orationem,
1547 2629 1660 2700 ipse
1691 2641 1904 2698 quoque

323 2737 440 2784 stat
483 2727 734 2784 similiter
773 2727 1020 2792 inclinis;
1071 2723 1356 2782 sacerdote
1385 2737 1443 2778 se
1465 2723 1736 2792 erigente,
1767 2718 1906 2790 gerit

325 2831 460 2874 ante
499 2827 555 2874 et
595 2828 760 2874 retro.
805 2817 1028 2873 Accedit
1073 2824 1133 2870 ut
1172 2815 1454 2870 sinistrum
1499 2827 1668 2867 cornu
1718 2811 1906 2866 altaris

323 2911 630 2976 osculetur;
676 2911 854 2980 pergit
891 2919 1040 2964 stare
1081 2915 1270 2962 contra
1306 2903 1668 2968 sacerdotem,
1695 2913 1750 2956 ut
1779 2917 1906 2956 con-

327 3001 477 3056 fesso
506 2999 848 3056 conﬁteatur.
887 2998 1122 3070 Pnrrigit
1151 2997 1458 3059 incensum,
1504 3009 1612 3063 quo
1653 2993 1906 3062 imposito

333 3091 566 3162 porrigit
611 3105 824 3160 quoque
875 3091 1050 3160 ipsum
1111 3085 1477 3150 tliuribulum;
1522 3085 1665 3154 quod
1723 3097 1906 3153 postea
1937 3083 1979 3142 C

333 3187 630 3257 recipiens,
676 3186 720 3239 si
773 3193 856 3240 est
901 3183 1020 3238 dies
1068 3180 1372 3244 solemnis,
1421 3179 1674 3232 incensat
1715 3177 1906 3230 altaria

327 3295 560 3348 quicque
603 3277 848 3347 proxima
895 3275 1064 3328 clioro
1087 3313 1100 3337 ,
1147 3281 1204 3328 et
1241 3271 1477 3325 maxime
1515 3269 1686 3339 ipsius
1721 3269 1908 3322 altaris

331 3367 648 3438 principalis
675 3378 877 3420 cornua
903 3363 1220 3433 posteriora.
1243 3357 1380 3414 Cum
1400 3357 1654 3412 sacerdos
1681 3355 1904 3420 sederit,

335 3457 454 3526 ipse
480 3469 694 3526 quoque
716 3455 890 3518 sedet,
917 3451 1068 3522 prius
1093 3459 1274 3504 tamen
1307 3447 1590 3502 sacerdote
1627 3447 1906 3511 innuente,

335 3562 438 3601 nec
467 3545 621 3600 sedet
647 3543 852 3612 absque
882 3542 1100 3599 licentia
1127 3537 1266 3610 ejus.
1297 3537 1473 3594 Finito
1507 3536 1799 3609 Evangelii)
1827 3537 1894 3592 fa-

334 3636 408 3690 cit
447 3645 572 3693 ante
598 3641 650 3690 et
683 3641 860 3700 retro;
904 3635 1034 3689 item
1080 3633 1244 3685 missa
1277 3630 1427 3684 tiuita
1458 3629 1526 3684 ad
1563 3629 1718 3698 cujus
1751 3629 1908 3682 linem

337 3749 608 3802 nunquam
651 3730 966 3802 pronuntiat
989 3729 1070 3784 ltc
1090 3726 1139 3781 Μ
1149 3727 1252 3781 issa
1276 3735 1375 3792 est,
1405 3725 1507 3802 nisi
1537 3723 1698 3780 etiam
1728 3721 1909 3778 Gloria

335 3821 388 3875 in
415 3821 630 3876 excelsis
652 3827 921 3876 cantetur.
1457 3801 1496 3810 ”

866 3929 1094 3986 CAPUT
1133 3927 1370 3984 XXXIII.

339 4029 414 4082 De
441 4028 770 4083 scrviloribus
799 4027 1052 4105 ecclesiu',
1103 4035 1150 4079 et
1194 4025 1258 4105 de
1301 4023 1382 4104 his
1421 4039 1548 4102 qugs
1590 4019 1912 4100 appellamus

862 4097 1124 4150 ministros
1178 4094 1382 4148 altaris.

411 4213 720 4269 Servitores
763 4218 960 4281 pra‘ter
1014 4210 1119 4264 lioc
1171 4220 1366 4262 munus
1397 4205 1538 4274 quod
1583 4203 1911 4259 tliuribnlum

338 4313 394 4358 et
419 4301 744 4358 candelabra
790 4299 1118 4371 deportant,
1173 4297 1466 4368 diligenter
1514 4295 1810 4348 observant
1857 4301 1915 4346 ut

2003 955 2098 994 seu
2131 939 2391 1009 majorem
2423 941 2644 996 missam
2679 949 2799 1010 post
2829 940 3108 1008 evangelio
3121 955 3170 992 m
3208 939 3480 1008 accipiens
3511 939 3577 992 Ii-

2003 1029 2160 1084 brum
2191 1031 2244 1082 in
2277 1043 2384 1098 quo
2417 1028 2700 1100 legendum
2733 1039 2838 1094 cst,
2865 1039 2920 1083 et
2947 1030 3208 1084 secedens
3231 1028 3284 1082 in
3309 1029 3574 1084 minorem

2003 1121 2230 1176 cbornm
2265 1121 2494 1174 intendit
2537 1121 2622 1174 liis
2650 1135 2770 1190 quae
2800 1127 2926 1174 sunt
2955 1119 3206 1190 legenda.
3235 1117 3388 1186 Quod
3419 1118 3576 1188 si'jn-

2003 1211 2156 1266 venis
2181 1219 2264 1266 est
2291 1211 2342 1264 in
2371 1211 2616 1266 custodia
2655 1210 2892 1280 positus,
2935 1219 3064 1263 tunc
3095 1223 3200 1264 non
3231 1208 3304 1262 ita
3337 1209 3574 1274 secedit,

2003 1313 2060 1358 et
2079 1311 2339 1374 quantum
2365 1302 2658 1374 Iegit,legit
2681 1303 2734 1356 in
2762 1303 2880 1372 ipso
2907 1303 3095 1356 choro.
3124 1301 3343 1356 Librum
3369 1309 3574 1362 autem,

2006 1397 2058 1450 in
2091 1411 2200 1466 quo
2223 1395 2509 1466 legendum
2533 1403 2652 1458 est,
2703 1395 2758 1448 in
2793 1391 3134 1448 refectorium
3162 1400 3340 1462 portat
3386 1399 3444 1446 et
3487 1407 3578 1444 re-

2005 1497 2188 1558 portat
2213 1487 2304 1558 qui
2335 1487 2464 1557 legit
2517 1488 2584 1542 ad
2627 1487 2940 1542 servitorcs.
2973 1484 3038 1538 Et
3073 1485 3198 1554 quia
3245 1481 3424 1538 nullus
3469 1481 3580 1536 fra-

2007 1588 2152 1634 trum
2181 1579 2480 1648 quidquam
2512 1577 2816 1649 gustaverit
2843 1576 3156 1646 priusquam
3185 1573 3348 1628 lectio
3371 1581 3456 1627 est
3479 1571 3576 1626 itit-

2005 1672 2204 1742 posita,
2235 1685 2360 1726 cum
2391 1670 2626 1740 primum
2657 1669 2888 1725 domnus
2929 1666 3128 1734 abbas,
3157 1664 3241 1720 vel
3269 1663 3420 1734 prior
3451 1675 3580 1717 con-

2003 1766 2230 1832 sederit,
2275 1766 2414 1835 petit
2463 1765 2634 1820 lector
2679 1761 3163 1824 benedictionem,
3195 1765 3269 1830 et
3315 1755 3582 1812 accelerat

2005 1859 2292 1913 lectionem
2325 1855 2550 1912 adoriri.
2599 1853 2713 1922 Qua
2747 1853 2896 1906 ﬁnita
2931 1851 3156 1907 veniens
3201 1849 3272 1902 ad
3319 1847 3578 1919 gradum,

2001 1955 2130 2002 ante
2161 1945 2366 2000 facitet
2401 1953 2568 2000 retro.
2597 1943 2654 1998 In
2695 1942 3000 2014 septimana
3036 1939 3082 1994 si
3119 1952 3229 1994 uno
3267 1937 3356 1994 die
3395 1936 3584 1992 lectio-

2007 2053 2130 2093 nem
2162 2036 2538 2100 tntermiserit,
2567 2043 2622 2090 et
2648 2034 2821 2102 alium
2847 2032 3095 2094 fratrem,
3125 2037 3185 2082 ut
3211 2043 3314 2098 pro
3335 2042 3392 2082 se
3415 2026 3579 2096 legat,

2007 2126 2308 2197 rogaverit,
2337 2141 2444 2182 non
2469 2123 2909 2195 reprehenditur.
2935 2120 3088 2189 Quod
3115 2119 3159 2174 si
3190 2117 3444 2188 amplius,
3477 2115 3581 2178 nisi

2005 2233 2106 2288 pt‘o
2163 2217 2510 2282 inﬁrmitate,
2549 2225 2602 2271 et
2631 2215 2732 2270 hoc
2756 2222 2942 2284 petens
2985 2211 3198 2266 veniam
3245 2211 3299 2264 in
3347 2208 3583 2278 capitulo

2007 2308 2412 2382 monstraverit,
2443 2317 2682 2363 notatur.

2539 2439 2766 2494 CAPUT
2829 2437 3020 2492 XXXV

2647 2552 2722 2605 Dc
2747 2553 2943 2622 coquis.

2091 2669 2502 2728 IIebdomadarii
2583 2667 2832 2736 coquiua:
2895 2665 3073 2722 solent
3147 2675 3380 2734 quatuor
3437 2677 3576 2718 esse.

2009 2763 2162 2831 Quod
2211 2763 2386 2834 primo
2427 2763 2652 2824 faciunt,
2703 2759 2912 2830 pulsato
2961 2758 3114 2830 signo
3167 2757 3231 2812 ad
3289 2769 3581 2824 vesperas,

2009 2866 2064 2913 ct
2095 2857 2343 2910 oratione
2391 2855 2567 2918 facta,
2639 2859 2870 2922 pergunt
2911 2850 2966 2904 in
3007 2849 3297 2919 coquinam
3341 2856 3402 2902 ut
3443 2846 3586 2900 acci-

2009 2951 2162 3020 piant
2205 2949 2392 3012 fabas;
2441 2957 2564 3017 post
2623 2959 2874 3015 vesperas
2931 2943 3112 2996 lavant
3163 2955 3260 2996 eas
3305 2938 3596 3008 diligenter

2011 3056 2148 3110 aqua
2179 3047 2258 3094 ter
2289 3037 2488 3102 infusa,
2517 3037 2571 3092 in
2599 3053 2706 3106 qua
2731 3036 2894 3090 etiam
2925 3034 3124 3088 faciunt
3149 3045 3242 3085 eas
3265 3037 3598 3100 pernoctante-

2013 3129 2259 3186 caldario
2291 3129 2430 3182 bene
2461 3135 2734 3198 cooperto.
2783 3125 2864 3180 Ad
2893 3123 3206 3178 mandatum
3241 3119 3382 3183 illis,
3408 3117 3498 3186 qui
3533 3117 3586 3170 in

2009 3219 2280 3292 praeterita
2311 3218 2612 3288 septimana
2655 3216 2980 3279 servierunt,
3025 3214 3188 3284 pedes
3235 3209 3464 3270 fratrum
3505 3207 3588 3266 Ia—

2012 3309 2296 3374 vautibus,
2337 3307 2424 3362 isti
2458 3305 2730 3378 prmcincti
2763 3305 2932 3358 linteo
2983 3309 3236 3374 tergunt,
3284 3311 3342 3356 et
3370 3302 3438 3356 ad
3479 3315 3590 3358 ma-

2011 3416 2113 3455 nus
2152 3397 2486 3468 manutcrgia
2535 3396 2794 3468 prtebcut.
2873 3395 3007 3450 Cum
3064 3393 3261 3464 quiLus
3331 3389 3588 3456 mandato

2011 3495 2172 3552 etiam
2219 3489 2466 3562 expleto,
2519 3488 2796 3544 venientes
2849 3495 2972 3542 ante
3021 3485 3282 3540 domuum
3333 3483 3592 3546 abbatem

2012 3590 2139 3636 ante
2169 3581 2377 3636 faciunt
2411 3591 2462 3638 et
2493 3589 2658 3634 retro.
2693 3577 2826 3634 Item
2875 3575 3164 3634 matutinis.
3212 3573 3352 3627 laud.
3402 3571 3588 3626 Domi—

2012 3675 2146 3730 nicte
2168 3674 2272 3729 diei
2297 3673 2526 3742 expletis
2543 3713 2558 3738 ,
2591 3671 2666 3726 illi
2696 3672 2761 3728 ad
2783 3671 3009 3742 gradum
3036 3669 3312 3724 venientes
3338 3665 3444 3720 Deo
3467 3679 3592 3736 gra-

2015 3765 2117 3820 tias
2153 3772 2320 3836 agunt
2357 3779 2454 3833 pro
2507 3761 2975 3818 consummatione
3031 3759 3242 3830 peracti
3304 3755 3586 3826 obsequii,

2015 3859 2400 3928 liutic_,ver5ttttt
2445 3865 2526 3910 ter
2551 3869 2674 3910 cum
2705 3853 2866 3908 totius
2895 3861 3192 3906 conventus
3237 3847 3589 3920 responsione

2014 3950 2250 4004 dicentes
2278 3963 2292 4001 :
2323 3945 2630 4004 Benedictus
2667 3962 2742 4010 es,
2773 3944 3024 4008 Domine,
3055 3951 3159 3997 etc.
3194 3940 3284 3996 Isti
3317 3941 3454 3994 idem
3489 3938 3588 3994 0b-

2014 4040 2257 4110 sequium
2297 4037 2494 4092 facturi
2526 4037 2620 4110 Dei
2663 4035 2986 4104 adjutorium
3021 4041 3239 4104 petunt,
3287 4033 3360 4086 ita
3405 4031 3590 4088 dicen-

2017 4109 2136 4186 tes:
2163 4128 2326 4192 Deus,
2355 4129 2409 4181 in
2437 4109 2782 4196 adjulorium,
2813 4135 2918 4178 etc.
2942 4121 3046 4176 Pro
3077 4121 3182 4176 illis
3213 4119 3424 4174 dicendi
3464 4130 3590 4174 sunt

2014 4235 2044 4273 a
2075 4218 2354 4274 sacerdote
2383 4216 2434 4270 hi
2463 4213 2740 4278 versiculi,
2781 4228 2953 4280 eaque
2982 4211 3206 4266 collecta
3240 4225 3252 4262 :
3287 4207 3471 4262 Salvos
3501 4209 3589 4278 [ac

2015 4327 2216 4376 seri-os,
2257 4318 2388 4373 etc.,
2422 4303 2760 4365 Convertere.
2791 4303 3036 4366 Domine,
3065 4311 3172 4356 etc.
3196 4299 3416 4354 Oratio:
3450 4298 3592 4352 Deus

344 4409 616 4466 nunquam
664 4391 842 4447 desint
887 4390 954 4444 ad
992 4387 1311 4458 obsequium
1363 4384 1679 4440 sacerdotis.
1714 4381 1909 4436 Levita:

2016 4403 2100 4456 cui
2142 4399 2440 4464 humilium,
2471 4407 2600 4458 etc.,
2629 4395 2733 4450 Pro
2755 4394 2906 4460 istis,
2938 4391 3120 4448 Salvos
3147 4392 3258 4460 Inc,
3287 4398 3418 4456 etc.,
3444 4389 3594 4444 Mitte
3657 4391 3662 4394 ’

343 4485 774 4554 quotiescunque
822 4483 887 4536 ad
929 4480 1093 4536 ullum
1136 4478 1373 4534 divinum
1402 4491 1536 4546 opus
1561 4491 1620 4530 se
1663 4473 1909 4538 induunt,

346 4587 467 4647 post
492 4577 1015 4633 consummationem
1043 4573 1228 4644 operis
1255 4572 1370 4644 ipsa
1403 4571 1718 4625 indumenta
1749 4569 1916 4639 depo-

347 4675 508 4732 ntmt,
559 4663 642 4718 vel
689 4663 734 4717 si
771 4679 906 4732 opus
951 4661 1239 4717 habuerint
1281 4675 1420 4730 aqua
1454 4667 1509 4714 et
1535 4658 1913 4728 manutergio,

347 4755 553 4811 scilicet
591 4767 784 4808 manus
811 4751 1065 4806 Iavaturi.
1099 4751 1230 4804 Item
1260 4749 1476 4819 quoties
1505 4747 1769 4803 alteruter
1795 4747 1914 4802 illo-

349 4865 462 4902 rum
503 4848 753 4902 incensat
793 4844 1014 4910 altaria,
1045 4857 1184 4897 unus
1225 4841 1292 4897 de
1331 4841 1536 4897 eisdem
1563 4840 1916 4896 servitoribus

341 4941 538 5012 jngiter
574 4939 697 4995 illos
726 4935 1032 4992 comitatur.
1087 4936 1164 4990 De
1213 4933 1338 4998 bis,
1390 4947 1532 5003 quos
1584 4931 1918 5002 appellamus

349 5037 623 5091 ministros
651 5032 858 5100 altaris,
883 5040 1149 5103 quantum
1179 5027 1466 5082 dicendum
1493 5025 1800 5092 videbatur,
1829 5042 1918 5081 su-

349 5128 525 5202 perius
559 5133 642 5182 est
671 5125 1030 5194 pt‘temissum.
1117 5143 1130 5148 -

868 5233 1101 5296 CAPUT
1141 5230 1381 5287 XXXIV.

2016 4496 2110 4558 eis,
2141 4501 2246 4546 etc.
2275 4489 2460 4552 Oratio
2502 4507 2516 4542 :
2553 4487 2848 4550 Misericors
2887 4503 2948 4540 ac
2970 4484 3250 4554 piissime,
3287 4491 3393 4542 etc.
3436 4479 3595 4536 Prius

2013 4587 2182 4644 etiam
2212 4599 2374 4654 quam
2420 4590 2738 4645 conventus,
2773 4586 2971 4634 exeunt
3010 4575 3074 4630 de
3112 4572 3341 4629 ecclesia
3379 4572 3595 4628 Sancta:

2015 4673 2234 4739 Mariae,
2269 4681 2324 4726 ut
2359 4687 2416 4728 se
2461 4671 2668 4742 possint
2709 4668 2975 4732 calcearc,
3017 4673 3073 4718 et
3117 4663 3334 4718 interim
3371 4663 3597 4720 descen-

2017 4767 2174 4830 dere;
2198 4768 2326 4819 dum
2355 4763 2422 4818 ad
2451 4759 2786 4818 necessarias
2832 4768 2915 4816 est
2953 4764 3249 4812 conventus
3269 4794 3284 4820 ,
3313 4767 3508 4810 manus
3543 4759 3606 4806 et

2019 4859 2209 4920 faciem
2240 4857 2448 4922 lavant,
2477 4855 2710 4916 faciunt,
2759 4863 2821 4910 ut
2850 4851 3016 4910 moris
3047 4857 3148 4916 est,
3180 4858 3288 4903 tres
3319 4849 3600 4904 orationes

2019 4953 2072 5006 in
2100 4951 2350 5014 ecclesia,
2375 4948 2420 5003 si
2450 4947 2657 5001 intrare
2688 4948 2998 5013 potuerint;
3028 4941 3071 4995 si
3101 4955 3229 5006 non,
3263 4953 3430 5008 prope
3461 4937 3606 4990 fores

2019 5041 2279 5098 ecclesiae.
2327 5039 2595 5094 latrantes
2640 5039 2964 5106 coquinam,
3007 5034 3202 5088 iterum
3243 5028 3426 5083 lavant
3457 5025 3608 5079 fabas
3641 5073 3644 5076 Α

2021 5133 2188 5188 ternis
2232 5131 2418 5202 aquis,
2446 5137 2502 5184 et
2547 5127 2628 5182 sic
2671 5127 2902 5186 mittunt
2951 5136 3114 5192 super
3157 5119 3356 5188 ignem.
3405 5118 3452 5171 Α
3503 5129 3646 5182 qua

2021 5222 2260 5279 caldaria
2309 5221 2667 5284 fervescente,
2709 5228 2770 5274 et
2822 5230 3044 5294 spumas
3075 5211 3360 5270 bulliente,
3391 5205 3636 5294 ejiciuut.
