4040 5298
481 294 587 348 727

1497 302 1820 359 unauna
1845 303 2344 362 CLUNIACENSIS
2375 303 2684 363 MONACI"

3641 307 3748 362 728

479 414 798 485 permittunt
826 431 916 468 cas
961 417 1194 486 amplius
1223 432 1387 488 super
1426 419 1642 489 ignem;
1681 435 1818 490 aqua
1865 421 2058 488 frigida
2091 430 2136 486 Α
2169 422 2336 476 trario
2365 423 2478 476 fieri
2523 423 2679 486 solet,
2710 437 2828 492 qua:
2873 423 2945 478 lta
2992 423 3392 488 administrant,
3420 431 3478 479 ut
3508 439 3537 478 a
3568 427 3751 480 novis-

480 517 564 561 ter
603 505 798 560 iterum
847 507 1271 576 refrigerantur,
1319 517 1375 563 et
1419 511 1612 565 iterum
1658 512 1927 567 cochleari
1961 513 2063 567 huc

479 609 536 656 et
580 599 708 656 illuc
762 601 1144 665 diversantur,
1192 603 1478 658 mittuntur
1523 603 1579 657 in
1623 619 1785 658 unam
1835 619 2060 674 cuppam

479 691 772 747 habentem
803 693 1187 762 cooperculum
1219 693 1424 764 optitne
1451 695 1909 765 compaginatnm.
1942 697 2063 750 Cal-

479 781 690 836 darium
729 797 944 853 quoque
968 824 981 848 ,
1025 784 1080 837 in
1131 799 1239 854 quo
1277 784 1685 855 coquebantur,
1737 785 2064 841 intrinsecus

453 882 652 945 ‘usque
696 875 765 930 ad
800 874 1028 929 nitidum
1057 876 1294 940 lavatur;
1328 891 1437 946 quo
1467 876 1647 930 ablato
1681 875 1749 930 ab
1779 877 1921 947 igne,
1953 886 2064 932 sta-

479 965 576 1020 tim
609 952 753 1020 τιΙὶυᾶ
784 966 1127 1036 dependitur,
1158 977 1218 1023 ut
1252 983 1392 1039 aqua
1428 969 1643 1025 ealeliat
1671 986 1776 1040 qua
1821 969 2062 1024 scntclla:

475 1067 601 1115 sunt
628 1044 893 1119 lavandae.~

546 1153 864 1210 Reclinatur
910 1156 1073 1210 etiam
1120 1156 1298 1212 tabula
1347 1157 1414 1213 ad
1464 1158 1728 1228 parietem
1769 1157 2056 1221 inclinata,

474 1259 603 1314 qua,
632 1259 756 1300 cum
789 1246 979 1301 lavata:
1017 1246 1238 1330 fuerint,
1271 1259 1600 1317 pauscntur;
1648 1257 1700 1304 et
1733 1249 1844 1318 ipsa
1879 1248 2058 1303 tabula

475 1345 588 1391 tota
636 1335 871 1406 desuper
933 1337 1234 1393 infunditur
1285 1355 1422 1410 aqua
1476 1350 1530 1394 et
1577 1340 1807 1411 tergitur
1859 1341 2057 1409 scopis.

473 1423 632 1482 Prius
684 1433 865 1482 tamen
910 1435 1168 1482 consueta
1211 1427 1564 1484 inclinatione
1612 1430 1922 1498 praemissa,
1976 1440 2061 1485 ter

474 1533 666 1574 rursus
691 1519 943 1574 eumdem
975 1536 1189 1576 versum
1221 1521 1404 1576 dicunt
1429 1537 1590 1592 quem
1622 1521 1674 1577 in
1710 1523 1880 1578 choro
1908 1523 2059 1576 dixe-

471 1619 626 1678 runt;
656 1613 748 1667 sed
773 1613 862 1668 hic
885 1612 1142 1684 adjuncto
1167 1615 1324 1670 tertia
1349 1615 1488 1681 vice,
1515 1614 1697 1669 Gloria
1723 1615 1897 1679 Patri,
1927 1627 2054 1680 etc.,

471 1710 526 1755 et
555 1701 828 1757 Dominica
856 1703 1014 1760 simul
1036 1703 1312 1770 Oratione,
1344 1713 1399 1759 et
1426 1704 1692 1760 versiculo
1717 1705 2057 1775 Adjntorium

2167 511 2305 565 simo
2351 511 2632 580 incipiant.
2675 511 2912 567 Scutella
2957 514 3130 583 posita
3181 530 3303 569 cum
3345 515 3585 572 oleribus
3617 516 3753 586 ipsis

2167 610 2291 656 ante
2321 602 2576 657 domuum
2605 602 2878 668 abbatem,
2909 604 2989 658 vel
3017 606 3282 677 priorem,
3314 607 3405 676 qui
3427 621 3550 661 eam
3585 624 3751 678 appoo

2166 693 2275 747 suit
2318 707 2440 746 cum
2489 693 2645 763 signo
2685 694 2942 749 mediocri
2969 695 3240 751 licentiam
3278 699 3471 767 qtaerit
3499 715 3529 752 a
3562 701 3750 770 prmsi-

2165 783 2326 838 dente
2371 792 2430 838 ut
2481 783 2688 838 scillam
2737 800 2932 841 sonare
2971 785 3269 854 jnbeatur;
3318 804 3426 858 quo
3478 801 3752 848 annuente

2163 871 2434 939 paululum
2481 872 2730 938 inclinat,
2758 885 2812 930 et
2841 876 2917 930 ad
2939 875 3144 931 scillam
3172 879 3394 935 veniens
3424 866 3611 935 tandiu
3657 897 3750 935 so-

2163 972 2275 1022 nat,
2305 972 2364 1016 ut
2408 962 2604 1034 singuli
2639 964 2903 1036 deglutire
2930 967 3142 1036 possint
3183 968 3326 1038 quod
3363 970 3655 1025 habuerint
3692 973 3748 1026 in

2163 1065 2282 1118 ore,
2317 1060 2375 1107 ut
2410 1052 2519 1108 sint
2541 1054 2778 1123 expediti
2823 1055 2890 1110 ad
2925 1057 3356 1126 restiondendum
3389 1060 3747 1116 benedictioni

2161 1143 2492 1208 sacerdotis;
2531 1159 2650 1214 quae
2693 1145 2857 1200 etiam
2903 1145 3029 1200 dum
3085 1148 3154 1202 sit
3194 1148 3493 1219 completa,
3529 1151 3747 1206 interim

2163 1235 2426 1304 praefatos
2449 1235 2658 1306 dapil‘er
2676 1247 2786 1293 stat
2815 1238 3029 1294 inclinis
3059 1249 3184 1294 ante
3213 1241 3667 1306 architriclinum,
3695 1252 3749 1298 et

2163 1335 2291 1382 tunc
2321 1337 2446 1382 ante
2473 1327 2604 1382 facit
2633 1339 2688 1384 et
2718 1341 2885 1385 retro.
2931 1329 3083 1398 Quod
3116 1331 3351 1387 medium
3400 1332 3560 1388 datur
3603 1333 3749 1389 inter

2162 1414 2314 1472 fabas
2357 1426 2412 1472 et
2441 1417 2623 1484 ’olera,
2675 1433 2771 1489 per
2813 1426 2925 1475 tres
2973 1419 3091 1474 dies
3137 1420 3189 1474 in
3229 1421 3548 1489 septimana.
3584 1422 3638 1476 id
3667 1432 3748 1476 est

2160 1506 2293 1561 feria
2326 1523 2384 1572 ll,
2419 1524 2474 1562 tv
2503 1519 2556 1564 et
2581 1525 2632 1564 vr
2657 1508 2795 1566 solet
2816 1525 2937 1567 esse
2959 1511 3228 1590 pitancia;
3260 1513 3398 1568 alios
3429 1521 3558 1579 tres,
3581 1530 3749 1585 gene-

2165 1601 2294 1655 rale.
2326 1600 2593 1658 Generale
2621 1603 2974 1672 appellamus,
3005 1604 3146 1674 quod
3175 1604 3402 1675 singulis
3437 1607 3490 1659 in
3519 1605 3750 1675 singulis
3805 1619 3880 1675 -/

2161 1693 2322 1748 datur
2358 1695 2620 1752 scutellis.
2663 1695 2904 1752 Pitancia
2945 1695 3088 1768 quod
3117 1696 3172 1750 in
3213 1710 3320 1750 una
3353 1696 3577 1751 scutella
3611 1700 3747 1751 duo-

447 1802 743 1858 ‘itostrum,
790 1802 918 1859 etc.,
961 1792 1158 1849 iterum
1203 1793 1346 1851 facto
1392 1806 1516 1851 ante
1555 1804 1612 1850 et
1649 1804 1831 1861 retro,
1861 1796 1933 1850 ita
1964 1797 2049 1851 de.

2159 1791 2291 1851 bus;
2339 1785 2487 1841 verbi
2530 1787 2726 1857 gratia,
2771 1785 3064 1856 aliquando
3104 1801 3205 1854 pro
3250 1786 3486 1856 pitaneia
3537 1787 3746 1857 absque

471 1898 617 1937 tuum
648 1882 884 1939 tabulam
914 1884 1202 1940 reclinant.
1229 1885 1468 1942 Cantant
1491 1899 1681 1942 omnes
1710 1887 1874 1942 horas
1903 1903 2055 1958 regu-

468 1971 631 2038 lares,
685 1989 836 2030 more
879 1976 1296 2045 canonicorum;
1348 1976 1614 2049 Vesperas
1661 1993 1760 2048 pro
1809 1979 2055 2035 fidelibus

2162 1877 2389 1934 scutella
2441 1895 2604 1936 unum
2649 1881 2802 1936 crudi
2852 1880 2999 1936 casei
3051 1879 3280 1934 frustum
3313 1919 3328 1945 ,
3383 1879 3465 1934 vel
3514 1889 3749 1948 quatuor

2159 1987 2290 2038 ova;
2327 1988 2424 2042 pro
2453 1974 2690 2045 generali
2723 1990 2825 2031 ova
2860 1973 3120 2045 quinque,
3161 1983 3216 2028 et
3239 1987 3444 2028 caseus
3467 1987 3744 2042 nunquam

477 2063 746 2121 defunctis
793 2066 912 2122 loco
943 2082 1040 2124 suo
1072 2068 1370 2139 imponunt,
1405 2077 1460 2124 et
1493 2070 1560 2124 ad
1593 2069 1838 2124 ultimum
1891 2069 2100 2127 Verba
2160 2062 2264 2118 nisi
2302 2072 2508 2120 coctus.
2544 2064 2651 2121 Sed
2693 2066 2736 2120 si
2785 2065 2914 2136 quid
2963 2073 3048 2120 est
3078 2064 3361 2135 generale.
3391 2080 3421 2117 a
3453 2064 3748 2119 novissimo

469 2172 606 2210 mea.
656 2154 838 2213 Eliusa
887 2166 1072 2213 autem
1120 2174 1256 2230 aqua
1283 2201 1297 2226 ,
1342 2177 1446 2231 qua
1479 2161 1746 2215 lavantur
1791 2162 2053 2228 scutellze,

469 2244 774 2305 infunditur
791 2262 854 2303 ea
878 2248 1264 2317 calefacienda,
1288 2267 1392 2322 qua
1421 2251 1564 2307 olera
1597 2263 1724 2308 sunt
1749 2253 2050 2323 coquenda.

469 2337 620 2405 Quod
661 2339 706 2394 si
759 2341 1036 2396 matutinre
1082 2341 1266 2399 laudes
1321 2345 1526 2400 tardius
1575 2343 1941 2415 expleantur,
1994 2355 2053 2402 ut

468 2429 758 2499 aliquando
792 2430 1090 2503 contingit,
1129 2433 1364 2488 maxime
1395 2435 1449 2489 in
1489 2433 1640 2491 festis
1677 2434 1962 2504 priet-ipuis
1998 2444 2054 2489 et

469 2519 835 2588 mstivalibus,
888 2531 944 2578 et
992 2524 1204 2594 signum
1250 2527 1316 2581 ad
1363 2527 1595 2596 primam
1644 2527 1912 2582 maturius
1969 2534 2053 2581 est

470 2613 822 2683 pulsandum;
855 2622 965 2669 tum
995 2616 1312 2686 priusquam
1346 2617 1606 2688 quidquid
1651 2617 1797 2672 aliud
1828 2617 2050 2681 faciant,

467 2705 654 2761 tabula
708 2706 968 2762 reclinata
1021 2707 1185 2762 horas
1233 2708 1581 2774 adoriuntur;
1636 2708 1761 2778 quia
1822 2708 1868 2764 si
1924 2707 2053 2778 quid

469 2807 716 2856 remanet
751 2800 893 2868 quod
947 2807 1072 2855 ante
1123 2801 1350 2870 primam
1384 2817 1489 2858 non
1539 2801 1908 2866 cantaverint,
1945 2816 2050 2856 non

471 2897 556 2947 est
592 2891 925 2946 consuetudo
967 2900 1028 2946 ut
1062 2900 1186 2961 post
1230 2892 1456 2962 primam
1499 2902 1747 2948 cantetur
1786 2893 1839 2948 in
1881 2893 2053 2947 mani-

469 2977 627 3034 festo.
661 2979 776 3048 Qua
825 2980 998 3049 finita,
1029 2982 1113 3040 vel
1138 2983 1184 3038 si
1210 2989 1294 3039 est
1335 2984 1390 3039 in
1422 2984 1646 3056 privatis
1695 2977 1898 3041 diebus
1929 2992 2052 3054 post

469 3069 818 3142 Evangelium
868 3073 1046 3130 missae
1086 3074 1454 3143 matutinalis,
1485 3075 1631 3131 olera
1661 3075 1900 3130 caldario
1945 3076 2051 3130 im-

2158 2154 2346 2226 incipit
2371 2157 2768 2223 administrari,
2796 2166 2850 2213 et
2879 2157 2946 2212 ad
2986 2157 3088 2212 hoc
3131 2156 3280 2212 scilla
3327 2157 3464 2211 sicut
3501 2155 3568 2210 ad
3598 2149 3744 2210 olera

2155 2245 2422 2317 pulsatur.
2451 2245 2692 2302 Pitancia
2725 2263 2854 2303 vero
2896 2263 2923 2301 a
2958 2247 3170 2317 priore;
3202 2255 3257 2302 et
3299 2247 3367 2302 de
3414 2248 3516 2302 hac
3544 2247 3746 2302 hebdoo

2156 2337 2388 2393 madarii
2434 2339 2680 2408 coquinze
2727 2338 2861 2394 nihil
2892 2338 3113 2393 omnino
3139 2353 3199 2393 se
3237 2353 3304 2393 ex
3348 2338 3531 2394 debito
3575 2338 3749 2391 intro-

2157 2428 2402 2494 mittunt,
2432 2430 2526 2484 sed
2557 2429 2871 2486 cellerarius
2909 2433 3102 2501 quibus
3131 2436 3196 2489 ad
3226 2434 3326 2489 hoc
3357 2433 3594 2488 innuerit
3623 2450 3742 2488 cum

2155 2520 2242 2578 his
2293 2535 2412 2576 eam
2461 2522 2848 2591 administrat;
2903 2527 3161 2597 quidquid
3203 2536 3285 2583 est
3338 2525 3590 2597 generale
3642 2527 3744 2582 hoc

2157 2622 2468 2684 apportant,
2511 2623 2566 2670 et
2593 2614 2694 2670 nisi
2724 2616 2899 2686 pisces
2944 2618 3076 2684 sint,
3107 2634 3243 2688 quos
3279 2619 3598 2674 cellerarius
3630 2619 3744 2690 ipse

2157 2704 2386 2774 singulis
2431 2704 2512 2760 eis
2540 2708 2954 2776 suggerentibus
3001 2709 3246 2780 apponit;
3279 2709 3324 2764 si
3369 2717 3454 2764 est
3478 2709 3616 2763 alius
3647 2725 3742 2778 ge-

2157 2796 2390 2862 neralis,
2418 2797 2596 2853 adhuc
2625 2814 2761 2854 unus
2797 2814 2981 2856 eorum
3025 2782 3257 2856 scillam‘
3279 2810 3454 2863 sonat,
3487 2800 3742 2856 scutellas

2157 2889 2361 2959 colligit
2397 2904 2490 2945 eas
2522 2891 2667 2945 solas
2701 2891 2754 2946 in
2794 2893 2991 2963 quibus
3027 2893 3164 2949 faba:
3204 2894 3458 2963 olcraque
3489 2903 3616 2948 suat
3643 2894 3741 2946 ati-

2156 2977 2484 3034 mtnistrata.
2512 2977 2740 3050 Propter
2763 2996 2899 3050 quas
2916 2983 3079 3036 etiam
3109 2998 3248 3037 unus
3269 2981 3471 3053 jugiter
3494 2991 3742 3036 remanet

2157 3067 2211 3122 in
2253 3069 2483 3138 coquina
2506 3110 2521 3134 ,
2561 3070 2653 3139 qui
2683 3086 2778 3126 eas
2806 3071 2878 3126 ita
2913 3087 3103 3129 recens
3129 3073 3306 3129 ollitas
3334 3073 3517 3129 abluat
3549 3073 3739 3128 cadent

445 3163 712 3227 'ntittunt,
756 3173 812 3220 et
841 3173 964 3235 post
1007 3165 1301 3238 capitulum
1334 3168 1388 3225 in
1424 3167 1598 3224 altero
1641 3165 1795 3223 fabas
1833 3167 2047 3222 i.erato.
2079 3143 2122 3204 (ἶ
2156 3173 2296 3228 aqua
2325 3175 2432 3228 qua
2476 3159 2713 3215 diluculo
2752 3173 2877 3218 sunt
2923 3161 3132 3230 lavatae,
3167 3178 3254 3228 ne,
3290 3163 3335 3218 si
3375 3172 3738 3216 contestorun

466 3257 756 3328 Accipiunt
804 3259 1037 3326 lardum,
1083 3261 1226 3331 quod
1255 3276 1374 3316 cum
1403 3260 1794 3331 aliquantulum
1835 3270 2048 3315 coctum

467 3346 635 3402 fuerit
669 3361 791 3403 cum
821 3347 1078 3414 oleribus,
1114 3351 1426 3421 exprimunt
1456 3351 1581 3406 inde
1627 3352 1869 3424 saginam
1911 3349 2050 3404 fabis

468 3437 985 3510 superfundendam.
1017 3439 1246 3511 Propter
1271 3441 1416 3514 quod
1459 3451 1639 3498 tamen
1680 3442 1744 3497 ad
1789 3442 2047 3513 majorem

467 3532 687 3587 missam
719 3548 824 3593 non
854 3548 1045 3589 omnes
1081 3548 1140 3588 se
1171 3533 1519 3601 subtrahunt,
1551 3536 1644 3590 sed
1684 3533 2046 3598 duo'tantum,

465 3629 520 3674 et
548 3622 816 3694 praecipue
853 3624 897 3677 si
939 3625 1029 3692 qui
1059 3638 1247 3681 eorum
1293 3635 1418 3680 sunt
1453 3626 1650 3680 idiotm.
1689 3624 1896 3691 Quibus
1924 3635 2049 3679 ante

463 3710 627 3767 debet
651 3728 678 3765 a
709 3714 1166 3771 commilitonibus
1212 3716 1478 3772 indultum
1521 3731 1664 3780 esse,
1707 3727 1764 3771 ut
1811 3717 2046 3784 aliquam

463 3803 732 3875 privatam
778 3805 996 3860 missam
1029 3809 1236 3876 possint
1265 3808 1555 3864 audivisse.
1588 3808 1685 3874 lli,
1715 3820 1773 3865 ut
1799 3811 2045 3880 prtemis—

463 3907 583 3946 sum
634 3905 736 3956 est,
771 3892 1001 3950 fundunt
1045 3899 1316 3964 saginam;
1370 3914 1465 3967 per
1520 3899 1616 3954 ltus
1664 3897 1797 3953 faba:
1845 3900 2040 3954 iterum

462 3982 741 4038 caleliunt.
773 3984 857 4048 lli,
893 3986 935 4040 si
967 4001 1100 4055 opus
1137 3989 1387 4052 viderint,
1422 4004 1520 4059 pro
1547 4005 1756 4045 morosa
1800 3993 2045 4046 coctione

460 4083 521 4131 ut
570 4075 801 4148 amplius
847 4092 1000 4148 aqtue
1047 4094 1209 4149 super
1252 4079 1397 4134 olera
1452 4081 1729 4147 mittatur,
1783 4092 2044 4152 quantum

466 4170 679 4231 mittere
723 4170 935 4236 volunt,
982 4171 1212 4241 primum
1265 4173 1317 4228 in
1371 4174 1642 4245 sartagine
1692 4175 2014 4232 calefaciunt

460 4262 586 4329 quia
616 4276 677 4318 ea
710 4270 902 4316 natura
948 4271 1029 4316 est
1055 4261 1262 4318 olerum
1301 4273 1358 4318 ut
1385 4265 1451 4319 de
1482 4281 1621 4336 aqua
1667 4266 1856 4339 frigida
1889 4285 2046 4338 sapo-

459 4367 572 4405 rem
625 4352 860 4413 habeant
913 4353 1274 4420 deteriorem;
1337 4357 1479 4412 unde
1537 4369 1793 4412 caveatur
1847 4361 2042 4425 etiam,

2157 3249 2398 3321 reliquiae
2423 3250 2786 3320 induruerint,
2810 3254 2982 3322 major
3013 3255 3110 3310 fiat
3149 3255 3398 3310 abluendi
3429 3253 3738 3309 difﬁcultas.

2153 3341 2353 3398 Eadem
2383 3343 2660 3414 diligentia
2698 3355 2783 3402 est
2828 3355 2882 3402 et
2924 3347 2991 3403 de
3031 3347 3304 3413 caldariis,
3340 3356 3400 3403 ut
3437 3358 3492 3402 et
3519 3346 3633 3416 ipsa
3664 3345 3740 3400 la-

2153 3445 2279 3488 vata
2303 3434 2432 3500 sint,
2461 3436 2506 3490 si
2533 3451 2639 3492 non
2670 3447 2818 3502 ante,
2847 3437 2994 3508 prius
3021 3449 3197 3494 tamen
3225 3453 3386 3509 quam
3411 3441 3735 3492 servitorum

2156 3525 2378 3581 refectio
2402 3525 2642 3583 finiatur.
2675 3526 2854 3583 Focus
2893 3537 3073 3584 autem
3119 3539 3278 3585 caute
3322 3529 3653 3598 cooperitur.
3681 3535 3740 3583 ut

2154 3617 2206 3671 in
2238 3617 2532 3673 crastinum
2560 3619 2712 3674 vivus
2731 3628 2787 3674 et
2813 3635 2920 3674 non
2947 3621 3250 3676 exstinctus
3273 3620 3448 3690 possit
3485 3618 3734 3690 reperiri.

2151 3709 2280 3766 Post
2316 3723 2569 3780 vesperas
2609 3711 2801 3766 iterum
2830 3711 2970 3767 fabis
2990 3711 3102 3782 jam
3133 3711 3280 3777 lotis,
3313 3727 3412 3782 pro
3438 3710 3736 3780 gratiarum

2151 3799 2362 3854 actione
2387 3799 2573 3854 dicunt
2594 3799 2876 3868 prtefatutu
2903 3816 3114 3856 versum
3141 3819 3155 3854 :
3183 3800 3497 3856 Benedictus
3525 3816 3602 3866 es,
3634 3797 3736 3860 Do-

2153 3892 2312 3954 mine,
2349 3900 2478 3954 etc.,
2509 3891 2698 3946 eodem
2747 3894 2904 3948 modo
2935 3908 3042 3964 quo
3085 3893 3314 3948 alterum
3361 3894 3412 3947 in
3463 3891 3731 3946 matutino

2150 3984 2421 4038 dixerunt.
2451 3984 2555 4038 Sed
2586 3985 2630 4040 si
2662 3979 2955 4052 voluerint,
2990 3986 3126 4041 duos
3168 3985 3286 4040 dies
3322 3985 3577 4054 expedire
3614 4000 3737 4054 pos-

2153 4084 2281 4128 sunt
2309 4075 2375 4130 de
2418 4075 2689 4132 lavatione
2715 4076 3080 4141 scutellarum,
3115 4076 3166 4132 id
3194 4085 3297 4141 est,
3327 4075 3379 4130 in
3418 4075 3654 4130 secunda
3683 4082 3736 4129 et

2153 4173 2307 4217 sexta
2362 4163 2525 4230 feria,
2568 4165 2620 4219 in
2653 4166 2849 4236 quibus
2881 4181 2980 4235 pro
3011 4165 3396 4220 consuetudine
3424 4163 3736 4218 cellerarius

2153 4257 2529 4312 contradicere
2576 4273 2679 4312 non
2727 4267 2922 4329 potest,
2963 4268 3019 4311 ut
3047 4273 3140 4312 eas
3189 4257 3241 4312 in
3274 4255 3556 4310 cellarium
3603 4255 3738 4309 dilu-

2150 4347 2273 4400 culo
2305 4357 2552 4420 portatas
2593 4365 2698 4404 non
2740 4351 3083 4405 commendet
3110 4349 3325 4404 famulis
3363 4349 3476 4403 suis
3508 4363 3740 4418 prOpen-

457 4458 581 4496 cum
628 4443 888 4502 mittenda
939 4453 1066 4501 sunt
1112 4446 1164 4499 in
1216 4447 1506 4502 caldarium
1533 4491 1546 4516 ,
1582 4458 1640 4504 ut
1683 4468 1787 4506 non
1825 4451 1890 4507 de
1943 4452 2043 4506 διζει
2077 4485 2122 4544 Ι)
2151 4442 2296 4498 siore
2324 4443 2804 4498 stadiolavandas.
2829 4442 3088 4498 Veniente
3109 4441 3373 4544 sabbato,
3399 4449 3513 4511 post
3542 4455 3738 4544 nonam

461 4548 602 4603 aqua
652 4548 813 4604 quam
863 4535 929 4590 de
976 4536 1179 4591 fqrvida
1244 4536 1530 4603 laventur;
1589 4540 1701 4594 sale
1756 4557 1860 4596 non
1913 4559 2043 4598 con-

457 4623 700 4689 tliuntur,
740 4642 842 4690 nec
885 4628 1041 4696 adipe
1085 4637 1432 4698 sparguntur,
1464 4630 1563 4683 nisi
1596 4635 1811 4701 quando
1848 4631 2046 4687 fuerint

457 4725 746 4785 percocta),
782 4733 848 4770 ne
894 4717 1031 4772 forte
1061 4733 1212 4772 mora
1242 4718 1483 4788 longiore
1529 4722 1606 4774 sal
1637 4732 1954 4788 evanescat,
1990 4733 2045 4777 et

439 4806 502 4861 ἐἰ
535 4822 675 4860 unus
707 4822 1003 4880 coquorutn
1037 4810 1285 4875 voluerit,
1319 4827 1423 4865 non
1455 4821 1537 4866 est
1564 4812 1805 4867 illicitum
1833 4815 1898 4868 de
1930 4814 2044 4885 ipsa

446 4896 702 4951 'fabarum
735 4913 870 4967 aqua
898 4898 1170 4968 paululum
1202 4899 1507 4973 praelibare,
1539 4912 1594 4955 ttt
1621 4902 1813 4975 probet
1838 4905 1882 4960 si
1907 4903 2044 4959 bene

457 4991 570 5045 sint
598 4990 849 5046 conditae.

527 5080 608 5134 Ad
634 5081 853 5140 mistum
886 5099 989 5136 non
1018 5083 1289 5152 accipiunt
1317 5085 1419 5141 nisi
1456 5087 1597 5158 quod
1625 5087 1686 5142 S.
1721 5089 2045 5147 Benedictus

455 5170 718 5216 nr'nninil-
751 5179 1000 5216 mmrlam
1043 5183 1246 5216 nni-lem
1281 5177 1434 5216 noni:
1481 5180 1689 5216 nitentia
1740 5181 1872 5216 ΙὶΙιιοσι
1923 5198 2014 5216 cun

2152 4531 2232 4586 vel
2278 4542 2396 4602 post
2436 4547 2689 4602 vesperas
2735 4541 2961 4602 scopant
2999 4531 3310 4601 coquiuam,
3343 4541 3484 4585 totas
3529 4530 3734 4592 sordes,

2147 4638 2266 4690 qua:
2297 4621 2496 4676 fiebant
2525 4636 2620 4693 per
2649 4621 2992 4676 occasionem
3025 4622 3266 4675 cinerum
3311 4621 3396 4675 vel
3444 4621 3735 4689 lignorum,

2148 4712 2279 4768 foris
2306 4713 2505 4767 ostium
2534 4710 2900 4776 accumulant,
2929 4720 2986 4765 ut
3018 4712 3141 4767 inde
3187 4727 3282 4782 per
3319 4710 3548 4764 famulos
3579 4709 3737 4763 celle-

2151 4805 2277 4858 rarii
2317 4804 2634 4858 efferantur.
2665 4800 3002 4857 Calefaciunt
3050 4818 3246 4871 aquam
3292 4801 3359 4854 ad
3398 4799 3735 4862 mandatum,

2146 4905 2291 4951 eteo
2340 4895 2428 4948 die
2474 4893 2724 4949 differtur
2771 4906 2990 4958 versus,
3017 4891 3334 4946 Benedictus
3369 4890 3460 4954 ’es,
3494 4889 3735 4952 Domine,

2148 4999 2320 5055 usque
2343 4984 2469 5039 dum
2504 4984 2816 5038 mandatum
2845 4981 2914 5038 sit
2944 4983 3243 5054 peractum,
3277 4990 3332 5038 et
3362 4981 3414 5035 in
3451 4980 3738 5036 refectoriu

2149 5079 2313 5134 etiam
2366 5077 2528 5130 lectio
2576 5073 2882 5130 collationis
2922 5075 3036 5143 jam
3081 5073 3321 5127 finiatur.
3379 5072 3437 5126 lu
3487 5070 3735 5140 sequenti

2150 5177 2332 5216 autem
2380 5166 2640 5216 Sabbato.
2691 5180 2813 5216 cum
2862 5179 3050 5216 nosrer
3093 5163 3440 5216 anumductus
3489 5162 3735 5216 limosum
