4040 5298
533 304 633 362 751

1595 314 1910 371 l'DALRlCl
1934 313 2428 375 CLUNIACENSIS
2465 317 2772 376 MONACIII

3692 315 3796 374 732

1679 487 2037 576 LIBER
2099 489 2241 576 TE
2266 491 2651 581 RTIUS.

1551 655 1708 714 PRO
1777 656 1850 712 SI
1878 655 2190 712 NGULIS
2251 656 2810 715 OBEDIENTIIS.

1107 813 1501 870 PBABFATIO.

529 957 536 962 .
607 905 803 962 Beatus
832 905 1192 976 Hieronymus
1221 907 1272 961 in
1305 908 1535 977 quadam
1563 907 1750 962 suadet
1785 903 2010 975 epistola
2035 911 2113 968 ut,

538 999 631 1068 qui
669 998 1057 1052 tnottaclmrum
1089 1000 1308 1054 nomine
1332 1013 1638 1062 censemur,
1674 1000 1842 1067 rogali
1873 1011 1997 1050 raro
2023 1012 2116 1050 ac-

537 1089 822 1158 cipiamus,
856 1101 1113 1159 rogantes
1149 1105 1444 1161 nunquam.
1479 1090 1632 1157 Quod
1675 1103 1796 1157 cum
1839 1088 2111 1154 legissem,

537 1191 595 1234 ιιι
623 1181 796 1235 fatear
821 1183 961 1250 quod
994 1197 1181 1235 verum
1225 1192 1330 1247 est,
1376 1182 1513 1236 adeo
1543 1182 1672 1235 mihi
1709 1179 2035 1250 complacuit
2061 1187 2120 1232 ut

535 1272 604 1326 de
630 1281 829 1327 caetero
852 1271 1089 1340 ejusdem
1115 1273 1262 1328 verbi
1294 1289 1400 1327 non
1427 1288 1638 1342 possem
1669 1273 1954 1326 immemor
1974 1286 2114 1325 esse.

537 1361 608 1417 Ut
639 1372 817 1419 autem
855 1364 968 1433 jam
1019 1366 1070 1419 iu
1121 1365 1226 1420 alio
1274 1365 1392 1420 loco
1431 1364 1675 1428 memini,
1724 1363 2119 1418 seuioruoster

533 1458 765 1512 domnus
795 1457 961 1513 abbas
994 1473 1118 1513 cum
1153 1474 1238 1514 me
1278 1459 1329 1512 iu
1372 1457 1749 1513 Alemanniam
1807 1455 2116 1518 direxisset,

533 1548 786 1604 videlicet
817 1549 885 1603 ad
920 1564 1123 1619 regem,
1154 1558 1209 1603 et
1237 1549 1303 1604 ad
1333 1549 1618 1618 quemdam
1662 1545 1924 1618 regalium
1985 1545 2121 1599 divi-

535 1643 730 1696 tiarum
768 1642 1100 1711 pontificem,
1133 1643 1209 1696 ita
1241 1643 1372 1696 mihi
1405 1641 1653 1712 contigit,
1679 1649 1738 1694 ut
1768 1639 2003 1708 aliquam
2028 1653 2120 1706 pa-

537 1739 686 1784 terer
723 1732 1104 1786 necessitatem
1161 1731 1470 1786 utensilium
1509 1731 1574 1785 ad
1616 1738 1724 1784 tam
1772 1728 2121 1799 longinquam

537 1824 679 1877 viam
709 1825 989 1880 redeundi.
1021 1826 1223 1880 Tamen
1253 1843 1358 1882 non
1395 1827 1580 1880 valens
1608 1824 1825 1880 auferre
1855 1840 1884 1878 a
1919 1838 2123 1878 memo-

539 1919 617 1973 ria
653 1919 795 1990 quod
824 1933 1044 1973 suasum
1076 1928 1189 1972 erat
1218 1933 1248 1971 a
1279 1917 1505 1988 prmlato
1539 1916 1741 1972 Christi
1777 1914 2120 1986 philosopho,

537 2018 593 2064 et
613 2026 642 2063 a
671 2010 874 2080 meipso
898 2011 1032 2066 adeo
1059 2011 1363 2080 probatum,
1401 2009 1556 2076 posui
1577 2009 1656 2063 ori
1681 2022 1801 2062 meo
1821 2007 2120 2061 custodiam

535 2112 724 2156 contra
757 2103 1032 2158 stimulum
1069 2101 1407 2156 necessitatis
1435 2101 1760 2171 ingruentis,
1793 2106 1852 2154 ut
1874 2113 2120 2170 persona:

534 2193 941 2262 praenominata:
980 2191 1114 2246 nihil
1159 2193 1381 2247 omnino
1414 2207 1444 2245 a
1477 2207 1562 2246 me
1599 2200 1947 2263 rogarentur,
1993 2206 2118 2245 cum

537 2281 667 2352 ipsa:
699 2297 914 2353 quoque
957 2283 1088 2337 nihil
1123 2284 1343 2338 omnino
1393 2299 1493 2338 sua
1536 2293 1730 2352 sponte
1776 2281 2123 2354 largireutur.

429 2371 442 2382 ⁶
535 2373 612 2427 lta
650 2388 814 2445 egens
847 2375 1045 2430 iterato
1082 2376 1203 2430 veni
1246 2377 1313 2430 ad
1344 2377 1602 2431 domuum
1631 2374 1882 2430 abbatem
1912 2375 2124 2430 Willel-

538 2481 708 2530 mum,
740 2467 831 2536 qui
865 2483 948 2522 tne
993 2469 1200 2537 pridem
1250 2467 1619 2523 discedentem
1662 2485 1691 2522 a
1741 2484 1800 2522 se
1829 2468 2123 2536 adjuravit,

537 2567 763 2629 propter
785 2559 926 2628 quod
959 2577 985 2611 λι
1014 2576 1099 2615 me
1126 2574 1230 2614 non
1256 2559 1394 2614 bene
1419 2559 1592 2628 potuit
1613 2558 1807 2622 omitti,
1831 2567 1886 2612 ut
1913 2559 1978 2612 ad
2003 2573 2124 2613 eum

537 2660 764 2720 peracta
792 2650 1078 2723 legatione,
1109 2667 1230 2720 qua:
1261 2651 1393 2706 mihi
1421 2660 1538 2706 erat
1575 2651 1845 2720 injuncta,
1898 2667 2004 2706 non
2046 2665 2129 2705 re-

533 2743 750 2808 direm;
783 2753 838 2797 et
869 2753 996 2797 tunc
1025 2745 1154 2813 quid
1199 2744 1328 2798 fecit
1355 2743 1490 2798 ille?
1519 2745 1680 2799 Certe
1711 2761 1818 2798 non
1847 2753 2128 2814 exspecta-

537 2831 619 2884 vit
657 2840 717 2885 nt
750 2847 778 2885 a
821 2847 906 2886 me
936 2833 1234 2902 quidquam
1270 2843 1584 2904 rogaretur;
1627 2850 1751 2888 nam
1792 2835 2124 2903 qu.buscun‘-

539 2938 646 2994 que
680 2938 815 2993 Opus
849 2925 1173 2989 habueram,
1203 2926 1520 2995 priusquam
1550 2926 1635 2981 vel
1678 2927 1900 2992 scirem,
1944 2927 2127 2980 omnia

539 3017 800 3087 providit,
819 3026 873 3072 et
897 3017 1084 3072 vellem
1109 3018 1330 3084 nollem,
1346 3019 1596 3090 accipere
1618 3020 1810 3091 coegit.
1828 3021 1928 3088 Qui
1953 3021 2130 3075 adhuc

543 3109 710 3163 etiam
734 3109 954 3180 insuper
986 3109 1332 3180 impendebat
1361 3114 1539 3168 omnia
1568 3111 1741 3168 ofﬁcia
1767 3123 1820 3169 et
1843 3115 2125 3184 obsequia,

540 3216 663 3270 qua:
689 3200 775 3254 ille
801 3203 975 3272 potuit
1006 3202 1111 3257 ullo
1133 3204 1291 3258 modo
1311 3206 1582 3261 :estimare
1613 3216 1670 3261 ut
1701 3209 2038 3278 pertinerent
2061 3209 2128 3262 ad

542 3294 891 3359 charitatem,
925 3294 997 3348 ita
1032 3302 1088 3349 ut.
1126 3307 1383 3367 gravatus
1409 3299 1653 3362 etesarie,
1693 3315 1815 3353 cum
1853 3309 2130 3354 tonsorem

540 3402 864 3456 quaererem,
887 3403 993 3442 non
1027 3403 1113 3444 me
1135 3398 1409 3457 pateretur
1430 3389 1596 3444 alium
1626 3391 1827 3447 habere
1855 3406 2018 3460 quam
2047 3407 2131 3447 se-

2136 817 2184 872 Λ
2217 813 2333 866 dem
2359 816 2688 871 immanitate
2712 819 2931 884 detenti,
2962 821 3052 874 sed
3083 821 3137 874 in
3165 821 3372 875 nomine
3395 831 3482 875 tuo
3509 822 3808 890 specialiter

2219 910 2516 978 aggregati;
2551 912 2660 964 reni
2690 911 2758 964 ad
2798 928 2909 975 nos.
2946 923 2994 966 et
3029 923 3134 967 esto
3165 915 3452 980 nobiscum,
3497 925 3544 970 et
3578 916 3802 986 dignare

2221 1001 2367 1056 illabi
2397 1004 2450 1056 in
2481 1003 2723 1059 cordibus
2757 1006 2947 1061 nostris
2959 1023 2977 1070 ,°
3010 1007 3136 1060 doce
3161 1023 3253 1060 nos
3281 1008 3406 1077 quid
3433 1025 3676 1078 agamus,
3702 1023 3803 1078 quo

2219 1097 2561 1162 gradinmur;
2589 1107 2637 1150 et
2677 1097 2886 1152 ostende
2913 1098 3040 1168 quid
3065 1099 3258 1169 efﬁcere
3305 1099 3607 1164 debeamus,
3667 1109 3720 1153 ut
3758 1109 3808 1152 te

2221 1186 2514 1242 auxiliante
2573 1189 2662 1242 tibi
2714 1189 2768 1242 in
2804 1189 3044 1243 omnibus
3095 1189 3302 1258 placere
3354 1189 3641 1244 valeamus.
3682 1188 3808 1242 Esto

2219 1277 2363 1331 salus
2393 1288 2439 1332 et
2468 1289 2740 1348 suggestor
2784 1290 2832 1333 et
2869 1281 3085 1349 effector
3113 1280 3444 1350 judiciorum
3478 1290 3807 1346 nostrorum,

2219 1373 2309 1439 qui
2337 1370 2481 1424 solus
2509 1387 2626 1424 cum
2658 1370 2764 1424 Deo
2795 1370 2976 1437 Patre,
3009 1381 3055 1424 et
3095 1371 3208 1440 ejus
3240 1368 3380 1426 Filio
3411 1388 3598 1425 nomen
3634 1371 3798 1439 possi-

2221 1463 2310 1516 des
2352 1462 2657 1532 gloriosum.
2706 1460 2828 1516 Non
2878 1479 2970 1516 nos
3010 1462 3234 1532 patiaris
3276 1461 3666 1532 perturbatores
3695 1459 3810 1531 ejus

2215 1555 2458 1624 justitite,
2509 1555 2598 1625 qui
2627 1570 2886 1609 summam
2919 1555 3096 1625 diligis
3130 1555 3450 1625 a’quitatem,
3494 1564 3550 1606 ut
3579 1555 3635 1606 in
3675 1553 3814 1606 sini-

2222 1657 2390 1700 strum
2421 1664 2515 1701 nos
2546 1663 2648 1700 non
2676 1647 2974 1716 ignorantia
3021 1647 3215 1712 trahat,
3248 1662 3348 1700 non
3376 1646 3524 1715 favor
3553 1645 3810 1715 inﬂectat,

2227 1754 2328 1790 non
2374 1736 2604 1805 acceptio
2652 1736 2884 1790 muneris
2930 1735 3007 1790 vel
3053 1751 3287 1802 persona:
3343 1744 3680 1803 corrumpat;
3724 1733 3812 1788 sed

2216 1827 2380 1896 junge
2412 1843 2504 1881 nos
2535 1826 2628 1880 tibi
2659 1827 2934 1896 ejﬁcaciter
2961 1827 3124 1880 solius
3162 1836 3264 1879 tute
3311 1825 3499 1894 gratia:
3543 1823 3708 1888 dono,
3759 1832 3814 1876 ut

2225 1918 2389 1972 simus
2427 1919 2482 1973 iu
2509 1929 2559 1973 te
2588 1935 2770 1984 unum,
2800 1929 2846 1972 et
2874 1919 2930 1971 in
2960 1916 3104 1972 nullo
3134 1918 3396 1971 deviemus
3425 1933 3458 1970 a
3496 1931 3613 1968 rero
3642 1913 3814 1984 quali-

2226 2018 2305 2062 ter
2335 2009 2387 2062 in
2419 2009 2628 2062 nomine
2659 2018 2750 2063 tuo
2791 2007 3015 2071 collecti,
3065 2006 3140 2060 sic
3182 2007 3237 2059 in
3299 2005 3496 2059 cunctis
3541 2015 3811 2059 teneamus

2227 2117 2343 2154 cum
2373 2101 2729 2155 moderamine
2769 2100 2981 2170 pietatis
3000 2099 3288 2170 justitiam,
3319 2108 3374 2152 ut
3402 2108 3448 2152 et
3479 2099 3564 2152 hic
3607 2115 3641 2150 a
3684 2107 3733 2151 te
3766 2099 3818 2149 in

2231 2193 2376 2247 nullo
2405 2194 2676 2249 dissentiat
2708 2193 2964 2248 sententia
2989 2201 3188 2258 nostra,
3213 2201 3259 2245 et
3286 2193 3339 2244 in
3365 2191 3543 2260 futuro
3571 2207 3670 2260 pro
3698 2191 3819 2242 bene

2233 2287 2389 2355 gestis
2465 2302 2846 2357 consequamur
2922 2283 3142 2356 pra’mia
3198 2292 3414 2336 (eterna.
3474 2280 3816 2352 Responsum

2232 2377 2444 2431 tandem
2479 2385 2563 2432 est
2606 2378 2674 2432 ab
2717 2377 2970 2432 omuilms
3007 2376 3188 2429 Amen.
3219 2373 3366 2440 Quos
3402 2373 3596 2427 iterum
3627 2373 3808 2426 cousi-

2229 2467 2419 2522 deutes
2455 2467 2604 2537 prior
2633 2468 2996 2539 compellavit,
3033 2465 3268 2520 suadens
3311 2473 3370 2520 ut
3405 2464 3471 2518 de
3523 2462 3818 2533 prmsentia

2231 2557 2425 2612 divina:
2455 2559 2642 2629 gratia:
2673 2575 3015 2629 nequaquam
3044 2556 3377 2614 dubitarent.
3421 2554 3700 2610 Pollicitus
3728 2564 3810 2608 est

2231 2667 2444 2722 quoque
2473 2667 2570 2723 pro
2593 2662 2746 2723 parte
2799 2653 2937 2709 virili
2965 2650 3108 2724 quod
3141 2649 3344 2704 nullout
3373 2647 3596 2704 onmiuo
3619 2646 3819 2714 eligere

2231 2753 2475 2812 possent,
2513 2744 2676 2798 etiam
2709 2744 2752 2800 si
2785 2744 3042 2799 minimus
3077 2747 3224 2800 essm
3253 2753 3573 2808 puerorum,
3608 2735 3696 2790 cui
3730 2749 3820 2790 vo-

2233 2835 2350 2889 lens
2377 2844 2431 2890 et
2459 2836 2662 2906 abSque
2687 2836 2832 2890 omni
2865 2837 3029 2908 typho
3057 2852 3162 2890 non
3191 2825 3451 2890 obcilieus
3480 2835 3647 2883 esset.

2303 2925 2498 2981 Beatus
2519 2936 2696 2982 autem
2721 2926 2883 2981 Pater
2906 2925 3064 2980 0dilo
3079 2933 3297 2997 rogatus
3321 2932 3371 2980 in
3397 2927 3664 2985 cauernis
3689 2947 3817 2994 suis,

2233 3019 2359 3088 quid
2389 3019 2489 3074 sibi
2530 3020 2594 3074 de
2623 3034 2940 3074 succussore
2976 3017 3274 3084 videretur,
3315 3033 3422 3077 non
3457 3023 3730 3092 acquievit
3755 3024 3820 3077 ad

2236 3113 2336 3166 hoc
2373 3125 2700 3181 quemquam
2756 3111 3061 3165 nominare.
3119 3108 3353 3163 Tantum
3424 3128 3548 3168 cum
3621 3114 3822 3183 aliquot

2233 3219 2587 3272 personarum
2644 3201 2912 3269 majorum
2975 3208 3030 3254 et
3086 3199 3536 3269 probabiliorum,
3595 3213 3820 3271 excepto

2235 3293 2437 3362 priore,
2479 3291 2837 3350 meminisset,
2876 3290 3126 3359 probavit
3169 3297 3248 3354 ut,
3279 3292 3531 3362 quisquis
3575 3307 3673 3362 per
3708 3293 3822 3348 illas

2235 3387 2546 3456 eligeretur,
2599 3385 2778 3439 cmteri
2829 3399 3018 3438 oumes
3054 3384 3444 3441 consentirent.
3492 3386 3651 3453 Quod
3701 3401 3818 3439 cmn

550 3478 750 3546 ipsum.
775 3477 928 3545 Item,
957 3492 1168 3532 sacram
1197 3477 1424 3532 hostiam
1457 3479 1757 3545 oblaturus,
1788 3496 1910 3535 cum
1933 3481 1999 3536 ad
2031 3481 2131 3536 hoc
2161 3505 2206 3566 ο
2240 3478 2465 3532 relatum
2489 3487 2632 3533 esset
2663 3477 2850 3532 eadem
2882 3479 2995 3531 vice
3035 3477 3085 3531 in
3118 3476 3352 3546 capitulo
3385 3494 3414 3532 a
3443 3478 3678 3546 quodam
3717 3477 3822 3531 fra-

546 3571 852 3626 ministrum
903 3588 1238 3642 quaererem,
1293 3590 1400 3629 non
1464 3590 1551 3629 me
1603 3585 1884 3645 pateretur
1928 3575 2132 3631 habere

549 3662 711 3716 alimn
740 3680 902 3734 quam
937 3665 1196 3736 seipsum.
1237 3665 1366 3722 Siue
1395 3667 1519 3723 luco
1549 3669 1792 3724 imitatus
1833 3677 1919 3724 est
1959 3669 2130 3734 illum,

547 3754 641 3824 qui
675 3755 821 3809 venit
876 3771 982 3810 non
1028 3757 1350 3825 ministrari,
1391 3759 1484 3814 sed
1526 3760 1853 3815 ministrare.
1909 3759 2134 3814 Amator

546 3855 727 3899 autem
757 3844 1064 3914 prmeipuus
1094 3847 1256 3902 totius
1288 3847 1584 3918 religionis,
1609 3859 1663 3904 et
1693 3849 2004 3920 specialiter
2035 3867 2133 3904 no-

548 3947 662 3992 stro
689 3937 940 3992 deferens
964 3941 1312 4006 monasterio,
1342 3943 1496 4011 quasi
1523 3943 1680 3997 alteri
1711 3943 1982 4014 paradiso,
2012 3945 2132 4001 eni-

551 4027 674 4082 xius
722 4043 808 4083 me
848 4030 1056 4100 rogavit
1104 4039 1162 4084 ut
1199 4031 1342 4101 quod
1402 4034 1580 4090 adhuc
1620 4035 1686 4090 de
1716 4035 1906 4091 usibus
1930 4036 2135 4091 nostris

550 4138 874 4194 superesset,
906 4141 1239 4194 pet-orarem.
1287 4127 1383 4182 Cui
1415 4138 1471 4183 ut
1503 4143 1708 4185 morem
1743 4143 2009 4200 gererem,
2062 4129 2134 4182 ita

551 4214 713 4272 tertio
743 4231 860 4271 sum
891 4230 1139 4272 exorsus.

1057 4373 1286 4430 CAPUT
1334 4375 1625 4433 PRIMUM.

1019 4465 1090 4520 De
1134 4467 1380 4523 electione
1422 4469 1646 4524 abbatis.

631 4578 701 4633 De
725 4578 938 4644 ollieiis,
964 4579 1066 4644 \el,
1118 4588 1174 4633 ut
1222 4580 1541 4650 regulariter
1582 4580 1791 4649 loquar.
1816 4580 2142 4638 obedientiis

558 4673 792 4723 nondum
808 4671 897 4739 qui
911 4673 1098 4740 .lquatu
1115 4671 1246 4725 dixi.
1268 4671 1504 4737 Quarum
1520 4672 1761 4726 omnium
1778 4689 1898 4727 eum
1913 4673 1982 4727 sit
1997 4675 2143 4742 priu-

559 4760 743 4828 ripalis
773 4762 1076 4816 obedientia
1109 4763 1290 4818 donmi
1335 4765 1567 4826 abbatis,
1609 4766 1680 4819 sit
1727 4766 1891 4820 etiam
1935 4765 2141 4836 princi-

2240 3579 2342 3634 tre,
2394 3570 2484 3638 qui
2515 3567 2582 3621 ad
2616 3567 2776 3621 linem
2808 3565 2865 3620 S.
2905 3565 3082 3620 Patris
3121 3565 3390 3629 interluit,
3429 3583 3524 3636 per
3552 3566 3694 3621 hanc
3723 3581 3817 3620 oc-

2236 3661 2512 3716 easionem
2544 3659 2725 3728 priore
2749 3657 3090 3712 dissimulato
3114 3658 3426 3729 compulsus
3453 3668 3537 3712 est
3561 3658 3822 3712 claustra-

2238 3755 2303 3808 lis
2337 3754 2486 3824 prior
2528 3769 2555 3805 a
2598 3751 2812 3807 caeteris
2859 3750 3178 3818 majoribus,
3231 3761 3290 3806 ut
3327 3753 3535 3820 prinms
3583 3751 3824 3805 ediceret

2237 3845 2367 3916 quid
2406 3845 2518 3912 ipse
2556 3845 2620 3897 de
2660 3841 2896 3912 gerenda
2930 3841 3196 3897 electione
3222 3842 3476 3905 sentiret;
3518 3840 3608 3894 ille
3644 3850 3822 3893 autem

2242 3936 2504 3993 luesitans
2537 3945 2593 3988 et
2620 3935 2836 3988 tandem
2879 3933 3085 3988 ratione
3115 3933 3413 3998 convictus,
3455 3947 3582 3987 cum
3614 3941 3826 3986 mutare

2240 4045 2346 4084 non
2375 4036 2556 4098 posset
2600 4037 2659 4080 ut
2706 4041 2810 4080 non
2851 4026 3219 4095 responderet,
3247 4025 3483 4094 priorem
3513 4022 3820 4077 nominavit

2240 4133 2294 4178 et
2318 4120 2498 4192 elegit.
2533 4119 2606 4174 De
2627 4126 2827 4173 etetero
2855 4117 3029 4172 nullus
3049 4124 3169 4170 erat
3195 4115 3289 4185 qui
3311 4121 3502 4170 contra
3529 4113 3674 4168 hanc
3702 4125 3825 4167 sen-

2243 4213 2468 4269 tentiam
2508 4211 2588 4266 vel
2628 4208 3023 4279 aliquantulum
3073 4207 3318 4271 mutiret,
3369 4205 3463 4261 sed
3501 4219 3696 4259 onmes
3728 4219 3821 4273 pa-

2243 4306 2376 4360 riter
2415 4303 2791 4356 laudaveruut.
2842 4301 3002 4355 Solus
3042 4299 3249 4354 electus
3298 4297 3638 4361 reclamavit,
3672 4311 3818 4350 asse‘

2245 4412 2372 4455 rens
2401 4395 2545 4468 quod
2591 4409 2695 4450 non
2728 4393 2832 4449 sibi
2877 4393 3013 4447 bene
3056 4389 3472 4454 consuluissent,
3508 4397 3563 4442 et
3599 4388 3645 4442 si
3685 4387 3823 4441 scire

2245 4495 2464 4561 possent
2485 4485 2666 4557 qualis
2697 4485 2912 4538 futurus
2937 4491 3103 4546 esset,
3133 4496 3291 4550 quem
3312 4477 3425 4547 jam
3448 4478 3828 4548 probavissent

2245 4580 2406 4651 hujus
2441 4575 2777 4633 austeritatis
2805 4589 2947 4639 esse,
2981 4573 3138 4642 hujus
3162 4571 3600 4643 praesumptionis
3631 4571 3686 4623 in
3717 4566 3828 4621 olli-

2247 4676 2330 4729 cio
2356 4674 2587 4737 minore,
2620 4677 2679 4724 ut
2708 4670 2821 4739 jam
2853 4668 3108 4738 pleraque
3139 4663 3574 4739 prgesumpsisset
3608 4662 3678 4714 ah
3709 4659 3826 4713 aliis

2247 4767 2519 4836 prioribus
2560 4761 2782 4819 minime
2819 4736 3348 4830 przesmnptaﬂuter
3376 4755 3540 4809 verba
3576 4753 3826 4820 lacrymm

561 4853 702 4918 pium
754 4853 1032 4908 relationis
1064 4864 1282 4910 nostrae.
1323 4856 1490 4926 Igitur
1518 4855 1636 4922 ejus
1671 4857 1839 4927 ipsius
1867 4857 2140 4928 primitiva
2175 4847 2220 4907 Ι)
2253 4872 2464 4927 quoque
2487 4855 2620 4910 satis
2646 4852 3038 4915 fundebantur,
3063 4858 3122 4904 ut
3149 4847 3308 4919 plane
3333 4847 3558 4902 daretur
3581 4840 3826 4909 intelligi,

559 4945 751 5000 electio
811 4946 914 5000 hoc
965 4946 1126 5000 habet
1179 4948 1330 5016 quasi
1382 4948 1680 5016 legitimum
1731 4950 2139 5018 sempiternum,

562 5037 703 5105 quod
737 5037 801 5090 ad
831 5051 950 5090 eam
982 5037 1158 5091 nullus
1192 5038 1498 5092 mortalium
1530 5039 1667 5094 solet
1697 5039 1978 5103 interesse,
2009 5055 2144 5108 pne-

566 5139 648 5184 ter
684 5146 777 5185 eos
816 5130 964 5184 solos
993 5131 1085 5199 qui
1117 5142 1240 5184 sunt
1273 5131 1530 5186 Ecclesia:
1559 5141 1760 5186 nostrae
1791 5129 2044 5200 professi.
2077 5130 2146 5183 Et

563 5221 792 5276 domnus
817 5221 1005 5285 abbas,
1035 5237 1193 5290 quem
1222 5221 1331 5274 Deo
1364 5223 1601 5276 donante
1643 5223 1906 5276 habemus
1939 5222 2143 5291 impre—

2250 4950 2401 5020 justa
2445 4947 2675 5018 elogium
2726 4943 3006 5013 cujusdam
3043 4937 3165 4995 non'
3189 4938 3333 4993 aliud
3359 4949 3481 4992 esse
3523 4941 3828 5004 promptum

2255 5042 2308 5094 in
2345 5041 2544 5109 lingua,
2567 5047 2620 5092 et
2645 5037 2788 5091 aliud
2814 5035 2865 5089 in
2893 5042 3111 5104 pectore
3132 5031 3401 5085 clausum.
3435 5027 3542 5082 Sed
3567 5021 3828 5095 quidquid

2255 5131 2370 5200 ipse
2414 5127 2773 5198 praetenderet
2813 5123 2947 5178 nihil
2993 5120 3227 5178 obtinuit
3277 5127 3336 5174 et
3377 5115 3629 5186 imposita
3687 5111 3828 5166 anti-

2255 5223 2454 5292 phona,
2489 5219 2758 5288 Conﬁrma
2789 5218 2906 5284 hoc,
2950 5216 3110 5280 Deus,
3160 5221 3410 5269 cantatus
3456 5217 3545 5265 est
3593 5206 3830 5278 psalmus
