  <div class='ocr_page' id='page_1' title='image "/cluster/home/n/w/nwhite01/storage/ocr_20150623/149/hvd.32044015473770/372.png"; bbox 0 0 4040 5298; ppageno 0'>
   <div class='ocr_carea' id='block_1_1' title="bbox 219 417 334 476">
    <p class='ocr_par' dir='ltr' id='par_1_1' title="bbox 219 417 334 476">
     <span class='ocr_line' id='line_1_1' title="bbox 219 417 334 476; baseline 0.035 -3"><span class='ocrx_word' id='word_1_1' title='bbox 219 417 334 476; x_wconf 72' lang='grc' dir='ltr'><strong>’ῗῖιό</strong></span> 
     </span>
    </p>
   </div>
   <div class='ocr_carea' id='block_1_2' title="bbox 1011 402 2824 476">
    <p class='ocr_par' dir='ltr' id='par_1_2' title="bbox 1011 402 2824 476">
     <span class='ocr_line' id='line_1_2' title="bbox 1011 402 2824 476; baseline -0.009 -2"><span class='ocrx_word' id='word_1_2' title='bbox 1011 411 1586 476; x_wconf 73' lang='lat' dir='ltr'><strong>CONSUETUDINES</strong></span> <span class='ocrx_word' id='word_1_3' title='bbox 1613 407 2155 471; x_wconf 75' lang='lat' dir='ltr'><strong>CLUNIACENSES.</strong></span> <span class='ocrx_word' id='word_1_4' title='bbox 2177 439 2244 452; x_wconf 88' lang='lat'><strong>--</strong></span> <span class='ocrx_word' id='word_1_5' title='bbox 2274 404 2470 464; x_wconf 79' lang='lat' dir='ltr'><strong>LIBER</strong></span> <span class='ocrx_word' id='word_1_6' title='bbox 2502 402 2824 462; x_wconf 73' lang='lat' dir='ltr'><strong>TERTIUS.</strong></span> 
     </span>
    </p>
   </div>
   <div class='ocr_carea' id='block_1_3' title="bbox 3402 387 3506 444">
    <p class='ocr_par' dir='ltr' id='par_1_3' title="bbox 3402 387 3506 444">
     <span class='ocr_line' id='line_1_3' title="bbox 3402 387 3506 444; baseline -0.019 0"><span class='ocrx_word' id='word_1_7' title='bbox 3402 387 3506 444; x_wconf 62' lang='lat' dir='ltr'><strong>73L</strong></span> 
     </span>
    </p>
   </div>
   <div class='ocr_carea' id='block_1_4' title="bbox 232 507 3508 607">
    <p class='ocr_par' dir='ltr' id='par_1_4' title="bbox 232 507 3508 607">
     <span class='ocr_line' id='line_1_4' title="bbox 232 507 3508 607; baseline -0.005 -17"><span class='ocrx_word' id='word_1_8' title='bbox 232 534 483 607; x_wconf 75' lang='lat' dir='ltr'><strong>eligentis</strong></span> <span class='ocrx_word' id='word_1_9' title='bbox 516 534 584 591; x_wconf 87' lang='lat' dir='ltr'><strong>ad</strong></span> <span class='ocrx_word' id='word_1_10' title='bbox 621 534 1033 607; x_wconf 72' lang='lat' dir='ltr'><strong>prterogativam</strong></span> <span class='ocrx_word' id='word_1_11' title='bbox 1073 537 1375 601; x_wconf 88' lang='lat' dir='ltr'><strong>electionis,</strong></span> <span class='ocrx_word' id='word_1_12' title='bbox 1409 534 1535 590; x_wconf 86' lang='lat' dir='ltr'><strong>talis</strong></span> <span class='ocrx_word' id='word_1_13' title='bbox 1564 532 1720 594; x_wconf 79' lang='lat' dir='ltr'><strong>electi</strong></span> <span class='ocrx_word' id='word_1_14' title='bbox 1751 531 1817 586; x_wconf 92' lang='lat' dir='ltr'><strong>ad</strong></span> <span class='ocrx_word' id='word_1_15' title='bbox 1846 533 1896 592; x_wconf 79' lang='grc' dir='ltr'>Α</span> <span class='ocrx_word' id='word_1_16' title='bbox 1923 530 2048 584; x_wconf 89' lang='lat' dir='ltr'><strong>dum</strong></span> <span class='ocrx_word' id='word_1_17' title='bbox 2079 547 2090 582; x_wconf 93' lang='lat'>:</span> <span class='ocrx_word' id='word_1_18' title='bbox 2119 543 2148 581; x_wconf 90' lang='lat' dir='ltr'><strong>a</strong></span> <span class='ocrx_word' id='word_1_19' title='bbox 2180 527 2393 582; x_wconf 83' lang='lat' dir='ltr'><strong>cantica</strong></span> <span class='ocrx_word' id='word_1_20' title='bbox 2417 539 2632 595; x_wconf 89' lang='lat' dir='ltr'><strong>quoque</strong></span> <span class='ocrx_word' id='word_1_21' title='bbox 2662 513 2941 591; x_wconf 76' lang='lat' dir='ltr'><strong>Evangelii</strong></span> <span class='ocrx_word' id='word_1_22' title='bbox 2969 526 3093 586; x_wconf 64' lang='lat' dir='ltr'><strong>qua:</strong></span> <span class='ocrx_word' id='word_1_23' title='bbox 3123 507 3350 607; x_wconf 56' lang='grc' dir='ltr'><strong>ιιὶοϋηξξθ</strong></span> <span class='ocrx_word' id='word_1_24' title='bbox 3378 515 3508 563; x_wconf 71' lang='lat' dir='ltr'><strong>sum</strong></span> 
     </span>
    </p>
   </div>
   <div class='ocr_carea' id='block_1_5' title="bbox 233 625 1813 696">
    <p class='ocr_par' dir='ltr' id='par_1_5' title="bbox 233 625 1813 696">
     <span class='ocr_line' id='line_1_5' title="bbox 233 625 1813 696; baseline -0.003 -15"><span class='ocrx_word' id='word_1_25' title='bbox 233 628 516 681; x_wconf 89' lang='lat' dir='ltr'><strong>obtentum</strong></span> <span class='ocrx_word' id='word_1_26' title='bbox 556 627 904 696; x_wconf 66' lang='lat' dir='ltr'><strong>praelationis.</strong></span> <span class='ocrx_word' id='word_1_27' title='bbox 937 627 1089 694; x_wconf 93' lang='lat' dir='ltr'><strong>Quod</strong></span> <span class='ocrx_word' id='word_1_28' title='bbox 1121 644 1243 682; x_wconf 89' lang='lat' dir='ltr'><strong>cum</strong></span> <span class='ocrx_word' id='word_1_29' title='bbox 1275 642 1379 683; x_wconf 92' lang='lat' dir='ltr'><strong>non</strong></span> <span class='ocrx_word' id='word_1_30' title='bbox 1427 628 1495 681; x_wconf 86' lang='lat' dir='ltr'><strong>sit</strong></span> <span class='ocrx_word' id='word_1_31' title='bbox 1537 625 1813 694; x_wconf 89' lang='lat' dir='ltr'><strong>indignum</strong></span> 
     </span>
    </p>
   </div>
   <div class='ocr_carea' id='block_1_6' title="bbox 236 717 1812 790">
    <p class='ocr_par' dir='ltr' id='par_1_6' title="bbox 236 717 1812 790">
     <span class='ocr_line' id='line_1_6' title="bbox 236 717 1812 790; baseline -0.001 -19"><span class='ocrx_word' id='word_1_32' title='bbox 236 719 497 772; x_wconf 83' lang='lat' dir='ltr'><strong>memoria</strong></span> <span class='ocrx_word' id='word_1_33' title='bbox 547 719 902 788; x_wconf 68' lang='lat' dir='ltr'><strong>posteritatis,</strong></span> <span class='ocrx_word' id='word_1_34' title='bbox 943 719 1072 789; x_wconf 84' lang='lat' dir='ltr'><strong>ipsis</strong></span> <span class='ocrx_word' id='word_1_35' title='bbox 1103 734 1318 790; x_wconf 90' lang='lat' dir='ltr'><strong>quoque</strong></span> <span class='ocrx_word' id='word_1_36' title='bbox 1347 720 1578 790; x_wconf 80' lang='lat' dir='ltr'><strong>posteris</strong></span> <span class='ocrx_word' id='word_1_37' title='bbox 1607 717 1812 771; x_wconf 87' lang='lat' dir='ltr'><strong>utinam</strong></span> 
     </span>
    </p>
   </div>
   <div class='ocr_carea' id='block_1_7' title="bbox 235 809 660 865">
    <p class='ocr_par' dir='ltr' id='par_1_7' title="bbox 235 809 660 865">
     <span class='ocr_line' id='line_1_7' title="bbox 235 809 660 865; baseline 0.005 -4"><span class='ocrx_word' id='word_1_38' title='bbox 235 809 404 865; x_wconf 81' lang='lat' dir='ltr'><strong>libeat</strong></span> <span class='ocrx_word' id='word_1_39' title='bbox 433 809 660 864; x_wconf 87' lang='lat' dir='ltr'><strong>itnitari.</strong></span> 
     </span>
    </p>
   </div>
   <div class='ocr_carea' id='block_1_8' title="bbox 305 898 1815 969">
    <p class='ocr_par' dir='ltr' id='par_1_8' title="bbox 305 898 1815 969">
     <span class='ocr_line' id='line_1_8' title="bbox 305 898 1815 969; baseline 0 -17"><span class='ocrx_word' id='word_1_40' title='bbox 305 898 363 952; x_wconf 89' lang='lat' dir='ltr'><strong>In</strong></span> <span class='ocrx_word' id='word_1_41' title='bbox 386 901 632 969; x_wconf 77' lang='lat' dir='ltr'><strong>sequenti</strong></span> <span class='ocrx_word' id='word_1_42' title='bbox 661 909 842 955; x_wconf 89' lang='lat' dir='ltr'><strong>autem</strong></span> <span class='ocrx_word' id='word_1_43' title='bbox 869 900 958 954; x_wconf 90' lang='lat' dir='ltr'><strong>die</strong></span> <span class='ocrx_word' id='word_1_44' title='bbox 987 900 1344 956; x_wconf 86' lang='lat' dir='ltr'><strong>Bisontiensis</strong></span> <span class='ocrx_word' id='word_1_45' title='bbox 1367 899 1815 968; x_wconf 77' lang='lat' dir='ltr'><strong>archiepiscopus</strong></span> 
     </span>
    </p>
   </div>
   <div class='ocr_carea' id='block_1_9' title="bbox 237 989 1811 1062">
    <p class='ocr_par' dir='ltr' id='par_1_9' title="bbox 237 989 1811 1062">
     <span class='ocr_line' id='line_1_9' title="bbox 237 989 1811 1062; baseline -0.002 -17"><span class='ocrx_word' id='word_1_46' title='bbox 237 990 497 1046; x_wconf 73' lang='lat' dir='ltr'><strong>invitatur</strong></span> <span class='ocrx_word' id='word_1_47' title='bbox 519 992 587 1047; x_wconf 87' lang='lat' dir='ltr'><strong>ad</strong></span> <span class='ocrx_word' id='word_1_48' title='bbox 630 991 950 1062; x_wconf 87' lang='lat' dir='ltr'><strong>capitulum,</strong></span> <span class='ocrx_word' id='word_1_49' title='bbox 983 993 1262 1048; x_wconf 87' lang='lat' dir='ltr'><strong>nuntiatur</strong></span> <span class='ocrx_word' id='word_1_50' title='bbox 1307 993 1356 1048; x_wconf 91' lang='lat' dir='ltr'><strong>ei</strong></span> <span class='ocrx_word' id='word_1_51' title='bbox 1406 992 1473 1046; x_wconf 88' lang='lat' dir='ltr'><strong>de</strong></span> <span class='ocrx_word' id='word_1_52' title='bbox 1519 989 1811 1053; x_wconf 88' lang='lat' dir='ltr'><strong>electione;</strong></span> 
     </span>
    </p>
   </div>
   <div class='ocr_carea' id='block_1_10' title="bbox 235 1082 1811 1154">
    <p class='ocr_par' dir='ltr' id='par_1_10' title="bbox 235 1082 1811 1154">
     <span class='ocr_line' id='line_1_10' title="bbox 235 1082 1811 1154; baseline -0.001 -19"><span class='ocrx_word' id='word_1_53' title='bbox 235 1089 463 1152; x_wconf 75' lang='lat' dir='ltr'><strong>rogatur</strong></span> <span class='ocrx_word' id='word_1_54' title='bbox 499 1090 558 1136; x_wconf 90' lang='lat' dir='ltr'><strong>ut</strong></span> <span class='ocrx_word' id='word_1_55' title='bbox 577 1082 808 1138; x_wconf 85' lang='lat' dir='ltr'><strong>electum</strong></span> <span class='ocrx_word' id='word_1_56' title='bbox 833 1100 930 1154; x_wconf 90' lang='lat' dir='ltr'><strong>pro</strong></span> <span class='ocrx_word' id='word_1_57' title='bbox 957 1085 1186 1139; x_wconf 78' lang='lat' dir='ltr'><strong>solemni</strong></span> <span class='ocrx_word' id='word_1_58' title='bbox 1218 1085 1326 1139; x_wconf 91' lang='lat' dir='ltr'><strong>ritu</strong></span> <span class='ocrx_word' id='word_1_59' title='bbox 1350 1086 1466 1154; x_wconf 88' lang='lat' dir='ltr'><strong>ipse</strong></span> <span class='ocrx_word' id='word_1_60' title='bbox 1492 1083 1811 1139; x_wconf 88' lang='lat' dir='ltr'><strong>benedicat:</strong></span> 
     </span>
    </p>
   </div>
   <div class='ocr_carea' id='block_1_11' title="bbox 237 1171 1815 1244">
    <p class='ocr_par' dir='ltr' id='par_1_11' title="bbox 237 1171 1815 1244">
     <span class='ocr_line' id='line_1_11' title="bbox 237 1171 1815 1244; baseline 0.001 -20"><span class='ocrx_word' id='word_1_61' title='bbox 237 1172 428 1225; x_wconf 89' lang='lat' dir='ltr'><strong>annuit</strong></span> <span class='ocrx_word' id='word_1_62' title='bbox 455 1181 579 1226; x_wconf 91' lang='lat' dir='ltr'><strong>voto</strong></span> <span class='ocrx_word' id='word_1_63' title='bbox 610 1187 669 1228; x_wconf 90' lang='lat' dir='ltr'><strong>se</strong></span> <span class='ocrx_word' id='word_1_64' title='bbox 717 1173 1124 1243; x_wconf 82' lang='lat' dir='ltr'><strong>impensissime</strong></span> <span class='ocrx_word' id='word_1_65' title='bbox 1182 1172 1476 1239; x_wconf 89' lang='lat' dir='ltr'><strong>facturum,</strong></span> <span class='ocrx_word' id='word_1_66' title='bbox 1524 1188 1630 1227; x_wconf 90' lang='lat' dir='ltr'><strong>non</strong></span> <span class='ocrx_word' id='word_1_67' title='bbox 1672 1171 1815 1244; x_wconf 89' lang='lat' dir='ltr'><strong>quod</strong></span> 
     </span>
    </p>
   </div>
   <div class='ocr_carea' id='block_1_12' title="bbox 223 1266 1818 1336">
    <p class='ocr_par' dir='ltr' id='par_1_12' title="bbox 223 1266 1818 1336">
     <span class='ocr_line' id='line_1_12' title="bbox 223 1266 1818 1336; baseline 0 -18"><span class='ocrx_word' id='word_1_68' title='bbox 223 1271 546 1334; x_wconf 77' lang='lat' dir='ltr'><strong>rogaretur,</strong></span> <span class='ocrx_word' id='word_1_69' title='bbox 599 1267 695 1321; x_wconf 88' lang='lat' dir='ltr'><strong>sed</strong></span> <span class='ocrx_word' id='word_1_70' title='bbox 725 1267 989 1335; x_wconf 86' lang='lat' dir='ltr'><strong>quidquid</strong></span> <span class='ocrx_word' id='word_1_71' title='bbox 1039 1283 1068 1321; x_wconf 89' lang='lat' dir='ltr'><strong>a</strong></span> <span class='ocrx_word' id='word_1_72' title='bbox 1109 1267 1350 1336; x_wconf 89' lang='lat' dir='ltr'><strong>quolibet</strong></span> <span class='ocrx_word' id='word_1_73' title='bbox 1398 1266 1638 1336; x_wconf 89' lang='lat' dir='ltr'><strong>ipsorum</strong></span> <span class='ocrx_word' id='word_1_74' title='bbox 1696 1280 1818 1335; x_wconf 90' lang='lat' dir='ltr'><strong>par—</strong></span> 
     </span>
    </p>
   </div>
   <div class='ocr_carea' id='block_1_13' title="bbox 241 1356 1818 1428">
    <p class='ocr_par' dir='ltr' id='par_1_13' title="bbox 241 1356 1818 1428">
     <span class='ocr_line' id='line_1_13' title="bbox 241 1356 1818 1428; baseline 0.002 -19"><span class='ocrx_word' id='word_1_75' title='bbox 241 1356 464 1411; x_wconf 84' lang='lat' dir='ltr'><strong>vissimo</strong></span> <span class='ocrx_word' id='word_1_76' title='bbox 497 1359 905 1428; x_wconf 72' lang='lat' dir='ltr'><strong>prteciperetur.</strong></span> <span class='ocrx_word' id='word_1_77' title='bbox 951 1357 1058 1414; x_wconf 86' lang='lat' dir='ltr'><strong>Ter</strong></span> <span class='ocrx_word' id='word_1_78' title='bbox 1097 1369 1280 1414; x_wconf 91' lang='lat' dir='ltr'><strong>autem</strong></span> <span class='ocrx_word' id='word_1_79' title='bbox 1320 1374 1511 1414; x_wconf 90' lang='lat' dir='ltr'><strong>omnes</strong></span> <span class='ocrx_word' id='word_1_80' title='bbox 1551 1357 1818 1426; x_wconf 87' lang='lat' dir='ltr'><strong>adjuravit</strong></span> 
     </span>
    </p>
   </div>
   <div class='ocr_carea' id='block_1_14' title="bbox 239 1448 1814 1520">
    <p class='ocr_par' dir='ltr' id='par_1_14' title="bbox 239 1448 1814 1520">
     <span class='ocr_line' id='line_1_14' title="bbox 239 1448 1814 1520; baseline 0.002 -20"><span class='ocrx_word' id='word_1_81' title='bbox 239 1448 528 1517; x_wconf 78' lang='lat' dir='ltr'><strong>episeOpali</strong></span> <span class='ocrx_word' id='word_1_82' title='bbox 575 1449 919 1510; x_wconf 73' lang='lat' dir='ltr'><strong>auctoritate.</strong></span> <span class='ocrx_word' id='word_1_83' title='bbox 959 1460 1017 1504; x_wconf 88' lang='lat' dir='ltr'><strong>ut</strong></span> <span class='ocrx_word' id='word_1_84' title='bbox 1045 1451 1091 1505; x_wconf 89' lang='lat' dir='ltr'><strong>si</strong></span> <span class='ocrx_word' id='word_1_85' title='bbox 1133 1450 1222 1505; x_wconf 91' lang='lat' dir='ltr'><strong>cui</strong></span> <span class='ocrx_word' id='word_1_86' title='bbox 1263 1450 1411 1504; x_wconf 84' lang='lat' dir='ltr'><strong>aliud</strong></span> <span class='ocrx_word' id='word_1_87' title='bbox 1439 1449 1568 1520; x_wconf 88' lang='lat' dir='ltr'><strong>quid</strong></span> <span class='ocrx_word' id='word_1_88' title='bbox 1595 1449 1662 1504; x_wconf 89' lang='lat' dir='ltr'><strong>de</strong></span> <span class='ocrx_word' id='word_1_89' title='bbox 1692 1464 1814 1518; x_wconf 88' lang='lat' dir='ltr'><strong>per-</strong></span> 
     </span>
    </p>
   </div>
   <div class='ocr_carea' id='block_1_15' title="bbox 240 1541 1819 1614">
    <p class='ocr_par' dir='ltr' id='par_1_15' title="bbox 240 1541 1819 1614">
     <span class='ocr_line' id='line_1_15' title="bbox 240 1541 1819 1614; baseline 0 -18"><span class='ocrx_word' id='word_1_90' title='bbox 240 1555 395 1608; x_wconf 85' lang='lat' dir='ltr'><strong>sona,</strong></span> <span class='ocrx_word' id='word_1_91' title='bbox 420 1557 540 1610; x_wconf 79' lang='lat' dir='ltr'><strong>qua:</strong></span> <span class='ocrx_word' id='word_1_92' title='bbox 567 1553 687 1596; x_wconf 87' lang='lat' dir='ltr'><strong>erat</strong></span> <span class='ocrx_word' id='word_1_93' title='bbox 709 1542 899 1603; x_wconf 84' lang='lat' dir='ltr'><strong>electa.</strong></span> <span class='ocrx_word' id='word_1_94' title='bbox 929 1544 1226 1607; x_wconf 74' lang='lat' dir='ltr'><strong>videretur,</strong></span> <span class='ocrx_word' id='word_1_95' title='bbox 1265 1559 1364 1614; x_wconf 90' lang='lat' dir='ltr'><strong>pro</strong></span> <span class='ocrx_word' id='word_1_96' title='bbox 1390 1559 1498 1614; x_wconf 89' lang='lat' dir='ltr'><strong>quo</strong></span> <span class='ocrx_word' id='word_1_97' title='bbox 1525 1541 1645 1613; x_wconf 82' lang='lat' dir='ltr'><strong>ejus</strong></span> <span class='ocrx_word' id='word_1_98' title='bbox 1671 1542 1819 1597; x_wconf 81' lang='lat' dir='ltr'><strong>ordi—</strong></span> 
     </span>
    </p>
   </div>
   <div class='ocr_carea' id='block_1_16' title="bbox 241 1632 1816 1704">
    <p class='ocr_par' dir='ltr' id='par_1_16' title="bbox 241 1632 1816 1704">
     <span class='ocr_line' id='line_1_16' title="bbox 241 1632 1816 1704; baseline 0.001 -19"><span class='ocrx_word' id='word_1_99' title='bbox 241 1632 391 1687; x_wconf 87' lang='lat' dir='ltr'><strong>natio</strong></span> <span class='ocrx_word' id='word_1_100' title='bbox 417 1647 524 1686; x_wconf 93' lang='lat' dir='ltr'><strong>non</strong></span> <span class='ocrx_word' id='word_1_101' title='bbox 554 1642 734 1702; x_wconf 84' lang='lat' dir='ltr'><strong>posset</strong></span> <span class='ocrx_word' id='word_1_102' title='bbox 773 1649 895 1689; x_wconf 86' lang='lat' dir='ltr'><strong>esse</strong></span> <span class='ocrx_word' id='word_1_103' title='bbox 921 1635 1160 1704; x_wconf 84' lang='lat' dir='ltr'><strong>legitima</strong></span> <span class='ocrx_word' id='word_1_104' title='bbox 1205 1644 1259 1690; x_wconf 88' lang='lat' dir='ltr'><strong>et</strong></span> <span class='ocrx_word' id='word_1_105' title='bbox 1286 1637 1583 1691; x_wconf 85' lang='lat' dir='ltr'><strong>secundum</strong></span> <span class='ocrx_word' id='word_1_106' title='bbox 1625 1635 1816 1700; x_wconf 89' lang='lat' dir='ltr'><strong>Deum,</strong></span> 
     </span>
    </p>
   </div>
   <div class='ocr_carea' id='block_1_17' title="bbox 242 1725 1819 1796">
    <p class='ocr_par' dir='ltr' id='par_1_17' title="bbox 242 1725 1819 1796">
     <span class='ocr_line' id='line_1_17' title="bbox 242 1725 1819 1796; baseline 0.001 -20"><span class='ocrx_word' id='word_1_107' title='bbox 242 1740 344 1777; x_wconf 75' lang='lat' dir='ltr'><strong>non</strong></span> <span class='ocrx_word' id='word_1_108' title='bbox 409 1733 616 1779; x_wconf 89' lang='lat' dir='ltr'><strong>taceret</strong></span> <span class='ocrx_word' id='word_1_109' title='bbox 664 1739 764 1780; x_wconf 89' lang='lat' dir='ltr'><strong>nec</strong></span> <span class='ocrx_word' id='word_1_110' title='bbox 793 1726 1180 1790; x_wconf 89' lang='lat' dir='ltr'><strong>dissimularet,</strong></span> <span class='ocrx_word' id='word_1_111' title='bbox 1207 1726 1301 1781; x_wconf 83' lang='lat' dir='ltr'><strong>sed</strong></span> <span class='ocrx_word' id='word_1_112' title='bbox 1332 1741 1574 1796; x_wconf 58' lang='lat' dir='ltr'><strong>praesens</strong></span> <span class='ocrx_word' id='word_1_113' title='bbox 1600 1725 1668 1780; x_wconf 84' lang='lat' dir='ltr'><strong>ad</strong></span> <span class='ocrx_word' id='word_1_114' title='bbox 1708 1740 1819 1780; x_wconf 85' lang='lat' dir='ltr'><strong>me-</strong></span> 
     </span>
    </p>
   </div>
   <div class='ocr_carea' id='block_1_18' title="bbox 239 1813 1818 1885">
    <p class='ocr_par' dir='ltr' id='par_1_18' title="bbox 239 1813 1818 1885">
     <span class='ocr_line' id='line_1_18' title="bbox 239 1813 1818 1885; baseline 0.003 -19"><span class='ocrx_word' id='word_1_115' title='bbox 239 1813 384 1866; x_wconf 90' lang='lat' dir='ltr'><strong>dium</strong></span> <span class='ocrx_word' id='word_1_116' title='bbox 411 1813 700 1882; x_wconf 89' lang='lat' dir='ltr'><strong>proferret.</strong></span> <span class='ocrx_word' id='word_1_117' title='bbox 729 1815 833 1870; x_wconf 86' lang='lat' dir='ltr'><strong>Sed</strong></span> <span class='ocrx_word' id='word_1_118' title='bbox 859 1831 981 1871; x_wconf 91' lang='lat' dir='ltr'><strong>cum</strong></span> <span class='ocrx_word' id='word_1_119' title='bbox 1015 1816 1285 1871; x_wconf 89' lang='lat' dir='ltr'><strong>nemiuem</strong></span> <span class='ocrx_word' id='word_1_120' title='bbox 1332 1815 1818 1885; x_wconf 84' lang='lat' dir='ltr'><strong>invenisset,quid-</strong></span> 
     </span>
    </p>
   </div>
   <div class='ocr_carea' id='block_1_19' title="bbox 1919 598 3508 680">
    <p class='ocr_par' dir='ltr' id='par_1_19' title="bbox 1919 598 3508 680">
     <span class='ocr_line' id='line_1_19' title="bbox 1919 598 3508 680; baseline -0.014 -8"><span class='ocrx_word' id='word_1_121' title='bbox 1919 619 2003 674; x_wconf 87' lang='lat' dir='ltr'><strong>vel</strong></span> <span class='ocrx_word' id='word_1_122' title='bbox 2033 619 2099 673; x_wconf 89' lang='lat' dir='ltr'><strong>ad</strong></span> <span class='ocrx_word' id='word_1_123' title='bbox 2127 627 2320 673; x_wconf 89' lang='lat' dir='ltr'><strong>matut.</strong></span> <span class='ocrx_word' id='word_1_124' title='bbox 2358 616 2568 680; x_wconf 87' lang='lat' dir='ltr'><strong>laudes,</strong></span> <span class='ocrx_word' id='word_1_125' title='bbox 2597 613 2680 669; x_wconf 82' lang='lat' dir='ltr'><strong>vel</strong></span> <span class='ocrx_word' id='word_1_126' title='bbox 2710 612 2777 666; x_wconf 89' lang='lat' dir='ltr'><strong>ad</strong></span> <span class='ocrx_word' id='word_1_127' title='bbox 2803 617 3079 679; x_wconf 74' lang='lat' dir='ltr'><strong>vesperae,</strong></span> <span class='ocrx_word' id='word_1_128' title='bbox 3116 615 3222 655; x_wconf 92' lang='lat' dir='ltr'><strong>non</strong></span> <span class='ocrx_word' id='word_1_129' title='bbox 3245 598 3383 652; x_wconf 86' lang='lat' dir='ltr'><strong>alios</strong></span> <span class='ocrx_word' id='word_1_130' title='bbox 3411 610 3508 650; x_wconf 77' lang='lat' dir='ltr'><strong>an-</strong></span> 
     </span>
    </p>
   </div>
   <div class='ocr_carea' id='block_1_20' title="bbox 1919 692 3506 782">
    <p class='ocr_par' dir='ltr' id='par_1_20' title="bbox 1919 692 3506 782">
     <span class='ocr_line' id='line_1_20' title="bbox 1919 692 3506 782; baseline -0.009 -15"><span class='ocrx_word' id='word_1_131' title='bbox 1919 712 2170 782; x_wconf 86' lang='lat' dir='ltr'><strong>tiphonas</strong></span> <span class='ocrx_word' id='word_1_132' title='bbox 2223 709 2472 780; x_wconf 87' lang='lat' dir='ltr'><strong>imponit.</strong></span> <span class='ocrx_word' id='word_1_133' title='bbox 2532 705 2800 762; x_wconf 82' lang='lat' dir='ltr'><strong>Sacerdos</strong></span> <span class='ocrx_word' id='word_1_134' title='bbox 2854 701 3136 758; x_wconf 87' lang='lat' dir='ltr'><strong>oblaturus</strong></span> <span class='ocrx_word' id='word_1_135' title='bbox 3198 692 3506 752; x_wconf 73' lang='lat' dir='ltr'><strong>incensum.</strong></span> 
     </span>
    </p>
   </div>
   <div class='ocr_carea' id='block_1_21' title="bbox 1917 781 3508 874">
    <p class='ocr_par' dir='ltr' id='par_1_21' title="bbox 1917 781 3508 874">
     <span class='ocr_line' id='line_1_21' title="bbox 1917 781 3508 874; baseline -0.017 -14"><span class='ocrx_word' id='word_1_136' title='bbox 1917 781 2065 874; x_wconf 82' lang='lat' dir='ltr'><strong>prius</strong></span> <span class='ocrx_word' id='word_1_137' title='bbox 2097 804 2164 859; x_wconf 88' lang='lat' dir='ltr'><strong>ad</strong></span> <span class='ocrx_word' id='word_1_138' title='bbox 2189 818 2312 859; x_wconf 91' lang='lat' dir='ltr'><strong>eum</strong></span> <span class='ocrx_word' id='word_1_139' title='bbox 2343 808 2542 873; x_wconf 88' lang='lat' dir='ltr'><strong>portat,</strong></span> <span class='ocrx_word' id='word_1_140' title='bbox 2578 808 2636 854; x_wconf 90' lang='lat' dir='ltr'><strong>ut</strong></span> <span class='ocrx_word' id='word_1_141' title='bbox 2667 813 2762 869; x_wconf 89' lang='lat' dir='ltr'><strong>per</strong></span> <span class='ocrx_word' id='word_1_142' title='bbox 2789 796 2905 864; x_wconf 88' lang='lat' dir='ltr'><strong>ejus</strong></span> <span class='ocrx_word' id='word_1_143' title='bbox 2935 808 3153 849; x_wconf 90' lang='lat' dir='ltr'><strong>manum</strong></span> <span class='ocrx_word' id='word_1_144' title='bbox 3178 791 3229 844; x_wconf 91' lang='lat' dir='ltr'><strong>in</strong></span> <span class='ocrx_word' id='word_1_145' title='bbox 3256 781 3508 844; x_wconf 76' lang='lat' dir='ltr'><strong>tlutribu-</strong></span> 
     </span>
    </p>
   </div>
   <div class='ocr_carea' id='block_1_22' title="bbox 1917 883 3508 955">
    <p class='ocr_par' dir='ltr' id='par_1_22' title="bbox 1917 883 3508 955">
     <span class='ocr_line' id='line_1_22' title="bbox 1917 883 3508 955; baseline -0.008 -5"><span class='ocrx_word' id='word_1_146' title='bbox 1917 897 2027 950; x_wconf 90' lang='lat' dir='ltr'><strong>lum</strong></span> <span class='ocrx_word' id='word_1_147' title='bbox 2059 896 2326 950; x_wconf 87' lang='lat' dir='ltr'><strong>mittatur.</strong></span> <span class='ocrx_word' id='word_1_148' title='bbox 2374 895 2504 949; x_wconf 91' lang='lat' dir='ltr'><strong>Item</strong></span> <span class='ocrx_word' id='word_1_149' title='bbox 2541 893 2804 947; x_wconf 89' lang='lat' dir='ltr'><strong>diaconus</strong></span> <span class='ocrx_word' id='word_1_150' title='bbox 2851 896 2978 943; x_wconf 88' lang='lat' dir='ltr'><strong>ante</strong></span> <span class='ocrx_word' id='word_1_151' title='bbox 3032 883 3403 955; x_wconf 87' lang='lat' dir='ltr'><strong>Evangelium,</strong></span> <span class='ocrx_word' id='word_1_152' title='bbox 3447 884 3508 938; x_wconf 78' lang='lat' dir='ltr'><strong>cf</strong></span> 
     </span>
    </p>
   </div>
   <div class='ocr_carea' id='block_1_23' title="bbox 1917 976 3503 1059">
    <p class='ocr_par' dir='ltr' id='par_1_23' title="bbox 1917 976 3503 1059">
     <span class='ocr_line' id='line_1_23' title="bbox 1917 976 3503 1059; baseline -0.007 -17"><span class='ocrx_word' id='word_1_153' title='bbox 1917 989 2008 1059; x_wconf 90' lang='lat' dir='ltr'><strong>qui</strong></span> <span class='ocrx_word' id='word_1_154' title='bbox 2040 997 2184 1044; x_wconf 84' lang='lat' dir='ltr'><strong>tenet</strong></span> <span class='ocrx_word' id='word_1_155' title='bbox 2215 988 2442 1046; x_wconf 86' lang='lat' dir='ltr'><strong>chorum</strong></span> <span class='ocrx_word' id='word_1_156' title='bbox 2482 995 2608 1040; x_wconf 83' lang='lat' dir='ltr'><strong>ante</strong></span> <span class='ocrx_word' id='word_1_157' title='bbox 2635 982 2992 1039; x_wconf 64' lang='lat' dir='ltr'><strong>offerendam.</strong></span> <span class='ocrx_word' id='word_1_158' title='bbox 3022 979 3127 1046; x_wconf 88' lang='lat' dir='ltr'><strong>Qui</strong></span> <span class='ocrx_word' id='word_1_159' title='bbox 3155 979 3204 1033; x_wconf 87' lang='lat' dir='ltr'><strong>ei</strong></span> <span class='ocrx_word' id='word_1_160' title='bbox 3239 976 3342 1032; x_wconf 85' lang='lat' dir='ltr'><strong>tale</strong></span> <span class='ocrx_word' id='word_1_161' title='bbox 3373 976 3503 1047; x_wconf 81' lang='lat' dir='ltr'><strong>quid</strong></span> 
     </span>
    </p>
   </div>
   <div class='ocr_carea' id='block_1_24' title="bbox 1916 1069 3500 1144">
    <p class='ocr_par' dir='ltr' id='par_1_24' title="bbox 1916 1069 3500 1144">
     <span class='ocr_line' id='line_1_24' title="bbox 1916 1069 3500 1144; baseline -0.008 -9"><span class='ocrx_word' id='word_1_162' title='bbox 1916 1081 1971 1135; x_wconf 93' lang='lat' dir='ltr'><strong>in</strong></span> <span class='ocrx_word' id='word_1_163' title='bbox 1997 1095 2212 1135; x_wconf 87' lang='lat' dir='ltr'><strong>manum</strong></span> <span class='ocrx_word' id='word_1_164' title='bbox 2241 1079 2470 1141; x_wconf 84' lang='lat' dir='ltr'><strong>dederit,</strong></span> <span class='ocrx_word' id='word_1_165' title='bbox 2499 1077 2579 1132; x_wconf 85' lang='lat' dir='ltr'><strong>vel</strong></span> <span class='ocrx_word' id='word_1_166' title='bbox 2605 1078 2672 1131; x_wconf 89' lang='lat' dir='ltr'><strong>ab</strong></span> <span class='ocrx_word' id='word_1_167' title='bbox 2699 1092 2764 1130; x_wconf 87' lang='lat' dir='ltr'><strong>eo</strong></span> <span class='ocrx_word' id='word_1_168' title='bbox 2791 1073 3004 1144; x_wconf 85' lang='lat' dir='ltr'><strong>recipit,</strong></span> <span class='ocrx_word' id='word_1_169' title='bbox 3029 1072 3143 1128; x_wconf 84' lang='lat' dir='ltr'><strong>sive</strong></span> <span class='ocrx_word' id='word_1_170' title='bbox 3166 1071 3218 1126; x_wconf 93' lang='lat' dir='ltr'><strong>in</strong></span> <span class='ocrx_word' id='word_1_171' title='bbox 3251 1069 3500 1144; x_wconf 88' lang='lat' dir='ltr'><strong>ecclesia,</strong></span> 
     </span>
    </p>
   </div>
   <div class='ocr_carea' id='block_1_25' title="bbox 1917 1163 3506 1238">
    <p class='ocr_par' dir='ltr' id='par_1_25' title="bbox 1917 1163 3506 1238">
     <span class='ocr_line' id='line_1_25' title="bbox 1917 1163 3506 1238; baseline -0.006 -12"><span class='ocrx_word' id='word_1_172' title='bbox 1917 1173 2031 1227; x_wconf 84' lang='lat' dir='ltr'><strong>sive</strong></span> <span class='ocrx_word' id='word_1_173' title='bbox 2052 1182 2226 1238; x_wconf 79' lang='lat' dir='ltr'><strong>extra,</strong></span> <span class='ocrx_word' id='word_1_174' title='bbox 2253 1185 2473 1226; x_wconf 89' lang='lat' dir='ltr'><strong>manum</strong></span> <span class='ocrx_word' id='word_1_175' title='bbox 2502 1169 2801 1225; x_wconf 90' lang='lat' dir='ltr'><strong>osculatur.</strong></span> <span class='ocrx_word' id='word_1_176' title='bbox 2830 1167 2932 1235; x_wconf 85' lang='lat' dir='ltr'><strong>Qui</strong></span> <span class='ocrx_word' id='word_1_177' title='bbox 2957 1166 3132 1236; x_wconf 89' lang='lat' dir='ltr'><strong>ipsmn</strong></span> <span class='ocrx_word' id='word_1_178' title='bbox 3159 1163 3320 1219; x_wconf 85' lang='lat' dir='ltr'><strong>fuerit</strong></span> <span class='ocrx_word' id='word_1_179' title='bbox 3344 1177 3506 1218; x_wconf 62' lang='lat' dir='ltr'><strong>oscu~</strong></span> 
     </span>
    </p>
   </div>
   <div class='ocr_carea' id='block_1_26' title="bbox 1919 1259 3508 1334">
    <p class='ocr_par' dir='ltr' id='par_1_26' title="bbox 1919 1259 3508 1334">
     <span class='ocr_line' id='line_1_26' title="bbox 1919 1259 3508 1334; baseline -0.004 -18"><span class='ocrx_word' id='word_1_180' title='bbox 1919 1262 2081 1331; x_wconf 87' lang='lat' dir='ltr'><strong>latus,</strong></span> <span class='ocrx_word' id='word_1_181' title='bbox 2105 1273 2331 1334; x_wconf 80' lang='lat' dir='ltr'><strong>excepto</strong></span> <span class='ocrx_word' id='word_1_182' title='bbox 2353 1263 2420 1317; x_wconf 90' lang='lat' dir='ltr'><strong>ad</strong></span> <span class='ocrx_word' id='word_1_183' title='bbox 2450 1262 2738 1316; x_wconf 87' lang='lat' dir='ltr'><strong>missarum</strong></span> <span class='ocrx_word' id='word_1_184' title='bbox 2765 1259 3050 1323; x_wconf 83' lang='lat' dir='ltr'><strong>solemnia,</strong></span> <span class='ocrx_word' id='word_1_185' title='bbox 3075 1267 3130 1312; x_wconf 88' lang='lat' dir='ltr'><strong>et</strong></span> <span class='ocrx_word' id='word_1_186' title='bbox 3155 1267 3280 1310; x_wconf 87' lang='lat' dir='ltr'><strong>ante</strong></span> <span class='ocrx_word' id='word_1_187' title='bbox 3304 1263 3358 1310; x_wconf 92' lang='lat' dir='ltr'><strong>et</strong></span> <span class='ocrx_word' id='word_1_188' title='bbox 3383 1261 3508 1325; x_wconf 86' lang='lat' dir='ltr'><strong>post</strong></span> 
     </span>
    </p>
   </div>
   <div class='ocr_carea' id='block_1_27' title="bbox 1919 1347 3505 1430">
    <p class='ocr_par' dir='ltr' id='par_1_27' title="bbox 1919 1347 3505 1430">
     <span class='ocr_line' id='line_1_27' title="bbox 1919 1347 3505 1430; baseline -0.006 -18"><span class='ocrx_word' id='word_1_189' title='bbox 1919 1359 2141 1414; x_wconf 84' lang='lat' dir='ltr'><strong>veniam</strong></span> <span class='ocrx_word' id='word_1_190' title='bbox 2177 1357 2330 1428; x_wconf 90' lang='lat' dir='ltr'><strong>petit.</strong></span> <span class='ocrx_word' id='word_1_191' title='bbox 2379 1353 2438 1411; x_wconf 85' lang='lat' dir='ltr'><strong>In</strong></span> <span class='ocrx_word' id='word_1_192' title='bbox 2485 1355 2664 1430; x_wconf 82' lang='lat' dir='ltr'><strong>medio</strong></span> <span class='ocrx_word' id='word_1_193' title='bbox 2713 1351 3016 1409; x_wconf 87' lang='lat' dir='ltr'><strong>dormitorii</strong></span> <span class='ocrx_word' id='word_1_194' title='bbox 3046 1358 3130 1405; x_wconf 88' lang='lat' dir='ltr'><strong>est</strong></span> <span class='ocrx_word' id='word_1_195' title='bbox 3174 1349 3345 1404; x_wconf 88' lang='lat' dir='ltr'><strong>lectus</strong></span> <span class='ocrx_word' id='word_1_196' title='bbox 3389 1347 3505 1415; x_wconf 85' lang='lat' dir='ltr'><strong>ejus</strong></span> 
     </span>
    </p>
   </div>
   <div class='ocr_carea' id='block_1_28' title="bbox 1919 1440 3506 1521">
    <p class='ocr_par' dir='ltr' id='par_1_28' title="bbox 1919 1440 3506 1521">
     <span class='ocr_line' id='line_1_28' title="bbox 1919 1440 3506 1521; baseline -0.006 -19"><span class='ocrx_word' id='word_1_197' title='bbox 1919 1465 2087 1521; x_wconf 88' lang='lat' dir='ltr'><strong>prope</strong></span> <span class='ocrx_word' id='word_1_198' title='bbox 2118 1463 2364 1514; x_wconf 89' lang='lat' dir='ltr'><strong>murum;</strong></span> <span class='ocrx_word' id='word_1_199' title='bbox 2402 1448 2639 1504; x_wconf 89' lang='lat' dir='ltr'><strong>sonitum</strong></span> <span class='ocrx_word' id='word_1_200' title='bbox 2679 1447 2796 1516; x_wconf 84' lang='lat' dir='ltr'><strong>ipse</strong></span> <span class='ocrx_word' id='word_1_201' title='bbox 2842 1444 2970 1499; x_wconf 80' lang='lat' dir='ltr'><strong>facit</strong></span> <span class='ocrx_word' id='word_1_202' title='bbox 2999 1458 3107 1512; x_wconf 91' lang='lat' dir='ltr'><strong>quo</strong></span> <span class='ocrx_word' id='word_1_203' title='bbox 3139 1442 3338 1496; x_wconf 80' lang='lat' dir='ltr'><strong>fratres</strong></span> <span class='ocrx_word' id='word_1_204' title='bbox 3367 1440 3506 1494; x_wconf 90' lang='lat' dir='ltr'><strong>dilu-</strong></span> 
     </span>
    </p>
   </div>
   <div class='ocr_carea' id='block_1_29' title="bbox 1920 1534 3502 1612">
    <p class='ocr_par' dir='ltr' id='par_1_29' title="bbox 1920 1534 3502 1612">
     <span class='ocr_line' id='line_1_29' title="bbox 1920 1534 3502 1612; baseline -0.008 -13"><span class='ocrx_word' id='word_1_205' title='bbox 1920 1543 2040 1599; x_wconf 89' lang='lat' dir='ltr'><strong>culo</strong></span> <span class='ocrx_word' id='word_1_206' title='bbox 2070 1543 2137 1598; x_wconf 92' lang='lat' dir='ltr'><strong>ad</strong></span> <span class='ocrx_word' id='word_1_207' title='bbox 2177 1541 2506 1612; x_wconf 90' lang='lat' dir='ltr'><strong>surgendum</strong></span> <span class='ocrx_word' id='word_1_208' title='bbox 2542 1539 2871 1596; x_wconf 79' lang='lat' dir='ltr'><strong>excitantur.</strong></span> <span class='ocrx_word' id='word_1_209' title='bbox 2919 1536 3073 1604; x_wconf 84' lang='lat' dir='ltr'><strong>Quod</strong></span> <span class='ocrx_word' id='word_1_210' title='bbox 3120 1535 3165 1590; x_wconf 89' lang='lat' dir='ltr'><strong>si</strong></span> <span class='ocrx_word' id='word_1_211' title='bbox 3216 1536 3356 1590; x_wconf 71' lang='lat' dir='ltr'><strong>forte</strong></span> <span class='ocrx_word' id='word_1_212' title='bbox 3399 1534 3502 1587; x_wconf 76' lang='lat' dir='ltr'><strong>ali-</strong></span> 
     </span>
    </p>
   </div>
   <div class='ocr_carea' id='block_1_30' title="bbox 1921 1627 3504 1705">
    <p class='ocr_par' dir='ltr' id='par_1_30' title="bbox 1921 1627 3504 1705">
     <span class='ocr_line' id='line_1_30' title="bbox 1921 1627 3504 1705; baseline -0.008 -16"><span class='ocrx_word' id='word_1_213' title='bbox 1921 1633 2140 1705; x_wconf 90' lang='lat' dir='ltr'><strong>quando</strong></span> <span class='ocrx_word' id='word_1_214' title='bbox 2160 1633 2235 1688; x_wconf 90' lang='lat' dir='ltr'><strong>ita</strong></span> <span class='ocrx_word' id='word_1_215' title='bbox 2259 1629 2636 1693; x_wconf 90' lang='lat' dir='ltr'><strong>obdormierit,</strong></span> <span class='ocrx_word' id='word_1_216' title='bbox 2664 1638 2719 1683; x_wconf 94' lang='lat' dir='ltr'><strong>nt</strong></span> <span class='ocrx_word' id='word_1_217' title='bbox 2745 1629 2893 1698; x_wconf 88' lang='lat' dir='ltr'><strong>prius</strong></span> <span class='ocrx_word' id='word_1_218' title='bbox 2919 1627 3067 1696; x_wconf 89' lang='lat' dir='ltr'><strong>pueri</strong></span> <span class='ocrx_word' id='word_1_219' title='bbox 3093 1634 3315 1696; x_wconf 81' lang='lat' dir='ltr'><strong>surgant</strong></span> <span class='ocrx_word' id='word_1_220' title='bbox 3338 1639 3504 1694; x_wconf 86' lang='lat' dir='ltr'><strong>quam</strong></span> 
     </span>
    </p>
   </div>
   <div class='ocr_carea' id='block_1_31' title="bbox 1925 1719 3506 1791">
    <p class='ocr_par' dir='ltr' id='par_1_31' title="bbox 1925 1719 3506 1791">
     <span class='ocr_line' id='line_1_31' title="bbox 1925 1719 3506 1791; baseline -0.009 -8"><span class='ocrx_word' id='word_1_221' title='bbox 1925 1727 2035 1791; x_wconf 87' lang='lat' dir='ltr'><strong>ille,</strong></span> <span class='ocrx_word' id='word_1_222' title='bbox 2069 1737 2198 1782; x_wconf 92' lang='lat' dir='ltr'><strong>tunc</strong></span> <span class='ocrx_word' id='word_1_223' title='bbox 2224 1741 2332 1781; x_wconf 91' lang='lat' dir='ltr'><strong>non</strong></span> <span class='ocrx_word' id='word_1_224' title='bbox 2366 1735 2474 1780; x_wconf 80' lang='lat' dir='ltr'><strong>tam</strong></span> <span class='ocrx_word' id='word_1_225' title='bbox 2501 1723 2848 1778; x_wconf 87' lang='lat' dir='ltr'><strong>vehementer</strong></span> <span class='ocrx_word' id='word_1_226' title='bbox 2872 1719 3192 1774; x_wconf 87' lang='lat' dir='ltr'><strong>adoriuntur</strong></span> <span class='ocrx_word' id='word_1_227' title='bbox 3217 1719 3418 1788; x_wconf 81' lang='lat' dir='ltr'><strong>legere,</strong></span> <span class='ocrx_word' id='word_1_228' title='bbox 3447 1724 3506 1769; x_wconf 92' lang='lat' dir='ltr'><strong>ut</strong></span> 
     </span>
    </p>
   </div>
   <div class='ocr_carea' id='block_1_32' title="bbox 1924 1808 3503 1883">
    <p class='ocr_par' dir='ltr' id='par_1_32' title="bbox 1924 1808 3503 1883">
     <span class='ocr_line' id='line_1_32' title="bbox 1924 1808 3503 1883; baseline -0.008 -9"><span class='ocrx_word' id='word_1_229' title='bbox 1924 1819 2119 1883; x_wconf 82' lang='lat' dir='ltr'><strong>solent,</strong></span> <span class='ocrx_word' id='word_1_230' title='bbox 2149 1817 2242 1872; x_wconf 88' lang='lat' dir='ltr'><strong>sed</strong></span> <span class='ocrx_word' id='word_1_231' title='bbox 2269 1810 2538 1871; x_wconf 73' lang='lat' dir='ltr'><strong>submissa</strong></span> <span class='ocrx_word' id='word_1_232' title='bbox 2562 1828 2716 1879; x_wconf 84' lang='lat' dir='ltr'><strong>voce,</strong></span> <span class='ocrx_word' id='word_1_233' title='bbox 2747 1827 2816 1868; x_wconf 91' lang='lat' dir='ltr'><strong>ne</strong></span> <span class='ocrx_word' id='word_1_234' title='bbox 2841 1809 3080 1883; x_wconf 77' lang='lat' dir='ltr'><strong>graviter</strong></span> <span class='ocrx_word' id='word_1_235' title='bbox 3102 1809 3170 1864; x_wconf 89' lang='lat' dir='ltr'><strong>ab</strong></span> <span class='ocrx_word' id='word_1_236' title='bbox 3196 1809 3274 1863; x_wconf 87' lang='lat' dir='ltr'><strong>eis</strong></span> <span class='ocrx_word' id='word_1_237' title='bbox 3299 1808 3503 1863; x_wconf 77' lang='lat' dir='ltr'><strong>excite-</strong></span> 
     </span>
    </p>
   </div>
   <div class='ocr_carea' id='block_1_33' title="bbox 241 1895 3508 1977">
    <p class='ocr_par' dir='ltr' id='par_1_33' title="bbox 241 1895 3508 1977">
     <span class='ocr_line' id='line_1_33' title="bbox 241 1895 3508 1977; baseline -0.001 -21"><span class='ocrx_word' id='word_1_238' title='bbox 241 1903 368 1972; x_wconf 88' lang='lat' dir='ltr'><strong>quid</strong></span> <span class='ocrx_word' id='word_1_239' title='bbox 415 1903 576 1972; x_wconf 87' lang='lat' dir='ltr'><strong>hujus</strong></span> <span class='ocrx_word' id='word_1_240' title='bbox 603 1905 819 1976; x_wconf 82' lang='lat' dir='ltr'><strong>generis</strong></span> <span class='ocrx_word' id='word_1_241' title='bbox 862 1905 1109 1971; x_wconf 79' lang='lat' dir='ltr'><strong>dixisset,</strong></span> <span class='ocrx_word' id='word_1_242' title='bbox 1137 1906 1406 1962; x_wconf 87' lang='lat' dir='ltr'><strong>electione</strong></span> <span class='ocrx_word' id='word_1_243' title='bbox 1449 1907 1500 1960; x_wconf 92' lang='lat' dir='ltr'><strong>in</strong></span> <span class='ocrx_word' id='word_1_244' title='bbox 1530 1906 1816 1976; x_wconf 67' lang='lat' dir='ltr'><strong>praesentia</strong></span> <span class='ocrx_word' id='word_1_245' title='bbox 1853 1895 1895 1954; x_wconf 82' lang='grc' dir='ltr'><strong>Β</strong></span> <span class='ocrx_word' id='word_1_246' title='bbox 1926 1920 2031 1964; x_wconf 91' lang='lat' dir='ltr'><strong>tur.</strong></span> <span class='ocrx_word' id='word_1_247' title='bbox 2066 1909 2220 1977; x_wconf 87' lang='lat' dir='ltr'><strong>Quod</strong></span> <span class='ocrx_word' id='word_1_248' title='bbox 2264 1908 2310 1963; x_wconf 89' lang='lat' dir='ltr'><strong>si</strong></span> <span class='ocrx_word' id='word_1_249' title='bbox 2350 1908 2403 1961; x_wconf 90' lang='lat' dir='ltr'><strong>iu</strong></span> <span class='ocrx_word' id='word_1_250' title='bbox 2432 1907 2722 1977; x_wconf 86' lang='lat' dir='ltr'><strong>coquinam</strong></span> <span class='ocrx_word' id='word_1_251' title='bbox 2761 1905 2828 1960; x_wconf 89' lang='lat' dir='ltr'><strong>ad</strong></span> <span class='ocrx_word' id='word_1_252' title='bbox 2859 1919 2919 1960; x_wconf 88' lang='lat' dir='ltr'><strong>se</strong></span> <span class='ocrx_word' id='word_1_253' title='bbox 2955 1900 3379 1958; x_wconf 85' lang='lat' dir='ltr'><strong>calefaciendum</strong></span> <span class='ocrx_word' id='word_1_254' title='bbox 3416 1913 3508 1954; x_wconf 86' lang='lat' dir='ltr'><strong>ve-</strong></span> 
     </span>
    </p>
   </div>
   <div class='ocr_carea' id='block_1_34' title="bbox 241 1994 1820 2067">
    <p class='ocr_par' dir='ltr' id='par_1_34' title="bbox 241 1994 1820 2067">
     <span class='ocr_line' id='line_1_34' title="bbox 241 1994 1820 2067; baseline 0.003 -20"><span class='ocrx_word' id='word_1_255' title='bbox 241 1994 633 2065; x_wconf 82' lang='lat' dir='ltr'><strong>arehiepiscOpi</strong></span> <span class='ocrx_word' id='word_1_256' title='bbox 690 2011 906 2050; x_wconf 88' lang='lat' dir='ltr'><strong>rursum</strong></span> <span class='ocrx_word' id='word_1_257' title='bbox 962 1998 1302 2062; x_wconf 83' lang='lat' dir='ltr'><strong>confirmata,</strong></span> <span class='ocrx_word' id='word_1_258' title='bbox 1364 2012 1553 2052; x_wconf 89' lang='lat' dir='ltr'><strong>rursus</strong></span> <span class='ocrx_word' id='word_1_259' title='bbox 1604 2012 1820 2067; x_wconf 87' lang='lat' dir='ltr'><strong>quoque</strong></span> 
     </span>
    </p>
   </div>
   <div class='ocr_carea' id='block_1_35' title="bbox 242 2088 1819 2158">
    <p class='ocr_par' dir='ltr' id='par_1_35' title="bbox 242 2088 1819 2158">
     <span class='ocr_line' id='line_1_35' title="bbox 242 2088 1819 2158; baseline 0.001 -16"><span class='ocrx_word' id='word_1_260' title='bbox 242 2088 497 2156; x_wconf 86' lang='lat' dir='ltr'><strong>imposita</strong></span> <span class='ocrx_word' id='word_1_261' title='bbox 549 2096 634 2143; x_wconf 86' lang='lat' dir='ltr'><strong>est</strong></span> <span class='ocrx_word' id='word_1_262' title='bbox 679 2089 1006 2158; x_wconf 89' lang='lat' dir='ltr'><strong>antiphona,</strong></span> <span class='ocrx_word' id='word_1_263' title='bbox 1042 2089 1308 2156; x_wconf 82' lang='lat' dir='ltr'><strong>Conﬁrma</strong></span> <span class='ocrx_word' id='word_1_264' title='bbox 1357 2090 1454 2144; x_wconf 82' lang='lat' dir='ltr'><strong>hoc</strong></span> <span class='ocrx_word' id='word_1_265' title='bbox 1484 2090 1647 2156; x_wconf 86' lang='lat' dir='ltr'><strong>Deus,</strong></span> <span class='ocrx_word' id='word_1_266' title='bbox 1697 2105 1819 2145; x_wconf 91' lang='lat' dir='ltr'><strong>cum</strong></span> 
     </span>
    </p>
   </div>
   <div class='ocr_carea' id='block_1_36' title="bbox 239 2179 1820 2252">
    <p class='ocr_par' dir='ltr' id='par_1_36' title="bbox 239 2179 1820 2252">
     <span class='ocr_line' id='line_1_36' title="bbox 239 2179 1820 2252; baseline 0.002 -18"><span class='ocrx_word' id='word_1_267' title='bbox 239 2179 445 2248; x_wconf 87' lang='lat' dir='ltr'><strong>psalmo</strong></span> <span class='ocrx_word' id='word_1_268' title='bbox 475 2181 787 2248; x_wconf 90' lang='lat' dir='ltr'><strong>supradicto</strong></span> <span class='ocrx_word' id='word_1_269' title='bbox 823 2182 876 2236; x_wconf 92' lang='lat' dir='ltr'><strong>in</strong></span> <span class='ocrx_word' id='word_1_270' title='bbox 906 2182 1191 2238; x_wconf 88' lang='lat' dir='ltr'><strong>ecclesiam</strong></span> <span class='ocrx_word' id='word_1_271' title='bbox 1224 2183 1584 2252; x_wconf 90' lang='lat' dir='ltr'><strong>procedendo.</strong></span> <span class='ocrx_word' id='word_1_272' title='bbox 1637 2183 1820 2238; x_wconf 85' lang='lat' dir='ltr'><strong>Tertia</strong></span> 
     </span>
    </p>
   </div>
   <div class='ocr_carea' id='block_1_37' title="bbox 243 2269 1820 2340">
    <p class='ocr_par' dir='ltr' id='par_1_37' title="bbox 243 2269 1820 2340">
     <span class='ocr_line' id='line_1_37' title="bbox 243 2269 1820 2340; baseline 0.006 -20"><span class='ocrx_word' id='word_1_273' title='bbox 243 2283 366 2323; x_wconf 83' lang='lat' dir='ltr'><strong>vero</strong></span> <span class='ocrx_word' id='word_1_274' title='bbox 391 2269 480 2324; x_wconf 88' lang='lat' dir='ltr'><strong>die</strong></span> <span class='ocrx_word' id='word_1_275' title='bbox 508 2269 718 2326; x_wconf 87' lang='lat' dir='ltr'><strong>scilicet</strong></span> <span class='ocrx_word' id='word_1_276' title='bbox 762 2271 815 2325; x_wconf 90' lang='lat' dir='ltr'><strong>in</strong></span> <span class='ocrx_word' id='word_1_277' title='bbox 842 2273 1100 2327; x_wconf 83' lang='lat' dir='ltr'><strong>cathedra</strong></span> <span class='ocrx_word' id='word_1_278' title='bbox 1153 2271 1211 2327; x_wconf 91' lang='lat' dir='ltr'><strong>S.</strong></span> <span class='ocrx_word' id='word_1_279' title='bbox 1256 2273 1427 2340; x_wconf 87' lang='lat' dir='ltr'><strong>Petri,</strong></span> <span class='ocrx_word' id='word_1_280' title='bbox 1459 2288 1581 2328; x_wconf 91' lang='lat' dir='ltr'><strong>cum</strong></span> <span class='ocrx_word' id='word_1_281' title='bbox 1615 2274 1820 2330; x_wconf 87' lang='lat' dir='ltr'><strong>electus</strong></span> 
     </span>
    </p>
   </div>
   <div class='ocr_carea' id='block_1_38' title="bbox 237 2359 1822 2436">
    <p class='ocr_par' dir='ltr' id='par_1_38' title="bbox 237 2359 1822 2436">
     <span class='ocr_line' id='line_1_38' title="bbox 237 2359 1822 2436; baseline 0.004 -23"><span class='ocrx_word' id='word_1_282' title='bbox 237 2359 638 2415; x_wconf 85' lang='lat' dir='ltr'><strong>benedicendus</strong></span> <span class='ocrx_word' id='word_1_283' title='bbox 678 2370 844 2428; x_wconf 88' lang='lat' dir='ltr'><strong>esset,</strong></span> <span class='ocrx_word' id='word_1_284' title='bbox 879 2363 1099 2418; x_wconf 88' lang='lat' dir='ltr'><strong>indutus</strong></span> <span class='ocrx_word' id='word_1_285' title='bbox 1129 2372 1213 2418; x_wconf 90' lang='lat' dir='ltr'><strong>est</strong></span> <span class='ocrx_word' id='word_1_286' title='bbox 1253 2363 1396 2427; x_wconf 87' lang='lat' dir='ltr'><strong>alba,</strong></span> <span class='ocrx_word' id='word_1_287' title='bbox 1443 2365 1582 2420; x_wconf 87' lang='lat' dir='ltr'><strong>stola</strong></span> <span class='ocrx_word' id='word_1_288' title='bbox 1608 2373 1663 2420; x_wconf 90' lang='lat' dir='ltr'><strong>et</strong></span> <span class='ocrx_word' id='word_1_289' title='bbox 1695 2381 1822 2436; x_wconf 85' lang='lat' dir='ltr'><strong>cap-</strong></span> 
     </span>
    </p>
   </div>
   <div class='ocr_carea' id='block_1_39' title="bbox 236 2453 1820 2522">
    <p class='ocr_par' dir='ltr' id='par_1_39' title="bbox 236 2453 1820 2522">
     <span class='ocr_line' id='line_1_39' title="bbox 236 2453 1820 2522; baseline 0.004 -18"><span class='ocrx_word' id='word_1_290' title='bbox 236 2467 323 2521; x_wconf 84' lang='lat' dir='ltr'><strong>pa,</strong></span> <span class='ocrx_word' id='word_1_291' title='bbox 348 2460 402 2506; x_wconf 90' lang='lat' dir='ltr'><strong>et</strong></span> <span class='ocrx_word' id='word_1_292' title='bbox 424 2453 866 2522; x_wconf 81' lang='lat' dir='ltr'><strong>archiepiscopus</strong></span> <span class='ocrx_word' id='word_1_293' title='bbox 894 2455 1166 2520; x_wconf 85' lang='lat' dir='ltr'><strong>similiter,</strong></span> <span class='ocrx_word' id='word_1_294' title='bbox 1191 2464 1247 2511; x_wconf 89' lang='lat' dir='ltr'><strong>et</strong></span> <span class='ocrx_word' id='word_1_295' title='bbox 1267 2456 1446 2510; x_wconf 88' lang='lat' dir='ltr'><strong>adhuc</strong></span> <span class='ocrx_word' id='word_1_296' title='bbox 1466 2456 1573 2511; x_wconf 89' lang='lat' dir='ltr'><strong>duo</strong></span> <span class='ocrx_word' id='word_1_297' title='bbox 1595 2455 1820 2512; x_wconf 79' lang='lat' dir='ltr'><strong>abbates</strong></span> 
     </span>
    </p>
   </div>
   <div class='ocr_carea' id='block_1_40' title="bbox 236 2542 1823 2612">
    <p class='ocr_par' dir='ltr' id='par_1_40' title="bbox 236 2542 1823 2612">
     <span class='ocr_line' id='line_1_40' title="bbox 236 2542 1823 2612; baseline 0.006 -18"><span class='ocrx_word' id='word_1_298' title='bbox 236 2542 325 2612; x_wconf 89' lang='lat' dir='ltr'><strong>qui</strong></span> <span class='ocrx_word' id='word_1_299' title='bbox 361 2542 594 2597; x_wconf 90' lang='lat' dir='ltr'><strong>electum</strong></span> <span class='ocrx_word' id='word_1_300' title='bbox 632 2545 700 2598; x_wconf 91' lang='lat' dir='ltr'><strong>ad</strong></span> <span class='ocrx_word' id='word_1_301' title='bbox 740 2545 1166 2601; x_wconf 87' lang='lat' dir='ltr'><strong>benedicendum</strong></span> <span class='ocrx_word' id='word_1_302' title='bbox 1211 2547 1264 2601; x_wconf 87' lang='lat' dir='ltr'><strong>in</strong></span> <span class='ocrx_word' id='word_1_303' title='bbox 1305 2548 1556 2603; x_wconf 89' lang='lat' dir='ltr'><strong>manibus</strong></span> <span class='ocrx_word' id='word_1_304' title='bbox 1587 2549 1823 2605; x_wconf 70' lang='lat' dir='ltr'><strong>deduxe-</strong></span> 
     </span>
    </p>
   </div>
   <div class='ocr_carea' id='block_1_41' title="bbox 212 2631 1822 2707">
    <p class='ocr_par' dir='ltr' id='par_1_41' title="bbox 212 2631 1822 2707">
     <span class='ocr_line' id='line_1_41' title="bbox 212 2631 1822 2707; baseline 0.006 -22"><span class='ocrx_word' id='word_1_305' title='bbox 212 2641 383 2686; x_wconf 86' lang='lat' dir='ltr'><strong>runt.</strong></span> <span class='ocrx_word' id='word_1_306' title='bbox 433 2631 636 2688; x_wconf 88' lang='lat' dir='ltr'><strong>Stratis</strong></span> <span class='ocrx_word' id='word_1_307' title='bbox 689 2643 816 2690; x_wconf 87' lang='lat' dir='ltr'><strong>ante</strong></span> <span class='ocrx_word' id='word_1_308' title='bbox 872 2636 1044 2690; x_wconf 91' lang='lat' dir='ltr'><strong>altare</strong></span> <span class='ocrx_word' id='word_1_309' title='bbox 1093 2639 1361 2707; x_wconf 88' lang='lat' dir='ltr'><strong>tapetibus</strong></span> <span class='ocrx_word' id='word_1_310' title='bbox 1407 2639 1567 2695; x_wconf 91' lang='lat' dir='ltr'><strong>simul</strong></span> <span class='ocrx_word' id='word_1_311' title='bbox 1633 2655 1822 2696; x_wconf 92' lang='lat' dir='ltr'><strong>omnes</strong></span> 
     </span>
    </p>
   </div>
   <div class='ocr_carea' id='block_1_42' title="bbox 237 2729 1823 2794">
    <p class='ocr_par' dir='ltr' id='par_1_42' title="bbox 237 2729 1823 2794">
     <span class='ocr_line' id='line_1_42' title="bbox 237 2729 1823 2794; baseline 0.006 -19"><span class='ocrx_word' id='word_1_312' title='bbox 237 2732 472 2793; x_wconf 85' lang='lat' dir='ltr'><strong>quatuor</strong></span> <span class='ocrx_word' id='word_1_313' title='bbox 517 2734 872 2794; x_wconf 89' lang='lat' dir='ltr'><strong>prosternunt</strong></span> <span class='ocrx_word' id='word_1_314' title='bbox 924 2742 983 2782; x_wconf 90' lang='lat' dir='ltr'><strong>se</strong></span> <span class='ocrx_word' id='word_1_315' title='bbox 1028 2729 1096 2782; x_wconf 89' lang='lat' dir='ltr'><strong>ad</strong></span> <span class='ocrx_word' id='word_1_316' title='bbox 1134 2730 1505 2786; x_wconf 89' lang='lat' dir='ltr'><strong>adorationem</strong></span> <span class='ocrx_word' id='word_1_317' title='bbox 1531 2748 1545 2786; x_wconf 90' lang='lat'><strong>:</strong></span> <span class='ocrx_word' id='word_1_318' title='bbox 1574 2739 1823 2786; x_wconf 89' lang='lat' dir='ltr'><strong>cantatur</strong></span> 
     </span>
    </p>
   </div>
   <div class='ocr_carea' id='block_1_43' title="bbox 213 2815 1822 2892">
    <p class='ocr_par' dir='ltr' id='par_1_43' title="bbox 213 2815 1822 2892">
     <span class='ocr_line' id='line_1_43' title="bbox 213 2815 1822 2892; baseline 0.006 -23"><span class='ocrx_word' id='word_1_319' title='bbox 213 2815 480 2871; x_wconf 83' lang='lat' dir='ltr'><strong>breviter</strong></span> <span class='ocrx_word' id='word_1_320' title='bbox 507 2817 728 2883; x_wconf 87' lang='lat' dir='ltr'><strong>litania;</strong></span> <span class='ocrx_word' id='word_1_321' title='bbox 761 2827 883 2888; x_wconf 90' lang='lat' dir='ltr'><strong>post</strong></span> <span class='ocrx_word' id='word_1_322' title='bbox 919 2819 1275 2875; x_wconf 81' lang='lat' dir='ltr'><strong>novissimum</strong></span> <span class='ocrx_word' id='word_1_323' title='bbox 1307 2821 1492 2892; x_wconf 75' lang='lat' dir='ltr'><strong>Hyrie,</strong></span> <span class='ocrx_word' id='word_1_324' title='bbox 1521 2821 1736 2888; x_wconf 82' lang='lat' dir='ltr'><strong>eleison,</strong></span> <span class='ocrx_word' id='word_1_325' title='bbox 1765 2830 1822 2878; x_wconf 87' lang='lat' dir='ltr'><strong>et</strong></span> 
     </span>
    </p>
   </div>
   <div class='ocr_carea' id='block_1_44' title="bbox 237 2907 1822 2983">
    <p class='ocr_par' dir='ltr' id='par_1_44' title="bbox 237 2907 1822 2983">
     <span class='ocr_line' id='line_1_44' title="bbox 237 2907 1822 2983; baseline 0.004 -21"><span class='ocrx_word' id='word_1_326' title='bbox 237 2918 357 2979; x_wconf 89' lang='lat' dir='ltr'><strong>post</strong></span> <span class='ocrx_word' id='word_1_327' title='bbox 382 2908 722 2964; x_wconf 85' lang='lat' dir='ltr'><strong>Dominicam</strong></span> <span class='ocrx_word' id='word_1_328' title='bbox 758 2907 1097 2975; x_wconf 87' lang='lat' dir='ltr'><strong>Orationem,</strong></span> <span class='ocrx_word' id='word_1_329' title='bbox 1147 2915 1322 2983; x_wconf 84' lang='lat' dir='ltr'><strong>surgit</strong></span> <span class='ocrx_word' id='word_1_330' title='bbox 1372 2915 1599 2970; x_wconf 87' lang='lat' dir='ltr'><strong>antistes</strong></span> <span class='ocrx_word' id='word_1_331' title='bbox 1650 2915 1822 2970; x_wconf 81' lang='lat' dir='ltr'><strong>dictu-</strong></span> 
     </span>
    </p>
   </div>
   <div class='ocr_carea' id='block_1_45' title="bbox 239 2999 1822 3070">
    <p class='ocr_par' dir='ltr' id='par_1_45' title="bbox 239 2999 1822 3070">
     <span class='ocr_line' id='line_1_45' title="bbox 239 2999 1822 3070; baseline 0.003 -18"><span class='ocrx_word' id='word_1_332' title='bbox 239 3014 349 3064; x_wconf 85' lang='lat' dir='ltr'><strong>rus,</strong></span> <span class='ocrx_word' id='word_1_333' title='bbox 397 2999 469 3052; x_wconf 82' lang='lat' dir='ltr'><strong>Et</strong></span> <span class='ocrx_word' id='word_1_334' title='bbox 507 3015 571 3053; x_wconf 84' lang='lat' dir='ltr'><strong>ne</strong></span> <span class='ocrx_word' id='word_1_335' title='bbox 601 3016 693 3054; x_wconf 87' lang='lat' dir='ltr'><strong>nos</strong></span> <span class='ocrx_word' id='word_1_336' title='bbox 731 3001 976 3056; x_wconf 78' lang='lat' dir='ltr'><strong>inducas.</strong></span> <span class='ocrx_word' id='word_1_337' title='bbox 1026 3000 1241 3056; x_wconf 77' lang='lat' dir='ltr'><strong>Saluum</strong></span> <span class='ocrx_word' id='word_1_338' title='bbox 1275 3002 1360 3070; x_wconf 80' lang='lat' dir='ltr'><strong>fac</strong></span> <span class='ocrx_word' id='word_1_339' title='bbox 1395 3020 1619 3057; x_wconf 71' lang='lat' dir='ltr'><strong>servum.</strong></span> <span class='ocrx_word' id='word_1_340' title='bbox 1671 3002 1822 3058; x_wconf 79' lang='lat' dir='ltr'><strong>Mitte</strong></span> 
     </span>
    </p>
   </div>
   <div class='ocr_carea' id='block_1_46' title="bbox 215 3088 1819 3160">
    <p class='ocr_par' dir='ltr' id='par_1_46' title="bbox 215 3088 1819 3160">
     <span class='ocr_line' id='line_1_46' title="bbox 215 3088 1819 3160; baseline 0.001 -14"><span class='ocrx_word' id='word_1_341' title='bbox 215 3091 302 3146; x_wconf 82' lang='lat' dir='ltr'><strong>.ei.</strong></span> <span class='ocrx_word' id='word_1_342' title='bbox 334 3088 440 3143; x_wconf 82' lang='lat' dir='ltr'><strong>Hic</strong></span> <span class='ocrx_word' id='word_1_343' title='bbox 469 3091 692 3158; x_wconf 79' lang='lat' dir='ltr'><strong>accipiet</strong></span> <span class='ocrx_word' id='word_1_344' title='bbox 730 3091 1156 3147; x_wconf 76' lang='lat' dir='ltr'><strong>benedictionem.</strong></span> <span class='ocrx_word' id='word_1_345' title='bbox 1191 3092 1434 3160; x_wconf 80' lang='lat' dir='ltr'><strong>Domine,</strong></span> <span class='ocrx_word' id='word_1_346' title='bbox 1463 3095 1676 3148; x_wconf 72' lang='lat' dir='ltr'><strong>exaudi.</strong></span> <span class='ocrx_word' id='word_1_347' title='bbox 1709 3093 1819 3148; x_wconf 88' lang='lat' dir='ltr'><strong>Do-</strong></span> 
     </span>
    </p>
   </div>
   <div class='ocr_carea' id='block_1_47' title="bbox 215 3182 1892 3260">
    <p class='ocr_par' dir='ltr' id='par_1_47' title="bbox 215 3182 1892 3260">
     <span class='ocr_line' id='line_1_47' title="bbox 215 3182 1892 3260; baseline 0.005 -26"><span class='ocrx_word' id='word_1_348' title='bbox 215 3184 412 3237; x_wconf 80' lang='lat' dir='ltr'><strong>ntinus</strong></span> <span class='ocrx_word' id='word_1_349' title='bbox 441 3182 730 3238; x_wconf 86' lang='lat' dir='ltr'><strong>vobiscum.</strong></span> <span class='ocrx_word' id='word_1_350' title='bbox 771 3184 899 3240; x_wconf 86' lang='lat' dir='ltr'><strong>Inde</strong></span> <span class='ocrx_word' id='word_1_351' title='bbox 939 3186 1186 3254; x_wconf 89' lang='lat' dir='ltr'><strong>sequitur</strong></span> <span class='ocrx_word' id='word_1_352' title='bbox 1213 3186 1520 3243; x_wconf 88' lang='lat' dir='ltr'><strong>benedictio</strong></span> <span class='ocrx_word' id='word_1_353' title='bbox 1552 3205 1564 3240; x_wconf 85' lang='lat'><strong>:</strong></span> <span class='ocrx_word' id='word_1_354' title='bbox 1594 3202 1698 3256; x_wconf 90' lang='lat' dir='ltr'><strong>qua</strong></span> <span class='ocrx_word' id='word_1_355' title='bbox 1734 3201 1822 3242; x_wconf 81' lang='lat' dir='ltr'><strong>so-</strong></span> <span class='ocrx_word' id='word_1_356' title='bbox 1853 3239 1892 3260; x_wconf 59' lang='grc' dir='ltr'><strong><em>η</em></strong></span> 
     </span>
    </p>
   </div>
   <div class='ocr_carea' id='block_1_48' title="bbox 213 3273 1822 3347">
    <p class='ocr_par' dir='ltr' id='par_1_48' title="bbox 213 3273 1822 3347">
     <span class='ocr_line' id='line_1_48' title="bbox 213 3273 1822 3347; baseline 0.004 -25"><span class='ocrx_word' id='word_1_357' title='bbox 213 3319 216 3322; x_wconf 83' lang='lat'><strong>.</strong></span> <span class='ocrx_word' id='word_1_358' title='bbox 243 3273 497 3328; x_wconf 86' lang='lat' dir='ltr'><strong>lemniter</strong></span> <span class='ocrx_word' id='word_1_359' title='bbox 526 3273 740 3343; x_wconf 74' lang='lat' dir='ltr'><strong>expleta</strong></span> <span class='ocrx_word' id='word_1_360' title='bbox 774 3275 972 3330; x_wconf 87' lang='lat' dir='ltr'><strong>iterato</strong></span> <span class='ocrx_word' id='word_1_361' title='bbox 997 3275 1243 3344; x_wconf 87' lang='lat' dir='ltr'><strong>psallitur</strong></span> <span class='ocrx_word' id='word_1_362' title='bbox 1272 3277 1524 3347; x_wconf 88' lang='lat' dir='ltr'><strong>hymnus,</strong></span> <span class='ocrx_word' id='word_1_363' title='bbox 1557 3275 1627 3331; x_wconf 86' lang='lat' dir='ltr'><strong>Te</strong></span> <span class='ocrx_word' id='word_1_364' title='bbox 1655 3276 1822 3330; x_wconf 87' lang='lat' dir='ltr'><strong>Deum</strong></span> 
     </span>
    </p>
   </div>
   <div class='ocr_carea' id='block_1_49' title="bbox 243 3363 1826 3434">
    <p class='ocr_par' dir='ltr' id='par_1_49' title="bbox 243 3363 1826 3434">
     <span class='ocr_line' id='line_1_49' title="bbox 243 3363 1826 3434; baseline 0.003 -19"><span class='ocrx_word' id='word_1_365' title='bbox 243 3363 547 3428; x_wconf 82' lang='lat' dir='ltr'><strong>laudamus,</strong></span> <span class='ocrx_word' id='word_1_366' title='bbox 578 3373 655 3430; x_wconf 84' lang='lat' dir='ltr'><strong>et,</strong></span> <span class='ocrx_word' id='word_1_367' title='bbox 691 3365 830 3420; x_wconf 92' lang='lat' dir='ltr'><strong>sicut</strong></span> <span class='ocrx_word' id='word_1_368' title='bbox 857 3365 1026 3434; x_wconf 85' lang='lat' dir='ltr'><strong>prius,</strong></span> <span class='ocrx_word' id='word_1_369' title='bbox 1057 3381 1248 3421; x_wconf 89' lang='lat' dir='ltr'><strong>recens</strong></span> <span class='ocrx_word' id='word_1_370' title='bbox 1286 3366 1660 3422; x_wconf 84' lang='lat' dir='ltr'><strong>benedictione</strong></span> <span class='ocrx_word' id='word_1_371' title='bbox 1697 3380 1826 3420; x_wconf 83' lang='lat' dir='ltr'><strong>eon-</strong></span> 
     </span>
    </p>
   </div>
   <div class='ocr_carea' id='block_1_50' title="bbox 212 3455 1823 3520">
    <p class='ocr_par' dir='ltr' id='par_1_50' title="bbox 212 3455 1823 3520">
     <span class='ocr_line' id='line_1_50' title="bbox 212 3455 1823 3520; baseline 0.002 -14"><span class='ocrx_word' id='word_1_372' title='bbox 212 3489 214 3493; x_wconf 86' lang='lat'><strong><em>-</em></strong></span> <span class='ocrx_word' id='word_1_373' title='bbox 247 3455 521 3508; x_wconf 78' lang='lat' dir='ltr'><strong>firmatum</strong></span> <span class='ocrx_word' id='word_1_374' title='bbox 551 3455 883 3510; x_wconf 80' lang='lat' dir='ltr'><strong>osculantur.</strong></span> <span class='ocrx_word' id='word_1_375' title='bbox 909 3456 1002 3510; x_wconf 86' lang='lat' dir='ltr'><strong>llis</strong></span> <span class='ocrx_word' id='word_1_376' title='bbox 1031 3457 1267 3512; x_wconf 84' lang='lat' dir='ltr'><strong>breviter</strong></span> <span class='ocrx_word' id='word_1_377' title='bbox 1289 3458 1356 3512; x_wconf 90' lang='lat' dir='ltr'><strong>de</strong></span> <span class='ocrx_word' id='word_1_378' title='bbox 1383 3459 1584 3512; x_wconf 88' lang='lat' dir='ltr'><strong>domno</strong></span> <span class='ocrx_word' id='word_1_379' title='bbox 1608 3455 1823 3520; x_wconf 87' lang='lat' dir='ltr'><strong>abbate,</strong></span> 
     </span>
    </p>
   </div>
   <div class='ocr_carea' id='block_1_51' title="bbox 243 3544 1827 3616">
    <p class='ocr_par' dir='ltr' id='par_1_51' title="bbox 243 3544 1827 3616">
     <span class='ocr_line' id='line_1_51' title="bbox 243 3544 1827 3616; baseline 0.001 -18"><span class='ocrx_word' id='word_1_380' title='bbox 243 3544 478 3614; x_wconf 79' lang='lat' dir='ltr'><strong>exempli</strong></span> <span class='ocrx_word' id='word_1_381' title='bbox 533 3546 747 3614; x_wconf 65' lang='lat' dir='ltr'><strong>gratia,</strong></span> <span class='ocrx_word' id='word_1_382' title='bbox 803 3546 1121 3614; x_wconf 79' lang='lat' dir='ltr'><strong>pra-libatis,</strong></span> <span class='ocrx_word' id='word_1_383' title='bbox 1169 3556 1462 3616; x_wconf 82' lang='lat' dir='ltr'><strong>repetatur,</strong></span> <span class='ocrx_word' id='word_1_384' title='bbox 1519 3547 1659 3616; x_wconf 86' lang='lat' dir='ltr'><strong>quod</strong></span> <span class='ocrx_word' id='word_1_385' title='bbox 1708 3545 1827 3601; x_wconf 90' lang='lat' dir='ltr'><strong>sine</strong></span> 
     </span>
    </p>
   </div>
   <div class='ocr_carea' id='block_1_52' title="bbox 216 3633 1825 3706">
    <p class='ocr_par' dir='ltr' id='par_1_52' title="bbox 216 3633 1825 3706">
     <span class='ocr_line' id='line_1_52' title="bbox 216 3633 1825 3706; baseline -0.003 -13"><span class='ocrx_word' id='word_1_386' title='bbox 216 3689 219 3693; x_wconf 39' lang='grc' dir='ltr'><strong><em>λ</em></strong></span> <span class='ocrx_word' id='word_1_387' title='bbox 248 3633 517 3704; x_wconf 83' lang='lat' dir='ltr'><strong>personali</strong></span> <span class='ocrx_word' id='word_1_388' title='bbox 542 3635 858 3706; x_wconf 86' lang='lat' dir='ltr'><strong>acceptione</strong></span> <span class='ocrx_word' id='word_1_389' title='bbox 879 3635 1202 3706; x_wconf 86' lang='lat' dir='ltr'><strong>generaliter</strong></span> <span class='ocrx_word' id='word_1_390' title='bbox 1230 3636 1466 3706; x_wconf 86' lang='lat' dir='ltr'><strong>pertinet</strong></span> <span class='ocrx_word' id='word_1_391' title='bbox 1491 3636 1559 3690; x_wconf 89' lang='lat' dir='ltr'><strong>ad</strong></span> <span class='ocrx_word' id='word_1_392' title='bbox 1581 3635 1825 3689; x_wconf 88' lang='lat' dir='ltr'><strong>ordinem</strong></span> 
     </span>
    </p>
   </div>
   <div class='ocr_carea' id='block_1_53' title="bbox 248 3711 1829 3798">
    <p class='ocr_par' dir='ltr' id='par_1_53' title="bbox 248 3711 1829 3798">
     <span class='ocr_line' id='line_1_53' title="bbox 248 3711 1829 3798; baseline 0.001 -19"><span class='ocrx_word' id='word_1_393' title='bbox 248 3735 514 3793; x_wconf 86' lang='lat' dir='ltr'><strong>nostrum,</strong></span> <span class='ocrx_word' id='word_1_394' title='bbox 533 3735 590 3781; x_wconf 90' lang='lat' dir='ltr'><strong>et</strong></span> <span class='ocrx_word' id='word_1_395' title='bbox 615 3725 682 3780; x_wconf 89' lang='lat' dir='ltr'><strong>ad</strong></span> <span class='ocrx_word' id='word_1_396' title='bbox 709 3723 860 3780; x_wconf 87' lang='lat' dir='ltr'><strong>illum</strong></span> <span class='ocrx_word' id='word_1_397' title='bbox 880 3727 1189 3798; x_wconf 85' lang='lat' dir='ltr'><strong>quicunque</strong></span> <span class='ocrx_word' id='word_1_398' title='bbox 1218 3725 1392 3784; x_wconf 86' lang='lat' dir='ltr'><strong>ollicio</strong></span> <span class='ocrx_word' id='word_1_399' title='bbox 1422 3726 1637 3781; x_wconf 90' lang='lat' dir='ltr'><strong>functus</strong></span> <span class='ocrx_word' id='word_1_400' title='bbox 1667 3711 1829 3782; x_wconf 85' lang='lat' dir='ltr'><strong>fuerit</strong></span> 
     </span>
    </p>
   </div>
   <div class='ocr_carea' id='block_1_54' title="bbox 217 3818 477 3876">
    <p class='ocr_par' dir='ltr' id='par_1_54' title="bbox 217 3818 477 3876">
     <span class='ocr_line' id='line_1_54' title="bbox 217 3818 477 3876; baseline -0.015 0"><span class='ocrx_word' id='word_1_401' title='bbox 217 3865 223 3875; x_wconf 90' lang='lat'><strong>.</strong></span> <span class='ocrx_word' id='word_1_402' title='bbox 247 3818 477 3876; x_wconf 83' lang='lat' dir='ltr'><strong>abbatis.</strong></span> 
     </span>
    </p>
   </div>
   <div class='ocr_carea' id='block_1_55' title="bbox 867 3912 1196 3968">
    <p class='ocr_par' dir='ltr' id='par_1_55' title="bbox 867 3912 1196 3968">
     <span class='ocr_line' id='line_1_55' title="bbox 867 3912 1196 3968; baseline 0 0"><span class='ocrx_word' id='word_1_403' title='bbox 867 3912 1094 3968; x_wconf 77' lang='lat' dir='ltr'><strong>CAPUT</strong></span> <span class='ocrx_word' id='word_1_404' title='bbox 1131 3913 1196 3968; x_wconf 92' lang='lat' dir='ltr'><strong>ll.</strong></span> 
     </span>
    </p>
   </div>
   <div class='ocr_carea' id='block_1_56' title="bbox 754 4004 1320 4060">
    <p class='ocr_par' dir='ltr' id='par_1_56' title="bbox 754 4004 1320 4060">
     <span class='ocr_line' id='line_1_56' title="bbox 754 4004 1320 4060; baseline 0.004 -2"><span class='ocrx_word' id='word_1_405' title='bbox 754 4004 833 4060; x_wconf 86' lang='lat' dir='ltr'><strong>De</strong></span> <span class='ocrx_word' id='word_1_406' title='bbox 874 4006 1065 4060; x_wconf 81' lang='lat' dir='ltr'><strong>domno</strong></span> <span class='ocrx_word' id='word_1_407' title='bbox 1113 4006 1320 4060; x_wconf 84' lang='lat' dir='ltr'><strong>abbate.</strong></span> 
     </span>
    </p>
   </div>
   <div class='ocr_carea' id='block_1_57' title="bbox 319 4097 1831 4172">
    <p class='ocr_par' dir='ltr' id='par_1_57' title="bbox 319 4097 1831 4172">
     <span class='ocr_line' id='line_1_57' title="bbox 319 4097 1831 4172; baseline 0.003 -21"><span class='ocrx_word' id='word_1_408' title='bbox 319 4097 530 4152; x_wconf 91' lang='lat' dir='ltr'><strong>Domno</strong></span> <span class='ocrx_word' id='word_1_409' title='bbox 566 4100 772 4164; x_wconf 90' lang='lat' dir='ltr'><strong>abbati,</strong></span> <span class='ocrx_word' id='word_1_410' title='bbox 803 4100 857 4154; x_wconf 92' lang='lat' dir='ltr'><strong>in</strong></span> <span class='ocrx_word' id='word_1_411' title='bbox 889 4101 1038 4154; x_wconf 88' lang='lat' dir='ltr'><strong>omni</strong></span> <span class='ocrx_word' id='word_1_412' title='bbox 1071 4099 1210 4168; x_wconf 89' lang='lat' dir='ltr'><strong>loco,</strong></span> <span class='ocrx_word' id='word_1_413' title='bbox 1237 4111 1298 4156; x_wconf 93' lang='lat' dir='ltr'><strong>ut</strong></span> <span class='ocrx_word' id='word_1_414' title='bbox 1329 4101 1544 4172; x_wconf 85' lang='lat' dir='ltr'><strong>dignum</strong></span> <span class='ocrx_word' id='word_1_415' title='bbox 1583 4110 1688 4167; x_wconf 87' lang='lat' dir='ltr'><strong>est,</strong></span> <span class='ocrx_word' id='word_1_416' title='bbox 1722 4100 1831 4157; x_wconf 88' lang='lat' dir='ltr'><strong>sin-</strong></span> 
     </span>
    </p>
   </div>
   <div class='ocr_carea' id='block_1_58' title="bbox 251 4186 1829 4253">
    <p class='ocr_par' dir='ltr' id='par_1_58' title="bbox 251 4186 1829 4253">
     <span class='ocr_line' id='line_1_58' title="bbox 251 4186 1829 4253; baseline 0.004 -13"><span class='ocrx_word' id='word_1_417' title='bbox 251 4186 454 4253; x_wconf 80' lang='lat' dir='ltr'><strong>gularis</strong></span> <span class='ocrx_word' id='word_1_418' title='bbox 507 4188 813 4243; x_wconf 78' lang='lat' dir='ltr'><strong>reverentia</strong></span> <span class='ocrx_word' id='word_1_419' title='bbox 869 4187 1132 4244; x_wconf 85' lang='lat' dir='ltr'><strong>defertur.</strong></span> <span class='ocrx_word' id='word_1_420' title='bbox 1189 4189 1428 4244; x_wconf 85' lang='lat' dir='ltr'><strong>Primum</strong></span> <span class='ocrx_word' id='word_1_421' title='bbox 1485 4192 1538 4246; x_wconf 91' lang='lat' dir='ltr'><strong>in</strong></span> <span class='ocrx_word' id='word_1_422' title='bbox 1600 4191 1829 4247; x_wconf 87' lang='lat' dir='ltr'><strong>ecclesia</strong></span> 
     </span>
    </p>
   </div>
   <div class='ocr_carea' id='block_1_59' title="bbox 249 4279 1830 4354">
    <p class='ocr_par' dir='ltr' id='par_1_59' title="bbox 249 4279 1830 4354">
     <span class='ocr_line' id='line_1_59' title="bbox 249 4279 1830 4354; baseline 0.006 -26"><span class='ocrx_word' id='word_1_423' title='bbox 249 4279 464 4348; x_wconf 91' lang='lat' dir='ltr'><strong>quoties</strong></span> <span class='ocrx_word' id='word_1_424' title='bbox 495 4279 847 4348; x_wconf 88' lang='lat' dir='ltr'><strong>antiphonam</strong></span> <span class='ocrx_word' id='word_1_425' title='bbox 895 4281 1230 4352; x_wconf 87' lang='lat' dir='ltr'><strong>imposuerit,</strong></span> <span class='ocrx_word' id='word_1_426' title='bbox 1275 4291 1330 4336; x_wconf 90' lang='lat' dir='ltr'><strong>et</strong></span> <span class='ocrx_word' id='word_1_427' title='bbox 1368 4292 1491 4352; x_wconf 87' lang='lat' dir='ltr'><strong>post</strong></span> <span class='ocrx_word' id='word_1_428' title='bbox 1521 4284 1830 4354; x_wconf 75' lang='lat' dir='ltr'><strong>impositam</strong></span> 
     </span>
    </p>
   </div>
   <div class='ocr_carea' id='block_1_60' title="bbox 251 4371 1827 4444">
    <p class='ocr_par' dir='ltr' id='par_1_60' title="bbox 251 4371 1827 4444">
     <span class='ocr_line' id='line_1_60' title="bbox 251 4371 1827 4444; baseline 0.001 -18"><span class='ocrx_word' id='word_1_429' title='bbox 251 4371 615 4438; x_wconf 85' lang='lat' dir='ltr'><strong>inclinaverit,</strong></span> <span class='ocrx_word' id='word_1_430' title='bbox 642 4388 849 4442; x_wconf 43' lang='lat' dir='ltr'><strong>zomnes</strong></span> <span class='ocrx_word' id='word_1_431' title='bbox 878 4388 1096 4444; x_wconf 90' lang='lat' dir='ltr'><strong>quoque</strong></span> <span class='ocrx_word' id='word_1_432' title='bbox 1123 4382 1312 4428; x_wconf 90' lang='lat' dir='ltr'><strong>contra</strong></span> <span class='ocrx_word' id='word_1_433' title='bbox 1354 4374 1502 4429; x_wconf 91' lang='lat' dir='ltr'><strong>illum</strong></span> <span class='ocrx_word' id='word_1_434' title='bbox 1548 4375 1827 4430; x_wconf 90' lang='lat' dir='ltr'><strong>inclinant.</strong></span> 
     </span>
    </p>
   </div>
   <div class='ocr_carea' id='block_1_61' title="bbox 250 4463 1829 4536">
    <p class='ocr_par' dir='ltr' id='par_1_61' title="bbox 250 4463 1829 4536">
     <span class='ocr_line' id='line_1_61' title="bbox 250 4463 1829 4536; baseline 0.004 -22"><span class='ocrx_word' id='word_1_435' title='bbox 250 4463 499 4528; x_wconf 83' lang='lat' dir='ltr'><strong>Quandiu</strong></span> <span class='ocrx_word' id='word_1_436' title='bbox 531 4473 612 4519; x_wconf 91' lang='lat' dir='ltr'><strong>est</strong></span> <span class='ocrx_word' id='word_1_437' title='bbox 638 4465 690 4518; x_wconf 90' lang='lat' dir='ltr'><strong>in</strong></span> <span class='ocrx_word' id='word_1_438' title='bbox 727 4477 1016 4531; x_wconf 87' lang='lat' dir='ltr'><strong>conventu,</strong></span> <span class='ocrx_word' id='word_1_439' title='bbox 1042 4482 1313 4536; x_wconf 90' lang='lat' dir='ltr'><strong>nunquam</strong></span> <span class='ocrx_word' id='word_1_440' title='bbox 1345 4466 1612 4521; x_wconf 88' lang='lat' dir='ltr'><strong>omittitur</strong></span> <span class='ocrx_word' id='word_1_441' title='bbox 1642 4476 1829 4521; x_wconf 80' lang='lat' dir='ltr'><strong>utnon</strong></span> 
     </span>
    </p>
   </div>
   <div class='ocr_carea' id='block_1_62' title="bbox 1926 1994 3506 2069">
    <p class='ocr_par' dir='ltr' id='par_1_62' title="bbox 1926 1994 3506 2069">
     <span class='ocr_line' id='line_1_62' title="bbox 1926 1994 3506 2069; baseline -0.007 -12"><span class='ocrx_word' id='word_1_442' title='bbox 1926 2004 2088 2068; x_wconf 88' lang='lat' dir='ltr'><strong>nerit,</strong></span> <span class='ocrx_word' id='word_1_443' title='bbox 2119 2012 2175 2057; x_wconf 91' lang='lat' dir='ltr'><strong>et</strong></span> <span class='ocrx_word' id='word_1_444' title='bbox 2204 2001 2399 2056; x_wconf 83' lang='lat' dir='ltr'><strong>fratres</strong></span> <span class='ocrx_word' id='word_1_445' title='bbox 2428 2009 2722 2068; x_wconf 88' lang='lat' dir='ltr'><strong>occupatos</strong></span> <span class='ocrx_word' id='word_1_446' title='bbox 2751 1996 3048 2069; x_wconf 88' lang='lat' dir='ltr'><strong>psalmodia</strong></span> <span class='ocrx_word' id='word_1_447' title='bbox 3078 1994 3383 2057; x_wconf 80' lang='lat' dir='ltr'><strong>offenderit,</strong></span> <span class='ocrx_word' id='word_1_448' title='bbox 3407 2007 3506 2062; x_wconf 88' lang='lat' dir='ltr'><strong>pro</strong></span> 
     </span>
    </p>
   </div>
   <div class='ocr_carea' id='block_1_63' title="bbox 1923 2082 3502 2161">
    <p class='ocr_par' dir='ltr' id='par_1_63' title="bbox 1923 2082 3502 2161">
     <span class='ocr_line' id='line_1_63' title="bbox 1923 2082 3502 2161; baseline -0.008 -13"><span class='ocrx_word' id='word_1_449' title='bbox 1923 2092 2037 2161; x_wconf 86' lang='lat' dir='ltr'><strong>ejus</strong></span> <span class='ocrx_word' id='word_1_450' title='bbox 2068 2092 2390 2153; x_wconf 88' lang='lat' dir='ltr'><strong>reverentia,</strong></span> <span class='ocrx_word' id='word_1_451' title='bbox 2436 2104 2606 2158; x_wconf 82' lang='lat' dir='ltr'><strong>usque</strong></span> <span class='ocrx_word' id='word_1_452' title='bbox 2641 2088 2768 2142; x_wconf 89' lang='lat' dir='ltr'><strong>dum</strong></span> <span class='ocrx_word' id='word_1_453' title='bbox 2817 2085 3032 2150; x_wconf 79' lang='lat' dir='ltr'><strong>exierit,</strong></span> <span class='ocrx_word' id='word_1_454' title='bbox 3077 2083 3298 2140; x_wconf 90' lang='lat' dir='ltr'><strong>omnino</strong></span> <span class='ocrx_word' id='word_1_455' title='bbox 3327 2082 3502 2138; x_wconf 87' lang='lat' dir='ltr'><strong>conti-</strong></span> 
     </span>
    </p>
   </div>
   <div class='ocr_carea' id='block_1_64' title="bbox 1922 2175 3505 2252">
    <p class='ocr_par' dir='ltr' id='par_1_64' title="bbox 1922 2175 3505 2252">
     <span class='ocr_line' id='line_1_64' title="bbox 1922 2175 3505 2252; baseline -0.006 -15"><span class='ocrx_word' id='word_1_456' title='bbox 1922 2191 2164 2237; x_wconf 83' lang='lat' dir='ltr'><strong>cescunt.</strong></span> <span class='ocrx_word' id='word_1_457' title='bbox 2197 2181 2421 2252; x_wconf 79' lang='lat' dir='ltr'><strong>Signum</strong></span> <span class='ocrx_word' id='word_1_458' title='bbox 2445 2175 2588 2249; x_wconf 89' lang='lat' dir='ltr'><strong>quod</strong></span> <span class='ocrx_word' id='word_1_459' title='bbox 2619 2177 2884 2248; x_wconf 89' lang='lat' dir='ltr'><strong>pulsatur,</strong></span> <span class='ocrx_word' id='word_1_460' title='bbox 2908 2187 2963 2232; x_wconf 92' lang='lat' dir='ltr'><strong>et</strong></span> <span class='ocrx_word' id='word_1_461' title='bbox 2987 2191 3096 2246; x_wconf 90' lang='lat' dir='ltr'><strong>quo</strong></span> <span class='ocrx_word' id='word_1_462' title='bbox 3123 2175 3348 2230; x_wconf 88' lang='lat' dir='ltr'><strong>dimisso</strong></span> <span class='ocrx_word' id='word_1_463' title='bbox 3373 2175 3505 2228; x_wconf 74' lang='lat' dir='ltr'><strong>hoza</strong></span> 
     </span>
    </p>
   </div>
   <div class='ocr_carea' id='block_1_65' title="bbox 1926 2265 3501 2338">
    <p class='ocr_par' dir='ltr' id='par_1_65' title="bbox 1926 2265 3501 2338">
     <span class='ocr_line' id='line_1_65' title="bbox 1926 2265 3501 2338; baseline -0.007 -9"><span class='ocrx_word' id='word_1_464' title='bbox 1926 2274 2234 2337; x_wconf 90' lang='lat' dir='ltr'><strong>inchoatur,</strong></span> <span class='ocrx_word' id='word_1_465' title='bbox 2267 2287 2372 2327; x_wconf 91' lang='lat' dir='ltr'><strong>non</strong></span> <span class='ocrx_word' id='word_1_466' title='bbox 2409 2271 2704 2326; x_wconf 87' lang='lat' dir='ltr'><strong>dimittitur</strong></span> <span class='ocrx_word' id='word_1_467' title='bbox 2754 2283 2927 2338; x_wconf 89' lang='lat' dir='ltr'><strong>usque</strong></span> <span class='ocrx_word' id='word_1_468' title='bbox 2976 2269 3101 2322; x_wconf 90' lang='lat' dir='ltr'><strong>dum</strong></span> <span class='ocrx_word' id='word_1_469' title='bbox 3138 2267 3251 2338; x_wconf 87' lang='lat' dir='ltr'><strong>ipse</strong></span> <span class='ocrx_word' id='word_1_470' title='bbox 3301 2265 3501 2326; x_wconf 85' lang='lat' dir='ltr'><strong>veniat,</strong></span> 
     </span>
    </p>
   </div>
   <div class='ocr_carea' id='block_1_66' title="bbox 1928 2357 3504 2435">
    <p class='ocr_par' dir='ltr' id='par_1_66' title="bbox 1928 2357 3504 2435">
     <span class='ocr_line' id='line_1_66' title="bbox 1928 2357 3504 2435; baseline -0.005 -15"><span class='ocrx_word' id='word_1_471' title='bbox 1928 2366 2011 2420; x_wconf 89' lang='lat' dir='ltr'><strong>vel</strong></span> <span class='ocrx_word' id='word_1_472' title='bbox 2037 2365 2156 2435; x_wconf 88' lang='lat' dir='ltr'><strong>ejus</strong></span> <span class='ocrx_word' id='word_1_473' title='bbox 2182 2363 2440 2429; x_wconf 83' lang='lat' dir='ltr'><strong>vicarius,</strong></span> <span class='ocrx_word' id='word_1_474' title='bbox 2479 2371 2539 2417; x_wconf 93' lang='lat' dir='ltr'><strong>ut</strong></span> <span class='ocrx_word' id='word_1_475' title='bbox 2574 2377 2678 2417; x_wconf 91' lang='lat' dir='ltr'><strong>non</strong></span> <span class='ocrx_word' id='word_1_476' title='bbox 2707 2369 3070 2430; x_wconf 64' lang='lat' dir='ltr'><strong>exspectetur.</strong></span> <span class='ocrx_word' id='word_1_477' title='bbox 3101 2360 3182 2413; x_wconf 79' lang='lat' dir='ltr'><strong>Ad</strong></span> <span class='ocrx_word' id='word_1_478' title='bbox 3210 2357 3504 2425; x_wconf 85' lang='lat' dir='ltr'><strong>capitulum</strong></span> 
     </span>
    </p>
   </div>
   <div class='ocr_carea' id='block_1_67' title="bbox 1925 2448 3504 2519">
    <p class='ocr_par' dir='ltr' id='par_1_67' title="bbox 1925 2448 3504 2519">
     <span class='ocr_line' id='line_1_67' title="bbox 1925 2448 3504 2519; baseline -0.004 -11"><span class='ocrx_word' id='word_1_479' title='bbox 1925 2456 2008 2511; x_wconf 89' lang='lat' dir='ltr'><strong>vel</strong></span> <span class='ocrx_word' id='word_1_480' title='bbox 2035 2457 2102 2509; x_wconf 90' lang='lat' dir='ltr'><strong>ad</strong></span> <span class='ocrx_word' id='word_1_481' title='bbox 2135 2454 2480 2509; x_wconf 88' lang='lat' dir='ltr'><strong>collationem</strong></span> <span class='ocrx_word' id='word_1_482' title='bbox 2529 2451 2791 2507; x_wconf 88' lang='lat' dir='ltr'><strong>fratribus</strong></span> <span class='ocrx_word' id='word_1_483' title='bbox 2831 2449 2944 2519; x_wconf 89' lang='lat' dir='ltr'><strong>jam</strong></span> <span class='ocrx_word' id='word_1_484' title='bbox 2987 2448 3414 2509; x_wconf 87' lang='lat' dir='ltr'><strong>considentibus.</strong></span> <span class='ocrx_word' id='word_1_485' title='bbox 3458 2449 3504 2502; x_wconf 88' lang='lat' dir='ltr'><strong>si</strong></span> 
     </span>
    </p>
   </div>
   <div class='ocr_carea' id='block_1_68' title="bbox 1902 2539 3506 2618">
    <p class='ocr_par' dir='ltr' id='par_1_68' title="bbox 1902 2539 3506 2618">
     <span class='ocr_line' id='line_1_68' title="bbox 1902 2539 3506 2618; baseline -0.006 -16"><span class='ocrx_word' id='word_1_486' title='bbox 1902 2549 2042 2618; x_wconf 83' lang='lat' dir='ltr'><strong>ipse</strong></span> <span class='ocrx_word' id='word_1_487' title='bbox 2078 2545 2431 2602; x_wconf 84' lang='lat' dir='ltr'><strong>intervenerit</strong></span> <span class='ocrx_word' id='word_1_488' title='bbox 2461 2553 2672 2614; x_wconf 73' lang='lat' dir='ltr'><strong>postea,</strong></span> <span class='ocrx_word' id='word_1_489' title='bbox 2721 2559 2826 2598; x_wconf 92' lang='lat' dir='ltr'><strong>non</strong></span> <span class='ocrx_word' id='word_1_490' title='bbox 2867 2542 3026 2597; x_wconf 81' lang='lat' dir='ltr'><strong>modo</strong></span> <span class='ocrx_word' id='word_1_491' title='bbox 3055 2550 3372 2610; x_wconf 82' lang='lat' dir='ltr'><strong>assurgunt,</strong></span> <span class='ocrx_word' id='word_1_492' title='bbox 3411 2539 3506 2594; x_wconf 84' lang='lat' dir='ltr'><strong>sed</strong></span> 
     </span>
    </p>
   </div>
   <div class='ocr_carea' id='block_1_69' title="bbox 1923 2630 3502 2706">
    <p class='ocr_par' dir='ltr' id='par_1_69' title="bbox 1923 2630 3502 2706">
     <span class='ocr_line' id='line_1_69' title="bbox 1923 2630 3502 2706; baseline -0.006 -12"><span class='ocrx_word' id='word_1_493' title='bbox 1923 2640 2088 2694; x_wconf 90' lang='lat' dir='ltr'><strong>etiam</strong></span> <span class='ocrx_word' id='word_1_494' title='bbox 2118 2639 2184 2693; x_wconf 90' lang='lat' dir='ltr'><strong>de</strong></span> <span class='ocrx_word' id='word_1_495' title='bbox 2212 2636 2448 2692; x_wconf 88' lang='lat' dir='ltr'><strong>scabello</strong></span> <span class='ocrx_word' id='word_1_496' title='bbox 2484 2637 2648 2706; x_wconf 87' lang='lat' dir='ltr'><strong>pedes</strong></span> <span class='ocrx_word' id='word_1_497' title='bbox 2679 2635 2745 2690; x_wconf 90' lang='lat' dir='ltr'><strong>ad</strong></span> <span class='ocrx_word' id='word_1_498' title='bbox 2778 2644 2977 2690; x_wconf 87' lang='lat' dir='ltr'><strong>terram</strong></span> <span class='ocrx_word' id='word_1_499' title='bbox 3011 2633 3356 2688; x_wconf 89' lang='lat' dir='ltr'><strong>submittunt.</strong></span> <span class='ocrx_word' id='word_1_500' title='bbox 3395 2630 3502 2696; x_wconf 74' lang='lat' dir='ltr'><strong>No-</strong></span> 
     </span>
    </p>
   </div>
   <div class='ocr_carea' id='block_1_70' title="bbox 1924 2723 3509 2800">
    <p class='ocr_par' dir='ltr' id='par_1_70' title="bbox 1924 2723 3509 2800">
     <span class='ocr_line' id='line_1_70' title="bbox 1924 2723 3509 2800; baseline -0.004 -14"><span class='ocrx_word' id='word_1_501' title='bbox 1924 2745 2046 2786; x_wconf 86' lang='lat' dir='ltr'><strong>men</strong></span> <span class='ocrx_word' id='word_1_502' title='bbox 2073 2730 2190 2800; x_wconf 86' lang='lat' dir='ltr'><strong>ejus</strong></span> <span class='ocrx_word' id='word_1_503' title='bbox 2220 2729 2273 2783; x_wconf 90' lang='lat' dir='ltr'><strong>in</strong></span> <span class='ocrx_word' id='word_1_504' title='bbox 2299 2727 2448 2783; x_wconf 90' lang='lat' dir='ltr'><strong>brevi</strong></span> <span class='ocrx_word' id='word_1_505' title='bbox 2472 2729 2686 2799; x_wconf 83' lang='lat' dir='ltr'><strong>quoties</strong></span> <span class='ocrx_word' id='word_1_506' title='bbox 2718 2727 2949 2782; x_wconf 90' lang='lat' dir='ltr'><strong>recitare</strong></span> <span class='ocrx_word' id='word_1_507' title='bbox 2979 2725 3272 2790; x_wconf 87' lang='lat' dir='ltr'><strong>audierint,</strong></span> <span class='ocrx_word' id='word_1_508' title='bbox 3299 2723 3344 2779; x_wconf 90' lang='lat' dir='ltr'><strong>si</strong></span> <span class='ocrx_word' id='word_1_509' title='bbox 3373 2737 3509 2793; x_wconf 74' lang='lat' dir='ltr'><strong>prte-</strong></span> 
     </span>
    </p>
   </div>
   <div class='ocr_carea' id='block_1_71' title="bbox 1924 2815 3504 2890">
    <p class='ocr_par' dir='ltr' id='par_1_71' title="bbox 1924 2815 3504 2890">
     <span class='ocr_line' id='line_1_71' title="bbox 1924 2815 3504 2890; baseline -0.009 -10"><span class='ocrx_word' id='word_1_510' title='bbox 1924 2839 2050 2880; x_wconf 85' lang='lat' dir='ltr'><strong>seus</strong></span> <span class='ocrx_word' id='word_1_511' title='bbox 2075 2832 2180 2886; x_wconf 90' lang='lat' dir='ltr'><strong>est,</strong></span> <span class='ocrx_word' id='word_1_512' title='bbox 2211 2835 2422 2883; x_wconf 89' lang='lat' dir='ltr'><strong>omnes,</strong></span> <span class='ocrx_word' id='word_1_513' title='bbox 2453 2821 2594 2875; x_wconf 91' lang='lat' dir='ltr'><strong>sicut</strong></span> <span class='ocrx_word' id='word_1_514' title='bbox 2626 2827 2678 2874; x_wconf 91' lang='lat' dir='ltr'><strong>et</strong></span> <span class='ocrx_word' id='word_1_515' title='bbox 2705 2818 2840 2890; x_wconf 86' lang='lat' dir='ltr'><strong>ipse,</strong></span> <span class='ocrx_word' id='word_1_516' title='bbox 2869 2816 3154 2872; x_wconf 85' lang='lat' dir='ltr'><strong>inclinant.</strong></span> <span class='ocrx_word' id='word_1_517' title='bbox 3193 2815 3250 2871; x_wconf 91' lang='lat' dir='ltr'><strong>Si</strong></span> <span class='ocrx_word' id='word_1_518' title='bbox 3289 2815 3356 2870; x_wconf 85' lang='lat' dir='ltr'><strong>de</strong></span> <span class='ocrx_word' id='word_1_519' title='bbox 3395 2829 3504 2888; x_wconf 78' lang='lat' dir='ltr'><strong>qua</strong></span> 
     </span>
    </p>
   </div>
   <div class='ocr_carea' id='block_1_72' title="bbox 1924 2909 3509 2983">
    <p class='ocr_par' dir='ltr' id='par_1_72' title="bbox 1924 2909 3509 2983">
     <span class='ocr_line' id='line_1_72' title="bbox 1924 2909 3509 2983; baseline -0.004 -12"><span class='ocrx_word' id='word_1_520' title='bbox 1924 2915 2314 2971; x_wconf 85' lang='lat' dir='ltr'><strong>consuetudine</strong></span> <span class='ocrx_word' id='word_1_521' title='bbox 2342 2914 2642 2979; x_wconf 89' lang='lat' dir='ltr'><strong>dubitatur,</strong></span> <span class='ocrx_word' id='word_1_522' title='bbox 2667 2913 2928 2983; x_wconf 87' lang='lat' dir='ltr'><strong>quidquid</strong></span> <span class='ocrx_word' id='word_1_523' title='bbox 2957 2912 3082 2966; x_wconf 87' lang='lat' dir='ltr'><strong>inde</strong></span> <span class='ocrx_word' id='word_1_524' title='bbox 3110 2909 3407 2976; x_wconf 85' lang='lat' dir='ltr'><strong>definierit,</strong></span> <span class='ocrx_word' id='word_1_525' title='bbox 3441 2911 3509 2964; x_wconf 75' lang='lat' dir='ltr'><strong>de</strong></span> 
     </span>
    </p>
   </div>
   <div class='ocr_carea' id='block_1_73' title="bbox 1927 3001 3509 3076">
    <p class='ocr_par' dir='ltr' id='par_1_73' title="bbox 1927 3001 3509 3076">
     <span class='ocr_line' id='line_1_73' title="bbox 1927 3001 3509 3076; baseline -0.006 -15"><span class='ocrx_word' id='word_1_526' title='bbox 1927 3017 2124 3062; x_wconf 58' lang='lat' dir='ltr'><strong>caetero</strong></span> <span class='ocrx_word' id='word_1_527' title='bbox 2152 3006 2306 3076; x_wconf 86' lang='lat' dir='ltr'><strong>quasi</strong></span> <span class='ocrx_word' id='word_1_528' title='bbox 2348 3021 2446 3075; x_wconf 91' lang='lat' dir='ltr'><strong>pro</strong></span> <span class='ocrx_word' id='word_1_529' title='bbox 2471 3004 2584 3074; x_wconf 83' lang='lat' dir='ltr'><strong>lege</strong></span> <span class='ocrx_word' id='word_1_530' title='bbox 2610 3013 2857 3070; x_wconf 85' lang='lat' dir='ltr'><strong>tenetur;</strong></span> <span class='ocrx_word' id='word_1_531' title='bbox 2889 3012 2943 3058; x_wconf 91' lang='lat' dir='ltr'><strong>et</strong></span> <span class='ocrx_word' id='word_1_532' title='bbox 2971 3002 3073 3058; x_wconf 88' lang='lat' dir='ltr'><strong>sibi</strong></span> <span class='ocrx_word' id='word_1_533' title='bbox 3110 3001 3208 3056; x_wconf 84' lang='lat' dir='ltr'><strong>soli</strong></span> <span class='ocrx_word' id='word_1_534' title='bbox 3235 3010 3318 3056; x_wconf 89' lang='lat' dir='ltr'><strong>est</strong></span> <span class='ocrx_word' id='word_1_535' title='bbox 3351 3016 3509 3070; x_wconf 77' lang='lat' dir='ltr'><strong>repe-</strong></span> 
     </span>
    </p>
   </div>
   <div class='ocr_carea' id='block_1_74' title="bbox 1925 3092 3510 3168">
    <p class='ocr_par' dir='ltr' id='par_1_74' title="bbox 1925 3092 3510 3168">
     <span class='ocr_line' id='line_1_74' title="bbox 1925 3092 3510 3168; baseline -0.003 -15"><span class='ocrx_word' id='word_1_536' title='bbox 1925 3100 2111 3166; x_wconf 86' lang='lat' dir='ltr'><strong>situm,</strong></span> <span class='ocrx_word' id='word_1_537' title='bbox 2139 3109 2197 3154; x_wconf 91' lang='lat' dir='ltr'><strong>ut</strong></span> <span class='ocrx_word' id='word_1_538' title='bbox 2224 3099 2518 3168; x_wconf 87' lang='lat' dir='ltr'><strong>quemlibet</strong></span> <span class='ocrx_word' id='word_1_539' title='bbox 2543 3098 2769 3156; x_wconf 88' lang='lat' dir='ltr'><strong>fratrem</strong></span> <span class='ocrx_word' id='word_1_540' title='bbox 2803 3098 2999 3164; x_wconf 90' lang='lat' dir='ltr'><strong>mittat,</strong></span> <span class='ocrx_word' id='word_1_541' title='bbox 3028 3105 3085 3153; x_wconf 92' lang='lat' dir='ltr'><strong>ut</strong></span> <span class='ocrx_word' id='word_1_542' title='bbox 3113 3096 3288 3162; x_wconf 87' lang='lat' dir='ltr'><strong>aiunt,</strong></span> <span class='ocrx_word' id='word_1_543' title='bbox 3321 3094 3374 3149; x_wconf 92' lang='lat' dir='ltr'><strong>in</strong></span> <span class='ocrx_word' id='word_1_544' title='bbox 3395 3092 3510 3149; x_wconf 84' lang='lat' dir='ltr'><strong>cul-</strong></span> 
     </span>
    </p>
   </div>
   <div class='ocr_carea' id='block_1_75' title="bbox 1928 3191 2408 3263">
    <p class='ocr_par' dir='ltr' id='par_1_75' title="bbox 1928 3191 2408 3263">
     <span class='ocr_line' id='line_1_75' title="bbox 1928 3191 2408 3263; baseline 0.004 -19"><span class='ocrx_word' id='word_1_545' title='bbox 1928 3207 2049 3260; x_wconf 90' lang='lat' dir='ltr'><strong>pam</strong></span> <span class='ocrx_word' id='word_1_546' title='bbox 2080 3191 2408 3263; x_wconf 87' lang='lat' dir='ltr'><strong>graviorem.</strong></span> 
     </span>
    </p>
   </div>
   <div class='ocr_carea' id='block_1_76' title="bbox 2541 3282 2892 3339">
    <p class='ocr_par' dir='ltr' id='par_1_76' title="bbox 2541 3282 2892 3339">
     <span class='ocr_line' id='line_1_76' title="bbox 2541 3282 2892 3339; baseline -0.006 0"><span class='ocrx_word' id='word_1_547' title='bbox 2541 3283 2768 3339; x_wconf 81' lang='lat' dir='ltr'><strong>CAPUT</strong></span> <span class='ocrx_word' id='word_1_548' title='bbox 2806 3282 2892 3338; x_wconf 90' lang='lat' dir='ltr'><strong>Ill.</strong></span> 
     </span>
    </p>
   </div>
   <div class='ocr_carea' id='block_1_77' title="bbox 2032 3372 3407 3447">
    <p class='ocr_par' dir='ltr' id='par_1_77' title="bbox 2032 3372 3407 3447">
     <span class='ocr_line' id='line_1_77' title="bbox 2032 3372 3407 3447; baseline -0.003 -17"><span class='ocrx_word' id='word_1_549' title='bbox 2032 3377 2111 3430; x_wconf 86' lang='lat' dir='ltr'><strong>De</strong></span> <span class='ocrx_word' id='word_1_550' title='bbox 2135 3379 2362 3447; x_wconf 74' lang='lat' dir='ltr'><strong>graviori</strong></span> <span class='ocrx_word' id='word_1_551' title='bbox 2389 3392 2561 3445; x_wconf 69' lang='grc' dir='ltr'><strong><em>ονομα,</em></strong></span> <span class='ocrx_word' id='word_1_552' title='bbox 2592 3388 2638 3430; x_wconf 88' lang='lat' dir='ltr'><strong>et</strong></span> <span class='ocrx_word' id='word_1_553' title='bbox 2661 3377 2782 3429; x_wconf 85' lang='lat' dir='ltr'><strong>aliis</strong></span> <span class='ocrx_word' id='word_1_554' title='bbox 2808 3374 3080 3446; x_wconf 84' lang='lat' dir='ltr'><strong>generibus</strong></span> <span class='ocrx_word' id='word_1_555' title='bbox 3107 3372 3407 3444; x_wconf 81' lang='lat' dir='ltr'><strong>culparum.</strong></span> 
     </span>
    </p>
   </div>
   <div class='ocr_carea' id='block_1_78' title="bbox 1999 3466 3508 3538">
    <p class='ocr_par' dir='ltr' id='par_1_78' title="bbox 1999 3466 3508 3538">
     <span class='ocr_line' id='line_1_78' title="bbox 1999 3466 3508 3538; baseline -0.002 -15"><span class='ocrx_word' id='word_1_556' title='bbox 1999 3469 2192 3524; x_wconf 81' lang='lat' dir='ltr'><strong>Frater</strong></span> <span class='ocrx_word' id='word_1_557' title='bbox 2232 3469 2323 3538; x_wconf 90' lang='lat' dir='ltr'><strong>qui</strong></span> <span class='ocrx_word' id='word_1_558' title='bbox 2378 3468 2536 3523; x_wconf 89' lang='lat' dir='ltr'><strong>talem</strong></span> <span class='ocrx_word' id='word_1_559' title='bbox 2584 3467 3132 3538; x_wconf 82' lang='lat' dir='ltr'><strong>incurrerit‘lapsum,</strong></span> <span class='ocrx_word' id='word_1_560' title='bbox 3169 3475 3427 3521; x_wconf 85' lang='lat' dir='ltr'><strong>venturus</strong></span> <span class='ocrx_word' id='word_1_561' title='bbox 3453 3466 3508 3521; x_wconf 91' lang='lat' dir='ltr'><strong>in</strong></span> 
     </span>
    </p>
   </div>
   <div class='ocr_carea' id='block_1_79' title="bbox 1901 3559 3510 3631">
    <p class='ocr_par' dir='ltr' id='par_1_79' title="bbox 1901 3559 3510 3631">
     <span class='ocr_line' id='line_1_79' title="bbox 1901 3559 3510 3631; baseline -0.002 -15"><span class='ocrx_word' id='word_1_562' title='bbox 1901 3561 2221 3631; x_wconf 77' lang='lat' dir='ltr'><strong>capitulum</strong></span> <span class='ocrx_word' id='word_1_563' title='bbox 2268 3562 2500 3631; x_wconf 89' lang='lat' dir='ltr'><strong>primum</strong></span> <span class='ocrx_word' id='word_1_564' title='bbox 2550 3562 2711 3631; x_wconf 74' lang='lat' dir='ltr'><strong>pedes</strong></span> <span class='ocrx_word' id='word_1_565' title='bbox 2753 3561 2940 3624; x_wconf 87' lang='lat' dir='ltr'><strong>nudat,</strong></span> <span class='ocrx_word' id='word_1_566' title='bbox 2983 3559 3241 3630; x_wconf 88' lang='lat' dir='ltr'><strong>capitium</strong></span> <span class='ocrx_word' id='word_1_567' title='bbox 3295 3572 3510 3626; x_wconf 78' lang='lat' dir='ltr'><strong>quoque</strong></span> 
     </span>
    </p>
   </div>
   <div class='ocr_carea' id='block_1_80' title="bbox 1929 3649 3513 3722">
    <p class='ocr_par' dir='ltr' id='par_1_80' title="bbox 1929 3649 3513 3722">
     <span class='ocr_line' id='line_1_80' title="bbox 1929 3649 3513 3722; baseline -0.003 -13"><span class='ocrx_word' id='word_1_568' title='bbox 1929 3653 2179 3709; x_wconf 91' lang='lat' dir='ltr'><strong>staminei</strong></span> <span class='ocrx_word' id='word_1_569' title='bbox 2233 3653 2316 3709; x_wconf 91' lang='lat' dir='ltr'><strong>sui</strong></span> <span class='ocrx_word' id='word_1_570' title='bbox 2366 3653 2556 3709; x_wconf 80' lang='lat' dir='ltr'><strong>dextra</strong></span> <span class='ocrx_word' id='word_1_571' title='bbox 2595 3653 2833 3722; x_wconf 62' lang='lat' dir='ltr'><strong>laevaque</strong></span> <span class='ocrx_word' id='word_1_572' title='bbox 2878 3651 3140 3707; x_wconf 89' lang='lat' dir='ltr'><strong>incisione</strong></span> <span class='ocrx_word' id='word_1_573' title='bbox 3191 3649 3422 3714; x_wconf 75' lang='lat' dir='ltr'><strong>laxatur,</strong></span> <span class='ocrx_word' id='word_1_574' title='bbox 3451 3659 3513 3704; x_wconf 90' lang='lat' dir='ltr'><strong>ut</strong></span> 
     </span>
    </p>
   </div>
   <div class='ocr_carea' id='block_1_81' title="bbox 1904 3743 3511 3816">
    <p class='ocr_par' dir='ltr' id='par_1_81' title="bbox 1904 3743 3511 3816">
     <span class='ocr_line' id='line_1_81' title="bbox 1904 3743 3511 3816; baseline -0.004 -15"><span class='ocrx_word' id='word_1_575' title='bbox 1904 3746 2154 3801; x_wconf 90' lang='lat' dir='ltr'><strong>brachia</strong></span> <span class='ocrx_word' id='word_1_576' title='bbox 2196 3746 2368 3815; x_wconf 86' lang='lat' dir='ltr'><strong>possit</strong></span> <span class='ocrx_word' id='word_1_577' title='bbox 2414 3761 2509 3816; x_wconf 88' lang='lat' dir='ltr'><strong>per</strong></span> <span class='ocrx_word' id='word_1_578' title='bbox 2541 3747 2714 3815; x_wconf 90' lang='lat' dir='ltr'><strong>ipsum</strong></span> <span class='ocrx_word' id='word_1_579' title='bbox 2747 3743 3058 3811; x_wconf 79' lang='lat' dir='ltr'><strong>extrahere,</strong></span> <span class='ocrx_word' id='word_1_580' title='bbox 3091 3751 3147 3798; x_wconf 92' lang='lat' dir='ltr'><strong>et</strong></span> <span class='ocrx_word' id='word_1_581' title='bbox 3183 3743 3511 3798; x_wconf 91' lang='lat' dir='ltr'><strong>stamiueum</strong></span> 
     </span>
    </p>
   </div>
   <div class='ocr_carea' id='block_1_82' title="bbox 1934 3834 3513 3908">
    <p class='ocr_par' dir='ltr' id='par_1_82' title="bbox 1934 3834 3513 3908">
     <span class='ocr_line' id='line_1_82' title="bbox 1934 3834 3513 3908; baseline -0.003 -16"><span class='ocrx_word' id='word_1_582' title='bbox 1934 3853 2054 3892; x_wconf 89' lang='lat' dir='ltr'><strong>cum</strong></span> <span class='ocrx_word' id='word_1_583' title='bbox 2092 3839 2318 3893; x_wconf 78' lang='lat' dir='ltr'><strong>manicis</strong></span> <span class='ocrx_word' id='word_1_584' title='bbox 2347 3838 2494 3893; x_wconf 89' lang='lat' dir='ltr'><strong>circa</strong></span> <span class='ocrx_word' id='word_1_585' title='bbox 2524 3837 2803 3893; x_wconf 83' lang='lat' dir='ltr'><strong>femoralia</strong></span> <span class='ocrx_word' id='word_1_586' title='bbox 2845 3837 3010 3908; x_wconf 77' lang='lat' dir='ltr'><strong>ligare</strong></span> <span class='ocrx_word' id='word_1_587' title='bbox 3049 3835 3293 3906; x_wconf 88' lang='lat' dir='ltr'><strong>:accipit</strong></span> <span class='ocrx_word' id='word_1_588' title='bbox 3334 3834 3513 3906; x_wconf 83' lang='lat' dir='ltr'><strong>virga-</strong></span> 
     </span>
    </p>
   </div>
   <div class='ocr_carea' id='block_1_83' title="bbox 1933 3927 3513 3999">
    <p class='ocr_par' dir='ltr' id='par_1_83' title="bbox 1933 3927 3513 3999">
     <span class='ocr_line' id='line_1_83' title="bbox 1933 3927 3513 3999; baseline -0.003 -16"><span class='ocrx_word' id='word_1_589' title='bbox 1933 3944 2052 3984; x_wconf 88' lang='lat' dir='ltr'><strong>rum</strong></span> <span class='ocrx_word' id='word_1_590' title='bbox 2097 3929 2428 3999; x_wconf 89' lang='lat' dir='ltr'><strong>manipulum</strong></span> <span class='ocrx_word' id='word_1_591' title='bbox 2477 3945 2639 3984; x_wconf 90' lang='lat' dir='ltr'><strong>manu</strong></span> <span class='ocrx_word' id='word_1_592' title='bbox 2688 3929 2904 3994; x_wconf 77' lang='lat' dir='ltr'><strong>dextra,</strong></span> <span class='ocrx_word' id='word_1_593' title='bbox 2955 3936 3010 3984; x_wconf 87' lang='lat' dir='ltr'><strong>et</strong></span> <span class='ocrx_word' id='word_1_594' title='bbox 3058 3928 3112 3982; x_wconf 91' lang='lat' dir='ltr'><strong>in</strong></span> <span class='ocrx_word' id='word_1_595' title='bbox 3143 3927 3269 3982; x_wconf 71' lang='lat' dir='ltr'><strong>lzeva</strong></span> <span class='ocrx_word' id='word_1_596' title='bbox 3304 3927 3513 3982; x_wconf 87' lang='lat' dir='ltr'><strong>cuculla</strong></span> 
     </span>
    </p>
   </div>
   <div class='ocr_carea' id='block_1_84' title="bbox 1933 4020 3513 4095">
    <p class='ocr_par' dir='ltr' id='par_1_84' title="bbox 1933 4020 3513 4095">
     <span class='ocr_line' id='line_1_84' title="bbox 1933 4020 3513 4095; baseline -0.003 -16"><span class='ocrx_word' id='word_1_597' title='bbox 1933 4026 2142 4081; x_wconf 86' lang='lat' dir='ltr'><strong>decenti</strong></span> <span class='ocrx_word' id='word_1_598' title='bbox 2171 4024 2582 4095; x_wconf 86' lang='lat' dir='ltr'><strong>complicatione</strong></span> <span class='ocrx_word' id='word_1_599' title='bbox 2613 4026 2904 4094; x_wconf 84' lang='lat' dir='ltr'><strong>pendente,</strong></span> <span class='ocrx_word' id='word_1_600' title='bbox 2939 4039 3079 4078; x_wconf 88' lang='lat' dir='ltr'><strong>unus</strong></span> <span class='ocrx_word' id='word_1_601' title='bbox 3100 4036 3221 4077; x_wconf 92' lang='lat' dir='ltr'><strong>eum</strong></span> <span class='ocrx_word' id='word_1_602' title='bbox 3255 4020 3422 4076; x_wconf 90' lang='lat' dir='ltr'><strong>frater</strong></span> <span class='ocrx_word' id='word_1_603' title='bbox 3446 4021 3513 4075; x_wconf 93' lang='lat' dir='ltr'><strong>ad</strong></span> 
     </span>
    </p>
   </div>
   <div class='ocr_carea' id='block_1_85' title="bbox 1934 4112 3513 4179">
    <p class='ocr_par' dir='ltr' id='par_1_85' title="bbox 1934 4112 3513 4179">
     <span class='ocr_line' id='line_1_85' title="bbox 1934 4112 3513 4179; baseline -0.004 -8"><span class='ocrx_word' id='word_1_604' title='bbox 1934 4118 2038 4172; x_wconf 85' lang='lat' dir='ltr'><strong>hoc</strong></span> <span class='ocrx_word' id='word_1_605' title='bbox 2067 4117 2367 4173; x_wconf 88' lang='lat' dir='ltr'><strong>destinatus</strong></span> <span class='ocrx_word' id='word_1_606' title='bbox 2401 4116 2694 4171; x_wconf 85' lang='lat' dir='ltr'><strong>antecedit.</strong></span> <span class='ocrx_word' id='word_1_607' title='bbox 2728 4115 2803 4169; x_wconf 88' lang='lat' dir='ltr'><strong>lla</strong></span> <span class='ocrx_word' id='word_1_608' title='bbox 2831 4114 3052 4168; x_wconf 83' lang='lat' dir='ltr'><strong>veniens</strong></span> <span class='ocrx_word' id='word_1_609' title='bbox 3080 4112 3144 4166; x_wconf 89' lang='lat' dir='ltr'><strong>ad</strong></span> <span class='ocrx_word' id='word_1_610' title='bbox 3166 4118 3513 4179; x_wconf 83' lang='lat' dir='ltr'><strong>conspectum</strong></span> 
     </span>
    </p>
   </div>
   <div class='ocr_carea' id='block_1_86' title="bbox 1934 4201 3512 4276">
    <p class='ocr_par' dir='ltr' id='par_1_86' title="bbox 1934 4201 3512 4276">
     <span class='ocr_line' id='line_1_86' title="bbox 1934 4201 3512 4276; baseline -0.007 -12"><span class='ocrx_word' id='word_1_611' title='bbox 1934 4210 2114 4264; x_wconf 91' lang='lat' dir='ltr'><strong>donmi</strong></span> <span class='ocrx_word' id='word_1_612' title='bbox 2143 4209 2379 4271; x_wconf 83' lang='lat' dir='ltr'><strong>abbatis,</strong></span> <span class='ocrx_word' id='word_1_613' title='bbox 2407 4209 2576 4276; x_wconf 81' lang='lat' dir='ltr'><strong>virgis</strong></span> <span class='ocrx_word' id='word_1_614' title='bbox 2599 4207 2917 4275; x_wconf 88' lang='lat' dir='ltr'><strong>cucullaque</strong></span> <span class='ocrx_word' id='word_1_615' title='bbox 2948 4213 3071 4258; x_wconf 88' lang='lat' dir='ltr'><strong>ante</strong></span> <span class='ocrx_word' id='word_1_616' title='bbox 3096 4218 3154 4258; x_wconf 87' lang='lat' dir='ltr'><strong>se</strong></span> <span class='ocrx_word' id='word_1_617' title='bbox 3183 4201 3395 4270; x_wconf 88' lang='lat' dir='ltr'><strong>positis,</strong></span> <span class='ocrx_word' id='word_1_618' title='bbox 3420 4214 3512 4253; x_wconf 82' lang='lat' dir='ltr'><strong>ve-</strong></span> 
     </span>
    </p>
   </div>
   <div class='ocr_carea' id='block_1_87' title="bbox 1934 4295 3514 4371">
    <p class='ocr_par' dir='ltr' id='par_1_87' title="bbox 1934 4295 3514 4371">
     <span class='ocr_line' id='line_1_87' title="bbox 1934 4295 3514 4371; baseline -0.007 -15"><span class='ocrx_word' id='word_1_619' title='bbox 1934 4302 2076 4356; x_wconf 89' lang='lat' dir='ltr'><strong>niam</strong></span> <span class='ocrx_word' id='word_1_620' title='bbox 2114 4302 2270 4371; x_wconf 91' lang='lat' dir='ltr'><strong>petit.</strong></span> <span class='ocrx_word' id='word_1_621' title='bbox 2311 4300 2504 4355; x_wconf 68' lang='lat' dir='ltr'><strong>lassus</strong></span> <span class='ocrx_word' id='word_1_622' title='bbox 2552 4308 2606 4352; x_wconf 92' lang='grc' dir='ltr'><strong>ιιι</strong></span> <span class='ocrx_word' id='word_1_623' title='bbox 2651 4305 2856 4367; x_wconf 80' lang='lat' dir='ltr'><strong>surgat,</strong></span> <span class='ocrx_word' id='word_1_624' title='bbox 2915 4296 3067 4351; x_wconf 90' lang='lat' dir='ltr'><strong>sedet</strong></span> <span class='ocrx_word' id='word_1_625' title='bbox 3096 4295 3162 4348; x_wconf 92' lang='lat' dir='ltr'><strong>ad</strong></span> <span class='ocrx_word' id='word_1_626' title='bbox 3211 4302 3433 4354; x_wconf 80' lang='lat' dir='ltr'><strong>terram,</strong></span> <span class='ocrx_word' id='word_1_627' title='bbox 3456 4299 3514 4345; x_wconf 86' lang='lat' dir='ltr'><strong>et</strong></span> 
     </span>
    </p>
   </div>
   <div class='ocr_carea' id='block_1_88' title="bbox 1934 4385 3511 4461">
    <p class='ocr_par' dir='ltr' id='par_1_88' title="bbox 1934 4385 3511 4461">
     <span class='ocr_line' id='line_1_88' title="bbox 1934 4385 3511 4461; baseline -0.007 -15"><span class='ocrx_word' id='word_1_628' title='bbox 1934 4392 2204 4446; x_wconf 80' lang='lat' dir='ltr'><strong>cecullam</strong></span> <span class='ocrx_word' id='word_1_629' title='bbox 2251 4405 2412 4461; x_wconf 90' lang='lat' dir='ltr'><strong>super</strong></span> <span class='ocrx_word' id='word_1_630' title='bbox 2457 4404 2628 4460; x_wconf 85' lang='lat' dir='ltr'><strong>genua</strong></span> <span class='ocrx_word' id='word_1_631' title='bbox 2662 4387 2834 4458; x_wconf 89' lang='lat' dir='ltr'><strong>ponit.</strong></span> <span class='ocrx_word' id='word_1_632' title='bbox 2869 4385 3219 4447; x_wconf 77' lang='lat' dir='ltr'><strong>Verberatur,</strong></span> <span class='ocrx_word' id='word_1_633' title='bbox 3251 4390 3511 4451; x_wconf 88' lang='lat' dir='ltr'><strong>quantum</strong></span> 
     </span>
    </p>
   </div>
   <div class='ocr_carea' id='block_1_89' title="bbox 1935 4472 3514 4544">
    <p class='ocr_par' dir='ltr' id='par_1_89' title="bbox 1935 4472 3514 4544">
     <span class='ocr_line' id='line_1_89' title="bbox 1935 4472 3514 4544; baseline -0.006 -9"><span class='ocrx_word' id='word_1_634' title='bbox 1935 4480 2098 4535; x_wconf 90' lang='lat' dir='ltr'><strong>fuerit</strong></span> <span class='ocrx_word' id='word_1_635' title='bbox 2119 4481 2292 4535; x_wconf 89' lang='lat' dir='ltr'><strong>visum</strong></span> <span class='ocrx_word' id='word_1_636' title='bbox 2317 4481 2516 4534; x_wconf 92' lang='lat' dir='ltr'><strong>domno</strong></span> <span class='ocrx_word' id='word_1_637' title='bbox 2545 4477 2744 4533; x_wconf 89' lang='lat' dir='ltr'><strong>abbati.</strong></span> <span class='ocrx_word' id='word_1_638' title='bbox 2770 4477 2898 4531; x_wconf 88' lang='lat' dir='ltr'><strong>Post</strong></span> <span class='ocrx_word' id='word_1_639' title='bbox 2919 4477 3033 4530; x_wconf 58' lang='lat' dir='ltr'><strong>haec</strong></span> <span class='ocrx_word' id='word_1_640' title='bbox 3049 4474 3201 4544; x_wconf 87' lang='lat' dir='ltr'><strong>jubet</strong></span> <span class='ocrx_word' id='word_1_641' title='bbox 3223 4488 3342 4527; x_wconf 90' lang='lat' dir='ltr'><strong>eum</strong></span> <span class='ocrx_word' id='word_1_642' title='bbox 3364 4472 3514 4526; x_wconf 78' lang='lat' dir='ltr'><strong>exire</strong></span> 
     </span>
    </p>
   </div>
   <div class='ocr_carea' id='block_1_90' title="bbox 251 4553 1822 4639">
    <p class='ocr_par' dir='ltr' id='par_1_90' title="bbox 251 4553 1822 4625">
     <span class='ocr_line' id='line_1_90' title="bbox 251 4553 1822 4625; baseline 0.006 -21"><span class='ocrx_word' id='word_1_643' title='bbox 251 4553 315 4605; x_wconf 89' lang='lat' dir='ltr'><strong>ad</strong></span> <span class='ocrx_word' id='word_1_644' title='bbox 359 4564 611 4608; x_wconf 88' lang='lat' dir='ltr'><strong>octavum</strong></span> <span class='ocrx_word' id='word_1_645' title='bbox 648 4557 1050 4625; x_wconf 82' lang='lat' dir='ltr'><strong>responsoriutn</strong></span> <span class='ocrx_word' id='word_1_646' title='bbox 1085 4566 1320 4623; x_wconf 89' lang='lat' dir='ltr'><strong>notetur,</strong></span> <span class='ocrx_word' id='word_1_647' title='bbox 1367 4567 1422 4613; x_wconf 88' lang='lat' dir='ltr'><strong>et</strong></span> <span class='ocrx_word' id='word_1_648' title='bbox 1471 4559 1537 4613; x_wconf 89' lang='lat' dir='ltr'><strong>ad</strong></span> <span class='ocrx_word' id='word_1_649' title='bbox 1578 4559 1822 4614; x_wconf 85' lang='lat' dir='ltr'><strong>duodeci-</strong></span> 
     </span>
    </p>
   </div>
   <div class='ocr_carea' id='block_1_91' title="bbox 1924 4553 3512 4639">
    <p class='ocr_par' dir='ltr' id='par_1_91' title="bbox 1938 4562 3512 4635">
     <span class='ocr_line' id='line_1_91' title="bbox 1938 4562 3512 4635; baseline -0.008 -10"><span class='ocrx_word' id='word_1_650' title='bbox 1938 4571 2006 4625; x_wconf 92' lang='lat' dir='ltr'><strong>ad</strong></span> <span class='ocrx_word' id='word_1_651' title='bbox 2054 4571 2412 4634; x_wconf 85' lang='lat' dir='ltr'><strong>induendum;</strong></span> <span class='ocrx_word' id='word_1_652' title='bbox 2459 4568 2672 4624; x_wconf 88' lang='lat' dir='ltr'><strong>rediens</strong></span> <span class='ocrx_word' id='word_1_653' title='bbox 2717 4567 2912 4621; x_wconf 82' lang='lat' dir='ltr'><strong>iterant</strong></span> <span class='ocrx_word' id='word_1_654' title='bbox 2942 4580 3000 4620; x_wconf 88' lang='lat' dir='ltr'><strong>se</strong></span> <span class='ocrx_word' id='word_1_655' title='bbox 3032 4562 3342 4635; x_wconf 87' lang='lat' dir='ltr'><strong>prosternit.</strong></span> <span class='ocrx_word' id='word_1_656' title='bbox 3376 4562 3512 4615; x_wconf 83' lang='lat' dir='ltr'><strong>Cum</strong></span> 
     </span>
    </p>
   </div>
   <div class='ocr_carea' id='block_1_92' title="bbox 221 4646 1829 4719">
    <p class='ocr_par' dir='ltr' id='par_1_92' title="bbox 221 4646 1829 4719">
     <span class='ocr_line' id='line_1_92' title="bbox 221 4646 1829 4719; baseline 0.004 -21"><span class='ocrx_word' id='word_1_657' title='bbox 221 4661 394 4699; x_wconf 89' lang='lat' dir='ltr'><strong>.mam</strong></span> <span class='ocrx_word' id='word_1_658' title='bbox 449 4646 762 4714; x_wconf 89' lang='lat' dir='ltr'><strong>lectionem,</strong></span> <span class='ocrx_word' id='word_1_659' title='bbox 808 4649 876 4703; x_wconf 91' lang='lat' dir='ltr'><strong>ad</strong></span> <span class='ocrx_word' id='word_1_660' title='bbox 926 4665 1084 4719; x_wconf 91' lang='lat' dir='ltr'><strong>quam</strong></span> <span class='ocrx_word' id='word_1_661' title='bbox 1126 4650 1395 4705; x_wconf 90' lang='lat' dir='ltr'><strong>incedenti</strong></span> <span class='ocrx_word' id='word_1_662' title='bbox 1451 4660 1506 4705; x_wconf 90' lang='lat' dir='ltr'><strong>et</strong></span> <span class='ocrx_word' id='word_1_663' title='bbox 1556 4650 1829 4705; x_wconf 87' lang='lat' dir='ltr'><strong>recedenti</strong></span> 
     </span>
    </p>
   </div>
   <div class='ocr_carea' id='block_1_93' title="bbox 255 4738 1828 4810">
    <p class='ocr_par' dir='ltr' id='par_1_93' title="bbox 255 4738 1828 4810">
     <span class='ocr_line' id='line_1_93' title="bbox 255 4738 1828 4810; baseline 0.004 -21"><span class='ocrx_word' id='word_1_664' title='bbox 255 4738 492 4793; x_wconf 87' lang='lat' dir='ltr'><strong>uuiversi</strong></span> <span class='ocrx_word' id='word_1_665' title='bbox 524 4749 842 4810; x_wconf 88' lang='lat' dir='ltr'><strong>assurgunt,</strong></span> <span class='ocrx_word' id='word_1_666' title='bbox 873 4755 1181 4810; x_wconf 87' lang='lat' dir='ltr'><strong>quanquam</strong></span> <span class='ocrx_word' id='word_1_667' title='bbox 1220 4751 1345 4795; x_wconf 87' lang='lat' dir='ltr'><strong>ante</strong></span> <span class='ocrx_word' id='word_1_668' title='bbox 1383 4740 1547 4796; x_wconf 85' lang='lat' dir='ltr'><strong>faciat</strong></span> <span class='ocrx_word' id='word_1_669' title='bbox 1582 4751 1634 4796; x_wconf 91' lang='lat' dir='ltr'><strong>et</strong></span> <span class='ocrx_word' id='word_1_670' title='bbox 1661 4750 1828 4808; x_wconf 88' lang='lat' dir='ltr'><strong>retro,</strong></span> 
     </span>
    </p>
   </div>
   <div class='ocr_carea' id='block_1_94' title="bbox 255 4832 1832 4906">
    <p class='ocr_par' dir='ltr' id='par_1_94' title="bbox 255 4832 1832 4906">
     <span class='ocr_line' id='line_1_94' title="bbox 255 4832 1832 4906; baseline 0.006 -24"><span class='ocrx_word' id='word_1_671' title='bbox 255 4832 451 4884; x_wconf 90' lang='lat' dir='ltr'><strong>nonad</strong></span> <span class='ocrx_word' id='word_1_672' title='bbox 475 4833 725 4902; x_wconf 89' lang='lat' dir='ltr'><strong>gradum,</strong></span> <span class='ocrx_word' id='word_1_673' title='bbox 752 4842 809 4887; x_wconf 91' lang='lat' dir='ltr'><strong>ut</strong></span> <span class='ocrx_word' id='word_1_674' title='bbox 837 4834 950 4900; x_wconf 91' lang='lat' dir='ltr'><strong>alii,</strong></span> <span class='ocrx_word' id='word_1_675' title='bbox 985 4835 1076 4890; x_wconf 91' lang='lat' dir='ltr'><strong>sed</strong></span> <span class='ocrx_word' id='word_1_676' title='bbox 1109 4850 1274 4906; x_wconf 91' lang='lat' dir='ltr'><strong>prope</strong></span> <span class='ocrx_word' id='word_1_677' title='bbox 1295 4836 1476 4891; x_wconf 91' lang='lat' dir='ltr'><strong>sedem</strong></span> <span class='ocrx_word' id='word_1_678' title='bbox 1507 4852 1684 4904; x_wconf 89' lang='lat' dir='ltr'><strong>suam,</strong></span> <span class='ocrx_word' id='word_1_679' title='bbox 1719 4852 1832 4892; x_wconf 86' lang='lat' dir='ltr'><strong>me-</strong></span> 
     </span>
    </p>
   </div>
   <div class='ocr_carea' id='block_1_95' title="bbox 254 4922 1833 5000">
    <p class='ocr_par' dir='ltr' id='par_1_95' title="bbox 254 4922 1833 5000">
     <span class='ocr_line' id='line_1_95' title="bbox 254 4922 1833 5000; baseline 0.006 -26"><span class='ocrx_word' id='word_1_680' title='bbox 254 4922 340 4976; x_wconf 92' lang='lat' dir='ltr'><strong>dio</strong></span> <span class='ocrx_word' id='word_1_681' title='bbox 381 4931 558 4978; x_wconf 85' lang='lat' dir='ltr'><strong>tamen</strong></span> <span class='ocrx_word' id='word_1_682' title='bbox 592 4925 780 4990; x_wconf 89' lang='lat' dir='ltr'><strong>choro,</strong></span> <span class='ocrx_word' id='word_1_683' title='bbox 823 4942 890 4980; x_wconf 91' lang='lat' dir='ltr'><strong>ue</strong></span> <span class='ocrx_word' id='word_1_684' title='bbox 917 4927 1118 4983; x_wconf 88' lang='lat' dir='ltr'><strong>diutius</strong></span> <span class='ocrx_word' id='word_1_685' title='bbox 1155 4939 1302 4981; x_wconf 88' lang='lat' dir='ltr'><strong>stare</strong></span> <span class='ocrx_word' id='word_1_686' title='bbox 1329 4928 1560 4984; x_wconf 88' lang='lat' dir='ltr'><strong>debeant</strong></span> <span class='ocrx_word' id='word_1_687' title='bbox 1608 4938 1833 5000; x_wconf 90' lang='lat' dir='ltr'><strong>propter</strong></span> 
     </span>
    </p>
   </div>
   <div class='ocr_carea' id='block_1_96' title="bbox 257 5011 1830 5086">
    <p class='ocr_par' dir='ltr' id='par_1_96' title="bbox 257 5011 1830 5086">
     <span class='ocr_line' id='line_1_96' title="bbox 257 5011 1830 5086; baseline 0.008 -22"><span class='ocrx_word' id='word_1_688' title='bbox 257 5011 423 5066; x_wconf 82' lang='lat' dir='ltr'><strong>illum.</strong></span> <span class='ocrx_word' id='word_1_689' title='bbox 471 5015 700 5086; x_wconf 84' lang='lat' dir='ltr'><strong>Propter</strong></span> <span class='ocrx_word' id='word_1_690' title='bbox 737 5018 879 5084; x_wconf 91' lang='lat' dir='ltr'><strong>quod</strong></span> <span class='ocrx_word' id='word_1_691' title='bbox 910 5019 1076 5073; x_wconf 89' lang='lat' dir='ltr'><strong>etiam</strong></span> <span class='ocrx_word' id='word_1_692' title='bbox 1129 5019 1278 5073; x_wconf 84' lang='lat' dir='ltr'><strong>finita</strong></span> <span class='ocrx_word' id='word_1_693' title='bbox 1331 5019 1562 5078; x_wconf 89' lang='lat' dir='ltr'><strong>lectione</strong></span> <span class='ocrx_word' id='word_1_694' title='bbox 1615 5038 1830 5078; x_wconf 89' lang='lat' dir='ltr'><strong>sursum</strong></span> 
     </span>
    </p>
   </div>
   <div class='ocr_carea' id='block_1_97' title="bbox 257 5101 1834 5178">
    <p class='ocr_par' dir='ltr' id='par_1_97' title="bbox 257 5101 1834 5178">
     <span class='ocr_line' id='line_1_97' title="bbox 257 5101 1834 5178; baseline 0.007 -21"><span class='ocrx_word' id='word_1_695' title='bbox 257 5101 369 5170; x_wconf 83' lang='lat' dir='ltr'><strong>ipse</strong></span> <span class='ocrx_word' id='word_1_696' title='bbox 391 5117 656 5168; x_wconf 88' lang='lat' dir='ltr'><strong>moratur,</strong></span> <span class='ocrx_word' id='word_1_697' title='bbox 700 5121 768 5160; x_wconf 90' lang='lat' dir='ltr'><strong>ne</strong></span> <span class='ocrx_word' id='word_1_698' title='bbox 795 5106 1107 5172; x_wconf 86' lang='lat' dir='ltr'><strong>descendat,</strong></span> <span class='ocrx_word' id='word_1_699' title='bbox 1146 5124 1317 5178; x_wconf 89' lang='lat' dir='ltr'><strong>usque</strong></span> <span class='ocrx_word' id='word_1_700' title='bbox 1343 5111 1470 5171; x_wconf 84' lang='lat' dir='ltr'><strong>dum</strong></span> <span class='ocrx_word' id='word_1_701' title='bbox 1497 5114 1834 5168; x_wconf 79' lang='lat' dir='ltr'><strong>surrexerint</strong></span> 
     </span>
    </p>
   </div>
   <div class='ocr_carea' id='block_1_98' title="bbox 258 5191 1550 5236">
    <p class='ocr_par' dir='ltr' id='par_1_98' title="bbox 258 5191 1550 5236">
     <span class='ocr_line' id='line_1_98' title="bbox 258 5191 1550 5236; baseline 0 0"><span class='ocrx_word' id='word_1_702' title='bbox 258 5193 322 5236; x_wconf 81' lang='lat' dir='ltr'><strong>ml</strong></span> <span class='ocrx_word' id='word_1_703' title='bbox 351 5191 527 5236; x_wconf 64' lang='lat' dir='ltr'><strong>Clm‘in</strong></span> <span class='ocrx_word' id='word_1_704' title='bbox 566 5195 721 5236; x_wconf 74' lang='lat' dir='ltr'><strong>putri</strong></span> <span class='ocrx_word' id='word_1_705' title='bbox 769 5201 1094 5236; x_wconf 61' lang='lat' dir='ltr'><strong>ramum-venri:</strong></span> <span class='ocrx_word' id='word_1_706' title='bbox 1129 5202 1330 5236; x_wconf 72' lang='lat' dir='ltr'><strong>nnc-ml:</strong></span> <span class='ocrx_word' id='word_1_707' title='bbox 1394 5201 1449 5236; x_wconf 56' lang='grc' dir='ltr'><strong>ξς</strong></span> <span class='ocrx_word' id='word_1_708' title='bbox 1481 5220 1550 5236; x_wconf 79' lang='grc' dir='ltr'><strong>,ιη</strong></span> 
     </span>
    </p>
   </div>
   <div class='ocr_carea' id='block_1_99' title="bbox 1558 5206 1801 5236">
    <p class='ocr_par' dir='ltr' id='par_1_99' title="bbox 1558 5206 1801 5236">
     <span class='ocr_line' id='line_1_99' title="bbox 1558 5206 1801 5236; baseline 0 0"><span class='ocrx_word' id='word_1_709' title='bbox 1558 5206 1696 5236; x_wconf 72' lang='grc' dir='ltr'><strong>ιιΙΙΙΙΛ</strong></span> <span class='ocrx_word' id='word_1_710' title='bbox 1744 5222 1801 5236; x_wconf 58' lang='grc' dir='ltr'><strong>,Α</strong></span> 
     </span>
    </p>
   </div>
   <div class='ocr_carea' id='block_1_100' title="bbox 1934 4654 3506 4728">
    <p class='ocr_par' dir='ltr' id='par_1_100' title="bbox 1934 4654 3506 4728">
     <span class='ocr_line' id='line_1_100' title="bbox 1934 4654 3506 4728; baseline -0.006 -11"><span class='ocrx_word' id='word_1_711' title='bbox 1934 4663 2168 4718; x_wconf 89' lang='lat' dir='ltr'><strong>audierit</strong></span> <span class='ocrx_word' id='word_1_712' title='bbox 2196 4678 2225 4716; x_wconf 91' lang='lat' dir='ltr'><strong>a</strong></span> <span class='ocrx_word' id='word_1_713' title='bbox 2257 4663 2454 4717; x_wconf 90' lang='lat' dir='ltr'><strong>domno</strong></span> <span class='ocrx_word' id='word_1_714' title='bbox 2484 4661 2698 4728; x_wconf 84' lang='lat' dir='ltr'><strong>abbate,</strong></span> <span class='ocrx_word' id='word_1_715' title='bbox 2736 4659 2900 4724; x_wconf 90' lang='lat' dir='ltr'><strong>abite,</strong></span> <span class='ocrx_word' id='word_1_716' title='bbox 2936 4658 3180 4728; x_wconf 91' lang='lat' dir='ltr'><strong>protinus</strong></span> <span class='ocrx_word' id='word_1_717' title='bbox 3207 4663 3369 4726; x_wconf 89' lang='lat' dir='ltr'><strong>caput</strong></span> <span class='ocrx_word' id='word_1_718' title='bbox 3406 4654 3506 4708; x_wconf 86' lang='lat' dir='ltr'><strong>lle-</strong></span> 
     </span>
    </p>
   </div>
   <div class='ocr_carea' id='block_1_101' title="bbox 1934 4746 3514 4824">
    <p class='ocr_par' dir='ltr' id='par_1_101' title="bbox 1934 4746 3514 4824">
     <span class='ocr_line' id='line_1_101' title="bbox 1934 4746 3514 4824; baseline -0.008 -15"><span class='ocrx_word' id='word_1_719' title='bbox 1934 4755 2050 4812; x_wconf 89' lang='lat' dir='ltr'><strong>ctit.</strong></span> <span class='ocrx_word' id='word_1_720' title='bbox 2101 4753 2363 4824; x_wconf 84' lang='lat' dir='ltr'><strong>capellam</strong></span> <span class='ocrx_word' id='word_1_721' title='bbox 2406 4753 2599 4816; x_wconf 89' lang='lat' dir='ltr'><strong>induit,</strong></span> <span class='ocrx_word' id='word_1_722' title='bbox 2647 4750 2713 4805; x_wconf 90' lang='lat' dir='ltr'><strong>ad</strong></span> <span class='ocrx_word' id='word_1_723' title='bbox 2743 4750 3082 4818; x_wconf 87' lang='lat' dir='ltr'><strong>designatum</strong></span> <span class='ocrx_word' id='word_1_724' title='bbox 3112 4747 3310 4803; x_wconf 81' lang='lat' dir='ltr'><strong>talibus</strong></span> <span class='ocrx_word' id='word_1_725' title='bbox 3335 4746 3514 4800; x_wconf 75' lang='lat' dir='ltr'><strong>luerim</strong></span> 
     </span>
    </p>
   </div>
   <div class='ocr_carea' id='block_1_102' title="bbox 1937 4837 3517 4911">
    <p class='ocr_par' dir='ltr' id='par_1_102' title="bbox 1937 4837 3517 4911">
     <span class='ocr_line' id='line_1_102' title="bbox 1937 4837 3517 4911; baseline -0.007 -11"><span class='ocrx_word' id='word_1_726' title='bbox 1937 4848 2128 4911; x_wconf 90' lang='lat' dir='ltr'><strong>tendit,</strong></span> <span class='ocrx_word' id='word_1_727' title='bbox 2161 4847 2233 4902; x_wconf 91' lang='lat' dir='ltr'><strong>ibi</strong></span> <span class='ocrx_word' id='word_1_728' title='bbox 2267 4854 2468 4911; x_wconf 89' lang='lat' dir='ltr'><strong>manet,</strong></span> <span class='ocrx_word' id='word_1_729' title='bbox 2497 4844 2719 4906; x_wconf 91' lang='lat' dir='ltr'><strong>dormit,</strong></span> <span class='ocrx_word' id='word_1_730' title='bbox 2755 4843 3012 4906; x_wconf 87' lang='lat' dir='ltr'><strong>comedit,</strong></span> <span class='ocrx_word' id='word_1_731' title='bbox 3046 4841 3262 4911; x_wconf 86' lang='lat' dir='ltr'><strong>quando</strong></span> <span class='ocrx_word' id='word_1_732' title='bbox 3291 4849 3345 4894; x_wconf 89' lang='lat' dir='ltr'><strong>et</strong></span> <span class='ocrx_word' id='word_1_733' title='bbox 3373 4837 3517 4908; x_wconf 86' lang='lat' dir='ltr'><strong>quod</strong></span> 
     </span>
    </p>
   </div>
   <div class='ocr_carea' id='block_1_103' title="bbox 1936 4935 3519 5012">
    <p class='ocr_par' dir='ltr' id='par_1_103' title="bbox 1936 4935 3519 5012">
     <span class='ocr_line' id='line_1_103' title="bbox 1936 4935 3519 5012; baseline -0.008 -18"><span class='ocrx_word' id='word_1_734' title='bbox 1936 4939 2180 5012; x_wconf 79' lang='lat' dir='ltr'><strong>praecipit</strong></span> <span class='ocrx_word' id='word_1_735' title='bbox 2226 4939 2456 4992; x_wconf 87' lang='lat' dir='ltr'><strong>domnus</strong></span> <span class='ocrx_word' id='word_1_736' title='bbox 2512 4936 2698 4990; x_wconf 85' lang='lat' dir='ltr'><strong>abbas.</strong></span> <span class='ocrx_word' id='word_1_737' title='bbox 2757 4937 2840 4991; x_wconf 85' lang='lat' dir='ltr'><strong>Ad</strong></span> <span class='ocrx_word' id='word_1_738' title='bbox 2889 4948 3079 4990; x_wconf 89' lang='lat' dir='ltr'><strong>omnes</strong></span> <span class='ocrx_word' id='word_1_739' title='bbox 3135 4935 3296 4987; x_wconf 82' lang='lat' dir='ltr'><strong>lt‘oras</strong></span> <span class='ocrx_word' id='word_1_740' title='bbox 3333 4943 3519 5000; x_wconf 84' lang='lat' dir='ltr'><strong>prope</strong></span> 
     </span>
    </p>
   </div>
   <div class='ocr_carea' id='block_1_104' title="bbox 1934 5022 3521 5096">
    <p class='ocr_par' dir='ltr' id='par_1_104' title="bbox 1934 5022 3521 5096">
     <span class='ocr_line' id='line_1_104' title="bbox 1934 5022 3521 5096; baseline -0.012 -6"><span class='ocrx_word' id='word_1_741' title='bbox 1934 5034 2133 5090; x_wconf 90' lang='lat' dir='ltr'><strong>ostium</strong></span> <span class='ocrx_word' id='word_1_742' title='bbox 2158 5031 2404 5088; x_wconf 72' lang='lat' dir='ltr'><strong>ecclesia:</strong></span> <span class='ocrx_word' id='word_1_743' title='bbox 2435 5037 2542 5085; x_wconf 86' lang='lat' dir='ltr'><strong>stat</strong></span> <span class='ocrx_word' id='word_1_744' title='bbox 2565 5026 2886 5096; x_wconf 85' lang='lat' dir='ltr'><strong>capellatus,</strong></span> <span class='ocrx_word' id='word_1_745' title='bbox 2918 5029 3091 5083; x_wconf 87' lang='lat' dir='ltr'><strong>donec</strong></span> <span class='ocrx_word' id='word_1_746' title='bbox 3122 5024 3304 5095; x_wconf 83' lang='lat' dir='ltr'><strong>Kyrie,</strong></span> <span class='ocrx_word' id='word_1_747' title='bbox 3329 5022 3521 5078; x_wconf 84' lang='lat' dir='ltr'><strong>eleison</strong></span> 
     </span>
    </p>
   </div>
   <div class='ocr_carea' id='block_1_105' title="bbox 1937 5118 3523 5194">
    <p class='ocr_par' dir='ltr' id='par_1_105' title="bbox 1937 5118 3523 5194">
     <span class='ocr_line' id='line_1_105' title="bbox 1937 5118 3523 5194; baseline -0.006 -13"><span class='ocrx_word' id='word_1_748' title='bbox 1937 5125 2127 5194; x_wconf 81' lang='lat' dir='ltr'><strong>incipit</strong></span> <span class='ocrx_word' id='word_1_749' title='bbox 2156 5133 2479 5187; x_wconf 88' lang='lat' dir='ltr'><strong>conventus;</strong></span> <span class='ocrx_word' id='word_1_750' title='bbox 2512 5128 2640 5174; x_wconf 91' lang='lat' dir='ltr'><strong>tunc</strong></span> <span class='ocrx_word' id='word_1_751' title='bbox 2666 5123 2879 5188; x_wconf 89' lang='lat' dir='ltr'><strong>capello</strong></span> <span class='ocrx_word' id='word_1_752' title='bbox 2900 5123 3192 5182; x_wconf 85' lang='lat' dir='ltr'><strong>abstracto,</strong></span> <span class='ocrx_word' id='word_1_753' title='bbox 3222 5118 3338 5173; x_wconf 93' lang='lat' dir='ltr'><strong>solo</strong></span> <span class='ocrx_word' id='word_1_754' title='bbox 3366 5123 3523 5170; x_wconf 87' lang='lat' dir='ltr'><strong>tenus</strong></span> 
     </span>
    </p>
   </div>
   <div class='ocr_carea' id='block_1_106' title="bbox 2494 5205 3497 5236">
    <p class='ocr_par' dir='ltr' id='par_1_106' title="bbox 2494 5205 3497 5236">
     <span class='ocr_line' id='line_1_106' title="bbox 2494 5205 3497 5236; baseline 0 0"><span class='ocrx_word' id='word_1_755' title='bbox 2494 5225 2546 5236; x_wconf 70' lang='grc' dir='ltr'><strong>..Α</strong></span> <span class='ocrx_word' id='word_1_756' title='bbox 2574 5210 2712 5236; x_wconf 71' lang='grc' dir='ltr'><strong>ΙΑυσιο</strong></span> <span class='ocrx_word' id='word_1_757' title='bbox 2749 5227 2919 5236; x_wconf 65' lang='grc'><strong>..-..--..</strong></span> <span class='ocrx_word' id='word_1_758' title='bbox 2950 5213 3069 5236; x_wconf 55' lang='lat' dir='ltr'><strong>JH--.</strong></span> <span class='ocrx_word' id='word_1_759' title='bbox 3097 5211 3224 5236; x_wconf 64' lang='grc' dir='ltr'><strong>ιαμ...-</strong></span> <span class='ocrx_word' id='word_1_760' title='bbox 3255 5210 3323 5236; x_wconf 62' lang='grc' dir='ltr'><strong>σιζο</strong></span> <span class='ocrx_word' id='word_1_761' title='bbox 3351 5205 3497 5236; x_wconf 66' lang='grc' dir='ltr'><strong>ηιιῖοιὶ</strong></span> 
     </span>
    </p>
   </div>
   <div class='ocr_carea' id='block_1_107' title="bbox 2826 5213 3069 5236">
    <p class='ocr_par' dir='ltr' id='par_1_107' title="bbox 2826 5213 3069 5236">
     <span class='ocr_line' id='line_1_107' title="bbox 2826 5213 3069 5236; baseline 0 0"><span class='ocrx_word' id='word_1_762' title='bbox 2826 5230 2885 5236; x_wconf 80' lang='grc'><strong>..--</strong></span> <span class='ocrx_word' id='word_1_763' title='bbox 2900 5230 2919 5236; x_wconf 57' lang='grc' dir='ltr'><strong>ι</strong></span> <span class='ocrx_word' id='word_1_764' title='bbox 2950 5213 3069 5236; x_wconf 63' lang='grc' dir='ltr'><strong>Λα--.</strong></span> 
     </span>
    </p>
   </div>
   <div class='ocr_carea' id='block_1_108' title="bbox 2215 5221 2470 5236">
    <p class='ocr_par' dir='ltr' id='par_1_108' title="bbox 2215 5221 2470 5236">
     <span class='ocr_line' id='line_1_108' title="bbox 2215 5221 2470 5236; baseline 0 0"><span class='ocrx_word' id='word_1_765' title='bbox 2215 5221 2317 5236; x_wconf 65' lang='grc' dir='ltr'><strong>...υ-ἱ.</strong></span> <span class='ocrx_word' id='word_1_766' title='bbox 2373 5227 2470 5236; x_wconf 57' lang='grc' dir='ltr'><strong>..ΛΑ</strong></span> 
     </span>
    </p>
   </div>
  </div>
