4040 5298
529 369 651 432 3135

1505 435 1512 441 .
1557 433 1568 447 ,
1623 384 2483 444 UDJLRICI'CLUNIACENSIS
2519 386 2826 457 ’ΜΟΝΑΕΗΙ

3712 386 3813 444 756

529 491 781 548 domnus
807 492 976 550 abbas
1002 495 1142 559 facit"
1168 497 1377 567 aliquos
1408 500 1653 557 seniores
1697 502 1766 556 ad
1808 516 1932 558 eum
1972 517 2126 557 acce-
2155 510 2204 566 Α
2235 501 2494 572 injuncta.
2529 502 2639 558 Nec
2681 504 2884 560 recedit
2913 502 3040 560 inde
3071 517 3352 574 usqucqao
3377 503 3538 559 missa
3571 502 3810 558 finiatur.

525 582 689 640 ~dere
709 585 800 654 qui
823 600 946 640 eum
969 588 1348 657 exborteutur,
1374 603 1434 647 ut
1462 594 1723 663 quidquid
1754 595 1803 650 ei
1835 598 2128 653 correctio-

526 674 638 732 .nis
660 678 1210 748 temporaliter'fuerit
1235 684 1552 755 irrogatam,
1585 695 1759 743 totum
1791 688 1984 744 habeat
2010 703 2130 760 gra-

524 773 685 830 -tnm,
707 777 769 822 ut
792 770 986 826 divina:
1011 774 1203 842 gratiae
1225 777 1768 844 possitreconeiliari.
1795 778 1930 835 Cum
1955 781 2129 835 visum

527 858 735 924 Ifnerit.
767 866 1063 920 concordat
1099 868 1264 923 etiam
1295 884 1418 924 eum
1456 871 1659 926 eisdem
1692 873 2018 939 senioribus,
2070 884 2128 930 ut

528 961 648 1019 iptio
670 960 784 1015 reo.
805 964 859 1009 ct
884 971 982 1024 pro
1001 957 1119 1027 ejus
1149 959 1543 1020 absolutionem
1576 968 1628 1020 in
1655 966 1890 1036 capitulo
1917 973 2127 1024 veniam

529 1048 750 1112 ,petant,
780 1046 1090 1102 maximesi
1121 1064 1244 1105 vere
1270 1061 1398 1108 sunt
1437 1057 1668 1124 experti,
1706 1067 1760 1111 et
1791 1058 1972 1114 testari
2004 1075 2130 1128 pos-

523 1140 673 1188 .sunt
704 1135 847 1202 quod
879 1152 976 1205 pro
1023 1149 1174 1198 reatu
1203 1158 1304 1202 suo
1335 1144 1584 1215 spiritum
1621 1147 1819 1206 habeat
1841 1151 2126 1208 contriba-

522 1220 736 1288 ,~latum,
777 1243 872 1280 cor
900 1225 1192 1290 contritum
1229 1243 1286 1290 et
1331 1235 1674 1294 hamiliatum
1707 1255 1722 1292 :
1753 1241 1943 1298 annuit
1981 1258 2126 1296 cont-

524 1315 692 1372 ,ιιιυηὶ
729 1315 953 1381 fratrum
985 1337 1233 1390 assensu,
1255 1334 1319 1382 ut
1347 1325 1516 1384 faciat
1535 1344 1665 1391 cum
1695 1330 1786 1391 illo
1817 1332 2126 1390 miscricor-

523 1405 712 1473 .dia:n,
737 1418 791 1464 et
815 1411 980 1472 mittit
1017 1429 1114 1484 pro
1138 1433 1223 1473 eo.
1270 1416 1450 1475 Nudat
1490 1436 1551 1478 se
1587 1423 1778 1478 eodem
1828 1424 1989 1485 modo
2013 1441 2124 1495 quo

529 1498 932 1567 .prias,et.cum
960 1508 1181 1568 veniens
1211 1511 1565 1582 vapulaverit,
1602 1514 1801 1570 domno
1828 1517 2126 1586 abbateju-

527 1589 707 1654 rbeate
748 1593 925 1656 induit
962 1613 1022 1654 se
1057 1603 1292 1659 caeolla.
1333 1604 1416 1662 Ad
1453 1605 1610 1675 cujus
1639 1609 1823 1676 pedes,
1865 1618 1922 1664 et
1963 1611 2128 1680 pedes

541 1681 923 1742 universorum
967 1703 996 1744 a
1025 1692 1263 1751 maximo
1291 1709 1464 1766 usque
1496 1697 1565 1752 ad
1595 1698 1875 1754 minimum
1907 1702 2125 1771 provol-

529 1773 696 1830 .vitur
715 1776 1046 1848 singulatim.
1073 1781 1274 1842 lterato
1300 1787 1435 1856 petit
1455 1788 1695 1854 veniam,
1723 1789 1947 1860 jabetur
1973 1793 2126 1846 exire

2221 592 2386 659 Quod
2428 595 2472 650 si
2521 595 2643 665 quis
2697 595 3032 663 inobedlens,
3061 605 3120 650 et
3161 595 3377 651 rebellis
3420 595 3604 666 aliquo
3653 593 3816 649 modo‘

2222 686 2418 752 fuerit,
2471 687 2691 754 fratres,
2716 703 2779 742 ex
2811 703 2984 753 more,
3024 703 3128 743 non
3158 696 3479 759 exspectant
3523 695 3580 742 ut
3623 686 3811 757 praeei-

2230 778 2412 848 piatur
2462 768 2902 850 comprelteadi;
2945 779 3038 833 sed
3091 779 3190 848 ipsi
3235 779 3492 847 continuo
3543 778 3812 834 irruentes

2223 873 2713 942 comprehendunt,
2761 881 2818 927 et
2862 887 2985 928 cum
3033 869 3199 928 fuerit
3237 869 3688 940 cetnpt'eltensus,
3731 867 3810 921 fa-

2227 967 2378 1019 ciant
2404 967 2545 1034 quod
2573 964 2744 1020 visum
2775 963 2966 1029 fuerit,
2997 963 3272 1020 mittentes
3301 977 3426 1017 eam
3456 961 3509 1016 in
3535 973 3810 1028 carcerem

2221 1057 2312 1116 -.vel
2347 1057 2400 1113 in
2449 1059 2636 1129 bogas.
2681 1057 2884 1122 Carcer
2929 1066 3015 1115 est
3055 1057 3178 1113 talis
3226 1057 3281 1111 in
3323 1069 3486 1126 quem
3511 1069 3635 1122 cum
3666 1053 3811 1110 scala

2230 1147 2596 1214 descenditur,
2645 1163 2748 1205 nec
2781 1149 3087 1211 eatenditur
3116 1148 3340 1212 ostium,
3385 1161 3486 1202 nec
3515 1146 3811 1204 fenestram

2213 1238 2416 1314 .babet.
2465 1239 2539 1296 De
2590 1240 2743 1310 bogis
2785 1255 3002 1311 quoque
3057 1248 3185 1302 sunt
3235 1239 3482 1311 quzedam
3537 1238 3768 1294 leviores
3793 1276 3809 1302 ,

2227 1332 2474 1401 quaedam
2501 1332 2803 1404 graviores,
2843 1334 2918 1390 ita
2963 1343 3024 1394 ut
3069 1332 3312 1397 inclusus
3337 1347 3440 1388 nec
3471 1331 3524 1386 in
3552 1330 3813 1388 dormito-

2229 1425 2370 1480 rium
2418 1426 2716 1484 ascendere
2771 1426 2964 1497 possit,
3015 1437 3072 1481 et
3113 1435 3246 1488 tunc
3292 1424 3430 1480 alias
3468 1424 3522 1479 in
3564 1423 3813 1480 custodia

2228 1514 2448 1570 dormit.
2493 1515 2648 1583 Quod
2685 1516 2729 1572 si
2762 1516 2877 1587 ipse
2903 1517 2994 1587 qui
3024 1527 3107 1572 est
3136 1515 3467 1580 inobediens,
3503 1513 3814 1571 inobedien-

2229 1604 2358 1660 tiam
2385 1621 2538 1663 suam
2572 1606 2705 1662 foris
2725 1607 3033 1678 Capitulum
3069 1607 3250 1677 aliqua
3286 1608 3443 1662 modo
3474 1613 3815 1663 monstrave-

2231 1695 2332 1759 rit,
2364 1697 2550 1762 statim
2595 1698 2779 1753 tabula
2822 1699 3144 1769 percutitur,
3179 1707 3237 1754 ut
3266 1697 3321 1754 in
3349 1697 3649 1768 capitulum
3687 1710 3817 1762 con.

2217 1787 2500 1843 veniatur.
2545 1787 2729 1843 Potuit
2770 1801 2827 1844 et
2875 1790 2980 1845 tale
3023 1789 3152 1859 quid
3184 1797 3293 1843 tam
3326 1794 3816 1859 pra'sumptaosum

523 1863 613 1920 .ad
656 1880 716 1922 se
757 1867 1116 1942 induendum;
1157 1875 1381 1936 indutus
1407 1889 1467 1941 et
1489 1894 1740 1938 reversus
1763 1882 1940 1939 adhuc
1959 1884 2123 1942 etiam
2159 1860 2198 1918 Β
2231 1876 2283 1930 iu
2316 1879 2602 1946 praesentia
2650 1877 2793 1949 loqui
2845 1878 3028 1934 domiti
3077 1878 3310 1943 abbatis,
3363 1877 3442 1934 vel
3489 1877 3710 1948 ννίοτίεο
3758 1886 3816 1932 ui

526 1956 700 2026 ,petit.
723 1957 956 2027 labetur
983 1974 1043 2021 ut
1067 1967 1288 2026 ultimus
1319 1972 1536 2037 sedeat,
1571 1973 1792 2030 ultimus
1811 1974 1882 2032 sit
1903 1985 2129 2032 cuncto-

529 2064 666 2106 .rum
717 2053 774 2109 in
819 2059 967 2113 omni
1009 2058 1144 2118 loco.
1177 2063 1398 2120 Interim
1449 2082 1552 2120 non
1597 2067 1981 2131 communicat,
2014 2085 2122 2124 non

526 2140 692 2205 ,venit
721 2144 790 2200 ad
822 2161 1035 2216 pacem,
1087 2167 1192 2207 non
1219 2154 1498 2212 osculatur
1525 2163 1732 2212 textum
1766 2156 2038 2228 Evangelii
2072 2160 2126 2214 in

542 2234 804 2304 ecclesia;
837 2255 936 2298 nec
961 2245 1028 2298 ad
1062 2243 1372 2314 lectionem,
1414 2263 1517 2304 nec
1549 2248 1616 2304 ad
1644 2257 1890 2316 cantum,
1922 2260 1982 2306 ut
2009 2252 2124 2318 alii,

541 2339 792 2398 notatur;
824 2348 855 2388 a
874 2334 988 2394 sola
1015 2339 1274 2408 coquina,
1293 2348 1352 2394 ut
1373 2340 1426 2394 in
1455 2355 1518 2399 ea
1538 2341 1761 2403 serviat.
1789 2351 1845 2397 et
1875 2343 1942 2400 ad
1971 2361 2128 2400 man-

541 2420 729 2480 datum
769 2441 880 2483 non
917 2430 1254 2499 prohibetur.
1287 2432 1417 2490 Post
1455 2433 1698 2505 singulas
1745 2435 1907 2491 horas
1944 2437 2126 2494 finitas

520 2515 754 2574 .veniam
775 2518 850 2575 ita
875 2537 1040 2594 super
1059 2538 1233 2596 genua
1263 2528 1415 2595 petit,
1443 2543 1542 2584 nec
1568 2535 1747 2584 tamen
1779 2539 2003 2602 propter
2023 2531 2127 2588 hoc

525 2623 843 2669 conversus
883 2616 950 2670 ad
985 2616 1177 2673 altare.
1211 2617 1268 2674 Si
1300 2623 1517 2691 quando
1544 2621 1741 2676 fratres
1770 2623 2006 2678 universi
2044 2625 2122 2678 al-

520 2700 981 2773 -bisqvestiuntar
1037 2719 1260 2781 propter
1296 2712 1548 2782 .aliquam
1603 2712 1982 2781 festivitatem,
2043 2717 2124 2770 wl

524 2793 706 2862 setiam
731 2801 1160 2869 processioaem,
1193 2811 1319 2858 tunc
1348 2814 1402 2858 et
1424 2807 1536 2876 ipse
1557 2807 1807 2862 vestitur.
1833 2807 1914 2862 Ad
1939 2817 2123 2864 extre-

473 2892 476 2894 ‘
521 2900 691 2942 riuum
724 2889 769 2946 si
792 2891 1024 2949 domnus
1053 2896 1224 2952 abbas
1253 2899 1445 2954 viderit
1472 2900 1524 2955 id
1545 2901 1818 2971 expedire,
1854 2903 2125 2974 talemque

526 2978 660 3050 ejus
690 2994 810 3037 esse
836 2983 1192 3043 humilitatem
1230 3005 1352 3058 qua:
1389 2990 1443 3045 id
1475 3001 1767 3060 mereatur,
1814 2994 2123 3065 interpella-

521 3077 629 3128 -tus
675 3083 704 3127 a
730 3069 994 3130 fratribus
1026 3076 1077 3131 iu
1108 3079 1344 3148 capitulo
1375 3089 1530 3137 vocat
1557 3098 1680 3138 eum
1717 3093 1776 3138 ut
1815 3095 2024 3155 surgat,
2068 3095 2123 3141 et

541 3159 598 3213 in
641 3163 876 3218 medium
908 3169 1120 3233 vcniat;
1155 3185 1261 3239 quo
1289 3184 1508 3241 petente
1538 3175 1747 3229 veniant
1782 3188 2118 3245 consuetam,
2153 3212 2193 3245 ,η

542 3248 785 3320 loquitur
811 3266 1175 3316 consentanea
1205 3269 1262 3315 et
1293 3275 1474 3318 causa:
1501 3275 1556 3319 et
1583 3280 1847 3334 personae,
1871 3278 1924 3321 et
1948 3270 2126 3324 reddit

541 3341 593 3396 ei
633 3343 921 3412 pristinam
968 3357 1172 3406 statum
1203 3366 1274 3408 ne
1302 3355 1536 3424 amplius
1579 3355 1744 3411 ullam
1789 3359 2028 3428 patiatur
2056 3366 2126 3416 ab

544 3433 668 3492 aliis
695 3440 1094 3509 separatiouem
1123 3458 1139 3499 :
1169 3445 1314 3502 cadit
1343 3447 1412 3502 ad
1435 3447 1604 3517 pedes
1625 3447 1767 3518 ejus,
1797 3450 1939 3507 sicut
1960 3452 2126 3507 etiam

515 3529 770 3599 quilibet
797 3532 958 3601 alius,
994 3544 1101 3593 tam
1147 3537 1199 3594 in
1230 3539 1459 3595 ecclesia
1489 3556 1652 3611 quam
1697 3542 1750 3597 in
1784 3542 2046 3613 capitulo,
2079 3543 2125 3599 si

539 3622 757 3690 quando
782 3628 1112 3694 promoverit
1135 3627 1406 3686 altiorem.

515 3755 518 3758 .
611 3714 750 3768 Sunt
783 3725 964 3773 autem
1009 3719 1149 3789 apud
1196 3735 1296 3776 nos
1327 3721 1503 3777 adhuc
1535 3730 1591 3778 et
1631 3723 1736 3779 alia
1767 3739 1966 3796 genera
2001 3740 2126 3782 cor-

517 3805 799 3863 rectionis
821 3847 837 3872 ,
876 3823 996 3876 qua:
1024 3825 1128 3865 non
1173 3811 1347 3866 solum
1373 3811 1604 3868 domnus
1645 3814 1816 3870 abbas
1852 3815 2003 3882 facit,
2031 3815 2128 3872 sed

519 3893 726 3961 ,ctiam,
771 3895 816 3950 si
867 3911 1002 3965 Opus
1051 3899 1242 3966 fuerit,
1289 3904 1455 3973 prior.
1501 3904 1634 3960 Nam
1676 3916 1732 3962 et
1777 3906 1900 3963 inde
1947 3909 2126 3963 audivi

516 4000 702 4054 quam
734 3987 1013 4044 verissime
1050 3991 1280 4048 doumus
1326 3995 1496 4051 abbas
1539 3996 1675 4052 dixit
1703 3997 1906 4054 nullam
1937 4015 2128 4056 mona-

516 4075 771 4142 rborum
814 4076 1114 4134 Ecclesium
1161 4081 1506 4140 dehonestari
1555 4096 1777 4158 propter
1820 4090 1964 4157 quod
2021 4089 2128 4145 tale

539 4165 673 4234 quid
725 4170 1084 4226 committitur
1131 4173 1200 4228 ab
1231 4173 1412 4245 aliquo
1461 4177 1662 4242 fratre,
1714 4179 1807 4235 sed
1859 4181 1962 4237 hoc
2005 4197 2128 4238 esse

512 4290 518 4325 ,η
538 4257 682 4326 quod
731 4260 887 4327 plane
932 4261 1096 4318 faciat
1133 4265 1201 4322 ad
1235 4265 1586 4338 ignominiam
1626 4281 1891 4337 nostram,
1923 4273 1966 4328 si
1995 4275 2124 4344 quid

539 4348 790 4417 nequiter
820 4352 1197 4422 committitur,
1224 4366 1278 4411 et
1306 4358 1511 4428 absque
1549 4359 1710 4432 digna
1741 4363 2125 4420 emendatione

511 4437 848 4495 .dimittitur.
891 4441 1095 4501 Idcirco
1136 4447 1180 4500 si
1218 4449 1340 4516 quis
1379 4450 1444 4505 de
1476 4450 1659 4521 aliquo
1701 4453 1906 4524 flagitio
1951 4454 2125 4509 divul-

2227 1976 2450 2036 propter
2496 1967 2597 2024 hoc
2639 1967 2804 2023 etiam
2845 1983 2954 2035 non
3007 1967 3185 2027 minus
3227 1967 3406 2034 tabula
3453 1967 3814 2039 percutiatut,

2229 2061 2374 2130 quod
2405 2070 2490 2117 est
2517 2061 2733 2133 signant
2765 2061 3143 2118 conveniendi.
3404 2113 3407 2117 _
3549 2123 3552 2126 ,

2307 2150 2625 2222 Ubicunque
2653 2162 2834 2210 autem
2858 2153 3148 2222 contigerit
3173 2162 3230 2206 ut
3257 2151 3638 2221 colloquantur
3668 2152 3815 2208 dont-

2226 2259 2332 2300 nus
2374 2244 2542 2302 abbas
2585 2255 2641 2301 et
2677 2245 2873 2316 aliquis
2903 2247 3168 2311 fratrum,
3204 2255 3258 2308 et
3289 2244 3336 2300 si
3369 2244 3538 2301 frater
3578 2245 3818 2307 senserit

2207 2347 2419 2393 .contra
2466 2351 2528 2393 se
2559 2337 2712 2392 iram
2760 2347 2816 2393 et
2867 2336 3291 2406 indignationem
3324 2335 3540 2403 ,doutiai
3580 2336 3819 2403 abbatis,

2227 2427 2485 2506 continuo
2510 2429 2723 2484 veniam
2773 2437 2957 2498 petere
3003 2438 3115 2484 toto
3143 2443 3371 2498 corpore
3397 2437 3678 2498 pres-trem
3708 2443 3817 2484 non

2213 2531 2493 2576 .nmratur.
2547 2520 2736 2578 Nullas
2779 2521 2946 2577 etiam
2988 2522 3184 2576 transit
3216 2531 3342 2576 ante
3380 2520 3553 2589 ipsum
3593 2519 3822 2578 ubicun-

2225 2631 2334 2684 que
2359 2616 2430 2670 sit
2461 2616 2726 2680 locoram,
2757 2616 2849 2685 qui
2893 2630 3000 2672 non
3039 2615 3201 2671 altius
3229 2615 3474 2672 inclinet.
3504 2616 3558 2671 ln
3583 2615 3820 2673 ecclesia

2206 2717 2348 2777 [post
2382 2707 2530 2764 illam
2577 2717 2686 2764 stat
2731 2709 2844 2778 ipse
2884 2708 3139 2764 sacerdos
3173 2707 3318 2774 alba,
3349 2707 3506 2780 stola,
3538 2709 3621 2762 vel
3650 2709 3816 2764 etiam

2225 2817 2395 2872 cappa
2445 2800 2684 2857 indutus.
2735 2803 2816 2858 Ad
2860 2803 3293 2872 processiouem,
3340 2801 3409 2855 ad
3445 2816 3607 2870 quam
3640 2802 3818 2856 vestiti

2225 2901 2353 2947 sunt
2396 2891 2534 2948 albis
2577 2892 2668 2961 qui
2712 2891 2781 2948 ad
2827 2890 3086 2961 majorem
3117 2893 3338 2948 missam
3371 2899 3498 2946 sunt
3540 2890 3818 2958 servituri,

2224 2996 2350 3040 ante
2394 2999 2586 3041 otnnes
2625 2986 2858 3050 incedit;
2887 2987 2953 3040 ad
2985 2985 3127 3040 hanc
3163 2995 3365 3046 autem,
3394 2983 3462 3038 ad
3493 2998 3657 3052 quam
3691 2984 3812 3038 ani-

2227 3077 2365 3130 versi
2417 3075 2555 3131 albis
2610 3075 2929 3138 induantur.
2990 3077 3133 3132 sicut
3183 3077 3235 3132 in
3283 3079 3579 3147 majoribus
3636 3078 3816 3146 festis,

2229 3165 2341 3234 ipse
2371 3166 2592 3221 indutus
2619 3175 2699 3219 est
2735 3181 2922 3234 cappa.
2967 3165 3022 3220 ln
3063 3177 3333 3223 conventu
3371 3173 3413 3224 si
3444 3169 3660 3225 laneam
3689 3185 3816 3236 cap-

2233 3273 2353 3326 pata
2403 3257 2718 3326 portaverit,
2762 3257 2842 3310 vel
2887 3257 3154 3328 capellam
3185 3261 3443 3326 induerit,
3475 3263 3690 3332 quoties
3715 3263 3815 3318 sibi

2230 3347 2469 3411 libuerit,
2518 3346 2574 3401 in
2619 3347 2708 3402 illo
2734 3348 2850 3403 solo
2877 3363 3036 3404 nemo
3067 3351 3436 3419 reprehendit.
3463 3351 3546 3406 Ad
3570 3353 3693 3423 ejus
3719 3353 3815 3406 ob-

2231 3440 2480 3509 sequium
2505 3439 2761 3494 intraturi
2790 3438 3140 3496 refectorium
3164 3449 3310 3497 tenet
3339 3458 3478 3498 unus
3499 3443 3670 3498 frater
3696 3459 3818 3500 con-

2229 3530 2383 3595 chas,
2427 3539 2484 3584 et
2525 3530 2922 3602 manutergium
2961 3530 3138 3597 alter;
3174 3531 3391 3589 clericis
3429 3541 3485 3589 et
3513 3534 3815 3606 peregrinis

2230 3623 2546 3689 monachis,
2588 3624 2682 3693 qui
2719 3624 2790 3679 ita
2823 3624 3026 3681 vadunt
3054 3624 3261 3697 pedites
3289 3626 3498 3696 absque
3534 3625 3809 3694 jumento,

2228 3715 2510 3771 nobiscum
2543 3715 2596 3771 in
2628 3716 2916 3780 refectorio
2937 3717 3268 3776 comessuris
3296 3733 3492 3788 aquam
3513 3720 3588 3773 .ad
3618 3733 3810 3774 manus

2231 3805 2531 3873 ministrat;
2571 3806 2810 3878 talesque
2834 3808 3026 3864 sedent
3053 3809 3121 3863 ad
3159 3824 3399 3864 mensam
3432 3809 3809 3882 principalem.

2231 3895 2451 3967 Siquid
2494 3897 2748 3968 cuiquam
2777 3899 2991 3953 mittere
3023 3898 3252 3956 voluerit
3280 3899 3349 3955 de
3373 3899 3682 3966 rcfectorio,
3711 3901 3812 3957 hoc

2229 4002 2332 4044 nec
2359 3988 2524 4059 priori
2569 3988 2716 4055 licet,
2753 4004 2855 4045 nec
2881 3989 2972 4044 alii
3009 3999 3171 4060 quam
3209 3987 3310 4044 sibi
3345 3989 3466 4045 soli.
3495 3989 3649 4046 Solet
3680 4006 3812 4062 quo-

2201 4121 2206 4125 ς
2229 4097 2334 4152 que
2358 4084 2402 4137 si
2427 4091 2512 4137 est
2539 4084 2592 4136 iu
2615 4085 2774 4138 domo
2795 4083 3155 4148 mlirmornm,
3179 4081 3303 4138 inde
3327 4082 3563 4153 dirigere
3587 4084 3644 4137 iu
3678 4082 3813 4140 refe-

2199 4225 2202 4228 .
2229 4175 2458 4229 ctoriam
2489 4173 2809 4227 rharitatem
2841 4189 2994 4228 suatn
3034 4173 3102 4228 ad
3129 4171 3428 4242 quemlibet
3453 4170 3685 4226 fratrum
3711 4189 3726 4238 ;
3758 4180 3812 4228 ct

2229 4266 2400 4322 frater
2441 4267 2707 4335 recipiens
2754 4282 2860 4320 non
2909 4265 3268 4337 negligentius
3294 4281 3457 4337 quant
3505 4266 3553 4321 si
3588 4266 3642 4321 in
3677 4283 3812 4338 pne-

2225 4361 2400 4416 scntia
2427 4369 2591 4420 esset.
2621 4359 2863 4415 inclinat.
2889 4359 3184 4430 Postquam
3214 4375 3319 4415 uox
3347 4357 3536 4426 fuerit,
3559 4368 3811 4431 portatur

2227 4461 2356 4507 ante
2415 4451 2562 4506 illum
2611 4466 2709 4520 per
2763 4451 2944 4505 omnia
2991 4449 3229 4514 laterna,
3275 4457 3384 4504 tam
3435 4449 3489 4505 in
3539 4457 3808 4506 conventu

537 4529 811 4634 satur-ia.
836 4531 1051 4601 populo,
1097 4535 1148 4590 in
1184 4539 1468 4605 praesentia
1517 4555 1732 4612 quoque
1761 4541 1941 4612 populi
1985 4544 2122 4600 solet
2152 4575 2200 4634 ο
2227 4559 2390 4613 quam
2419 4553 2572 4598 extra
2606 4557 2778 4613 usque
2816 4542 2884 4596 ad
2914 4542 3113 4596 lectum
3144 4540 3233 4596 ubi
3277 4541 3370 4610 qui
3415 4548 3620 4611 portat,
3655 4542 3812 4596 obse-

536 4621 836 4686 etuendari,
868 4633 929 4680 ut
954 4627 1046 4696 qui
1067 4626 1186 4696 ejus
1207 4646 1484 4687 excessum
1509 4634 1888 4703 cognoverint,
1921 4651 2119 4708 cogno-

512 4724 694 4772 ,sc;iut
737 4716 905 4771 etiam
949 4718 1065 4786 ejus
1101 4723 1557 4779 emendationem.
1589 4726 1812 4781 Cunctis
1843 4728 1988 4783 enim
2025 4730 2117 4800 qui

538 4801 722 4858 videre
764 4805 1034 4864 voluerint
1084 4812 1413 4882 videntibus,
1462 4825 1516 4872 ct
1563 4818 1798 4873 maxime
1848 4820 1901 4874 in
1943 4823 2118 4876 media

536 4891 736 4963 platea,
781 4902 1038 4966 nudatur,
1071 4902 1265 4972 ligatur
1307 4917 1363 4962 et
1409 4909 1743 4965 verberatur.
1785 4913 1858 4966 At
1885 4914 1930 4968 si
1961 4913 2116 4985 culpa

537 5002 646 5044 non
670 4989 845 5046 estde
871 4993 1213 5060 gravioribus
1233 4999 1408 5065 malis,
1433 5002 1527 5057 sed
1551 5002 1690 5058 forte
1713 5012 1770 5059 ut
1795 5020 1919 5060 cum
1938 5005 2119 5077 aliquo

537 5081 822 5140 inhoneste
871 5094 929 5140 et
978 5086 1278 5158 irreligioso
1331 5092 1383 5146 in
1450 5095 1724 5150 audientia
1779 5097 2118 5166 popularium

536 5177 895 5224 contenderit-
923 5193 1023 5224 nm
1051 5178 1356 5224 lmiumnmli
1417 5199 1539 5224 mum
1565 5185 1769 5224 conm-il
1794 5186 1909 5224 aliae
1943 5187 2122 5224 humi-

2223 4636 2411 4707 quitur
2442 4634 2521 4689 illi
2562 4644 2615 4688 et
2659 4635 2728 4688 ad
2781 4632 3156 4689 collocandum
3193 4640 3248 4688 et
3289 4632 3358 4687 ad
3400 4630 3710 4687 levandum.
3748 4631 3806 4686 Si

2219 4741 2436 4797 quoque
2485 4725 2541 4780 in
2593 4723 2941 4781 refectorium
3005 4723 3214 4787 ituras,
3275 4726 3496 4778 mistnm
3561 4724 3808 4792 accepit,

2221 4819 2508 4876 lectionem
2559 4817 2625 4873 ad
2676 4831 2920 4873 mensam
2975 4816 3138 4872 debet
3194 4815 3436 4881 habere;
3487 4816 3532 4871 si
3588 4814 3811 4885 jejunus

2223 4909 2443 4966 revertit
2493 4910 2561 4964 ad
2599 4909 2738 4964 hanc
2788 4907 3001 4974 horam,
3035 4921 3138 4976 qua
3191 4906 3388 4962 fratres
3429 4915 3658 4977 accepto
3698 4905 3816 4975 jam

2223 5008 2342 5072 post
2383 5008 2595 5057 sextam
2639 4998 2890 5070 prandio,
2929 4998 3168 5054 secundo
3191 5005 3310 5068 post
3337 5011 3594 5066 vcspcras
3621 5011 3816 5052 creua-

2222 5093 2428 5156 verint,
2481 5105 2820 5162 nequaquam
2865 5105 2991 5145 cum
3039 5088 3119 5144 eis
3159 5103 3223 5142 ea
3271 5088 3391 5144 vice
3423 5087 3680 5151 comedit,
3726 5084 3818 5142 sed

2223 5184 2451 5224 cincti-ml
2492 5198 2665 5224 ιιςηιιρ
2695 5183 2820 5224 alnm
2849 5181 3204 5224 ellrrnxnrinl-
3244 5178 3368 5224 mnia
3414 5194 3690 5224 mmmtnm
3729 5177 3817 5224 (mi
