4040 5298
209 184 315 255 τδτ

987 196 1562 259 ΕΟΝΒΗΕΤΟΒΙΝΕΞ
1583 177 2208 257 ειυΜ’ᾹΕΕΧ5Ε8.ἶᾸέ
2233 200 2435 257 LIBER
2464 201 2786 261 manus.

3390 214 3496 272 758

200 329 396 385 Sedet,
442 328 499 374 et
536 318 733 374 fratres
762 332 967 385 secum,
999 322 1088 390 qui
1122 334 1303 374 secum
1337 327 1493 373 erant
1526 318 1579 371 in
1611 318 1719 379 via,
1752 324 1807 372 ct
1832 325 1877 384 Α
1906 318 1954 373 ei
1988 318 2041 372 in
2072 318 2174 373 hac
2200 318 2359 373 domo
2389 328 2475 373 tua
2505 320 2578 375 ita
2609 335 2773 384 agere
2822 333 2879 376 et
2912 322 3213 393 injunctum
3240 326 3345 384 sibi
3372 329 3494 383 olli-

208 411 454 484 singulos
498 421 759 465 exeuntes
796 411 1111 476 osculatur;
1166 421 1221 465 at
1247 412 1291 465 si
1346 411 1397 464 in
1445 409 1535 464 illo
1563 409 1649 463 die
1692 424 1797 462 non

208 507 310 563 erit
348 511 717 576 opportunum
741 544 754 568 ,
788 505 842 557 in
873 513 1135 573 sequente
1162 512 1281 575 post
1312 502 1606 573 capitulum
1636 501 1797 555 simili

209 599 370 655 modo
438 597 597 657 facit:
644 605 701 653 et
741 612 839 668 pro
885 597 1002 667 ejus
1041 598 1273 651 adventu
1319 596 1521 650 habent
1563 594 1616 649 in
1659 592 1801 649 refe-

206 693 385 749 ctorio
415 689 669 763 generale
697 691 948 760 piscium,
967 690 1050 743 vel
1072 690 1213 760 quod
1238 688 1572 743 tantumdem
1601 686 1796 752 valeat,

207 797 256 842 ct
288 788 649 858 pigmentum.
700 784 916 839 Fratres
950 784 1039 853 qui
1078 784 1129 837 in
1162 782 1278 851 ejus
1304 781 1509 835 vadunt
1536 780 1799 849 obsequio

209 880 263 934 in
296 880 408 947 via,
437 877 642 949 jugiter
675 876 965 931 observant
998 884 1058 929 ut
1090 888 1305 943 semper
1333 872 1442 926 sint
1466 884 1589 926 cum
1621 870 1716 923 illo
1744 870 1797 923 in

207 972 459 1041 proximo
486 1012 500 1035 ,
552 984 622 1023 ne
666 968 958 1037 aliquando
987 968 1066 1021 eis
1095 967 1309 1021 eveniat
1348 966 1540 1020 deesse
1582 962 1799 1032 quando

208 1062 399 1116 horam
433 1059 729 1132 quamlibet
771 1058 1073 1112 cantavcrit
1110 1056 1453 1128 regularem;
1489 1062 1542 1109 et
1589 1055 1633 1108 si
1677 1056 1798 1124 quis

208 1166 399 1205 eorum
433 1149 575 1204 forte
612 1164 717 1203 non
755 1147 1082 1211 interfuerit,
1113 1157 1298 1218 postea
1327 1162 1431 1200 non
1462 1160 1579 1200 eam
1612 1154 1797 1201 cantat

209 1245 415 1312 absque
446 1242 659 1297 licentia
687 1242 823 1311 ejus.
851 1240 895 1308 Q
919 1260 947 1293 u
972 1241 1071 1296 ties
1100 1256 1198 1311 per
1222 1240 1384 1295 ullam
1423 1238 1601 1293 vlllam
1626 1238 1799 1309 majo-

210 1338 320 1388 rem
363 1332 699 1399 transierint,
745 1348 811 1386 ex
872 1345 1042 1396 more,
1080 1345 1353 1400 nunquam
1392 1330 1689 1385 obmittunt
1717 1331 1798 1383 in-

209 1425 378 1479 duere
408 1422 697 1493 capellnm.

276 1517 385 1572 Scal
445 1527 502 1571 ut
556 1518 732 1571 adhuc
782 1514 998 1570 redeam
1054 1514 1105 1569 in
1161 1513 1477 1580 claustrum,
1514 1515 1660 1569 onmi
1711 1515 1796 1569 die

205 1610 489 1665 Dominica
547 1609 780 1666 domnus
830 1609 997 1663 abbas
1043 1616 1267 1662 notatur
1322 1623 1445 1662 cum
1496 1610 1680 1678 purr's
1728 1608 1793 1660 ad

1901 410 2043 464 cium
2092 411 2167 464 ita
2208 412 2595 468 administrare
2640 425 2698 467 ut
2744 424 2798 469 et
2837 417 2932 469 tibi
2965 418 3176 485 placere
3220 420 3399 477 valeat
3436 433 3494 479 et

1901 500 2191 555 utilitatem
2230 518 2510 559 servorum
2554 516 2768 559 tuorum
2805 516 2857 561 te
2884 508 3179 563 auxiliante
3212 512 3494 581 perfectis-

1900 591 2037 645 sime
2082 592 2325 663 expleat,
2355 605 2581 665 propter
2616 596 2759 665 quod
2807 607 2860 652 et
2896 598 2985 653 hic
3014 608 3064 653 et
3096 599 3148 654 in
3182 600 3359 658 futuro
3385 618 3489 658 sa:—

1898 684 2020 737 culo
2068 687 2377 742 mercedem
2424 688 2672 743 laborum
2706 704 2924 745 suorum
2975 692 3028 746 in
3063 694 3339 749 consortio
3366 711 3493 751 san-
3534 728 3539 733 -

1900 784 2110 830 ciorum
2143 784 2357 833 tuorum
2383 794 2412 831 a
2443 789 2493 833 te
2519 780 2764 848 piissimo
2790 780 3044 849 largitore
3071 785 3354 854 percipiat.
3383 785 3491 841 Per

1852 878 1855 879 '
1901 866 2222 932 Dominum,
2266 887 2285 921 ι
2346 879 2451 927 etc.
2494 872 2721 937 Quando
2760 881 2940 927 autem
2980 883 3063 930 est
3092 875 3487 944 absolvendus,

1900 959 2065 1013 mittit
2106 975 2229 1013 cum
2259 960 2349 1015 illo
2377 978 2593 1018 versum
2628 981 2641 1016 :
2679 962 2992 1019 Benedictus
3022 982 3098 1031 es,
3131 965 3369 1033 Domine,
3397 970 3489 1037 qui
3528 1008 3533 1033 ς

1900 1050 2152 1119 adjuviin
2184 1070 2297 1117 me,
2344 1063 2400 1109 et
2439 1055 2531 1109 tali
2577 1055 2874 1112 absolvitur
2904 1059 3295 1115 benedictione.
3330 1078 3349 1111 ι
3384 1060 3491 1114 Do—

1901 1142 2045 1197 mine
2072 1142 2196 1200 Jesu
2226 1145 2463 1209 Christe,
2499 1148 2589 1217 qui
2628 1149 2713 1217 pie
2749 1149 3112 1205 servientibus
3141 1151 3237 1206 tibi
3268 1152 3485 1207 munifi-
3522 1196 3527 1201 .

1898 1250 1996 1291 cus
2052 1239 2350 1294 retributor
2396 1249 2452 1293 ct
2504 1239 2741 1296 clemens
2796 1241 3020 1311 largitor
3073 1242 3287 1307 existis,
3340 1242 3527 1307 hunc,

1901 1327 2161 1386 famulum
2219 1342 2366 1386 tuum
2420 1333 2511 1402 qui
2565 1333 2618 1386 in
2658 1333 2763 1387 hac
2800 1333 2960 1387 domo
3010 1343 3099 1387 tua
3137 1350 3279 1390 nunc
3318 1350 3490 1404 usque

1902 1419 2132 1477 fideliter
2162 1423 2468 1487 laboravit,
2509 1432 2564 1479 et
2602 1424 2696 1479 tibi
2742 1426 3022 1496 servisque
3056 1427 3159 1481 tuis
3186 1427 3489 1481 obediendo

1900 1510 2196 1581 injunctum
2248 1515 2347 1569 sibi
2394 1524 2444 1568 te
2489 1515 2787 1570 auxiliante
2811 1515 3207 1571 administravit
3232 1516 3485 1581 alliciunt,

1901 1601 2172 1657 laboribus
2203 1606 2315 1660 suis
2360 1605 2519 1661 solita
2578 1606 2907 1677 benignitate
2950 1608 3213 1677 responde
3258 1616 3313 1663 et
3369 1609 3490 1678 pius

206 1703 528 1755 mandatum
556 1716 570 1765 ;
620 1700 710 1770 qui
753 1701 937 1761 etiam,
968 1701 1109 1769 quod
1149 1698 1237 1753 alii
1277 1713 1381 1753 non
1411 1698 1633 1763 factum,
1665 1715 1797 1769 patt-
1829 1678 1867 1736 Β
1903 1706 2277 1751 remuneratur
2297 1713 2535 1767 appare;
2567 1708 2623 1753 et
2646 1710 2841 1771 praesta
2870 1699 3003 1753 utin
3030 1701 3131 1755 hac
3162 1701 3321 1756 duino
3340 1699 3489 1770 jugl-

205 1792 344 1863 peri,
378 1793 467 1848 cui
514 1791 657 1847 lavat
696 1792 883 1863 pedes,
916 1792 1107 1848 tribuit
1131 1790 1270 1847 duos
1293 1792 1563 1854 denarios,
1596 1801 1649 1846 et
1677 1806 1796 1861 pue-

205 1887 278 1940 ris
316 1883 511 1940 tribuit
549 1890 606 1938 ut
637 1897 736 1954 per
772 1883 920 1955 ipsos
962 1883 1292 1953 pauperibus
1326 1884 1653 1938 tribuantur.
1698 1883 1800 1937 Eo-

204 1976 461 2030 rumdem
508 1987 799 2044 puerorum
847 1972 1244 2029 confessionem
1280 1973 1493 2042 quoties
1522 1972 1684 2027 fuerit
1715 1986 1798 2027 re-

202 2076 483 2136 cepturus,
524 2064 783 2135 magister
827 2061 1041 2117 illorum
1092 2062 1313 2118 adducit
1355 2062 1474 2117 illos
1522 2077 1693 2132 usque
1729 2062 1798 2117 ad

202 2158 489 2214 introitum
519 2156 759 2228 capituli,
780 2165 834 2211 et
859 2156 1058 2211 ibidem
1084 2163 1368 2225 exspectat
1394 2155 1684 2210 redituros.
1717 2154 1794 2209 Ad

200 2252 493 2320 coquiuam
526 2263 647 2303 cum
696 2256 915 2303 notatus
952 2246 1151 2311 fuerit,
1197 2263 1321 2302 cum
1368 2247 1503 2300 alias
1542 2262 1646 2301 non
1687 2246 1795 2301 sint

200 2340 300 2394 nisi
332 2348 591 2409 quatuor,
625 2341 741 2411 ipse
772 2339 995 2409 quintus
1022 2339 1161 2394 solet
1189 2354 1332 2394 esse.
1366 2341 1447 2393 Ad
1479 2340 1612 2393 duas
1639 2340 1797 2408 septi.

200 2446 394 2485 manas
442 2430 493 2484 iu
547 2446 711 2497 anno,
765 2431 808 2485 si
854 2439 938 2484 est
978 2445 1220 2501 prmscns
1254 2439 1311 2485 et
1350 2430 1659 2495 incolumis,
1690 2445 1793 2483 non

198 2521 338 2575 alius
382 2536 623 2591 unquam
662 2522 729 2576 ad
763 2520 1024 2589 majorem
1065 2522 1287 2575 missam
1318 2536 1481 2588 quam
1516 2521 1605 2575 ille
1641 2532 1798 2576 nota-

200 2620 303 2673 tur,
366 2610 419 2664 id
469 2619 598 2676 est,
645 2609 940 2666 Dominicze
994 2613 1445 2667 resurrectionnis
1493 2621 1549 2667 et
1598 2612 1795 2668 Pente-

197 2712 407 2769 costes;
450 2704 504 2757 in
546 2704 743 2774 quibus
782 2712 961 2759 tanton
989 2704 1130 2758 alius
1168 2706 1425 2759 sacerdos
1461 2713 1685 2759 cantore
1716 2706 1797 2759 iu-

196 2793 462 2864 jungente
480 2795 726 2849 dicturus
736 2804 820 2849 cst
832 2796 993 2849 horas
1007 2795 1188 2864 regula
1198 2810 1305 2860 res,
1321 2804 1519 2865 prteter
1541 2810 1796 2866 vesperas

197 2897 254 2942 et
297 2887 600 2943 matutinas
663 2888 849 2944 laudes
876 2929 892 2955 ,
933 2897 989 2944 et
1036 2889 1088 2943 in
1141 2888 1429 2945 refectorio
1457 2890 1684 2945 daturus
1711 2900 1797 2946 est

196 2979 676 3048 benedictionem;
716 2983 807 3053 qui
856 2993 909 3038 et
940 2983 991 3036 in
1042 2983 1148 3039 illis
1183 2984 1470 3055 praecipuis
1498 2984 1691 3038 diebus
1725 2984 1791 3036 ad
1821 3022 1866 3085 ο

197 3074 470 3128 canticum
521 3076 794 3147 Evangelii
847 3091 954 3131 non
1004 3077 1191 3132 viliore
1235 3092 1398 3147 quam
1437 3078 1666 3131 domnus
1704 3077 1795 3131 ab

198 3163 296 3218 bas
326 3164 580 3232 vestitur,
627 3177 687 3221 ut
730 3182 851 3222 cum
918 3181 986 3222 eo
1028 3168 1187 3224 simul
1232 3168 1422 3223 altaria
1454 3168 1797 3232 iucenset,ct

198 3257 595 3314 collectaueum
649 3268 831 3315 teneat
883 3262 950 3315 ad
1012 3261 1128 3330 ejus
1183 3262 1525 3332 obsequium.
1582 3260 1793 3315 Natalis

196 3349 447 3416 Domini,
476 3360 531 3407 ct
576 3350 780 3407 Natalis
809 3361 1123 3408 sanctorum
1156 3355 1522 3424 apostolorum
1554 3351 1699 3408 Petri
1740 3358 1795 3407 et

194 3440 372 3507 Pauli,
416 3442 731 3513 Assumptio
774 3444 835 3498 Β.
884 3444 1085 3511 Mariae,
1115 3445 1238 3516 quia
1271 3460 1377 3499 non
1409 3444 1583 3515 magis
1616 3445 1669 3499 in
1704 3444 1797 3501 die

195 3533 482 3590 Dominica
507 3550 669 3607 quam
699 3537 751 3590 in
777 3535 898 3591 aliis
925 3538 1184 3602 occurrit,
1210 3545 1337 3591 tunc
1364 3536 1595 3591 (lonmus
1619 3535 1790 3591 abbas

192 3642 301 3681 non
331 3635 554 3681 notatur
602 3628 668 3681 ad
708 3628 1089 3698 septimanam,
1128 3628 1221 3682 sed
1254 3634 1321 3682 ad
1353 3626 1501 3681 solos
1530 3626 1652 3683 illos
1676 3626 1793 3682 dies

194 3717 482 3786 utriusque
536 3714 870 3773 festivitatis.
931 3718 1210 3788 Quotquot
1271 3719 1434 3772 etiam
1476 3732 1575 3787 per
1622 3724 1791 3774 totum

192 3823 399 3863 annum
433 3808 641 3879 majora
695 3818 824 3866 sunt
876 3810 1039 3878 festa,
1065 3811 1109 3867 si
1162 3811 1400 3882 potuerit
1436 3818 1491 3866 ct
1535 3809 1793 3878 voluerit,

190 3909 377 3955 eantat
411 3902 634 3957 missam
666 3902 947 3973 majorem.
983 3917 1134 3971 vesp.
1166 3912 1222 3958 et
1250 3910 1443 3957 matut.
1478 3900 1687 3957 laudes.

823 3994 1051 4051 CAPUT
1089 3995 1177 4051 IV.

716 4085 792 4141 De
824 4088 999 4156 priore
1035 4087 1257 4158 majore.

266 4177 503 4245 Quando
557 4178 709 4249 prior
752 4187 835 4235 est
891 4180 1225 4235 ordinandus
1255 4221 1268 4246 ,
1318 4180 1496 4251 primo
1534 4178 1791 4236 Dominus

194 4272 367 4327 abbas
392 4271 560 4327 habet
596 4271 717 4327 inde
748 4272 1035 4327 consilium
1075 4288 1197 4328 cum
1225 4274 1533 4329 senioribus
1557 4287 1787 4343 congre-

192 4364 467 4435 gationis;
502 4352 687 4434 postea
719 4364 883 4420 refert
912 4366 1236 4422 sententiam
1270 4380 1420 4420 suam
1444 4366 1499 4420 in
1527 4365 1782 4434 capitulo,
1813 4370 1865 4430 1)
1892 4362 2014 4419 ideo
2041 4378 2073 4417 a
2105 4362 2308 4417 nostris
2334 4363 2583 4435 patribus
2607 4378 2812 4434 praeca»
2873 4395 2878 4400 ι

194 4465 246 4511 et
273 4457 419 4527 quod
452 4456 554 4512 sibi
600 4455 809 4511 videtur
840 4457 1061 4513 laudant
1096 4473 1305 4514 omnes.
1340 4457 1509 4524 Quem
1540 4456 1783 4527 elegerit,

194 4549 238 4601 si
277 4548 445 4617 sapit,
484 4547 695 4603 veniam
735 4550 897 4618 petit,
930 4558 1154 4605 excusat
1190 4565 1248 4604 se
1281 4549 1346 4603 ad
1375 4565 1572 4604 munus
1602 4549 1789 4619 hujus-

194 4638 337 4691 modi
386 4652 491 4691 non
532 4622 784 4693 idoneum
839 4654 980 4694 esse.
1026 4639 1107 4692 Ad
1160 4638 1409 4693 ultimum
1465 4638 1509 4693 si
1543 4639 1693 4709 jussa
1734 4648 1790 4695 et

193 4728 435 4797 injuncta
471 4729 636 4784 fuerit
663 4730 997 4796 obedientia,
1032 4743 1141 4785 non
1172 4729 1313 4783 aliud
1343 4730 1477 4785 facit
1505 4746 1667 4800 quam
1702 4730 1784 4785 in-

192 4821 391 4886 clinat;
422 4821 571 4876 sedet
603 4821 670 4877 ad
700 4822 977 4878 sinistram
1014 4821 1218 4878 domini
1251 4822 1480 4878 abbatis.
1511 4823 1645 4880 Cum
1675 4840 1791 4881 sur-

192 4912 438 4968 rexerint
486 4915 552 4969 de
588 4914 845 4985 capitulo,
885 4926 1012 4973 eunt
1040 4929 1166 4971 cum
1197 4914 1493 4984 psalmodia
1535 4918 1691 4974 solita
1732 4921 1785 4976 in

193 5005 481 5062 ecclesiam
510 5007 807 5078 majorem;
828 5009 918 5064 ubi
943 5020 1117 5065 novus
1146 5008 1296 5075 prior
1322 5017 1446 5064 ante
1461 5009 1587 5065 facit
1620 5018 1675 5063 et
1702 5027 1789 5068 re-

194 5104 298 5161 tro,
330 5096 475 5151 hunc
502 5111 717 5153 versum
749 5097 974 5157 dicendo
1001 5107 1086 5153 ter
1119 5113 1133 5148 :
1169 5096 1328 5163 Deus,
1354 5100 1406 5154 in
1428 5102 1785 5172 adjutorium,

191 5200 240 5246 et
286 5200 433 5246 totus
470 5199 766 5248 conventus
804 5190 1054 5249 similiter
1098 5192 1406 5259 respondet.
1449 5194 1552 5249 Dat
1590 5193 1640 5247 ei
1673 5195 1788 5266 ipse

195 5282 229 5298 ﬂ

1904 1791 1988 1837 ter
2010 1795 2348 1853 permaneat,
2374 1795 2427 1842 et
2453 1789 2755 1843 mercedem
2789 1788 3033 1844 laborum
3066 1805 3287 1845 suorum
3318 1802 3373 1845 et
3401 1790 3492 1847 hic

1899 1880 1953 1927 et
1987 1874 2044 1928 in
2094 1875 2451 1932 retributione
2486 1875 2760 1945 justorum
2791 1894 2820 1932 a
2854 1888 2906 1933 te
2936 1879 3235 1950 percipiat,
3263 1879 3519 1951 largito-.

1901 1980 2126 2038 remque
2175 1970 2419 2024 ornuium
2471 1970 2739 2027 bonorum
2788 1981 2837 2026 te
2880 1987 3004 2028 esse
3032 1972 3343 2042 plenissima
3385 1973 3492 2029 fide

1900 2072 2006 2112 non
2034 2059 2264 2115 dubitet.
2298 2079 2318 2112 ι

1968 2151 2051 2205 Ab
2078 2151 2212 2208 hora
2237 2162 2417 2209 autem
2443 2154 2800 2210 ordinationis
2828 2170 2963 2221 sum,
2992 2164 3114 2225 post
3140 2156 3203 2210 D.
3237 2156 3489 2212 abbatem

1898 2241 1965 2296 de
2001 2241 2258 2299 omnibus
2297 2244 2461 2300 rebus
2497 2254 2554 2300 et
2596 2244 2798 2311 causis,
2830 2260 2951 2316 quae
2981 2246 3048 2300 ad
3093 2246 3486 2302 monasterium

1898 2334 2208 2400 pertinent,
2251 2344 2305 2391 et
2349 2335 2725 2405 Spiritualibus
2765 2344 2819 2390 et
2859 2336 3249 2405 temporalibus
3301 2351 3360 2392 se
3401 2337 3489 2391 in-

1901 2426 2172 2480 tromittit.
2223 2426 2497 2495 Quotquot
2549 2436 2678 2481 sunt
2730 2427 2820 2498 qui
2872 2426 3035 2481 ullam
3099 2426 3297 2481 habent
3361 2428 3490 2481 obe-

1897 2516 2194 2582 dientiam,
2226 2519 2293 2573 ad
2325 2534 2448 2573 eum
2474 2518 2774 2585 respiciunt
2809 2533 3031 2584 omnes;
3063 2527 3117 2572 et
3147 2518 3191 2572 si
3224 2516 3327 2572 tale
3357 2516 3501 2588 quid,

1896 2609 2228 2679 prtecipuum
2279 2610 2450 2665 acturi
2502 2617 2650 2675 sunt,
2700 2625 3043 2681 nequaquam
3091 2617 3253 2679 agunt
3296 2623 3489 2663 clunes

1897 2703 2104 2772 absque
2133 2703 2363 2759 concilio
2404 2702 2522 2771 ejus
2548 2710 2601 2757 et
2634 2710 2787 2757 nutu.
2836 2701 2892 2755 ln
2925 2703 3093 2757 choro
3130 2701 3352 2756 sinistro
3378 2707 3491 2755 stat

1898 2810 2224 2865 supremus,
2279 2805 2336 2849 et
2384 2796 2439 2850 in
2489 2794 2779 2851 refectorio
2838 2794 2906 2849 ad
2968 2808 3276 2864 supremam
3336 2808 3491 2847 men-

1897 2902 2011 2942 sam
2061 2902 2182 2957 qute
2225 2896 2311 2943 est
2362 2888 2431 2943 ad
2481 2888 2766 2943 dexteram
2810 2886 2873 2942 D.
2906 2886 3147 2951 abbatis;
3195 2896 3249 2941 et
3300 2884 3346 2941 si
3400 2886 3507 2941 ille.

1898 2995 2004 3034 non
2053 2970 2434 3044 ade’ril,sedet
2499 2979 2552 3035 in
2601 2978 2718 3048 ejus
2766 2978 2911 3034 sede.
2970 2977 3077 3033 Sed
3125 2988 3281 3032 extra
3343 2976 3487 3032 refe-

1897 3072 2131 3128 ctorium
2176 3072 2308 3127 milli
2360 3072 2670 3128 mortalium
2724 3073 2852 3129 licet
2897 3072 2946 3126 ei
2998 3071 3293 3142 quidquam
3364 3071 3490 3126 mit-

1901 3173 2034 3219 tere.
2081 3162 2138 3218 ln
2172 3163 2465 3220 refectorio
2505 3164 2591 3220 cui
2633 3164 2893 3230 voluerit,
2925 3172 2984 3220 et
3042 3165 3170 3234 quid
3217 3164 3485 3230 voluerit,

1897 3258 2085 3313 mittit.
2113 3258 2171 3315 Si
2213 3258 2515 3328 perrexerit
2543 3258 2611 3313 ad
2645 3258 2985 3314 obedientias
3013 3274 3130 3327 quae
3158 3266 3283 3312 sunt
3317 3274 3486 3327 prope

1897 3357 1953 3404 et
2020 3347 2077 3403 iu
2140 3349 2414 3416 circuitu,
2488 3349 2639 3405 ducit
2709 3363 2894 3405 secum
2964 3349 3100 3405 duos
3166 3349 3371 3405 fratres
3432 3356 3488 3403 ct

1896 3457 2062 3497 unum
2091 3443 2456 3514 sagittarium;
2503 3444 2548 3499 si
2597 3443 2831 3514 longius,
2863 3443 3013 3499 verbi
3053 3442 3251 3515 gratia,
3279 3442 3332 3498 in
3357 3456 3487 3512 pro-

1895 3533 2150 3599 vinciam,
2183 3534 2319 3589 ditus
2347 3534 2669 3604 sagittarios,
2698 3544 2752 3589 ct
2784 3544 2895 3591 tres
2926 3532 3156 3601 fratres,
3190 3549 3257 3589 ex
3286 3534 3488 3605 quibus

1894 3638 2036 3680 unus
2060 3633 2146 3681 est
2166 3640 2331 3695 super
2353 3624 2471 3694 ejus
2496 3624 2726 3682 famulos
2753 3634 2807 3683 et
2835 3640 2998 3696 super
3022 3624 3323 3682 sarcinulas
3346 3625 3489 3695 ejus,

1894 3723 1950 3770 et
1974 3716 2359 3772 vestimentum
2403 3718 2740 3775 sacerdotale
2783 3733 2905 3774 cum
2952 3734 3060 3790 quo
3094 3718 3165 3774 sit
3196 3728 3490 3789 argenteus

1893 3807 2056 3863 calix.
2084 3807 2335 3876 Quandiu
2366 3820 2545 3866 autem
2590 3810 2754 3866 fuerit
2790 3812 2843 3866 iu
2888 3810 3141 3873 claustro,
3180 3825 3281 3867 nec
3309 3809 3490 3881 capel-

1890 3897 2076 3955 lanum
2128 3902 2317 3959 habet.
2362 3917 2462 3957 nec
2513 3904 2899 3959 vestimentum
2935 3903 3079 3958 aliud
3116 3902 3183 3957 ad
3225 3903 3487 3969 missam,

1893 4006 2056 4062 quam
2110 4002 2166 4047 et
2208 3993 2433 4062 quilibet
2478 3994 2617 4049 alius
2655 3994 2845 4061 frater,
2892 4010 2994 4050 nec
3031 3993 3233 4063 aliquid
3262 3993 3487 4061 privatae

1890 4084 2157 4155 pecuniae.
2195 4085 2423 4153 Quando
2466 4083 2666 4140 deforis
2710 4086 2879 4140 fuerit
2914 4098 3189 4149 reversus,
3220 4082 3486 4153 quidquid

1890 4175 2199 4245 lmjusmodi
2243 4186 2516 4247 apportat,
2561 4186 2729 4233 totum
2771 4191 3078 4232 camerarto
3124 4175 3325 4240 reddit,
3382 4190 3484 4230 nee

1892 4270 2071 4325 minus
2102 4269 2171 4324 ab
2200 4270 2291 4325 illo
2330 4270 2525 4340 recipit
2562 4271 2787 4341 quidqui
2926 4270 3098 4325 ουτ-δῖε
3131 4285 3286 4339 opus.
3328 4267 3485 4335 Quod

2970 4371 3072 4427 est,
3110 4376 3180 4416 ne
3214 4360 3304 4415 illa
3339 4358 3482 4414 mala

1891 4458 2060 4529 pestis
2106 4456 2497 4527 proprietatis,
2549 4467 2605 4514 et
2663 4465 2965 4528 prtrsertim
3011 4454 3294 4510 monachis
3344 4451 3484 4507 adeo

1888 4550 2219 4623 periculosa,
2268 4550 2453 4621 aliquo
2490 4549 2653 4606 modo
2683 4549 2962 4620 subrepat.
2993 4542 3193 4601 Verum
3229 4560 3351 4601 cum
3384 4556 3486 4613 per

1889 4644 2094 4711 omnia,
2122 4654 2182 4700 ut
2208 4644 2547 4715 praemissum
2574 4649 2681 4705 est,
2710 4640 2885 4696 vicem
2917 4638 3119 4695 habeat
3144 4636 3209 4690 D.
3249 4636 3484 4693 abbatis.

1891 4739 2127 4793 maxime
2170 4732 2410 4794 absentis
2432 4776 2450 4801 ,
2502 4734 2689 4789 nescio
2719 4735 2864 4791 unde
2899 4731 3204 4802 contigerit.
3239 4729 3383 4802 quod
3429 4728 3483 4782 in

1889 4830 2001 4887 sola
2052 4828 2280 4885 ecclesia
2326 4826 2509 4881 amisit
2546 4840 2689 4890 eam,
2728 4824 2805 4880 ita.
2839 4838 2899 4883 ut
2938 4840 3038 4894 ego
3077 4823 3307 4879 viderim
3345 4820 3492 4893 quod

1890 4931 2192 4996 priecentor
2236 4930 2293 4976 et
2335 4921 2608 4975 armarius
2657 4920 2891 4979 necdum
2945 4916 3159 4989 quidem
3196 4914 3492 4972 admodum

1889 5028 2080 5079 senex,
2126 5011 2501 5068 duodecimam
2557 5010 2813 5067 habuerit
2869 5012 3196 5072 lectionem,
3249 5020 3304 5066 et
3349 5004 3498 5079 ptio?

1889 5119 2162 5167 octavam.
2224 5105 2377 5173 Quod
2429 5106 2519 5174 qui
2574 5104 2812 5163 voluerit
2873 5106 3097 5165 laudet,
3150 5115 3179 5153 a
3231 5099 3500 5170 parvitate

1889 5201 2071 5256 adhuc
2108 5213 2227 5252 mea
2277 5197 2559 5268 ignoratur
2604 5204 2889 5269 quomodo
2923 5199 2996 5257 sit
3040 5194 3267 5264 dignum
3294 5202 3353 5248 ut
3380 5188 3501 5241 lau-
