4040 5298
473 381 580 435 739
612 380 614 382 ⁷

1539 380 1670 437 UDA
1681 379 1858 436 LllTCl
1882 378 2376 438 CLU‘NIACENSIS
2397 379 2584 440 MONA
2593 381 2702 437 {Illi

3631 391 3730 446 τιι)

480 510 632 551 more
681 504 867 550 nostro
917 490 1154 552 dcca‘uOs
1195 495 1549 567 appellamus.
1602 499 1676 554 De
1709 501 1960 568 quarum,
2003 509 2058 552 ut
2091 505 2136 561 Α
2167 499 2346 554 cibum
2388 511 2435 554 et
2470 512 2654 570 potum
2693 501 3057 568 ailtninistrat,
3105 520 3379 576 nunquam
3413 505 3464 562 in
3495 509 3607 564 sola
3643 528 3733 566 ca-
3809 548 3814 552 -

480 589 552 643 ita
585 586 838 653 dixerim,
876 587 990 658 lege
1021 589 1278 658 singulari
1309 597 1365 642 ιιι
1392 588 1570 658 aliqua
1603 589 1864 655 referam;
1898 601 2056 659 quot-

479 687 612 748 quot
637 685 762 733 sunt
785 693 1012 746 quorum
1040 677 1346 732 obedientia
1372 678 1476 732 sila
1504 688 1587 733 est
1616 679 1754 734 infra
1778 681 1878 734 iter
1899 680 2059 734 diuti-

479 769 582 824 dia:
610 769 734 834 diei,
765 769 907 822 omni
940 766 1178 823 Sabbato
1201 769 1268 822 ad
1298 769 1685 823 monasterium
1717 778 1840 824 ante
1866 782 2058 838 vespe-

479 877 570 917 ras
598 874 887 916 occurrere
915 858 1150 925 debent;
1185 875 1307 914 nam
1343 875 1442 916 nec
1487 861 1693 918 lavatos
1729 877 1937 932 pannos
1979 863 2060 915 in-

478 956 668 1021 duunt,
709 970 806 1010 nec
843 969 901 1010 se
945 955 1237 1024 aliquando
1264 956 1459 1010 radunt
1496 966 1692 1026 pra:ter
1717 957 1810 1012 ibi.
1846 957 1923 1012 Eo
1949 956 2055 1022 die,

407 1097 416 1101 -
477 1064 586 1118 quo
632 1047 888 1109 veniunt,
935 1053 1057 1117 post
1099 1046 1339 1117 singulas
1385 1047 1547 1103 horas
1587 1057 1712 1103 ante
1761 1048 1969 1103 faciunt
2003 1057 2058 1103 et

478 1151 649 1204 retro,
688 1149 742 1195 et
777 1139 1002 1194 dicenda
1043 1147 1126 1194 est
1161 1153 1258 1209 pro
1296 1139 1375 1194 eis
1411 1154 1514 1192 una
1547 1139 1705 1195 simul
1736 1154 1858 1194 eum
1887 1139 2057 1194 versi-

478 1232 600 1287 culo
645 1233 904 1299 colleeta,
942 1231 1282 1300 Omnipotens
1311 1233 1620 1300 sempiterne
1656 1231 1820 1296 Deus,
1856 1242 2058 1285 nostro-

478 1343 594 1381 rum
637 1337 927 1397 temporum
966 1328 1184 1397 rita'que
1221 1326 1521 1396 dispositor,
1553 1334 1684 1390 etc.,
1717 1323 2052 1390 Quwsumus,

479 1421 800 1491 omnipotens
850 1421 1020 1488 Deus,
1064 1432 1116 1476 ut
1165 1421 1245 1475 h's
1277 1421 1509 1489 famulis,
1542 1429 1673 1486 etc.,
1717 1418 2056 1488 Omnipotens

477 1514 784 1583 sempiterna
808 1513 966 1578 Deus,
998 1514 1242 1567 miserere
1271 1514 1351 1566 his
1383 1511 1618 1583 fontalis,
1651 1522 1778 1575 elc.;
1807 1518 1860 1564 et
1887 1508 2072 1564 νει-εἰο-

479 1605 584 1659 culi
609 1605 699 1676 qui
725 1606 1126 1676 praemittuntur
1150 1613 1274 1659 sunt
1296 1605 1422 1658 duo.
1447 1603 1678 1667 Primus,
1709 1600 1894 1657 Salvos
1923 1601 2054 1669 fac.;

479 1697 770 1762 secundus,
819 1696 1129 1751 Convertere
1172 1695 1412 1761 Domine,
1456 1695 1560 1760 vel,
1607 1692 1740 1748 Ecce
1777 1709 1937 1763 quant
1967 1700 2057 1746 bo-

479 1804 639 1851 num,
670 1786 788 1851 vel,
821 1786 972 1840 Beati
1002 1787 1092 1858 qui
1139 1786 1392 1840 habitant.
1440 1786 1544 1842 Pro
1585 1785 1783 1857 quibus
1830 1781 2053 1837 collecta

2165 592 2319 645 misia
2345 592 2711 655 administrat,
2729 593 2810 648 vel
2838 595 2887 648 in
2913 595 3264 652 l‘emoralibus
3280 597 3430 665 solis,
3451 601 3550 656 nisi
3575 603 3732 658 etiam

2163 679 2335 746 froco,
2389 683 2469 738 vel
2517 684 2750 754 pellicia,
2780 693 2835 742 et
2859 685 3048 757 caligis
3075 688 3148 743 sit
3178 689 3430 744 amictus.
3461 690 3542 746 Ad
3579 707 3731 762 quem

2161 773 2326 826 etiam
2353 773 2494 826 inter
2519 775 2907 830 comedendum
2937 779 2982 831 si
3009 778 3136 847 quid
3163 778 3403 834 breviter
3426 781 3622 838 dixerit
3644 799 3739 853 pro

2161 860 2247 916 his
2277 877 2397 930 qua:
2438 863 2504 916 ad
2544 878 2784 932 priescns
2827 879 2962 935 Opus
2986 863 3363 935 habuerit,de
3390 870 3492 924 alia
3532 871 3738 942 loquela

2161 959 2341 1007 tamen
2406 953 2646 1024 longiore
2689 966 2867 1011 cavet.
2914 957 3221 1028 Antequam
3274 961 3548 1029 comedat,
3594 962 3739 1019 dicto

2159 1057 2317 1098 versu
2347 1044 2543 1115 legitur
2563 1061 2778 1116 quoque
2802 1047 3005 1119 aliquid
3029 1050 3094 1104 de
3119 1060 3309 1106 sancta
3333 1052 3632 1123 Scriptura,
3655 1057 3739 1110 vel

2159 1150 2258 1204 per
2299 1136 2487 1201 alium,
2527 1138 2612 1192 vel
2651 1153 2748 1208 per
2785 1140 2982 1207 ipsum,
3012 1137 3150 1196 etin
3182 1142 3287 1197 fine
3315 1144 3562 1200 similiter
3590 1155 3742 1202 ante-

2157 1240 2320 1294 quam
2348 1238 2534 1296 surgat
2561 1238 2683 1298 post
2712 1231 3120 1286 contestionem.
3152 1231 3255 1288 Pro
3282 1234 3426 1289 nullo
3450 1237 3739 1294 commisso

2159 1334 2484 1390 quemquam
2539 1324 2792 1378 verberat
2839 1340 3061 1380 suorum
3123 1327 3571 1386 domesticorum.
3623 1331 3738 1387 Non

2159 1420 2313 1468 caret
2343 1427 2576 1482 unquam
2609 1414 2926 1470 testimonio
2951 1416 3176 1473 alterius
3202 1417 3410 1485 fratris,
3443 1423 3535 1490 qui
3557 1438 3739 1478 secum

2153 1501 2356 1571 jugiter
2384 1513 2644 1560 moretur.
2665 1505 2723 1561 Si
2751 1523 2858 1576 qna
2893 1507 3092 1564 femina
3126 1511 3191 1566 de
3211 1510 3316 1568 alio
3346 1513 3466 1569 loco
3497 1515 3621 1570 talis
3649 1531 3742 1572 su-

2159 1596 2484 1663 pervenerit,
2536 1597 2620 1652 cui
2666 1598 2964 1668 hospitium
3016 1617 3218 1671 negare
3259 1619 3366 1660 non
3419 1606 3612 1676 possit,
3645 1622 3740 1663 ne-

2157 1699 2438 1756 quaquam
2474 1702 2596 1742 cum
2630 1703 2692 1743 ea
2726 1688 2877 1745 sedet
2904 1689 2970 1744 ad
3000 1705 3162 1745 unam
3192 1691 3456 1759 tabulam;
3483 1695 3550 1750 de
3580 1710 3742 1750 manu

2158 1790 2372 1848 quoque
2414 1777 2629 1835 femina:
2677 1781 2809 1835 nihil
2850 1797 3086 1853 unquam
3128 1785 3343 1854 accipit.
3385 1785 3546 1842 Omni
3603 1797 3743 1844 tem-

480 1847 656 1934 trihus
708 1847 922 1933 vicibus
971 1847 1112 1932 dicta
1171 1877 1359 1944 fuerit,
1407 1847 1618 1948 quarta
1653 1877 1773 1931 vice
1829 1889 1933 1929 non
1975 1880 2059 1928 est
2091 1847 2130 1906 Β
2161 1847 2295 1938 pore
2326 1879 2609 1942 postquam
2642 1887 2746 1928 nox
2797 1872 2980 1939 fuerit,
3014 1875 3115 1930 nisi
3159 1876 3339 1947 aliqua
3375 1878 3464 1934 tali
3498 1883 3744 1937 necessi-

481 1967 788 2034 dicendum,
843 1969 946 2024 nisi
997 1968 1278 2025 versiculis
1329 1968 1623 2038 praemissis
1667 1967 1872 2037 absque
1919 1963 2062 2019 salu-

480 2062 719 2129 tatione,
764 2062 1078 2118 Misercntnr
1131 2063 1287 2117 vestri
1333 2061 1655 2130 omnipotens
1708 2059 1865 2113 Deus.
1909 2055 2060 2124 Quod

483 2164 662 2209 tamen
709 2169 807 2209 nec
851 2153 1050 2208 domno
1091 2153 1271 2207 abbati
1330 2165 1566 2220 unquam
1610 2164 1709 2205 nec
1739 2148 1930 2218 priori.
1964 2145 2065 2200 Mi-

480 2249 685 2318 graturi
719 2257 840 2318 post
865 2247 1071 2302 finitam
1109 2245 1404 2317 quamlibet
1427 2245 1613 2300 horam
1640 2243 1848 2300 elevata
1877 2255 2060 2304 manu,

479 2348 535 2393 et
581 2340 735 2410 signo
785 2339 963 2394 crucis
1006 2353 1128 2392 cum
1178 2352 1240 2391 ea
1277 2347 1466 2392 contra
1502 2336 1778 2393 dominum
1815 2333 2061 2389 abbatem

483 2435 566 2490 vel
614 2437 848 2508 priorem
897 2436 1080 2499 facto,
1125 2434 1196 2489 ita
1245 2440 1432 2504 petunt
1471 2429 1746 2486 licentiam
1795 2424 2061 2488 abeundi;

481 2545 587 2600 quo
631 2539 902 2585 annuente
943 2539 997 2584 et
1044 2527 1150 2582 illis
1179 2541 1368 2581 rursus
1404 2537 1462 2578 ut
1502 2523 1671 2578 moris
1699 2528 1805 2586 est,
1843 2519 1908 2573 ad
1937 2532 2064 2588 gra-

483 2625 611 2676 dum
634 2621 1043 2683 inclinantibus,
1068 2618 1414 2690 prosequitur
1437 2615 1694 2670 sacerdos
1719 2612 1802 2666 his
1829 2610 2064 2665 versicu-

483 2715 580 2782 lis,
639 2731 811 2787 eaque
849 2715 1119 2770 collecta:
1168 2712 1353 2768 Salvos
1387 2709 1471 2779 {ac
1516 2725 1711 2771 servos,
1751 2714 1882 2770 etc.,
1919 2702 2066 2756 Mitte

483 2811 578 2872 eis,
616 2818 747 2871 etc.,
775 2808 989 2871 Adesto,
1015 2805 1258 2868 Domine,
1283 2798 1746 2873 supplicationibus
1775 2794 1990 2858 nostris,
2018 2802 2066 2846 et

483 2899 622 2952 viam
653 2899 806 2969 fam.,
832 2907 937 2953 etc.
963 2895 1065 2962 Qui
1090 2910 1195 2950 non
1220 2893 1318 2949 nisi
1347 2906 1506 2946 unam
1527 2897 1738 2944 noctem
1767 2886 1900 2941 foris
1923 2885 2070 2939 clan-

484 2998 657 3045 strum
689 2998 991 3054 morantur,
1018 2997 1238 3058 propter
1266 2987 1405 3041 hanc
1437 2983 1609 3038 solam
1642 2995 1742 3036 nec
1765 2994 1890 3034 cum
1921 2977 2070 3032 abie-

485 3082 616 3149 rint,
663 3095 763 3137 nec
804 3081 928 3136 cum‘
963 3079 1246 3145 redierint,
1276 3078 1479 3132 habent
1500 3074 1804 3131 collectam.
1833 3070 1987 3138 Quod
2019 3068 2066 3124 si

484 3173 724 3230 venienti
747 3172 1037 3244 contigerit
1059 3181 1117 3226 ut
1134 3171 1253 3242 ipso
1274 3169 1362 3226 die
1382 3182 1570 3224 rursus
1592 3166 1774 3229 abeat,
1795 3171 1847 3218 et
1870 3162 1922 3216 in
1949 3175 2066 3216 cra-
2095 3194 2138 3254 Ο

485 3267 629 3321 stino
664 3267 866 3329 redeat,
903 3275 1032 3320 tunc
1071 3265 1119 3319 ei
1152 3279 1257 3318 non
1291 3259 1630 3318 subtrahitur
1665 3256 1804 3327 quod
1847 3254 2068 3309 habuis-

485 3368 568 3414 set
615 3359 668 3414 in
715 3359 897 3429 priore
939 3357 1060 3424 die,
1089 3356 1132 3413 si
1165 3355 1539 3412 remansisset.
1582 3347 1736 3419 Quod
1768 3347 1813 3401 si
1846 3346 1953 3401 duo
1981 3342 2068 3399 vel

483 3450 668 3520 plures
702 3451 810 3506 sint
833 3450 1157 3520 perrecturi,
1183 3455 1238 3503 et
1260 3456 1384 3502 ante
1405 3442 1708 3514 generalem
1724 3438 1952 3494 fratrum
1981 3450 2066 3536 re-

481 3538 772 3601 fectionem
800 3582 815 3604 ,
848 3540 932 3595 vel
971 3547 1160 3609 postea
1190 3553 1312 3592 cum
1343 3533 1704 3592 servitortbus
1731 3533 2029 3585 comessuri
2050 3563 2067 3590 ,

483 3645 824 3703 nequaquam
858 3634 1049 3686 sedent
1080 3628 1146 3684 ad
1177 3642 1338 3682 uuam
1367 3639 1633 3689 mensam,
1660 3622 1762 3678 sed
1777 3618 2070 3689 unusquis~

483 3736 590 3790 que
629 3724 683 3776 in
716 3723 844 3777 sede
865 3737 962 3776 sua
994 3721 1145 3776 sedet
1172 3727 1396 3790 propter
1420 3718 1724 3773 cautionem
1752 3712 2066 3782 disciplinae,

485 3825 589 3866 nec
633 3811 868 3865 comedit
904 3825 1141 3880 unquam
1187 3810 1392 3878 absque
1435 3813 1734 3869 conventu,
1778 3803 1880 3858 nisi
1922 3800 2071 3872 prius

487 3901 764 3970 acceperit
809 3900 1267 3954 benedictionem.
1309 3898 1367 3952 Si
1407 3897 1532 3967 quis
1572 3897 1683 3966 jam
1726 3893 1794 3948 de
1832 3893 2070 3947 claustro

488 3995 716 4059 exierit,
755 4002 810 4048 et
840 3993 908 4046 ad
940 3993 1041 4047 hoc
1083 4007 1142 4047 se
1176 3991 1582 4062 prmparaveril,
1615 3999 1674 4042 ut
1705 3987 1850 4042 illico
1880 4001 2070 4042 ascen-

487 4088 582 4143 dat
621 4101 785 4158 super
814 4101 1032 4157 equum,
1083 4085 1126 4140 si
1173 4084 1414 4139 evenerit
1443 4091 1501 4137 ut
1527 4083 1737 4152 signum
1780 4079 1965 4132 audiat
2004 4077 2071 4131 ad

485 4180 651 4235 ullam
711 4179 900 4233 horam
946 4175 1274 4248 regularem,
1305 4185 1360 4229 et
1389 4173 1564 4228 adhuc
1599 4171 1803 4242 positus
1831 4171 1902 4223 sit
1929 4169 2071 4223 intra

487 4282 637 4344 septa
673 4271 1023 4335 monasterii,
1051 4267 1404 4324 armamentis
1430 4265 1532 4320 viae
1557 4263 1812 4334 depositis
1840 4261 2070 4317 reverti-

486 4375 577 4421 tur
620 4366 689 4421 ad
733 4367 942 4424 horam.
993 4379 1090 4419 nec
1116 4362 1395 4434 praesumit
1441 4361 1636 4416 iterum
1682 4359 1743 4422 D.
1785 4357 1960 4412 abbati
1991 4353 2071 4408 vel

485 4457 656 4529 priori
691 4471 796 4511 non
826 4455 993 4525 loqui,
1017 4454 1100 4510 vel
1131 4456 1336 4524 absque
1364 4452 1482 4523 ejus
1523 4450 1735 4508 licentia
1767 4449 1936 4504 exire.
1967 4446 2074 4502 Sn-

487 4563 586 4619 per
607 4547 869 4603 caballum
895 4562 1237 4613 ascensurus,
1261 4547 1412 4617 prius
1438 4559 1662 4614 cappam
1691 4541 1887 4605 induit,
1909 4555 2070 4611 quam
2103 4537 2151 4597 D

489 4639 730 4692 froccum
759 4640 993 4711 corrigia
1024 4638 1342 4709 przccingat.
1387 4636 1608 4691 (laballo
1655 4649 1754 4690 suo
1796 4649 2075 4703 nunquam

485 4729 647 4788 fre-tta
699 4731 906 4786 relaxat
955 4732 1021 4786 ad
1063 4731 1415 4792 currendum,
1465 4743 1563 4784 nec
1615 4729 1728 4798 ipse
1774 4727 1939 4798 pedes
1981 4743 2078 4779 un-

488 4840 648 4896 quam
683 4823 873 4886 ειη-ιιι,
923 4823 1023 4877 nis:
1071 4832 1291 4892 propter
1338 4823 1472 4875 duas
1510 4835 1634 4875 res:
1669 4829 1886 4890 propter
1935 4833 2079 4872 mor-

490 4926 641 4970 tuum
688 4925 744 4971 et
791 4914 1124 4972 incendium.
1176 4913 1231 4966 In
1275 4913 1359 4967 via
1398 4912 1624 4981 positus,
1669 4911 1713 4965 si
1749 4919 1832 4964 est
1869 4910 2076 4979 privata

488 5007 625 5074 dies,
665 5017 717 5063 et
762 5006 1068 5078 huiusmodi
1108 5006 1161 5062 in
1201 5019 1309 5074 qua
1358 5005 1424 5056 ad
1461 5003 1699 5072 singulas
1729 5001 1892 5056 horas
1922 4999 2076 5055 venia

489 5107 567 5138 ne!
607 5100 835 5138 notanda
922 5101 1036 5138 ineo
1067 5113 1280 5138 ηηηηηϐὶ
1311 5096 1527 5138 nllnluln
1558 5094 1852 5138 nnmnlilml
1890 5095 2074 5138 Imer

2164 1969 2275 2016 tate
2313 1963 2626 2020 imminente
2665 1975 2719 2020 et
2747 1966 3108 2036 impediente,
3152 1969 3390 2040 alioquin
3439 1975 3740 2043 completo-

2163 2053 2302 2109 rinm
2333 2055 2560 2113 ulterius
2590 2071 2694 2112 non
2727 2057 2931 2124 differt,
2961 2059 3006 2114 si
3033 2069 3117 2115 est
3141 2061 3350 2116 cuculla
3380 2073 3593 2129 exutus,
3627 2067 3749 2120 nn?-

2165 2145 2274 2201 lum
2309 2149 2534 2204 verbum
2567 2149 2694 2205 facit
2731 2159 2840 2205 tam
2885 2151 2937 2205 in
2985 2163 3142 2209 nocte
3187 2169 3347 2224 quam
3399 2158 3451 2210 in
3500 2159 3607 2214 die.
3640 2159 3748 2214 ΟΞ)-

2166 2249 2348 2295 servat
2382 2242 2550 2296 etiam
2587 2257 2654 2297 ne
2697 2259 2969 2313 quoquam
2998 2255 3165 2314 ponat
3191 2261 3310 2302 eam
3351 2249 3439 2304 ubi
3473 2265 3500 2303 a
3535 2266 3594 2305 se
3627 2251 3743 2306 lon-

2166 2332 2286 2403 gius
2333 2333 2404 2388 sit
2442 2343 2690 2404 separata
2741 2350 2903 2405 quam
2954 2337 3168 2392 cubitus
3215 2355 3374 2397 unus.
3426 2341 3483 2396 Si
3529 2353 3749 2414 propter

2167 2423 2400 2479 calorem
2416 2424 2622 2480 frocum
2651 2427 2954 2491 exuerit,in
2983 2429 3190 2484 cuculla
3205 2431 3394 2487 sedere
3412 2435 3628 2503 pulerit,
3646 2436 3742 2490 sed

2171 2515 2241 2568 ita
2285 2523 2344 2568 ut
2385 2531 2486 2572 nec
2528 2517 2818 2586 guuellam,
2868 2535 2968 2575 nec
2999 2520 3267 2589 pellicium
3309 2526 3500 2581 subtus
3526 2527 3747 2595 habeat,

2169 2621 2269 2661 nec
2310 2607 2457 2662 aliud
2503 2609 2798 2679 quidquam
2829 2625 2989 2680 quam
3021 2613 3344 2669 stamineum
3391 2631 3572 2674 suum.
3604 2618 3748 2675 Nihil

2169 2712 2292 2753 cum
2337 2699 2555 2769 ingenio
2584 2699 2849 2766 lucratur,
2880 2703 3004 2772 nisi}
3026 2719 3188 2775 agros
3217 2714 3274 2760 et
3309 2707 3497 2764 vineas
3524 2710 3752 2782 diligen-

2172 2800 2255 2844 ter
2279 2801 2524 2856 exercet,
2566 2801 2622 2848 et
2651 2793 2750 2846 alit
2781 2808 2978 2864 pecora
3017 2805 3066 2851 et
3097 2795 3364 2865 jumenta.
3406 2799 3551 2854 Nihil
3591 2801 3752 2857 habet

2170 2883 2566 2950 absconditum,
2611 2901 2711 2940 nec
2751 2887 2805 2942 in
2853 2889 3430 2948 domumcxtraneam
3475 2910 3752 2952 commen-

2170 2974 2374 3041 datum,
2405 2977 2547 3046 quod
2586 2994 2615 3030 a
2658 2980 2860 3035 nostris
2905 2981 3198 3052 majoribus
3234 2986 3456 3042 omnino
3498 2996 3585 3042 est
3621 3005 3752 3044 ana-

2173 3068 2604 3124 thematizatum.
2637 3071 2804 3143 Segcs
2827 3081 2883 3128 et
2928 3075 3109 3129 vinum
3141 3079 3359 3146 quando
3386 3093 3453 3133 ex
3492 3086 3607 3134 toto
3638 3079 3751 3134 fue-

2171 3157 2244 3211 rit
2277 3157 2582 3224 collectum,
2614 3162 2780 3229 venit,
2814 3179 2879 3218 ex
2910 3178 3080 3230 more,
3116 3167 3289 3233 prior,
3321 3167 3466 3223 videt
3491 3170 3750 3241 quidquid

2171 3249 2421 3305 habuerit
2459 3251 2512 3305 in
2543 3251 2784 3318 cellario,
2817 3254 3076 3326 quidquid
3121 3256 3174 3310 iu
3216 3258 3437 3314 horreo.
3479 3258 3750 3327 Quantum

2170 3340 2384 3401 videtur
2417 3342 2644 3398 dimittit
2685 3345 2750 3398 ad
2796 3358 3162 3404 commeatum
3205 3347 3415 3418 decani,
3463 3360 3522 3405 et
3567 3350 3751 3422 hospi-

2172 3441 2282 3489 tum
2313 3437 2835 3507 supervenientinm,
2867 3452 2922 3493 et
2947 3441 3016 3496 ad
3041 3455 3178 3511 opus
3209 3442 3577 3512 agricolandi;
3609 3445 3752 3514 quod

2169 3525 2618 3595 superest,‘jubet
2654 3529 2720 3583 ad
2754 3530 3139 3584 monasterium
3176 3531 3398 3586 deferri.
3429 3533 3495 3587 Et
3519 3534 3633 3603 ipse
3656 3535 3751 3588 tle-

2169 3631 2360 3683 canus,
2387 3617 2432 3672 si
2458 3618 2748 3689 aliquando
2771 3622 3002 3690 coeperit
3027 3623 3314 3692 infirmari,
3343 3635 3399 3681 et
3429 3627 3480 3681 in
3514 3626 3753 3682 claustro

2172 3710 2336 3764 fuerit
2361 3725 2481 3765 cum
2515 3711 2636 3768 aliis
2669 3714 2925 3780 infirmis,
2959 3716 3024 3771 de
3062 3726 3262 3774 αιτιοι-ο
3299 3733 3406 3774 non
3443 3719 3756 3778 intromittit

2171 3817 2232 3858 se
2265 3803 2332 3858 de
2359 3804 2691 3871 obedientia,
2727 3823 2900 3877 usque
2945 3807 3072 3862 dum
3119 3825 3286 3865 sanus
3329 3811 3431 3876 sit;
3468 3820 3523 3866 et
3551 3811 3746 3868 itcrnu:

2171 3898 2290 3964 ejus
2315 3900 2650 3968 dispensatio
2674 3911 2785 3956 tota
2808 3913 2892 3958 est
2915 3903 2966 3958 in
2993 3919 3154 3959 manu
3177 3906 3394 3976 prioris.
3414 3907 3470 3962 Si
3494 3909 3620 3978 quis
3641 3908 3758 3978 ejus
3791 3930 3859 3972 νκ

2174 3988 2462 4044 familiaris
2489 4006 2588 4060 pro
2615 3994 2836 4064 antiqua
2865 3994 3236 4053 familiaritate
3276 3999 3572 4070 quidquam
3601 4001 3653 4056 ei
3676 4001 3759 4053 di-

2175 4081 2400 4144 rexerit,
2435 4082 2539 4136 hoc
2574 4099 2680 4138 non
2718 4085 2790 4150 ei,
2823 4087 2917 4142 sed
2959 4096 3172 4142 tantum
3203 4089 3486 4146 cellerario
3514 4105 3755 4160 praesen—
3792 4104 3798 4110 ·

2177 4181 2338 4237 tatur,
2371 4182 2429 4227 ut
2473 4189 2578 4229 non
2613 4177 2783 4247 magis
2829 4179 2876 4233 ei
2906 4194 3067 4248 quam
3096 4181 3349 4235 omnibus
3378 4181 3632 4250 expediat
3671 4182 3757 4236 in-

2177 4265 2372 4319 hrtnis.
2409 4265 2616 4333 Quibus
2645 4270 2809 4324 etiam
2839 4280 3148 4342 postquam,
3179 4271 3440 4340 quidquid
3471 4273 3563 4336 sit,
3596 4271 3760 4326 fuerit

2174 4371 2492 4426 expensum,
2522 4359 2851 4416 iutirmarius
2881 4363 3172 4417 innotescit
3200 4377 3230 4416 a
3259 4378 3366 4432 quo
3395 4372 3446 4419 et
3470 4379 3568 4433 per
3595 4380 3757 4435 quem

2176 4449 2486 4519 huiusmodi
2519 4453 2773 4509 habuerit
2800 4455 3142 4513 cbaritatem.

2785 4590 3156 4664 carur,vn

2664 4676 2738 4733 De
2776 4681 2947 4750 priore
2980 4682 3273 4738 claustrali.

2254 4812 2572 4871 ClartStralis
2599 4819 2750 4885 prior
2781 4818 3018 4875 vicarius
3057 4831 3142 4876 est
3184 4824 3408 4894 majoris
3437 4823 3638 4895 prioris
3669 4838 3766 4897 per

2183 4908 2386 4963 omnia.
2433 4906 2530 4963 llic
2577 4917 2665 4966 est
2712 4926 3036 4984 quocunque
3091 4915 3323 4969 domnus
3370 4917 3539 4973 abbas
3594 4919 3754 4988 proli-

2184 5003 2446 5064 ciscatur,
2501 5017 2827 5072 quocunque
2884 5007 3053 5074 prior.
3103 5007 3193 5076 qui
3248 5008 3300 5060 in
3349 5007 3586 5063 claustro
3623 5009 3763 5080 jugi-

2185 5101 2270 5138 lar
2299 5103 2567 5138 mnrnlltr-
2599 5103 2648 5138 nl
2689 5096 2779 5138 nni
2814 5096 3081 5138 num-inm-
3114 5097 3323 5138 nnmlnc
3362 5096 3524 5138 lmine
3554 5098 3762 5138 nmlinie
