4040 5298
231 359 322 414 τλιι

892 348 1469 410 CONSI'ETUDINES
1500 345 2039 405 CLUNIACENSES.
2067 379 2135 387 ——
2163 346 2359 403 LIBER
2393 347 2711 403 TERTIUS.

3391 347 3497 402 τις.

229 475 496 547 quomodo
554 471 814 526 inclinant
867 469 931 522 ad
980 467 1194 531 altaria,
1244 475 1298 520 et
1350 464 1415 518 ad
1468 463 1808 517 sacerdotem
1841 469 1884 527 Α
1914 470 1968 514 et
1998 462 2162 515 miztit
2195 462 2247 515 in
2295 477 2515 516 manum
2569 463 2631 516 Ι).
2678 460 2914 514 abbatis.
2943 459 3040 516 Est
3084 469 3264 516 autem
3308 459 3497 529 bujus-

230 587 320 641 per
359 583 517 637 quem
569 571 950 634 asperguntur.
996 560 1290 629 Postquam
1323 572 1511 612 omnes
1551 555 1802 619 exierint,

229 658 422 726 accipit
449 653 768 709 abseonsam
800 651 868 704 ab
901 649 1345 710 bebdomadario,
1379 663 1500 715 quze
1527 645 1806 699 candelam

231 749 455 804 interius
493 745 653 798 habet
698 757 1006 807 accensam,
1051 749 1106 794 et
1147 739 1354 809 capello
1416 739 1606 792 induto
1639 746 1808 791 totum

231 839 527 892 claustrum
578 833 890 905 perlustrat.
929 830 1114 884 Primo
1158 829 1305 882 videt
1344 828 1388 882 si
1431 827 1612 882 clausa
1655 827 1725 879 sit
1759 834 1815 880 et

231 932 486 984 obserata
524 927 718 982 domus
752 922 1204 993 eleemosynaria,
1244 921 1470 991 coquina
1524 918 1811 989 regularis,

238 1021 599 1084 refectorium,
644 1018 777 1074 cella
835 1016 1196 1078 novitiorum,
1245 1014 1289 1070 si
1344 1013 1467 1083 quis
1505 1013 1682 1067 adhuc
1719 1013 1808 1072 sit,

239 1126 284 1170 et
327 1122 550 1185 propter
604 1109 730 1181 quid
786 1117 916 1162 ante
967 1106 1281 1168 cellarium,
1343 1105 1471 1174 quid
1522 1113 1712 1172 agatur
1761 1104 1814 1158 in

251 1208 392 1261 lomo
423 1203 791 1264 infirmorum,
832 1201 875 1254 si
919 1199 1118 1254 infirmi
1149 1198 1259 1267 jam
1298 1213 1356 1253 se
1401 1197 1813 1261 collocaveriut,

230 1310 283 1353 et
312 1295 586 1368 quomodo
629 1309 689 1348 se
735 1293 993 1356 babeant,
1043 1290 1088 1345 si
1129 1290 1251 1360 quis
1285 1304 1474 1344 eorum
1510 1288 1689 1342 adhuc
1733 1301 1816 1340 re-

233 1386 501 1444 manserit
547 1386 602 1440 in
650 1382 878 1438 ecclesia
927 1381 986 1435 S.
1033 1379 1240 1445 Mariae,
1275 1377 1520 1434 ascendit
1563 1376 1820 1432 dormito-

231 1480 394 1544 rium,
417 1484 642 1547 portans
672 1487 854 1528 secum
875 1513 888 1537 ,
911 1471 954 1526 si
979 1470 1105 1541 quid
1128 1469 1267 1524 forte
1294 1469 1346 1523 in
1377 1468 1616 1522 claustro
1637 1465 1821 1534 negle~

242 1581 390 1625 ctum
443 1565 748 1629 offenderit,
782 1572 832 1618 et
885 1562 1142 1634 perspicit
1166 1575 1356 1616 omnes
1393 1559 1820 1614 necessariarum

234 1661 396 1714 sedes
439 1672 466 1711 a
524 1655 628 1709 fine
676 1667 849 1723 usque
897 1654 964 1708 ad
1011 1653 1192 1707 linem.
1238 1652 1295 1705 In
1336 1651 1422 1706 bis
1471 1651 1722 1706 omnibus
1775 1650 1821 1704 si

233 1749 364 1819 quid
405 1745 746 1818 negligentia:
781 1742 1090 1807 olfenderit,
1144 1744 1196 1796 in
1235 1740 1484 1811 sequenti
1517 1739 1604 1794 die
1642 1740 1695 1794 in
1727 1755 1821 1794 ea-

1913 555 2054 608 tnodi
2088 573 2099 606 :
2135 554 2245 622 Ego
2278 553 2444 622 frater
2478 553 2551 607 Ν.
2585 553 2748 622 offero
2783 553 2892 607 Deo
2917 563 2964 606 et
2995 555 3194 610 sanctis
3226 554 3341 624 ejus
3367 571 3496 624 apo-

1911 648 2055 700 stolis
2097 646 2254 700 Petro
2297 656 2345 700 et
2395 646 2568 702 Paulo
2599 647 2737 699 hunc
2777 663 2993 716 puerum
3033 647 3239 701 nomine
3277 645 3352 701 Ν.
3389 649 3496 703 viro

1911 749 2192 809 parentum
2218 739 2331 807 eius
2358 755 2474 792 cum
2499 738 2761 792 oblatione
2783 739 2836 792 in
2867 756 3026 792 manu
3051 749 3203 809 atque
3224 741 3494 808 petitione,

1913 832 2097 883 altaris
2149 831 2293 900 palla
2341 847 2500 884 manu
2557 831 2670 901 ejus
2719 831 2976 896 involuta,
3025 833 3095 886 ad
3131 849 3317 887 nomen
3365 851 3495 889 san-

1915 932 2115 976 ctorum
2161 939 2379 990 quorum
2425 923 2510 975 hic
2557 923 2790 991 reliquiae
2828 924 3165 977 continentur
3229 935 3276 979 et
3319 927 3499 979 domui
3541 951 3544 954 ~

1917 1014 2117 1068 abbatis
2160 1012 2229 1066 Ν.
2269 1015 2561 1083 prmseutis,
2594 1023 2746 1067 trado
2791 1032 2970 1068 coram
3021 1016 3234 1070 testibus
3289 1018 3500 1087 regula-

1919 1107 2048 1159 riter
2075 1121 2504 1176 permansurum,
2538 1106 2612 1158 ita
2657 1116 2711 1159 ut
2741 1106 2806 1160 ab
2851 1106 2952 1159 hac
2982 1106 3067 1160 die
3098 1124 3198 1160 non
3236 1108 3391 1162 liceat
3419 1108 3500 1162 illi

1919 1197 2108 1251 collum
2141 1198 2204 1252 de
2231 1198 2323 1251 sub
2344 1198 2476 1268 jugo
2506 1208 2745 1252 excutere
2783 1199 3009 1268 regulte;
3038 1199 3127 1252 sed
3154 1200 3321 1268 magis
3357 1200 3504 1270 ejus-

1921 1289 2034 1342 dem
2069 1288 2261 1359 regulte
2282 1289 2509 1358 ﬁdeliter
2537 1305 2592 1342 se
2617 1299 2893 1359 cognoscat
2920 1290 3157 1344 instituta
3185 1291 3368 1346 debere
3393 1309 3503 1346 ser-

1921 1393 2066 1443 vare,
2088 1388 2137 1432 et
2161 1379 2387 1432 Domino
2417 1395 2536 1432 cum
2567 1379 2768 1432 ca'teris
2792 1380 3022 1449 gratanti
3047 1381 3222 1434 animo
3251 1382 3499 1438 militare.

1923 1468 1992 1522 Et
2034 1478 2087 1522 ut
2133 1470 2245 1523 luet:
2277 1470 2456 1539 petitio
2486 1470 2643 1538 ﬁrma
2678 1479 3012 1538 permaneat,
3039 1485 3198 1524 manu
3235 1488 3350 1526 mea
3381 1473 3504 1526 sub-
3536 1509 3540 1514 ρ

1924 1561 2242 1630 terﬁrmavi,
2291 1563 2605 1632 testibusque
2647 1560 2847 1615 tradidi
2895 1560 3261 1616 roborandam.
3294 1562 3508 1632 Accipit

1926 1653 2040 1723 ipse
2067 1670 2200 1724 puer
2230 1668 2352 1708 eum
2385 1652 2662 1709 offertorio
2694 1661 2946 1723 patenam
2984 1660 3040 1707 et
3067 1653 3291 1708 calicem
3327 1653 3504 1709 bestia

1927 1745 2180 1815 imposita
2231 1754 2288 1800 et
2340 1745 2468 1801 vino
2515 1745 2728 1809 infuso,
2779 1754 2835 1799 et
2879 1745 2951 1799 ita
2994 1731 3242 1799 'vicarius
3288 1745 3378 1800 ille
3425 1745 3508 1800 in-

231 1839 416 1912 pitulo
437 1838 718 1894 reclamat.
744 1835 800 1889 III
829 1835 1007 1889 hieme
1036 1834 1166 1889 facit
1188 1834 1347 1888 aliam
1372 1835 1575 1888 circum
1623 1833 1690 1888 ad
1732 1833 1816 1886 iu-
1846 1839 1894 1899 B
1923 1837 2089 1891 volvit
2147 1852 2366 1893 manum
2417 1839 2570 1910 pueri
2623 1853 2746 1892 cum
2797 1837 2938 1906 palla
3007 1837 3193 1892 altaris
3215 1879 3230 1902 ν
3287 1844 3346 1890 ιιι
3396 1847 3507 1891 tam

234 1933 520 1988 tervallum
557 1931 700 2001 quod
729 1929 866 1983 solet
912 1943 1034 1983 esse
1081 1928 1225 1983 inter
1255 1935 1571 1990 nocturnos,
1616 1934 1670 1978 et
1706 1939 1821 1979 ma-

233 2026 472 2089 tutinos;
519 2029 574 2077 et
615 2021 670 2076 in
707 2019 794 2074 illa
847 2017 1046 2073 circuit
1089 2019 1253 2073 etiam
1303 2019 1486 2073 omnia
1535 2019 1673 2073 lecta
1711 2017 1822 2072 fra-

234 2125 380 2169 trum
417 2121 473 2167 et
519 2111 700 2166 omnia
743 2109 986 2166 ecclesiae
1016 2109 1233 2164 altaria.
1273 2107 1342 2166 Et
1379 2118 1440 2166 ut
1476 2110 1716 2164 breviter
1751 2110 1818 2165 de

233 2204 352 2272 ejus
399 2203 576 2258 officio
624 2201 962 2262 concludam,
1003 2201 1048 2256 si
1097 2203 1328 2257 domnus
1373 2203 1540 2258 abbas
1585 2218 1691 2257 non
1729 2203 1822 2256 ad-

233 2308 318 2353 est
361 2311 459 2350 nec
481 2296 651 2365 prior,
694 2309 800 2349 non
837 2292 1012 2347 solum
1046 2309 1237 2349 omnes
1271 2293 1685 2356 obedientiarii,
1728 2294 1820 2363 qui

233 2392 288 2446 iu
323 2389 564 2445 claustro
591 2395 746 2451 sunt,
787 2386 1048 2441 obediunt
1083 2385 1201 2455 ejus
1238 2387 1490 2456 imperio,
1529 2387 1621 2442 sed
1657 2387 1822 2441 etiam

234 2481 338 2552 ipsi
390 2481 458 2534 ad
499 2479 858 2550 quodcunque
905 2492 1040 2548 opus
1081 2477 1263 2543 fuerit,
1314 2478 1525 2533 decani.
1569 2477 1624 2532 Si
1661 2490 1822 2548 quem

236 2582 422 2625 tamen
466 2569 787 2625 monachum
833 2567 1030 2637 recipit
1059 2569 1126 2622 de
1153 2567 1260 2623 alio
1298 2568 1652 2632 monasterio,
1698 2568 1824 2622 buic

231 2663 540 2717 fraternam
575 2660 892 2716 societatem
933 2674 1034 2731 per
1076 2659 1258 2714 omnia
1314 2661 1553 2715 tribuere
1605 2659 1821 2729 poterit,

234 2761 470 2825 excepto
509 2751 767 2819 capitulo,
834 2751 977 2821 quod
1022 2750 1196 2806 solum
1243 2753 1444 2806 domno
1492 2751 1674 2806 abbati
1740 2766 1827 2805 re-

236 2853 442 2900 servat.
507 2842 684 2898 llabct
737 2851 918 2897 autem
977 2851 1033 2897 et
1079 2842 1193 2911 ipse
1242 2841 1614 2910 suﬂ'ragaueos
1664 2855 1823 2907 suos;

236 2951 409 2989 unum
461 2934 552 3004 qui
594 2933 840 3004 suppleat
876 2932 1048 2987 vicem
1087 2932 1206 3002 ejus
1243 2932 1486 2985 absentis
1516 2932 1568 2984 in
1602 2931 1828 2998 singulis

238 3042 382 3096 qum,
415 3037 474 3080 ut
507 3027 679 3094 aiunt,
718 3023 784 3078 ad
823 3037 1043 3078 manum
1080 3031 1207 3076 sunt
1243 3023 1474 3092 agenda,
1505 3023 1824 3087 cireatores,

243 3119 538 3190 magistros
562 3131 874 3189 puerorum,
897 3114 1156 3183 juvenum
1186 3113 1462 3169 custodes.

847 3224 1078 3283 CAPUT
1121 3226 1232 3280 VII.

779 3320 856 3374 De
902 3321 1264 3373 circatorilms.

313 3412 657 3467 Circatorum
717 3425 913 3465 munus
968 3418 1052 3464 est
1113 3418 1172 3463 ut
1232 3423 1423 3464 omnes
1477 3409 1832 3480 negligentias

243 3510 356 3556 tam
389 3501 643 3556 minimas
672 3497 1124 3570 quammajores,
1158 3509 1279 3568 qua:
1315 3499 1425 3553 ullo
1453 3499 1614 3554 modo
1644 3509 1832 3554 contra

240 3591 492 3645 ordinem
545 3597 772 3659 possunt
813 3587 1150 3656 contingere,
1208 3593 1418 3650 notent,
1471 3595 1527 3640 et
1579 3585 1632 3639 in
1681 3585 1826 3655 capi-

243 3681 361 3736 tulo
394 3681 733 3745 reclament;
768 3686 823 3734 et
853 3685 1141 3748 propterea
1191 3685 1361 3730 totum
1399 3675 1695 3730 claustrum
1725 3691 1832 3729 non

243 3772 446 3838 semel,
493 3773 588 3828 sed
639 3771 914 3826 multoties
972 3770 1026 3823 in
1077 3768 1163 3823 die
1209 3767 1569 3829 circumeant,
1625 3774 1687 3820 ut
1733 3781 1834 3820 nec

243 3862 398 3918 locus
437 3863 511 3918 sit
538 3877 639 3917 nec
680 3863 810 3916 liora
854 3860 906 3914 in
949 3874 1054 3929 qua
1085 3858 1258 3912 frater
1293 3857 1432 3911 ullus
1461 3871 1686 3911 securus
1715 3870 1835 3910 esse

245 3951 442 4021 possit,
476 3950 521 4004 si
573 3949 678 4003 tale
715 3948 845 4018 quid
879 3946 1235 4013 commiserit,
1274 3961 1380 4001 non
1414 3945 1744 4015 deprehendi
1781 3953 1837 3999 et

245 4057 353 4096 non
381 4039 674 4109 publicari.
719 4038 890 4108 Igitur
914 4037 1319 4100 obedientiarii,
1345 4036 1435 4106 qui
1465 4051 1572 4090 non
1606 4042 1837 4106 possunt

243 4132 500 4185 omittere
529 4138 587 4183 ut
613 4128 904 4198 aliquando
941 4127 1061 4181 aliis
1091 4126 1380 4181 silentibus
1406 4125 1476 4180 de
1512 4125 1836 4180 obedientiis

244 4223 362 4276 suis
392 4223 703 4292 loquantur,
741 4221 784 4275 si
825 4235 988 4288 quem
1019 4219 1352 4272 circulorum
1381 4216 1618 4270 viderint
1646 4230 1837 4286 super-

243 4315 469 4380 venire,
533 4315 793 4370 coutinuo
851 4319 1187 4383 assurgunt,
1259 4317 1315 4365 et
1373 4309 1685 4364 summatim
1743 4309 1838 4363 de-

247 4415 556 4462 monstrant
587 4420 707 4476 quae
751 4404 820 4459 sit
852 4404 933 4459 eis
973 4402 1272 4458 necessitas
1316 4401 1595 4470 loquendi.
1632 4401 1838 4454 Domno

249 4499 427 4554 abbati
479 4508 534 4554 et
593 4497 760 4570 priori
818 4496 891 4551 ita
945 4495 1196 4551 deferunt
1255 4494 1554 4548 eirearores
1610 4500 1670 4547 ut
1742 4507 1839 4547 ne-

249 4606 524 4661 quaquam
568 4590 786 4645 veniant
834 4588 924 4645 ubi
958 4604 1051 4644 eos
1101 4585 1352 4641 noverint
1380 4600 1532 4648 esse;
1582 4586 1728 4655 quia,
1775 4595 1836 4640 ut

255 4684 518 4754 scriptum
547 4690 631 4737 est
657 4699 670 4736 :
704 4678 829 4736 Non
859 4690 932 4735 est
963 4677 1254 4749 discipulus
1283 4693 1440 4747 super
1475 4677 1804 4746 magistrum.

841 4787 1069 4845 CAPUT
1111 4785 1244 4842 VIII.

600 4883 676 4937 De
715 4881 888 4953 pueris
925 4892 970 4936 et
1013 4895 1194 4935 eorum
1233 4879 1520 4948 magistris.

323 4974 464 5030 Puer
509 4973 600 5045 qui
657 4987 780 5027 cum
833 4971 951 5027 laici
997 4970 1083 5026 vel
1137 4968 1375 5024 clericali
1427 4970 1612 5024 babitu
1668 4972 1837 5040 venit,

255 5068 398 5122 hunc
436 5065 772 5122 camerarius
818 5063 868 5116 in
909 5061 1228 5120 vestiarium
1267 5061 1416 5116 ducit
1456 5063 1645 5116 eodem
1684 5066 1842 5122 modo

254 5158 590 5212 vestiendum
641 5170 748 5223 quo
809 5155 1032 5223 quilibet
1097 5147 1334 5206 nov-ilius
1389 5154 1638 5218 vestitur.
1707 5174 1843 5226 prae-

259 5258 341 5298 ter
369 5251 505 5298 dum!
532 5250 578 5298 ei
611 5261 715 5298 non
740 5247 1095 5298 stantiueum.
1129 5242 1225 5295 sed
1253 5259 1350 5298 Dt'o
1377 5247 1647 5298 staminea
1675 5250 1844 5298 cami-

1924 1929 2098 2000 ipsum
2141 1945 2368 2000 puerum
2399 1947 2561 2002 quam
2591 1929 2708 1999 ejus
2747 1929 3077 1985 sacrificium
3121 1928 3316 1985 oII‘erat
3359 1944 3388 1983 a
3420 1943 3508 1984 sa-

1923 2023 2144 2076 cerdote
2169 2024 2563 2092 recipiendum.
2591 2023 2784 2078 Postea
2815 2023 3059 2078 induitur
3086 2022 3329 2087 cuculla;
3357 2030 3411 2077 et
3439 2021 3508 2077 de

1922 2124 2124 2171 eaztero
2149 2117 2462 2174 benedictio
2486 2115 2605 2186 ejus
2632 2115 2882 2171 differtur
2902 2131 3071 2185 usque
3104 2115 3171 2170 ad
3208 2116 3508 2184 legitimam

1924 2216 2161 2274 aetatem,
2196 2209 2248 2263 id
2282 2218 2385 2272 est,
2423 2209 2466 2264 si
2497 2224 2603 2264 non
2647 2209 2900 2280 amplius,
2935 2208 3018 2263 vel
3046 2223 3218 2278 usque
3244 2209 3310 2262 ad
3349 2207 3534 2278 quiuy

1923 2301 2098 2356 decim
2140 2317 2312 2358 annos
2352 2303 2550 2357 aetatis.
2590 2303 2802 2358 Rursus
2843 2303 2905 2358 Ι).
2953 2302 3124 2357 abbas
3157 2317 3281 2357 com
3323 2302 3518 2357 value--

1925 2397 1994 2451 rit
2021 2411 2143 2451 eum
2166 2397 2511 2461 benedicere,
2539 2396 2708 2452 refert
2739 2396 2842 2450 hoc
2868 2394 3132 2450 fratribus
3161 2395 3212 2449 in
3247 2395 3508 2464 capitulo,

1927 2499 1981 2542 ct.
2021 2489 2134 2558 ipse
2175 2488 2391 2558 juvenis
2439 2489 2626 2543 statim
2654 2486 2868 2543 veniam
2902 2486 3068 2556 petit,
3114 2494 3170 2540 et
3212 2486 3280 2540 de
3325 2484 3530 2540 scbola

1927 2581 2208 2636 absolutus
2237 2581 2387 2635 venit
2412 2581 2478 2635 ad
2509 2582 2704 2650 pedes;
2741 2589 2920 2634 tamen
2949 2578 3018 2634 ab
3052 2578 3173 2631 aliis
3195 2579 3378 2648 pueris
3405 2592 3512 2632 non

1928 2673 2140 2728 recedit
2172 2688 2342 2744 usque
2370 2674 2436 2729 ad
2461 2674 2652 2729 boram
2681 2661 3094 2727 benedictionis.
3121 2669 3275 2726 Sicut
3299 2669 3389 2724 alii
3415 2671 3516 2724 no-

1927 2766 2068 2828 vitii,
2096 2767 2419 2835 protltetur;
2461 2765 2573 2820 sola
2611 2762 2837 2819 cucullze
2866 2763 3174 2818 benedictio
3205 2777 3311 2817 non
3353 2763 3520 2816 itera-

1930 2865 2038 2922 tur,
2062 2859 2178 2914 'nec
2215 2859 2453 2923 exuitur,
2494 2873 2595 2912 nec
2637 2856 2904 2920 induitur,
2951 2855 3054 2910 nisi
3099 2855 3239 2910 sicut
3275 2862 3328 2909 et
3367 2854 3520 2924 prius

1929 2959 2067 3004 erat.
2094 2950 2255 3006 Pueri
2283 2960 2464 3004 autem
2505 2950 2595 3018 qui
2624 2949 2828 3004 suntin
2861 2942 3132 3003 conventu
3173 2959 3384 3011 nostro,
3411 2959 3519 3000 non

1929 3040 2069 3098 ultra
2099 3043 2374 3099 senarium
2405 3041 2767 3111 protendunt,
2799 3048 2852 3096 et
2885 3053 3072 3094 eorum
3102 3039 3353 3110 magistri
3383 3047 3529 3093 sunt

1933 3135 2063 3201 duo,
2108 3137 2152 3191 si
2197 3151 2304 3190 non
2351 3134 2554 3204 plures,
2601 3142 2780 3187 tamen
2823 3147 3096 3201 nunquam
3133 3140 3256 3186 sunt
3287 3129 3515 3200 paucio-

1938 3240 2044 3281 res.
2078 3227 2319 3294 Quorum
2352 3225 2635 3295 disciplina
2672 3234 2754 3278 est
2786 3223 3118 3294 bujusmodi.
3145 3221 3331 3276 Primo
3358 3220 3522 3275 simul

1935 3319 1987 3372 in
2022 3318 2142 3376 loco
2167 3318 2472 3375 tlortnitorii
2505 3317 2713 3387 jaceat,
2762 3326 2816 3371 et
2843 3314 3054 3386 singula
3097 3329 3286 3368 eorum
3325 3313 3462 3366 lecta
3493 3327 3522 3366 a

1937 3413 2320 3484 magistrorum
2353 3423 2540 3464 eorum
2578 3409 2732 3463 lectis
2763 3417 2888 3462 sunt
2935 3407 3190 3462 discreta.
3224 3404 3414 3459 Nullus
3458 3418 3526 3460 eo

1935 3504 2073 3560 alius
2121 3504 2382 3560 accedere
2427 3501 2728 3572 praesumit.
2775 3499 2832 3554 Si
2877 3498 3000 3569 quis
3034 3513 3222 3553 eorum
3261 3512 3398 3566 opus
3425 3497 3524 3550 ba-

1935 3598 2115 3654 buerit
2145 3598 2197 3652 in
2228 3604 2387 3652 nocte
2411 3595 2478 3650 ad
2512 3593 2853 3649 necessarias
2879 3592 2979 3656 ire,
3017 3591 3171 3661 prius
3197 3590 3522 3661 magistrum

1936 3691 2111 3746 sonitu
2132 3689 2335 3744 excitat
2359 3702 2526 3758 prope
2552 3701 2611 3741 se
2634 3685 2928 3755 iacentem,
2948 3685 3038 3754 qui
3067 3699 3297 3753 surgens
3321 3697 3522 3738 accen-

1938 3784 2014 3839 dit
2039 3784 2337 3844 lucernam,
2365 3780 2532 3835 mittit
2559 3780 2610 3836 in
2635 3778 2924 3842 laternam,
2952 3792 3178 3847 surgere
3205 3775 3337 3831 facit
3359 3775 3527 3830 alium

1937 3891 2188 3946 puerum.
2221 3874 2422 3930 Eorum
2451 3872 2717 3927 alterutro
2740 3886 2958 3926 sursum
2986 3877 3203 3925 tenente
3232 3869 3525 3935 laternam,

1940 3969 2154 4024 medius
2179 3969 2324 4022 inter
2353 3965 2475 4022 illos
2500 3965 2762 4036 magister
2789 3963 3023 4028 incedit;
3048 3963 3125 4018 sic
3152 3961 3409 4016 nimirum
3435 3976 3530 4016 eos

1939 4061 2088 4117 ducit
2109 4069 2164 4118 et
2188 4059 2424 4125 reducit,
2451 4073 2552 4113 nec
2578 4056 2860 4112 candelam
2887 4055 3186 4125 exstinguit
3209 4067 3381 4123 usque
3403 4053 3529 4108 dum

1939 4155 2098 4209 ambo
2125 4152 2234 4208 sint
2261 4151 2604 4207 recollocali.
2636 4148 2772 4203 Cum
2803 4155 2984 4201 autem
3017 4146 3196 4200 cuncti
3228 4159 3289 4198 se
3314 4144 3532 4198 levave-

1939 4248 2050 4301 rint
2072 4247 2137 4301 ad
2161 4254 2483 4309 nocturnos,
2508 4250 2637 4297 eunt
2665 4239 2825 4296 simul
2855 4240 2920 4294 ad
2944 4238 3281 4293 necessarias
3302 4244 3354 4290 et
3377 4237 3531 4306 pueri

1939 4350 1992 4396 et
2021 4339 2292 4410 magistri,
2320 4345 2379 4391 ut
2403 4338 2513 4405 jam
2543 4335 2609 4390 de
2635 4333 2846 4388 duobus
2875 4331 3129 4402 praemisi.
3159 4329 3330 4384 Sedes
3367 4330 3447 4383 eis
3477 4329 3531 4382 iu

1942 4432 2121 4488 medio
2163 4430 2374 4486 duobus
2417 4426 2638 4483 circulis
2689 4425 2886 4493 ligneis
2933 4433 3059 4479 sunt
3105 4431 3443 4493 praenotataa,
3478 4421 3532 4475 in

1865 4539 1914 4600 ο
1942 4524 2138 4596 quibus
2167 4523 2248 4578 eis
2282 4519 2628 4576 venientibus
2660 4518 2840 4573 nullus
2873 4517 3034 4572 audet
3074 4524 3133 4570 ut
3179 4514 3385 4569 sedeat.
3429 4512 3534 4568 Ca-

1943 4616 2145 4688 pellum
2170 4630 2277 4670 non
2306 4614 2556 4678 induunt,
2584 4613 2724 4667 sicut
2760 4611 2875 4677 alii,
2911 4609 3012 4664 nisi
3049 4609 3286 4678 quandiu
3314 4607 3532 4672 sedent;

1945 4717 2232 4780 surgentes
2281 4715 2429 4763 stant
2476 4706 2635 4761 nudis
2693 4705 2987 4775 capitibus,
3054 4703 3288 4758 invicem
3337 4717 3536 4772 exspe-

1945 4809 2180 4856 ctantes.
2213 4797 2472 4854 Providet
2497 4813 2688 4853 eontm
2715 4798 2978 4868 magister
3001 4795 3318 4866 principalis
3348 4804 3406 4850 ut
3429 4809 3536 4848 nun

1943 4894 2098 4965 prius
2135 4893 2200 4946 ad
2225 4890 2512 4947 ecclesiam
2542 4890 2806 4946 accedant
2835 4904 2996 4961 quam
3034 4903 3226 4943 omnes
3263 4887 3542 4957 potuerint

1947 4985 2292 5048 convenisse,
2333 4993 2390 5038 et
2416 4992 2626 5051 septem
2656 4982 2901 5054 psalmos
2931 4980 3137 5036 sensim
3173 4990 3228 5034 et
3259 4981 3544 5049 diligenter

1948 5086 2223 5136 cantasse.
2258 5077 2410 5132 Tunc
2438 5079 2672 5146 primum
2705 5078 3029 5134 solemniter
3054 5076 3202 5131 venit
3227 5092 3350 5132 cum
3381 5075 3545 5131 sebo-

1947 5173 2160 5230 Iaribus
2194 5172 2307 5226 suis
2353 5179 2407 5224 et
2435 5170 2823 5237 luminaribus,
2875 5179 2931 5227 et
2973 5171 3091 5241 ipse
3131 5179 3240 5226 tres
3271 5170 3389 5225 illas
3436 5167 3546 5222 fra-

1948 5275 2094 5298 n-nm
2137 5261 2415 5298 nrolinnac
2470 5263 2759 5298 lorminnlc
2813 5277 2946 5298 nunc
3003 5275 3064 5298 nn
3118 5262 3236 5298 uina
3293 5260 3375 5298 col
3425 5267 3543 5298 nnc!
