4040 5298
465 246 569 304 755
608 248 621 257 ”

1513 241 1835 301 [TDALRICI
1870 236 2367 299 CLUNI‘ACENSIS
2407 234 2713 297 MONACIH

3633 234 3791 295 7M.

472 367 588 422 fato
622 366 811 421 eorum
854 362 1138 435 magistro,
1169 360 1337 431 virgis
1376 360 1628 414 vimineis
1659 358 1865 413 levibus
1889 366 1944 411 et
1975 365 2052 409 te-
2081 359 2127 417 Α
2160 355 2228 408 de
2256 354 2427 408 clmro
2458 354 2681 409 dextero
2710 354 2899 410 sedent
2941 352 3031 427 ad;
3050 360 3235 425 caput,
3273 353 3362 424 qui
3395 353 3463 409 de
3498 351 3737 415 sinistro,

472 458 683 513 retibus
710 456 775 511 ad
809 456 914 511 hoc
944 452 1196 524 provisis.
1229 451 1483 517 Quotidie
1529 448 1769 505 diluculo
1797 464 1919 504 cum
1945 448 2056 518 pri-

470 562 621 605 mum
656 550 711 605 in
749 548 993 604 claustro
1020 545 1387 607 consederint,
1425 552 1717 613 antequam
1754 541 1899 596 aliud
1927 540 2055 610 quid

467 639 691 707 faciam,
742 636 919 693 altiori
965 650 1095 691 voce
1137 634 1322 705 legunt
1371 643 1480 687 tres
1521 630 1775 703 psalmos,
1826 644 2054 701 quorum

471 728 688 785 initium
729 738 834 793 est,
865 727 1141 785 Miserere.
1171 735 1279 779 etc.
1319 724 1429 780 Nec
1465 724 1753 793 quisquam
1783 723 1932 792 prius
1956 736 2051 774 ve-

468 822 554 878 nit
612 823 679 876 ad
725 820 1128 876 confessionem
1180 833 1344 888 quam
1393 816 1625 871 audierit
1677 815 1776 871 hos
1823 815 2057 885 psalmos

468 917 753 971 inclinatos
781 928 924 970 esse.

524 1011 617 1066 'Ad
655 1023 846 1065 omnes
888 1008 1053 1063 horas
1099 1005 1265 1060 facies
1305 1018 1494 1059 eorum
1539 1016 1697 1057 versa
1745 1008 1829 1057 est
1864 1007 2055 1055 contra

466 1102 840 1163 occidentem,
897 1108 1160 1170 quantum
1213 1106 1363 1167 puto,
1419 1104 1478 1149 ut
1531 1094 1702 1148 videri
1761 1093 1971 1163 possint
2023 1104 2054 1145 a

466 1197 742 1270 prioribus
781 1196 871 1266 qui
922 1196 973 1249 in
1024 1193 1113 1248 illa
1148 1200 1303 1263 parte
1331 1198 1480 1245 stare
1520 1187 1715 1243 solent.
1745 1186 1879 1241 Cum
1919 1199 2053 1239 ven-

467 1297 580 1342 tum
632 1286 792 1341 fuerit
836 1284 903 1339 ad
953 1297 1177 1352 preces,
1232 1279 1487 1347 utrinque
1534 1276 1606 1331 illi
1657 1277 1765 1331 dum
1818 1274 2056 1331 minores

466 1385 687 1433 vertunt
734 1391 794 1431 se
831 1376 885 1430 iu
922 1376 1183 1437 chorum;
1243 1370 1455 1435 tertius,
1511 1368 1604 1438 qui
1656 1365 1831 1435 major
1877 1374 1962 1420 est
2001 1374 2058 1419 et

468 1472 579 1524 stat
619 1466 775 1522 altari
817 1465 1123 1537 proximus,
1172 1472 1360 1518 contra
1403 1461 1597 1522 altare,
1642 1459 1745 1514 nisi
1797 1458 1863 1512 ad
1902 1471 2056 1511 eom-

466 1562 754 1633 pletorinm
797 1568 853 1615 et
901 1558 967 1613 ad
997 1557 1251 1627 primam.
1294 1555 1446 1609 Tunc
1492 1563 1716 1625 propter
1754 1548 2053 1607 confessio-

468 1668 593 1708 nem
632 1653 739 1707 duo
778 1666 837 1707 se
866 1656 1190 1718 comparant
1227 1653 1415 1702 contra
1469 1645 1642 1699 altare
1683 1658 1846 1712 super
1888 1654 2056 1695 unum

2160 446 2223 499 ad
2248 446 2431 513 pedes.

2228 536 2455 603 Quando
2483 538 2693 609 agenda
2726 546 2805 593 est
2832 537 3109 607 processio
3138 545 3196 590 ut
3222 536 3422 606 aliquis
3449 535 3742 592 defunctus

2157 642 2186 679 a
2228 627 2359 681 foris
2396 628 2596 685 allatus
2627 630 2947 699 recipiatur,
2994 638 3117 699 post
3158 622 3527 699 crucem‘ipsi
3580 628 3739 700 primi

2156 721 2528 790 egrediuntur.
2565 722 2698 779 Cum
2739 724 2804 777 ad
2835 732 3051 795 portam
3085 723 3337 779 vestibuli
3363 723 3632 787 venerint,
3655 721 3741 777 fa-

2156 813 2292 866 ciem
2315 821 2509 868 contra
2548 813 2740 869 faciem
2782 822 2967 869 tenent
2996 827 3165 882 usque
3196 816 3321 867 dum
3350 812 3603 876 collecta,
3630 813 3740 867 Ab-
3772 864 3783 891 λ

2156 900 2321 967 solre,
2351 902 2599 969 Domine,
2635 904 2850 958 dicatur
2878 919 2908 958 a
2942 903 3155 972 priore;
3184 903 3445 957 secedunt
3464 902 3739 974 paululum

2158 1000 2212 1054 in
2245 1009 2475 1069 partem,
2503 1008 2563 1054 ut
2591 999 2828 1054 transire
2858 999 3066 1070 possint
3090 1012 3119 1051 a
3149 997 3348 1068 quibus
3377 1013 3511 1052 crux
3550 1006 3606 1053 et
3635 997 3739 1051 alia

2158 1089 2527 1160 processiouis
2556 1090 2791 1160 insignia
2818 1099 3125 1160 portantur.
3148 1088 3294 1157 Quos
3321 1088 3484 1145 etiam
3510 1104 3743 1162 sequeno

2158 1192 2239 1237 tes
2268 1196 2440 1252 usque
2476 1181 2529 1237 in
2575 1182 2832 1249 ecclesia,
2863 1181 3146 1237 dimittunt
3180 1194 3275 1235 eos
3318 1195 3485 1250 prope
3515 1181 3738 1243 ostium,
3772 1242 3777 1253 ι

2159 1285 2218 1329 ut
2248 1274 2541 1330 defunctus
2570 1273 2639 1328 ab
2667 1274 2747 1331 eis
2777 1274 3181 1338 circumstetur,
3202 1280 3253 1327 et
3285 1272 3384 1344 ipsi
3412 1272 3744 1343 protendunt

2156 1382 2329 1436 usque
2356 1368 2422 1421 ad
2446 1365 2620 1421 altare
2646 1364 2863 1423 Sancta:
2884 1365 3098 1428 Crucis,
3119 1372 3175 1418 et
3201 1361 3275 1419 ibi
3296 1370 3443 1419 stant
3464 1362 3744 1432 magistris

2158 1458 2495 1529 interpositis
2526 1458 2580 1513 iu
2610 1458 2831 1514 sinistra
2859 1466 3032 1528 parte,
3059 1472 3127 1513 ne
3156 1455 3452 1524 impediant
3489 1454 3745 1508 sacerdo-

2160 1558 2263 1605 tem
2307 1562 2656 1604 accessurum
2711 1558 2795 1604 ter
2841 1547 2910 1603 ad
2954 1548 3127 1603 altare
3166 1557 3225 1603 ut
3266 1549 3533 1603 incenset.
3587 1546 3742 1614 Quod

2157 1658 2280 1697 cum
2317 1640 2481 1696 fuerit
2508 1652 2809 1711 peractum,
2839 1651 2897 1695 et
2926 1641 3211 1698 defunctus
3245 1644 3312 1697 ad
3340 1642 3603 1699 tumulum
3632 1643 3771 1699 clad,

469 1741 761 1798 scalpellum
781 1779 795 1805 ,
844 1748 899 1794 ct
931 1710 1070 1794 unus
1114 1738 1374 1808 magister
1409 1744 1494 1792 est
1523 1734 1734 1791 medius
1752 1710 1913 1787 inter
1937 1745 2053 1794 eos,
2086 1710 2131 1768 Β
2162 1744 2272 1799 tus,
2302 1710 2625 1804 promovent
2655 1751 2713 1791 sc
2743 1750 2809 1791 ex
2839 1735 3063 1792 sinistra
3087 1736 3139 1791 in
3168 1736 3402 1792 mediam
3431 1736 3740 1801 ecclesiam,

473 1838 615 1891 sicut
644 1834 810 1889 etiam
848 1833 915 1887 ad
942 1831 1206 1897 litaniam,
1246 1838 1302 1885 et
1327 1830 1396 1885 ad
1425 1827 1669 1898 singulas
1698 1825 1973 1880 orationes
2002 1822 2056 1877 in

470 1924 810 1998 presbyterio
841 1923 1129 1995 gerendas,
1161 1930 1371 1978 etcum
1395 1919 1623 1975 dicenda
1651 1927 1735 1974 est
1761 1914 2055 1979 confessio,
2082 1964 2085 1967 .

468 2019 666 2073 tertius
693 2015 952 2072 accurrit.
991 2013 1071 2069 Ad
1109 2022 1394 2081 utramque
1429 2010 1671 2073 missam,
1718 2008 1786 2064 ad
1811 2021 1972 2079 quam
2003 2014 2058 2060 et

466 2108 680 2180 priores
718 2115 929 2162 mutant
965 2105 1169 2169 locum,
1205 2112 1427 2159 vertunt
1461 2119 1520 2158 se
1555 2114 1745 2156 onmes
1769 2100 1974 2171 pariter
2003 2099 2056 2154 in

469 2200 733 2265 chorum;
772 2205 831 2255 et
864 2196 1116 2253 similiter
1162 2197 1216 2250 in
1262 2194 1501 2250 Sabbato
1538 2194 1606 2249 ad
1652 2191 2056 2264 proccssiouem

469 2305 591 2361 qua!
620 2289 687 2346 ad
712 2303 969 2359 vesperas
1003 2296 1058 2344 et
1084 2287 1383 2342 matutinas
1408 2284 1598 2340 laudes
1624 2284 1803 2357 agitur
1828 2284 1895 2339 ad
1928 2298 2055 2339 san-

470 2390 614 2435 ctam
642 2378 894 2445 Crucem,
919 2387 970 2433 et
999 2380 1050 2434 in
1076 2378 1357 2433 duodecim
1387 2376 1709 2432 lectionibus
1728 2375 1795 2429 ad
1817 2376 2056 2439 tertiam,

469 2478 527 2525 ct
557 2471 623 2524 ad
650 2469 1078 2541 puoccssioncm,
1109 2470 1152 2524 si
1186 2484 1347 2537 quam
1377 2467 1669 2537 aliquando
1702 2465 1931 2521 facimus
1961 2481 2058 2535 pro

472 2560 652 2631 aliqua
684 2576 918 2631 persona
948 2560 1040 2614 tali
1071 2560 1353 2625 veniente;
1397 2558 1463 2614 ad
1493 2573 1653 2627 quam
1692 2558 1735 2613 si
1766 2557 2059 2627 aliquando

472 2651 661 2721 cappis
701 2652 996 2715 induimur,
1049 2652 1147 2723 ipsi
1198 2666 1303 2706 non
1353 2650 1455 2705 nisi
1508 2659 1715 2704 tantum
1747 2651 1903 2716 albis,
1936 2664 2057 2703 cum

474 2753 655 2798 tamen
705 2746 773 2799 ad
816 2744 1104 2799 missarum
1137 2744 1398 2799 solemnia
1438 2743 1483 2799 si
1518 2752 1813 2799 conventus
1843 2744 2061 2798 indutus

471 2843 556 2890 est
591 2836 797 2905 cappis,
823 2835 923 2907 ipsi
952 2851 1169 2907 quoque
1200 2835 1397 2891 tunicis
1424 2834 1615 2890 sericis
1638 2834 1952 2889 induantur.
1980 2833 2058 2887 Ad

472 2936 680 2981 secreta
728 2934 785 2981 ct
826 2943 1094 2983 cauoncm
1139 2927 1183 2980 si
1229 2934 1528 2983 conventus
1569 2935 1655 2981 est
1689 2926 1929 2991 inclinis,
1978 2927 2057 2981 vel

472 3021 640 3076 etiam
670 3020 997 3092 procumbit,
1030 3020 1131 3090 ipsi
1162 3029 1310 3075 stant
1334 3021 1522 3086 erecti,
1552 3029 1749 3091 praeter
1791 3022 1859 3076 ad
1888 3020 2055 3075 solam
2089 3060 2128 3092 ρ

475 3113 815 3168 Dominicam
855 3110 1203 3176 Orationem;
1235 3121 1291 3167 et
1324 3127 1464 3167 unus
1493 3127 1680 3168 eorum
1705 3112 1961 3182 magister
1989 3113 2062 3165 si-

474 3205 679 3260 militer
710 3216 925 3260 erectus
955 3202 1159 3275 jugiter
1199 3217 1293 3260 eos
1334 3204 1598 3260 intuetur.
1642 3202 1699 3259 ln
1744 3205 1980 3259 claustro
2008 3211 2066 3257 et

475 3295 530 3349 in
567 3294 807 3367 capitulo
834 3295 924 3350 ubi
958 3295 1150 3351 sedent
1181 3295 1410 3365 singuli,
1441 3294 1684 3367 singulos
1715 3305 1933 3350 truncos
1966 3310 2063 3364 pro

473 3389 693 3445 sedibus
734 3390 968 3452 habent,
1011 3396 1067 3443 et
1108 3388 1181 3443 ita
1223 3388 1460 3459 separati
1503 3389 1572 3443 ab
1611 3387 1840 3442 invicem
1889 3396 1947 3441 ut
1977 3386 2065 3441 ille

474 3491 580 3536 nec
614 3479 874 3535 amictum
924 3479 1154 3534 alterius
1200 3479 1383 3549 aliquo
1427 3481 1588 3535 modo
1634 3486 1839 3550 tangat.
1872 3477 1928 3532 ln
1974 3492 2065 3532 ec-

474 3568 642 3627 clesia
668 3579 752 3625 est
773 3585 961 3627 eorum
994 3570 1233 3636 diversa,
1260 3581 1484 3640 propter
1507 3570 1742 3626 scabella
1773 3583 1892 3638 qua:
1923 3583 2064 3623 nunc

476 3662 701 3724 habent,
736 3676 882 3715 nunc
908 3661 1264 3727 auferuntur;
1300 3662 1620 3718 auferuntur
1661 3662 1804 3717 enim
1853 3662 1906 3717 in
1956 3661 2066 3732 pri-

475 3751 619 3819 vatis
657 3751 850 3807 diebus
894 3752 961 3807 ad
992 3752 1197 3808 formas
1231 3762 1585 3819 transversas,
1620 3769 1785 3826 super
1819 3768 1954 3825 quas
1996 3752 2063 3809 ad

476 3857 671 3913 preces
708 3843 928 3912 quidam
978 3842 1208 3899 fratrum
1252 3848 1630 3916 procumbunt,
1680 3856 1736 3902 et
1779 3847 1847 3901 ad
1898 3847 2063 3903 hora-

477 3950 599 3990 rum
628 3935 852 3992 exordia
895 3936 1109 3993 veniam
1155 3946 1366 4008 petunt,
1409 3956 1686 4011 unumque
1726 3948 1934 3995 tantum
1973 3956 2063 3995 rc-

476 4037 662 4085 manet
709 4030 1045 4097 scabellum,
1088 4046 1255 4102 super
1302 4032 1443 4104 quod
1493 4043 1864 4090 transversum
1913 4036 2064 4091 sedet

474 4120 749 4183 maximus
788 4138 1114 4193 puerorum;
1138 4125 1240 4182 etsi
1267 4126 1511 4193 interim,
1537 4127 1663 4183 dum
1693 4137 1946 4184 cantatur
1974 4148 2059 4187 re-

474 4210 680 4280 gularis
703 4214 862 4278 hora,
880 4215 963 4269 vel
990 4217 1247 4286 qurelibet
1265 4218 1368 4273 alia
1392 4220 1712 4291 psalmodia,
1733 4223 1885 4278 sedet
1906 4239 2062 4280 versa

474 4300 618 4357 facie
642 4303 711 4357 ad
737 4304 1098 4360 occidentem.
1127 4307 1209 4362 Ad
1240 4309 1548 4376 intervalla,
1583 4320 1644 4365 ut
1676 4321 1760 4367 est
1789 4322 1909 4382 post
1942 4329 2061 4369 ma-

2160 1836 2214 1882 et
2260 1828 2437 1882 versis
2468 1828 2673 1900 jugiter
2719 1827 2786 1882 ad
2822 1827 2993 1883 altare
3038 1826 3281 1884 faciebus
3318 1828 3642 1899 antiphona:
3691 1838 3746 1884 et

2159 1918 2401 1990 psalmos
2442 1920 2747 1988 imponunt.
2780 1917 2838 1974 lu
2865 1919 3010 1975 omni
3042 1919 3389 1990 processione
3422 1936 3542 1991 qua:
3567 1920 3745 1992 agitur

2159 2024 2257 2081 per
2303 2010 2633 2079 claustrum,
2684 2018 2809 2082 post
2840 2024 3058 2067 crucem
3103 2026 3318 2082 semper
3370 2013 3648 2068 incedunt.
3689 2011 3743 2067 tu

2161 2101 2348 2157 Ramis
2385 2102 2710 2171 palmarum,
2745 2110 2802 2158 ct
2847 2102 3242 2172 Rogationibus
3285 2103 3429 2159 inter
3459 2103 3656 2159 idiotas
3690 2112 3748 2158 et

2160 2202 2436 2249 cantores.
2476 2193 2784 2265 Capitulum
2817 2208 2941 2250 eum
2989 2194 3069 2250 eis
3097 2210 3204 2250 non
3243 2202 3461 2250 tenetur
3496 2211 3549 2250 m
3588 2195 3747 2265 quin.

2159 2299 2267 2354 que
2292 2284 2444 2341 festis
2470 2282 2895 2355 principalibus,
2945 2285 2998 2340 in
3034 2284 3417 2343 Puriticatione
3444 2284 3505 2342 S.
3539 2285 3745 2353 Maria),

2163 2374 2214 2428 iu
2246 2374 2435 2431 liamis
2464 2375 2793 2445 palmarum,
2843 2384 2900 2432 et
2946 2376 3279 2432 Ascensione
3325 2376 3578 2443 Domini-,
3614 2391 3749 2447 quo.

2164 2467 2265 2522 tics
2316 2483 2375 2525 se
2417 2467 2640 2535 radunt,
2690 2469 2907 2539 quoties
2954 2469 3230 2537 balneant,
3276 2470 3488 2541 quoties
3538 2485 3749 2540 pannos

2162 2580 2290 2621 suos
2318 2564 2522 2630 lavant,
2553 2573 2610 2620 et
2653 2581 2791 2635 opus
2819 2581 3075 2621 manuum
3116 2565 3368 2632 facimus,
3413 2565 3497 2623 vel
3533 2566 3750 2636 quoties

2164 2659 2426 2715 habemus
2450 2659 2765 2715 defunctum
2791 2662 2857 2716 ad
2886 2661 3076 2716 horam
3106 2660 3326 2731 capituli
3356 2675 3546 2715 eorum
3572 2659 3753 2715 adhuc

2163 2752 2536 2818 inhumatum;
2569 2752 2742 2822 ipsum
2771 2760 2951 2808 autem
2992 2767 3180 2807 eorum
3220 2751 3512 2822 capitulum
3541 2753 3750 2822 absque

2161 2844 2513 2901 inclinatione
2563 2843 2876 2912 suscipitur,
2917 2853 3124 2898 tantum
3176 2843 3556 2899 benedictione
3612 2858 3753 2913 pra:-

2162 2938 2349 2992 missa.
2385 2935 2669 2991 Reclamat
2698 2935 2838 2992 alter
2884 2936 2951 2991 de
2987 2935 3183 3001 altero,
3221 2936 3266 2991 si
3318 2936 3425 2992 tale
3470 2936 3602 3007 quid
3653 2952 3753 2993 no-

2162 3031 2302 3085 verit
2340 3028 2409 3085 de
2464 3029 2588 3093 illo,
2640 3038 2736 3084 aut
2783 3029 2830 3084 si
2888 3029 3322 3099 deprehenditur
3364 3029 3431 3085 de
3481 3030 3753 3084 industria

2163 3120 2382 3185 celare,
2429 3119 2651 3197 vapulat
2698 3128 2810 3174 tam
2857 3119 2950 3189 qui
2998 3118 3258 3174 celaverit
3306 3133 3468 3189 quam
3518 3118 3611 3174 ille
3656 3118 3748 3189 qui

2164 3211 2408 3281 deliquit.
2446 3210 2553 3267 Sed
2605 3227 2669 3267 ea
2716 3211 2837 3266 vice
2884 3226 2989 3266 una
3033 3211 3205 3267 scilla
3240 3210 3441 3280 pulsari
3478 3211 3636 3277 solet,
3692 3220 3752 3267 ut

2166 3304 2242 3359 illi
2280 3303 2598 3368 domestici,
2628 3303 2827 3373 quibus
2856 3302 3012 3374 panis
3057 3310 3142 3357 est
3188 3302 3528 3367 tribuendus,
3562 3316 3752 3357 occur-

2165 3402 2288 3449 rant
2314 3393 2382 3448 ad
2410 3392 2824 3463 accipiendum;
2853 3408 2959 3463 qua
2991 3392 3177 3447 audita
3208 3391 3386 3448 nullus
3413 3400 3601 3463 postea
3623 3407 3753 3463 pue-

2166 3499 2347 3539 rorum
2398 3482 2639 3549 exuitur,
2680 3490 2739 3538 et
2782 3482 2960 3553 ipsum
2998 3480 3294 3553 capitulum
3331 3482 3494 3538 citius
3541 3481 3749 3539 finitur.

2164 3574 2310 3630 lnter
2336 3574 2665 3644 loquendum
2690 3590 2832 3629 nunc
2857 3574 3192 3639 cellerarius,
3217 3589 3363 3629 nunc
3407 3574 3747 3630 camerarius

2167 3665 2394 3722 veniunt
2427 3665 2495 3721 ad
2527 3680 2642 3731 eos,
2670 3674 2731 3721 ut
2754 3666 3002 3729 audiant,
3037 3665 3079 3719 si
3105 3663 3233 3735 quid
3263 3679 3399 3734 opus
3435 3663 3753 3730 habuerint,

2164 3758 2309 3830 quod
2365 3772 2463 3828 per
2513 3757 2658 3827 ipsos
2717 3756 2892 3826 possit
2950 3756 3254 3812 emendari.
3312 3756 3440 3812 Post
3489 3757 3752 3826 majorem

2165 3849 2388 3903 missam
2431 3848 2707 3917 accipiunt
2739 3846 2984 3915 mistum,
3029 3856 3125 3901 aut
3170 3848 3215 3903 si
3263 3846 3381 3903 dies
3421 3845 3638 3917 jejunii,
3668 3845 3752 3903 vel

2167 3942 2220 3996 in
2251 3942 2453 4008 hieme,
2486 3941 2720 4012 talisque
2750 3940 2867 3996 dies
2892 3940 2945 3996 in
2970 3956 3079 4012 quo
3107 3955 3214 3996 non
3248 3941 3351 3996 nisi
3382 3941 3549 3997 semel
3573 3955 3753 3998 come-

2165 4034 2345 4097 datur,
2378 4042 2513 4088 tunc
2550 4041 2673 4104 post
2704 4031 2942 4087 tertiam.
2973 4031 3018 4086 A
3065 4030 3324 4087 Kalendis
3369 4028 3626 4088 Octobris
3664 4046 3754 4087 us-

2164 4142 2272 4197 que
2308 4125 2377 4180 ad
2408 4124 2918 4196 Quadragesimam,
2950 4123 3019 4188 si,
3047 4133 3108 4178 ut
3139 4123 3273 4189 dixi,
3315 4123 3487 4179 semel
3516 4122 3755 4179 comedi-

2166 4229 2275 4285 tur,
2311 4234 2417 4275 non
2460 4226 2548 4273 est
2592 4218 2814 4272 illorum
2860 4216 3168 4287 prandium,
3214 4216 3280 4271 de
3314 4214 3430 4272 solo
3472 4229 3612 4285 pane
3658 4214 3753 4269 sed

2164 4312 2330 4366 etiam
2363 4309 2569 4380 aliquid
2617 4308 2996 4378 qualecunque
3042 4307 3141 4375 sit,
3185 4307 3473 4377 apponitur
3501 4306 3607 4361 eis.
3649 4304 3753 4360 Per

477 4394 765 4450 tutinalem
796 4396 1016 4452 missam
1048 4413 1220 4467 usque
1250 4399 1319 4454 ad
1350 4400 1669 4471 capitulum,
1706 4412 1828 4472 post
1857 4403 2062 4459 oratio-
2091 4408 2139 4467 ι)
2168 4414 2333 4459 totam
2370 4411 2612 4458 aestatem
2650 4402 2704 4456 in
2734 4400 2925 4457 diebus
2971 4400 3266 4455 Dominicis
3304 4400 3370 4455 ad
3409 4411 3625 4454 etenam
3652 4397 3751 4452 im-

478 4496 604 4536 uem
637 4485 834 4550 tertiae,
868 4487 1073 4559 majore
1100 4489 1264 4546 missa
1298 4492 1485 4545 statim
1516 4501 1905 4562 consequente,
1941 4503 2063 4564 post

476 4574 779 4629 orationem
818 4592 999 4642 nonae,
1041 4578 1306 4635 fratribus
1340 4582 1445 4637 huc
1473 4598 1645 4653 usque
1667 4582 2060 4652 jejunantibus,

478 4676 601 4735 post
644 4669 950 4724 orationem
999 4672 1408 4742 vespertinam,
1458 4676 1526 4730 ad
1575 4690 1838 4731 canonem
1897 4677 2062 4732 etiam

478 4756 679 4823 missm,
710 4760 754 4813 si
787 4762 967 4827 sedet,
997 4765 1162 4818 vertit
1191 4764 1387 4821 faciem
1418 4778 1607 4822 contra
1636 4769 1924 4825 orientem.
1958 4769 2062 4824 Alii

477 4851 655 4917 pueri,
686 4852 730 4905 si
757 4852 960 4908 habent
990 4855 1250 4923 scabella,
1280 4858 1470 4913 sedent
1499 4874 1661 4928 super
1691 4861 1781 4915 illa
1812 4864 1953 4916 versi
1985 4862 2064 4918 fa-

477 4938 615 4994 ciem
659 4942 710 4996 in
745 4944 1005 5010 chorum;
1041 4947 1085 5002 si
1121 4963 1225 5004 non
1258 4950 1483 5017 habent,
1525 4953 1715 5007 sedent
1752 4969 1915 5025 super
1950 4964 2059 5010 ter-

466 5046 594 5099 ram
626 5042 680 5087 et
706 5048 924 5104 semper
969 5039 1161 5094 eodem
1201 5041 1365 5095 modo
1409 5057 1517 5112 quo
1564 5045 1835 5099 maximus
1876 5061 2059 5101 eorum

477 5136 639 5191 super
683 5125 999 5182 scabellum.
1050 5128 1132 5183 Ad
1181 5129 1444 5189 lectiones
1497 5149 1626 5190 vero
1672 5146 2061 5192 nocturnorum

476 5213 530 5267 in
563 5214 752 5271 diebus
781 5216 932 5274 festis
961 5227 1016 5273 et
1042 5221 1274 5286 octavis,
1305 5223 1494 5279 sedent
1528 5224 1681 5293 juxta
1720 5224 1951 5280 formam
1984 5228 2065 5282 iu-

2164 4496 2417 4567 penditur
2456 4495 2565 4550 illis
2595 4492 2968 4548 misericordia
3000 4492 3066 4547 de
3103 4490 3262 4547 lacte.
3299 4488 3355 4545 Si
3395 4489 3521 4561 quis
3560 4504 3749 4544 eorum

2166 4590 2302 4645 adeo
2331 4598 2414 4643 est
2443 4602 2665 4659 parvus,
2717 4594 2779 4640 ut
2808 4600 2944 4655 opus
2985 4584 3205 4647 habeat,
3245 4582 3298 4637 in
3338 4582 3453 4651 ipso
3483 4580 3745 4645 claustro,

2164 4680 2255 4733 ubi
2290 4680 2466 4741 sedet,
2500 4682 2819 4748 apportatur
2845 4674 2895 4730 ei
2938 4673 3100 4746 panis
3140 4679 3198 4727 et
3245 4672 3450 4725 vinum.
3491 4671 3574 4725 Ad
3607 4669 3750 4723 lava.

2166 4759 2392 4831 torium,
2422 4768 2565 4823 sicut
2588 4767 2656 4822 ad
2699 4765 3065 4831 necessarias,
3093 4762 3400 4835 specialiter
3431 4759 3637 4816 habent
3674 4759 3750 4814 lo-

2166 4878 2289 4917 cum
2321 4877 2500 4917 suum.

2234 4954 2368 5010 Cum
2396 4953 2596 5009 fuerint
2624 4953 2678 5007 in
2708 4952 3019 5016 refectorio,
3050 4965 3155 5004 non
3188 4948 3451 5005 accedunt
3485 4946 3552 5000 ad
3578 4946 3740 5002 ullam

2163 5059 2409 5100 mensam
2432 5053 2558 5098 ante
2576 5059 2818 5108 versum,
2851 5044 2944 5098 sed
2970 5044 3023 5098 in
3054 5041 3230 5096 medio
3259 5039 3549 5096 refectorio
3578 5049 3745 5104 stant,

2168 5142 2267 5189 aut
2300 5134 2490 5190 sedent
2534 5149 2654 5188 eum
2707 5133 3003 5204 magistris,
3052 5145 3224 5199 usque
3266 5131 3393 5185 dum
3427 5131 3613 5185 veniat
3657 5132 3745 5200 qui

2165 5240 2420 5281 sessurus
2443 5233 2523 5278 est
2549 5224 2617 5279 ad
2658 5224 2889 5278 scillam.
2931 5223 3034 5276 Per
3072 5235 3285 5275 mensas
3329 5230 3455 5274 sunt
3484 5220 3667 5283 divisi,
3693 5230 3745 5274 et
