4040 5298
241 243 346 298 7ιὸ

983 239 1557 301 CONSUETUDINES
1586 241 2125 298 CLUNtAhElVbLb.
2149 273 2217 284 --
2254 245 2456 299 ιιιςιιι
2479 245 2794 301 Nubilus.

3391 250 3496 308 7th

240 357 428 412 raliter
451 357 643 422 datur;
676 365 732 411 et
759 356 804 412 si
832 357 960 427 quid
1001 358 1082 414 eis
1107 359 1336 414 domnus
1381 352 1547 411 abbas
1583 355 1816 420 miserit,
1845 359 1894 421 Α
1921 352 1990 409 de
2021 368 2208 411 carne.
2258 355 2316 410 in
2362 355 2600 426 capitulo
2627 371 2725 427 pro
2767 357 3083 416 excessibus
3107 359 3245 428 suis,
3293 377 3490 433 nequa‘

237 445 322 500 vel
353 444 669 499 cellerarius
708 444 938 511 dederit,
985 447 1132 502 solus
1172 445 1262 501 ille
1288 459 1422 516 puer
1466 444 1558 516 qui
1595 452 1704 499 stat
1748 445 1817 499 ad

239 549 482 589 mensam
527 533 927 604 principalem,
975 535 1019 590 si
1062 537 1111 591 ei
1169 550 1199 589 a
1257 535 1456 590 domno
1491 535 1684 590 abbate
1732 532 1816 588 vel

237 627 419 695 priore
465 624 710 680 innuitur
741 627 982 680 scutellis
1011 626 1116 698 [se]
1139 640 1274 696 opus
1304 626 1523 692 habere,
1547 627 1718 696 pergit
1747 631 1816 686 ad

235 717 580 785 magistrum,
625 724 680 769 et
716 716 806 772 ille
852 732 1081 788 surgens
1115 717 1340 786 requirit
1369 717 1435 772 de
1469 720 1722 789 coquina,
1759 733 1816 777 et

234 809 387 876 ponit
411 819 536 862 ante
565 821 790 873 puerum
821 818 879 862 ut
913 823 1006 864 eas
1039 815 1308 878 apportet,
1342 823 1439 879 per
1460 824 1621 878 quem
1650 811 1814 866 etiam

233 901 430 970 cuique
457 901 601 969 quod
648 901 879 956 voluerit
916 902 1102 972 dirigit
1138 902 1230 972 qui
1284 903 1438 957 sedet
1480 904 1546 957 ad
1579 905 1809 960 scillam.

233 993 284 1048 is
318 994 556 1063 denique
582 1007 718 1064 puer
738 1003 961 1063 propter
993 995 1257 1065 hospites,
1279 996 1370 1064 qui
1393 995 1462 1051 ad
1487 996 1634 1051 illam
1663 1013 1818 1054 men-

234 1102 353 1142 sam
384 1086 722 1156 frequentius
755 1091 962 1154 sedent,
1006 1089 1142 1144 duos
1183 1097 1361 1159 portat
1381 1090 1588 1161 jngiter
1616 1092 1811 1147 cultel-

237 1178 339 1233 los.
372 1177 428 1233 Si
460 1179 583 1248 quis
608 1194 799 1234 eorum
846 1181 915 1234 ita
943 1180 1252 1236 infirmatur
1280 1190 1338 1236 ut
1365 1197 1471 1237 nou
1506 1185 1642 1239 bene
1669 1195 1815 1240 stare

234 1275 427 1343 possit,
456 1274 582 1330 huic
611 1276 795 1346 priore
824 1279 1198 1331 consentiente
1227 1293 1256 1331 a
1288 1279 1543 1348 magistro
1571 1282 1812 1336 mensula

236 1382 292 1427 et
333 1374 587 1443 mappula
617 1375 955 1444 providetur,
993 1387 1053 1430 ut
1095 1377 1293 1431 ibidem
1337 1379 1519 1434 sedeat
1548 1378 1636 1434 ubi
1667 1391 1812 1437 stare

237 1463 466 1517 solebat.
511 1463 640 1518 Post
683 1466 968 1534 prandium
1007 1467 1091 1522 vel
1122 1482 1335 1523 coenam
1369 1472 1573 1539 pariter
1604 1487 1810 1527 exeun-

238 1560 336 1615 tes,
373 1552 516 1606 inter
543 1549 846 1624 utrumque
869 1557 1096 1611 chorum
1143 1559 1303 1613 medii
1344 1561 1658 1628 procedunt,
1692 1573 1811 1631 post

236 1657 466 1707 nonam,
525 1659 646 1699 cum
699 1645 896 1702 fratres
947 1649 1175 1714 bibunt,
1214 1660 1269 1704 et
1315 1652 1380 1704 ad
1432 1653 1804 1719 collationem,
1838 1691 1883 1750 Β

234 1741 536 1808 novissimi,
575 1749 629 1798 et
668 1754 794 1800 ante
839 1747 1096 1802 domuum
1130 1750 1378 1804 abbatem
1421 1751 1505 1806 vel
1548 1754 1804 1821 priorem.

304 1832 532 1898 Quoties
566 1837 893 1904 generaliter
923 1839 1208 1894 ecclesiam
1252 1840 1476 1905 intrant,
1506 1842 1711 1898 intrant
1741 1845 1808 1899 ad

235 1922 562 1979 orientalem
592 1926 826 1997 plagam,
866 1938 920 1983 et
953 1940 1250 1987 conventus
1297 1933 1363 1987 ad
1391 1935 1804 1992 occidentalem.

236 2013 390 2067 Nulla
421 2017 578 2081 hora,
609 2018 752 2072 nulla
797 2021 1022 2077 refectio
1066 2023 1335 2093 generalis
1372 2025 1660 2081 inchoatur
1688 2027 1810 2082 abs-

236 2125 341 2177 que
373 2111 497 2176 illis,
528 2113 632 2168 nisi
671 2115 848 2170 adsint
870 2116 952 2171 vel
981 2117 1107 2171 duo.
1142 2118 1460 2190 Ubicunque
1489 2123 1810 2179 transierint

235 2215 332 2268 per
361 2203 681 2270 claustrum,
718 2206 920 2262 fratres
963 2217 1155 2263 contra
1195 2225 1291 2265 eos
1323 2211 1719 2281 aliquantulum
1748 2231 1807 2272 se

233 2293 438 2360 levant,
479 2307 533 2351 et
569 2297 855 2364 inclinant,
891 2308 999 2354 tam
1043 2311 1265 2372 propter
1319 2307 1454 2360 duos
1488 2321 1649 2376 quam
1683 2324 1809 2378 pro-

231 2397 353 2457 pter
382 2404 592 2446 omnes.
639 2391 748 2447 Sed
789 2408 889 2450 nee
916 2396 983 2448 ad
1031 2397 1368 2452 necessarias
1408 2414 1509 2455 nec
1539 2401 1604 2455 ad
1630 2401 1806 2456 locum

230 2478 399 2533 ullum
443 2481 738 2549 divertunt,
795 2485 895 2540 nisi
943 2501 1156 2556 semper
1208 2488 1315 2542 duo
1353 2490 1460 2544 sint
1507 2491 1696 2558 simul,
1754 2502 1808 2549 et

231 2585 372 2625 unus
401 2573 663 2643 magister
701 2589 888 2630 eorum
938 2577 990 2630 iu
1025 2579 1222 2644 medio,
1257 2581 1346 2648 qui
1384 2597 1485 2636 nec
1516 2583 1686 2649 sedet,
1712 2585 1806 2639 sed

230 2670 340 2715 stat
369 2671 499 2718 ante
523 2663 644 2720 illos
676 2667 742 2720 ad
767 2669 1126 2733 necessarias,
1156 2670 1200 2723 si
1224 2669 1455 2726 defuerit
1483 2684 1802 2730 conventus.

232 2750 542 2808 Servitores
581 2769 793 2825 quoque
826 2758 892 2812 de
921 2758 1210 2816 refectorio
1239 2772 1522 2828 exeuntes,
1546 2765 1591 2818 si
1615 2767 1808 2820 sedent

233 2844 322 2897 ubi
367 2846 556 2900 sedere
601 2846 795 2910 solent,
832 2847 1096 2903 inclinant
1135 2860 1322 2906 contra
1355 2867 1468 2918 eos,
1516 2862 1571 2908 et
1609 2855 1682 2909 illi
1715 2871 1803 2910 as-

232 2944 466 3004 surgunt
495 2945 686 2990 contra
739 2951 854 2992 eos.
886 2937 1040 3004 Quod
1086 2940 1132 2994 si
1161 2941 1381 3011 quidam
1425 2958 1490 2997 ex
1517 2943 1597 3000 eis
1625 2946 1692 2999 ad
1723 2959 1807 3000 re-

229 3023 472 3092 gularem
505 3025 690 3079 horam
739 3027 1031 3095 aliquando
1077 3031 1285 3086 tardius
1319 3044 1612 3088 occurrunt
1640 3050 1803 3105 quam
1831 3017 1877 3066 η

227 3114 294 3165 ad
334 3113 520 3168 Gloria
553 3115 710 3184 primi
745 3118 906 3186 psal.,
939 3134 1041 3173 non
1066 3129 1284 3189 propter
1312 3123 1414 3178 hoc
1456 3131 1514 3178 ut
1540 3124 1630 3178 alii
1661 3134 1806 3182 stare

225 3204 453 3257 veniunt
491 3206 556 3260 ad
594 3208 842 3274 gradum.
883 3208 1015 3264 item
1047 3211 1091 3265 si
1122 3222 1403 3268 morantur
1427 3230 1458 3268 a
1487 3215 1802 3282 refectorio,

224 3307 398 3361 usque
449 3294 576 3348 dum
636 3309 826 3352 versus
870 3298 1045 3353 dictus
1100 3299 1296 3367 fuerit,
1348 3303 1572 3360 minime
1616 3314 1806 3375 petunt

225 3384 504 3440 licentiam
535 3389 872 3456 comedendi,
917 3393 1010 3446 sed
1051 3401 1258 3450 tantum
1299 3395 1353 3448 in
1385 3395 1506 3453 loco
1538 3413 1636 3452 suo
1677 3409 1806 3454 ante

224 3474 438 3530 faciunt
465 3488 522 3532 et
554 3488 732 3545 relro;
777 3482 1036 3552 magister
1064 3493 1244 3539 tamen
1275 3500 1487 3552 eorum,
1518 3493 1608 3558 qui
1637 3491 1800 3545 comi-

224 3579 380 3625 tatur
425 3585 539 3636 eos,
587 3577 1032 3633 consuetudinem
1082 3586 1230 3634 tenet
1261 3580 1534 3652 utrinque.
1569 3583 1720 3651 Quod
1759 3585 1802 3639 si

223 3662 423 3731 aliquis
470 3680 628 3733 puer,
661 3667 729 3721 de
767 3667 899 3723 foris
943 3671 1186 3735 veniens,
1211 3672 1512 3730 intraturus
1537 3685 1622 3730 est
1655 3676 1803 3732 clau-

221 3761 420 3818 strum,
472 3765 668 3810 contra
717 3757 860 3813 hunc
915 3760 1004 3815 alii
1058 3761 1166 3817 duo
1213 3764 1367 3832 pueri
1420 3766 1691 3821 ducuntur
1737 3769 1803 3823 ad

221 3844 422 3897 ostium
460 3844 706 3914 claustri,
759 3858 816 3903 et
857 3849 930 3903 ita
976 3851 1136 3906 simul
1167 3869 1288 3909 cum
1334 3856 1466 3926 ipsis
1512 3859 1803 3914 conventui

223 3945 624 4002 prtesentatur;
675 3951 795 4008 post
837 3941 1020 4008 horas,
1068 3960 1190 3998 cum
1234 3946 1357 4002 aliis
1405 3949 1496 4018 qui
1537 3960 1804 4005 venerunt

223 4025 501 4094 accipiunt
542 4028 978 4084 benedictionem
1024 4031 1078 4086 in
1127 4036 1485 4105 presbyterio,
1532 4047 1660 4092 ante
1709 4053 1804 4092 eos

221 4124 393 4168 stans.
436 4115 596 4180 item,
630 4116 674 4171 si
697 4119 819 4187 quis
846 4134 1032 4175 eorum
1065 4121 1342 4178 ducendus
1375 4134 1460 4179 est
1495 4124 1548 4178 in
1584 4125 1802 4180 domum

225 4204 591 4270 infirmorum,
625 4207 751 4263 illuc
777 4224 993 4278 quoque
1018 4209 1109 4265 alii
1155 4213 1262 4266 duo
1302 4213 1525 4267 veniunt
1560 4229 1683 4268 cum
1714 4230 1800 4278 eo,

224 4296 314 4350 tibi
352 4298 594 4366 quandiu
634 4310 882 4354 moratur
911 4303 1322 4358 commendatus
1367 4316 1452 4359 est
1486 4308 1803 4362 cautissimo

227 4391 462 4455 custodi,
498 4406 529 4445 a
562 4406 670 4460 quo
693 4393 780 4448 die
807 4403 1080 4464 noctuque
1101 4397 1460 4463 custodiatur,
1489 4408 1547 4453 et
1568 4399 1622 4454 in
1645 4407 1804 4454 nocte

223 4496 549 4552 quocunque
582 4484 802 4550 incedit,
827 4494 1014 4554 portat
1042 4495 1168 4542 ante
1211 4503 1269 4543 se
1307 4488 1594 4556 laternam,
1623 4500 1805 4560 portat

225 4587 445 4643 quoque
484 4574 769 4640 baculum;
832 4576 878 4630 si
924 4591 1145 4632 carnem
1181 4579 1498 4644 comederit,
1541 4581 1804 4650 capellum

226 4663 432 4728 induit,
476 4663 546 4718 ad
599 4662 860 4732 majorem
905 4665 1192 4720 ecclesiam
1247 4681 1371 4721 cum
1411 4667 1533 4723 aliis
1578 4668 1807 4724 infirmis

224 4753 391 4816 venit,
425 4767 534 4808 non
567 4761 748 4809 tamen
801 4754 969 4808 intrat
1007 4755 1136 4810 illud
1164 4758 1467 4812 membrum
1505 4758 1694 4813 altaris
1741 4759 1800 4813 S.

222 4840 450 4898 Joannis
503 4841 800 4912 Baptistae;
849 4843 970 4907 sed,
1031 4845 1138 4900 illis
1187 4845 1546 4916 intrantibus,
1578 4848 1669 4902 ille
1720 4863 1806 4904 re-

224 4942 409 4988 manet
437 4932 573 4988 foris
599 4947 767 5003 prope
803 4947 997 4988 urnam
1019 4949 1174 5005 aqua:
1196 4935 1518 5004 benedictae,
1547 4947 1605 4993 ut
1631 4940 1807 5009 possit

225 5035 294 5088 ab
322 5035 573 5089 omnibus
600 5032 798 5088 videri.
833 5029 1130 5091 Morantem
1165 5040 1349 5088 autem
1378 5035 1432 5089 in
1458 5036 1618 5092 domo
1647 5021 1803 5093 infir-

225 5146 440 5186 morum
474 5129 790 5200 frequenter
818 5126 1005 5184 visitat
1035 5128 1356 5203 principalis
1387 5134 1648 5204 magister
1672 5149 1805 5204 puc-

225 5246 444 5294 rerum;
482 5238 682 5285 etcum
718 5226 894 5298 primo
928 5242 1050 5286 eum
1080 5228 1283 5284 viderit
1325 5231 1483 5298 hujus
1503 5247 1624 5290 esse
1655 5235 1802 5289 vale-

1919 457 2105 513 quam,
2139 453 2199 500 ut
2221 445 2314 500 alii
2345 447 2566 512 infirmi,
2594 449 2808 504 veniam
2835 450 2992 520 petit.

1992 533 2105 589 Hoc
2133 543 2220 591 est
2261 546 2442 592 autem
2488 539 2812 608 obsequium
2854 542 2998 610 quod
3039 552 3125 599 est
3171 543 3241 599 ab
3277 545 3358 601 eis
3389 547 3494 601 rite

1918 626 2238 695 gerendum.
2297 628 2380 684 Ad
2433 629 2597 685 horas
2653 645 2842 687 omnes
2895 633 3188 704 regulares
3247 635 3505 707 singulos.

1919 721 2217 776 versiculos
2251 723 2582 792 psalmorum
2610 726 2963 795 pronuntiant
2988 744 3002 792 ;
3033 727 3087 782 in
3109 729 3344 799 privatis
3377 731 3492 786 diea

1916 806 2020 863 bus
2059 810 2385 880 antiphonas
2412 813 2713 881 imponunt,
2758 824 2814 869 et
2843 816 3106 887 quidquid
3136 827 3390 874 cantatur
3421 821 3494 881 ad

1917 897 2138 951 missam
2169 899 2561 958 matutinalem.
2582 901 2662 956 Ad
2682 905 2976 961 matutinas
3007 906 3199 964 laudes
3234 918 3289 964 et
3309 925 3492 981 vespa

1917 1003 2005 1042 ras
2023 993 2366 1060 responsoria
2387 1001 2633 1057 cantant,
2646 997 3137 1064 versusdicunt,et
3158 1000 3210 1054 in
3223 1009 3410 1056 testate
3423 1003 3488 1057 ad

1916 1089 2212 1136 nocturnos
2262 1082 2406 1136 illam
2451 1084 2728 1139 minimam
2751 1095 2806 1142 et
2835 1088 3050 1144 unicam
3083 1089 3389 1145 lectionem.
3428 1092 3487 1146 in

1915 1170 2153 1239 capitulo
2191 1188 2296 1227 non
2345 1173 2436 1227 alii
2466 1189 2628 1243 quam
2685 1176 2783 1246 ipsi
2831 1178 3014 1248 legunt
3055 1184 3388 1252 (quanquam
3432 1185 3487 1236 in

1917 1259 2202 1315 refectorio
2247 1264 2547 1330 nunquam)
2587 1272 2641 1317 et
2687 1265 2752 1318 ad
2794 1266 3137 1322 collationem
3169 1283 3266 1337 per
3313 1269 3480 1324 vices.

1916 1347 2144 1416 Tabula,
2191 1367 2354 1421 quam
2396 1354 2549 1423 prior
2591 1355 2784 1424 major,
2825 1357 2910 1411 rei
2956 1358 3282 1424 claustralis,
3324 1361 3488 1430 quin-

1913 1442 2070 1509 quies
2099 1443 2332 1512 percutit
2380 1445 2446 1497 ad
2479 1444 2753 1500 licentiam
2802 1447 3077 1516 loquendi,
3121 1465 3218 1519 per
3252 1451 3489 1520 priorem

1916 1529 2131 1585 illorum
2169 1541 2254 1586 est
2291 1535 2634 1604 porrigenda.
2661 1536 2820 1602 item,
2857 1527 2915 1592 in.
2940 1539 3115 1594 hieme
3140 1540 3353 1609 quoties
3377 1540 3489 1594 frae-

1915 1631 2026 1676 tres
2060 1632 2180 1691 post
2209 1633 2423 1678 sextam
2463 1627 2700 1682 secundo
2732 1627 3046 1696 loquuntur,
3091 1637 3274 1699 postea
3318 1645 3489 1700 quam

1911 1711 1977 1766 de
2007 1711 2235 1766 ecclesia
2265 1714 2520 1778 exierint,
2545 1730 2737 1771 omnes
2767 1719 3138 1780 conticescunt
3161 1733 3333 1790 usque
3359 1722 3488 1773 dum

1909 1800 2018 1853 alta
2051 1815 2184 1856 voce
2213 1816 2312 1870 per
2350 1802 2562 1858 illorum
2602 1806 3221 1863 minimum'Benedicite
3249 1823 3490 1879 pronun-

1912 1890 2104 1956 tietur;
2165 1893 2310 1961 quod
2366 1903 2420 1948 et
2463 1895 2715 1951 similiter
2767 1898 2836 1952 ab
2899 1899 3014 1968 ipso
3064 1908 3150 1956 est
3201 1900 3488 1956 dicendum

1910 1985 2128 2052 quando
2171 1995 2366 2040 exeunt
2408 1988 2473 2041 de
2519 1989 2756 2058 capitqu
2793 2005 2911 2054 suo,
2953 1992 3037 2046 vel
3071 1990 3348 2060 jentaeulo
3390 2010 3487 2050 ac-

1909 2083 2068 2141 cepto
2109 2073 2179 2127 de
2231 2073 2540 2139 refectorio,
2587 2078 2632 2130 si
2673 2077 2874 2133 fratres
2908 2079 3224 2148 loquuntur.
3273 2082 3355 2137 Ad
3395 2099 3489 2138 ροσε

1910 2165 2136 2233 quinam
2184 2177 2444 2221 notantur
2484 2184 2605 2222 cum
2656 2170 2963 2240 magistris,
3015 2180 3071 2227 et
3115 2172 3190 2227 ita
3242 2174 3484 2240 duobus;

1910 2252 1980 2306 ad
2037 2267 2203 2322 quam
2267 2263 2446 2308 tauicu
2521 2271 2627 2310 non
2689 2271 2748 2310 se
2807 2257 2986 2312 levant
3035 2259 3103 2314 de
3167 2261 3488 2317 dormitorio

1910 2351 2035 2398 ante
2083 2345 2340 2409 sonitum,
2382 2360 2482 2400 nec
2517 2355 2737 2416 prepter
2793 2349 2897 2404 hoc
2932 2359 3136 2405 exeunt
3195 2353 3263 2408 de
3295 2353 3484 2416 choro,

1908 2437 2222 2508 priusquam
2251 2438 2441 2508 psalmi
2473 2440 2761 2494 familiares
2791 2441 2902 2496 sint
2941 2443 3102 2508 ﬁniti,
3136 2445 3240 2500 nisi
3266 2447 3334 2500 ad
3365 2462 3484 2500 ma-

1912 2529 2196 2583 tutiuaiem
2219 2530 2441 2585 missam
2474 2539 2595 2600 post
2621 2531 2991 2600 oifertorium;
3024 2549 3123 2591 nec
3154 2537 3398 2592 serviunt
3431 2538 3485 2592 in

1908 2622 2199 2678 refectorio
2224 2664 2239 2689 ,
2287 2638 2389 2679 nec
2423 2625 2588 2694 pedes
2622 2625 2806 2680 lavant
2853 2628 2906 2681 in
2947 2628 3225 2696 capitulo,
3279 2631 3372 2684 sed
3417 2630 3486 2684 de

1905 2714 2188 2785 magistris
2217 2715 2330 2770 suis
2361 2716 2429 2770 ad
2474 2717 2661 2771 omnia
2697 2732 2818 2787 qum
2853 2718 2954 2786 ipsi
3003 2729 3376 2790 competenter
3404 2721 3488 2774 fa‘

1907 2809 2031 2859 eere
2073 2821 2179 2860 non
2207 2815 2456 2876 possunt,
2488 2807 2725 2863 vicarius
2754 2808 2977 2863 habent.
3011 2809 3108 2864 His
3137 2810 3330 2866 diebus
3364 2811 3485 2880 quis

1907 2895 2008 2949 bus
2035 2897 2310 2964 processio
2336 2897 2496 2952 nudis
2528 2897 2756 2967 pedibus
2786 2907 2867 2954 est
2895 2900 3101 2971 agenda
3126 2942 3140 2967 ,
3164 2899 3400 2967 canales,
3429 2902 3483 2956 in

1907 2986 2103 3055 quibus
2131 2983 2332 3043 fratres
2360 2990 2524 3057 pedes
2545 2997 2672 3044 sunt
2695 2988 2948 3055 lavaturi,
2979 2991 3080 3060 ipsi
3108 2993 3259 3061 prius
3285 3007 3484 3063 expuro

1906 3086 2036 3145 gant
2056 3079 2234 3148 scopis
2257 3087 2313 3134 et
2337 3095 2496 3148 aqua.
2523 3079 2580 3133 Si
2600 3080 2830 3134 domnus
2852 3081 3020 3136 abbas
3042 3083 3124 3135 vel
3142 3082 3292 3151 prior
3315 3082 3487 3152 impc-

1907 3169 2110 3224 raverit
2155 3171 2391 3240 aliquem
2440 3168 2706 3240 psalmum
2751 3186 2849 3240 per
2891 3172 3096 3242 aliquot
3134 3173 3248 3228 dies
3279 3174 3480 3229 decan-

1908 3259 2036 3322 tari,
2068 3259 2171 3328 ipsi
2211 3259 2496 3314 audientes
2546 3259 2832 3325 inclinant,
2863 3261 2990 3331 quia
3030 3261 3081 3314 in
3119 3276 3308 3316 eorum
3337 3274 3478 3330 prae.

1906 3350 2066 3419 cipue
2119 3350 2280 3404 debet
2328 3364 2452 3405 esse
2503 3349 2866 3406 sollicitudine
2909 3366 2978 3406 ne
3029 3361 3368 3405 remaneant.
3415 3351 3483 3404 Et

1905 3441 2030 3509 quia
2069 3441 2170 3510 ipsi
2200 3441 2440 3510 quotidie
2465 3441 2650 3513 legunt
2680 3438 3139 3512 Martyrologium,
3174 3450 3228 3496 et
3247 3445 3479 3496 fratrum

1907 3530 2238 3596 liemoriale,
2291 3531 2360 3585 ab
2416 3531 2547 3600 ipsis
2595 3540 2680 3587 est
2736 3531 3018 3588 sciendum
3075 3541 3130 3586 et
3181 3531 3478 3586 notandum

1905 3622 2123 3692 quando
2165 3621 2476 3692 trigesimus
2524 3620 2786 3692 cujusque
2832 3621 3068 3678 defuncti
3113 3623 3184 3678 sit
3226 3636 3479 3697 consum-

1905 3721 2108 3780 matus,
2126 3713 2194 3769 ab
2218 3714 2352 3783 ipsis
2370 3712 2801 3785 eleemosynario
2821 3713 3282 3783 pronuntiandum
3308 3727 3482 3783 quann

1908 3813 2086 3859 torum
2129 3807 2202 3860 sit
2237 3805 2645 3859 anniversarios
2678 3804 2934 3870 fratrum,
2963 3812 3023 3858 ut
3063 3813 3240 3859 tantas
3266 3818 3483 3874 quoque

1907 3896 2142 3964 accipiat
2201 3895 2558 3964 pratbendas,
2605 3904 2662 3950 et
2709 3897 2922 3951 custodi
2975 3895 3217 3951 ecclesia:
3266 3897 3483 3964 quando

1906 3996 2032 4041 sunt
2078 3987 2263 4042 omnia
2306 3988 2457 4056 signa
2482 3986 2746 4057 pulsanda
2773 4002 2870 4055 pro
2900 3987 3272 4042 anniversario
3304 3987 3486 4052 cujus-

1905 4094 2031 4148 que,
2073 4078 2212 4147 quod
2255 4078 2394 4133 bene
2435 4086 2681 4133 notatum
2727 4086 2811 4132 est
2842 4084 2916 4131 et
2963 4077 3236 4147 sigillatim
3289 4079 3341 4130 in
3377 4077 3485 4130 Me-

1906 4168 2139 4222 moriali.
2181 4167 2238 4221 In
2278 4168 2428 4221 omni
2463 4177 2657 4235 quarta
2709 4166 2844 4219 feria
2887 4167 2933 4220 si
2977 4175 3058 4220 est
3105 4166 3314 4234 privata
3343 4165 3480 4226 dies.

1905 4266 1960 4311 et
1997 4258 2051 4311 in
2095 4257 2242 4310 omni
2285 4255 2546 4319 Sabbato,
2586 4254 2775 4308 lavant
2816 4263 2942 4324 post
2983 4268 3238 4324 vesperas
3273 4255 3485 4309 calceos

1832 4349 1882 4407 Ι)
1907 4360 2034 4400 suos
2056 4361 2072 4410 ;
2099 4344 2282 4399 lavant
2315 4359 2531 4413 quoque
2557 4359 2769 4420 pannos
2795 4359 2924 4399 suos
2959 4344 3480 4399 consuetudinaiiter

1907 4444 2034 4490 ante
2059 4434 2250 4489 Natale
2295 4445 2606 4490 sanctorum
2642 4435 3012 4504 apostolorum
3041 4434 3189 4489 Petri
3217 4443 3274 4489 et
3306 4435 3484 4500 Pauli,

1911 4537 2039 4580 ante
2077 4523 2513 4579 Translationem
2559 4525 2618 4580 S.
2661 4525 2966 4590 Benedicti,
3015 4533 3232 4580 etvante
3260 4527 3488 4583 Assum.

1906 4618 2144 4688 ptionem
2185 4617 2241 4672 S.
2273 4615 2478 4682 Mariae,-
2517 4632 2652 4686 quos
2675 4627 2854 4673 tamen
2893 4633 2999 4674 non
3043 4619 3378 4685 suspendunt
3419 4620 3489 4672 ad

1907 4706 2220 4762 siccandum
2251 4707 2303 4760 in
2335 4707 2502 4762 horda
2531 4705 2671 4776 (sic),
2701 4715 2762 4761 ut
2793 4706 2883 4761 alii
2908 4707 3129 4770 fratres,
3155 4706 3250 4762 sed
3275 4717 3486 4764 tantum

1907 4801 2184 4868 deponunt
2216 4796 2271 4849 in
2319 4795 2572 4850 herbario
2623 4796 2870 4849 claustri.
2914 4797 2995 4852 Ad
3041 4796 3232 4849 horam
3283 4797 3496 4869 regula.

1906 4902 2047 4949 rem,
2082 4885 2148 4938 ad
2175 4899 2337 4952 quam
2373 4900 2479 4939 non
2528 4883 2633 4938 nisi
2665 4900 2829 4940 unum
2875 4889 3092 4958 signum
3133 4883 3405 4955 pulsatur,
3436 4897 3498 4940 ut

1905 4980 1974 5034 ad
2028 4973 2276 5044 primam,
2327 4971 2536 5029 faciunt
2588 4974 2892 5032 orationem
2945 4980 2999 5033 in
3046 4976 3215 5031 choro
3263 4979 3338 5033 ad
3379 4992 3499 5034 eaut

1905 5071 1973 5125 ad
2001 5079 2164 5135 quam
2195 5065 2299 5118 duo
2329 5062 2382 5116 in
2411 5065 2748 5133 presbyterio
2773 5083 2939 5139 prope
2971 5069 3166 5124 altare.

1977 5157 2137 5214 Mane
2163 5168 2282 5208 cum
2314 5167 2374 5207 se
2418 5155 2598 5210 levant
2633 5154 2701 5208 ad
2741 5159 3001 5226 sonitum,
3027 5155 3119 5212 vel
3163 5169 3289 5209 cum
3323 5158 3500 5228 prima

1904 5254 2159 5298 cantatur
2187 5257 2310 5296 cum
2354 5255 2548 5298 aurora
2579 5258 2900 5298 annarente-
2927 5260 2990 5298 nt
3015 5249 3072 5298 in
3109 5243 3346 5298 privatis
3384 5247 3503 5298 dice
