  <div class='ocr_page' id='page_1' title='image "/cluster/home/n/w/nwhite01/storage/ocr_20150623/149/hvd.32044015473770/379.png"; bbox 0 0 4040 5298; ppageno 0'>
   <div class='ocr_carea' id='block_1_1' title="bbox 507 395 613 453">
    <p class='ocr_par' dir='ltr' id='par_1_1' title="bbox 507 395 613 453">
     <span class='ocr_line' id='line_1_1' title="bbox 507 395 613 453; baseline -0.028 0"><span class='ocrx_word' id='word_1_1' title='bbox 507 395 545 453; x_wconf 71' lang='lat' dir='ltr'><strong>&#39;a&#39;</strong></span> <span class='ocrx_word' id='word_1_2' title='bbox 556 396 613 452; x_wconf 74' lang='grc' dir='ltr'><strong><em>Π</em></strong></span> 
     </span>
    </p>
   </div>
   <div class='ocr_carea' id='block_1_2' title="bbox 1538 365 2760 438">
    <p class='ocr_par' dir='ltr' id='par_1_2' title="bbox 1538 365 2760 438">
     <span class='ocr_line' id='line_1_2' title="bbox 1538 365 2760 438; baseline -0.015 0"><span class='ocrx_word' id='word_1_3' title='bbox 1538 377 1858 438; x_wconf 69' lang='grc' dir='ltr'>υιιιιιιιιει</span> <span class='ocrx_word' id='word_1_4' title='bbox 1909 368 2407 430; x_wconf 76' lang='lat' dir='ltr'><strong>CLUNIACENSIS</strong></span> <span class='ocrx_word' id='word_1_5' title='bbox 2451 365 2760 424; x_wconf 74' lang='lat' dir='ltr'><strong>MONACHI</strong></span> 
     </span>
    </p>
   </div>
   <div class='ocr_carea' id='block_1_3' title="bbox 3664 353 3768 408">
    <p class='ocr_par' dir='ltr' id='par_1_3' title="bbox 3664 353 3768 408">
     <span class='ocr_line' id='line_1_3' title="bbox 3664 353 3768 408; baseline 0.01 -1"><span class='ocrx_word' id='word_1_6' title='bbox 3664 353 3768 408; x_wconf 55' lang='lat'><strong>7&amp;8</strong></span> 
     </span>
    </p>
   </div>
   <div class='ocr_carea' id='block_1_4' title="bbox 509 464 3768 574">
    <p class='ocr_par' dir='ltr' id='par_1_4' title="bbox 509 464 3768 574">
     <span class='ocr_line' id='line_1_4' title="bbox 509 464 3768 574; baseline -0.014 -10"><span class='ocrx_word' id='word_1_7' title='bbox 509 521 566 564; x_wconf 80' lang='lat' dir='ltr'><strong>et</strong></span> <span class='ocrx_word' id='word_1_8' title='bbox 607 514 896 574; x_wconf 90' lang='lat' dir='ltr'><strong>antequam</strong></span> <span class='ocrx_word' id='word_1_9' title='bbox 931 509 1263 564; x_wconf 84' lang='lat' dir='ltr'><strong>conventus;</strong></span> <span class='ocrx_word' id='word_1_10' title='bbox 1315 504 1370 552; x_wconf 91' lang='lat' dir='ltr'><strong>et</strong></span> <span class='ocrx_word' id='word_1_11' title='bbox 1421 494 1488 550; x_wconf 90' lang='lat' dir='ltr'><strong>de</strong></span> <span class='ocrx_word' id='word_1_12' title='bbox 1527 490 1848 548; x_wconf 77' lang='lat' dir='ltr'><strong>necessariis</strong></span> <span class='ocrx_word' id='word_1_13' title='bbox 1897 486 2092 542; x_wconf 85' lang='lat' dir='ltr'><strong>debent</strong></span> <span class='ocrx_word' id='word_1_14' title='bbox 2121 488 2166 544; x_wconf 85' lang='grc' dir='ltr'>Λ</span> <span class='ocrx_word' id='word_1_15' title='bbox 2195 481 2498 552; x_wconf 80' lang='lat' dir='ltr'><strong>opinionis,</strong></span> <span class='ocrx_word' id='word_1_16' title='bbox 2543 480 2766 534; x_wconf 87' lang='lat' dir='ltr'><strong>minimc</strong></span> <span class='ocrx_word' id='word_1_17' title='bbox 2813 484 2992 530; x_wconf 86' lang='lat' dir='ltr'><strong>tamen</strong></span> <span class='ocrx_word' id='word_1_18' title='bbox 3039 471 3284 530; x_wconf 87' lang='lat' dir='ltr'><strong>custodia</strong></span> <span class='ocrx_word' id='word_1_19' title='bbox 3331 479 3503 526; x_wconf 90' lang='lat' dir='ltr'><strong>caret.</strong></span> <span class='ocrx_word' id='word_1_20' title='bbox 3557 464 3666 520; x_wconf 98' lang='lat' dir='ltr'><strong>Sed</strong></span> <span class='ocrx_word' id='word_1_21' title='bbox 3713 476 3768 518; x_wconf 82' lang='lat' dir='ltr'><strong>et</strong></span> 
     </span>
    </p>
   </div>
   <div class='ocr_carea' id='block_1_5' title="bbox 511 578 2095 668">
    <p class='ocr_par' dir='ltr' id='par_1_5' title="bbox 511 578 2095 668">
     <span class='ocr_line' id='line_1_5' title="bbox 511 578 2095 668; baseline -0.015 -16"><span class='ocrx_word' id='word_1_22' title='bbox 511 603 690 654; x_wconf 74' lang='lat' dir='ltr'><strong>exisse</strong></span> <span class='ocrx_word' id='word_1_23' title='bbox 718 596 872 668; x_wconf 90' lang='lat' dir='ltr'><strong>prius</strong></span> <span class='ocrx_word' id='word_1_24' title='bbox 905 607 1068 663; x_wconf 89' lang='lat' dir='ltr'><strong>quam</strong></span> <span class='ocrx_word' id='word_1_25' title='bbox 1121 605 1186 645; x_wconf 90' lang='lat' dir='ltr'><strong>eo</strong></span> <span class='ocrx_word' id='word_1_26' title='bbox 1216 588 1400 642; x_wconf 90' lang='lat' dir='ltr'><strong>veniat</strong></span> <span class='ocrx_word' id='word_1_27' title='bbox 1429 588 1754 640; x_wconf 88' lang='lat' dir='ltr'><strong>conventus.</strong></span> <span class='ocrx_word' id='word_1_28' title='bbox 1807 578 1928 632; x_wconf 90' lang='lat' dir='ltr'><strong>Stat</strong></span> <span class='ocrx_word' id='word_1_29' title='bbox 1969 583 2095 630; x_wconf 91' lang='lat' dir='ltr'><strong>ante</strong></span> 
     </span>
    </p>
   </div>
   <div class='ocr_carea' id='block_1_6' title="bbox 512 666 2094 754">
    <p class='ocr_par' dir='ltr' id='par_1_6' title="bbox 512 666 2094 754">
     <span class='ocr_line' id='line_1_6' title="bbox 512 666 2094 754; baseline -0.015 -11"><span class='ocrx_word' id='word_1_30' title='bbox 512 703 609 744; x_wconf 78' lang='lat' dir='ltr'><strong>eos</strong></span> <span class='ocrx_word' id='word_1_31' title='bbox 629 666 750 742; x_wconf 87' lang='lat' dir='ltr'><strong>cum</strong></span> <span class='ocrx_word' id='word_1_32' title='bbox 775 685 926 754; x_wconf 89' lang='lat' dir='ltr'><strong>virga</strong></span> <span class='ocrx_word' id='word_1_33' title='bbox 953 679 1268 752; x_wconf 82' lang='lat' dir='ltr'><strong>principalis</strong></span> <span class='ocrx_word' id='word_1_34' title='bbox 1294 675 1550 746; x_wconf 74' lang='lat' dir='ltr'><strong>magister</strong></span> <span class='ocrx_word' id='word_1_35' title='bbox 1569 685 1756 727; x_wconf 90' lang='lat' dir='ltr'><strong>eorum</strong></span> <span class='ocrx_word' id='word_1_36' title='bbox 1777 681 1948 738; x_wconf 86' lang='lat' dir='ltr'><strong>usque</strong></span> <span class='ocrx_word' id='word_1_37' title='bbox 1968 666 2094 720; x_wconf 90' lang='lat' dir='ltr'><strong>dum</strong></span> 
     </span>
    </p>
   </div>
   <div class='ocr_carea' id='block_1_7' title="bbox 513 759 2096 838">
    <p class='ocr_par' dir='ltr' id='par_1_7' title="bbox 513 759 2096 838">
     <span class='ocr_line' id='line_1_7' title="bbox 513 759 2096 838; baseline -0.015 -4"><span class='ocrx_word' id='word_1_38' title='bbox 513 793 711 834; x_wconf 89' lang='lat' dir='ltr'><strong>omnes</strong></span> <span class='ocrx_word' id='word_1_39' title='bbox 737 777 849 830; x_wconf 90' lang='lat' dir='ltr'><strong>sint</strong></span> <span class='ocrx_word' id='word_1_40' title='bbox 884 775 1157 836; x_wconf 77' lang='lat' dir='ltr'><strong>collocati,</strong></span> <span class='ocrx_word' id='word_1_41' title='bbox 1200 780 1256 826; x_wconf 89' lang='lat' dir='ltr'><strong>et</strong></span> <span class='ocrx_word' id='word_1_42' title='bbox 1292 769 1439 838; x_wconf 87' lang='lat' dir='ltr'><strong>ipsas</strong></span> <span class='ocrx_word' id='word_1_43' title='bbox 1481 765 1650 821; x_wconf 78' lang='lat' dir='ltr'><strong>facies</strong></span> <span class='ocrx_word' id='word_1_44' title='bbox 1670 765 1808 820; x_wconf 87' lang='lat' dir='ltr'><strong>bene</strong></span> <span class='ocrx_word' id='word_1_45' title='bbox 1836 759 2096 830; x_wconf 80' lang='lat' dir='ltr'><strong>cooperti.</strong></span> 
     </span>
    </p>
   </div>
   <div class='ocr_carea' id='block_1_8' title="bbox 514 849 2096 937">
    <p class='ocr_par' dir='ltr' id='par_1_8' title="bbox 514 849 2096 937">
     <span class='ocr_line' id='line_1_8' title="bbox 514 849 2096 937; baseline -0.013 -14"><span class='ocrx_word' id='word_1_46' title='bbox 514 870 678 936; x_wconf 78' lang='lat' dir='ltr'><strong>Item,</strong></span> <span class='ocrx_word' id='word_1_47' title='bbox 705 865 922 937; x_wconf 84' lang='lat' dir='ltr'><strong>quando</strong></span> <span class='ocrx_word' id='word_1_48' title='bbox 955 878 1014 918; x_wconf 92' lang='lat' dir='ltr'><strong>se</strong></span> <span class='ocrx_word' id='word_1_49' title='bbox 1057 862 1259 926; x_wconf 89' lang='lat' dir='ltr'><strong>levant,</strong></span> <span class='ocrx_word' id='word_1_50' title='bbox 1290 859 1334 914; x_wconf 88' lang='lat' dir='ltr'><strong>si</strong></span> <span class='ocrx_word' id='word_1_51' title='bbox 1363 857 1570 913; x_wconf 89' lang='lat' dir='ltr'><strong>tardius</strong></span> <span class='ocrx_word' id='word_1_52' title='bbox 1607 870 1666 912; x_wconf 93' lang='lat' dir='ltr'><strong>se</strong></span> <span class='ocrx_word' id='word_1_53' title='bbox 1693 855 1890 919; x_wconf 87' lang='lat' dir='ltr'><strong>levant,</strong></span> <span class='ocrx_word' id='word_1_54' title='bbox 1921 849 2096 906; x_wconf 90' lang='lat' dir='ltr'><strong>conti-</strong></span> 
     </span>
    </p>
   </div>
   <div class='ocr_carea' id='block_1_9' title="bbox 517 944 2100 1028">
    <p class='ocr_par' dir='ltr' id='par_1_9' title="bbox 517 944 2100 1028">
     <span class='ocr_line' id='line_1_9' title="bbox 517 944 2100 1028; baseline -0.015 -12"><span class='ocrx_word' id='word_1_55' title='bbox 517 976 628 1016; x_wconf 91' lang='lat' dir='ltr'><strong>nuo</strong></span> <span class='ocrx_word' id='word_1_56' title='bbox 669 967 755 1014; x_wconf 91' lang='lat' dir='ltr'><strong>est</strong></span> <span class='ocrx_word' id='word_1_57' title='bbox 781 958 934 1028; x_wconf 85' lang='lat' dir='ltr'><strong>virga</strong></span> <span class='ocrx_word' id='word_1_58' title='bbox 972 967 1137 1024; x_wconf 80' lang='lat' dir='ltr'><strong>super</strong></span> <span class='ocrx_word' id='word_1_59' title='bbox 1162 966 1276 1008; x_wconf 87' lang='lat' dir='ltr'><strong>eos.</strong></span> <span class='ocrx_word' id='word_1_60' title='bbox 1299 949 1432 1005; x_wconf 86' lang='lat' dir='ltr'><strong>Post</strong></span> <span class='ocrx_word' id='word_1_61' title='bbox 1461 947 1756 1003; x_wconf 89' lang='lat' dir='ltr'><strong>matutinas</strong></span> <span class='ocrx_word' id='word_1_62' title='bbox 1796 944 2008 1006; x_wconf 88' lang='lat' dir='ltr'><strong>laudes,</strong></span> <span class='ocrx_word' id='word_1_63' title='bbox 2036 955 2100 994; x_wconf 89' lang='lat' dir='ltr'><strong>eo</strong></span> 
     </span>
    </p>
   </div>
   <div class='ocr_carea' id='block_1_10' title="bbox 524 1034 2106 1120">
    <p class='ocr_par' dir='ltr' id='par_1_10' title="bbox 524 1034 2106 1120">
     <span class='ocr_line' id='line_1_10' title="bbox 524 1034 2106 1120; baseline -0.015 -12"><span class='ocrx_word' id='word_1_64' title='bbox 524 1062 771 1120; x_wconf 87' lang='lat' dir='ltr'><strong>tempore</strong></span> <span class='ocrx_word' id='word_1_65' title='bbox 797 1062 905 1118; x_wconf 90' lang='lat' dir='ltr'><strong>quo</strong></span> <span class='ocrx_word' id='word_1_66' title='bbox 943 1059 1132 1102; x_wconf 87' lang='lat' dir='ltr'><strong>rursus</strong></span> <span class='ocrx_word' id='word_1_67' title='bbox 1155 1057 1345 1099; x_wconf 91' lang='lat' dir='ltr'><strong>omnes</strong></span> <span class='ocrx_word' id='word_1_68' title='bbox 1389 1048 1518 1094; x_wconf 87' lang='lat' dir='ltr'><strong>sunt</strong></span> <span class='ocrx_word' id='word_1_69' title='bbox 1543 1036 1848 1097; x_wconf 89' lang='lat' dir='ltr'><strong>dormituri,</strong></span> <span class='ocrx_word' id='word_1_70' title='bbox 1881 1034 1924 1089; x_wconf 88' lang='lat' dir='ltr'><strong>si</strong></span> <span class='ocrx_word' id='word_1_71' title='bbox 1970 1049 2106 1086; x_wconf 83' lang='lat' dir='ltr'><strong>non-</strong></span> 
     </span>
    </p>
   </div>
   <div class='ocr_carea' id='block_1_11' title="bbox 521 1123 2104 1207">
    <p class='ocr_par' dir='ltr' id='par_1_11' title="bbox 521 1123 2104 1207">
     <span class='ocr_line' id='line_1_11' title="bbox 521 1123 2104 1207; baseline -0.014 -11"><span class='ocrx_word' id='word_1_72' title='bbox 521 1143 651 1196; x_wconf 86' lang='lat' dir='ltr'><strong>dum</strong></span> <span class='ocrx_word' id='word_1_73' title='bbox 715 1153 916 1196; x_wconf 79' lang='lat' dir='ltr'><strong>aurora</strong></span> <span class='ocrx_word' id='word_1_74' title='bbox 975 1134 1328 1207; x_wconf 89' lang='lat' dir='ltr'><strong>apparuerit,</strong></span> <span class='ocrx_word' id='word_1_75' title='bbox 1387 1140 1516 1186; x_wconf 90' lang='lat' dir='ltr'><strong>tunc</strong></span> <span class='ocrx_word' id='word_1_76' title='bbox 1569 1135 1788 1184; x_wconf 87' lang='lat' dir='ltr'><strong>tenente</strong></span> <span class='ocrx_word' id='word_1_77' title='bbox 1841 1123 2104 1193; x_wconf 81' lang='lat' dir='ltr'><strong>magistro</strong></span> 
     </span>
    </p>
   </div>
   <div class='ocr_carea' id='block_1_12' title="bbox 520 1216 2100 1299">
    <p class='ocr_par' dir='ltr' id='par_1_12' title="bbox 520 1216 2100 1299">
     <span class='ocr_line' id='line_1_12' title="bbox 520 1216 2100 1299; baseline -0.012 -13"><span class='ocrx_word' id='word_1_78' title='bbox 520 1233 730 1299; x_wconf 82' lang='lat' dir='ltr'><strong>virgam</strong></span> <span class='ocrx_word' id='word_1_79' title='bbox 767 1229 824 1284; x_wconf 89' lang='lat' dir='ltr'><strong>in</strong></span> <span class='ocrx_word' id='word_1_80' title='bbox 857 1229 1048 1283; x_wconf 76' lang='lat' dir='ltr'><strong>dextra</strong></span> <span class='ocrx_word' id='word_1_81' title='bbox 1089 1239 1251 1278; x_wconf 88' lang='lat' dir='ltr'><strong>manu</strong></span> <span class='ocrx_word' id='word_1_82' title='bbox 1285 1231 1340 1278; x_wconf 90' lang='lat' dir='ltr'><strong>et</strong></span> <span class='ocrx_word' id='word_1_83' title='bbox 1369 1220 1650 1276; x_wconf 82' lang='lat' dir='ltr'><strong>candelam</strong></span> <span class='ocrx_word' id='word_1_84' title='bbox 1697 1219 1752 1272; x_wconf 88' lang='lat' dir='ltr'><strong>in</strong></span> <span class='ocrx_word' id='word_1_85' title='bbox 1796 1216 1957 1278; x_wconf 59' lang='lat' dir='ltr'><strong>laeva,</strong></span> <span class='ocrx_word' id='word_1_86' title='bbox 2004 1229 2100 1268; x_wconf 78' lang='lat' dir='ltr'><strong>ex-</strong></span> 
     </span>
    </p>
   </div>
   <div class='ocr_carea' id='block_1_13' title="bbox 525 1304 2104 1388">
    <p class='ocr_par' dir='ltr' id='par_1_13' title="bbox 525 1304 2104 1388">
     <span class='ocr_line' id='line_1_13' title="bbox 525 1304 2104 1388; baseline -0.013 -14"><span class='ocrx_word' id='word_1_87' title='bbox 525 1320 830 1388; x_wconf 82' lang='lat' dir='ltr'><strong>spoliantur</strong></span> <span class='ocrx_word' id='word_1_88' title='bbox 856 1325 911 1372; x_wconf 92' lang='lat' dir='ltr'><strong>et</strong></span> <span class='ocrx_word' id='word_1_89' title='bbox 939 1316 1050 1372; x_wconf 93' lang='lat' dir='ltr'><strong>cito</strong></span> <span class='ocrx_word' id='word_1_90' title='bbox 1079 1312 1438 1368; x_wconf 81' lang='lat' dir='ltr'><strong>collocantur.</strong></span> <span class='ocrx_word' id='word_1_91' title='bbox 1480 1307 1538 1362; x_wconf 90' lang='lat' dir='ltr'><strong>Si</strong></span> <span class='ocrx_word' id='word_1_92' title='bbox 1566 1321 1691 1361; x_wconf 86' lang='lat' dir='ltr'><strong>vero</strong></span> <span class='ocrx_word' id='word_1_93' title='bbox 1715 1304 2104 1375; x_wconf 87' lang='lat' dir='ltr'><strong>aliquantulum</strong></span> 
     </span>
    </p>
   </div>
   <div class='ocr_carea' id='block_1_14' title="bbox 527 1394 2108 1469">
    <p class='ocr_par' dir='ltr' id='par_1_14' title="bbox 527 1394 2108 1469">
     <span class='ocr_line' id='line_1_14' title="bbox 527 1394 2108 1469; baseline -0.011 -7"><span class='ocrx_word' id='word_1_94' title='bbox 527 1423 727 1462; x_wconf 82' lang='lat' dir='ltr'><strong>aurora</strong></span> <span class='ocrx_word' id='word_1_95' title='bbox 757 1404 1037 1469; x_wconf 80' lang='lat' dir='ltr'><strong>claruerit,</strong></span> <span class='ocrx_word' id='word_1_96' title='bbox 1059 1400 1316 1458; x_wconf 80' lang='lat' dir='ltr'><strong>candelas</strong></span> <span class='ocrx_word' id='word_1_97' title='bbox 1340 1413 1502 1468; x_wconf 88' lang='lat' dir='ltr'><strong>super</strong></span> <span class='ocrx_word' id='word_1_98' title='bbox 1531 1397 1768 1451; x_wconf 87' lang='lat' dir='ltr'><strong>laternas</strong></span> <span class='ocrx_word' id='word_1_99' title='bbox 1805 1394 2027 1465; x_wconf 86' lang='lat' dir='ltr'><strong>figentes</strong></span> <span class='ocrx_word' id='word_1_100' title='bbox 2049 1405 2108 1445; x_wconf 89' lang='lat' dir='ltr'><strong>se</strong></span> 
     </span>
    </p>
   </div>
   <div class='ocr_carea' id='block_1_15' title="bbox 517 1486 2106 1566">
    <p class='ocr_par' dir='ltr' id='par_1_15' title="bbox 517 1486 2106 1566">
     <span class='ocr_line' id='line_1_15' title="bbox 517 1486 2106 1566; baseline -0.009 -14"><span class='ocrx_word' id='word_1_101' title='bbox 517 1499 795 1560; x_wconf 66' lang='lat' dir='ltr'><strong>calceant,</strong></span> <span class='ocrx_word' id='word_1_102' title='bbox 828 1505 885 1552; x_wconf 91' lang='lat' dir='ltr'><strong>et</strong></span> <span class='ocrx_word' id='word_1_103' title='bbox 904 1509 1070 1566; x_wconf 89' lang='lat' dir='ltr'><strong>super</strong></span> <span class='ocrx_word' id='word_1_104' title='bbox 1098 1491 1323 1550; x_wconf 86' lang='lat' dir='ltr'><strong>lectulos</strong></span> <span class='ocrx_word' id='word_1_105' title='bbox 1353 1489 1641 1554; x_wconf 84' lang='lat' dir='ltr'><strong>reclinant,</strong></span> <span class='ocrx_word' id='word_1_106' title='bbox 1673 1497 1733 1542; x_wconf 91' lang='lat' dir='ltr'><strong>ut</strong></span> <span class='ocrx_word' id='word_1_107' title='bbox 1768 1487 1836 1542; x_wconf 91' lang='lat' dir='ltr'><strong>ad</strong></span> <span class='ocrx_word' id='word_1_108' title='bbox 1869 1486 2106 1541; x_wconf 87' lang='lat' dir='ltr'><strong>sonitum</strong></span> 
     </span>
    </p>
   </div>
   <div class='ocr_carea' id='block_1_16' title="bbox 531 1577 2110 1657">
    <p class='ocr_par' dir='ltr' id='par_1_16' title="bbox 531 1577 2110 1657">
     <span class='ocr_line' id='line_1_16' title="bbox 531 1577 2110 1657; baseline -0.009 -17"><span class='ocrx_word' id='word_1_109' title='bbox 531 1587 737 1657; x_wconf 82' lang='lat' dir='ltr'><strong>absque</strong></span> <span class='ocrx_word' id='word_1_110' title='bbox 779 1584 888 1640; x_wconf 89' lang='lat' dir='ltr'><strong>ulla</strong></span> <span class='ocrx_word' id='word_1_111' title='bbox 933 1582 1196 1639; x_wconf 90' lang='lat' dir='ltr'><strong>dilatione</strong></span> <span class='ocrx_word' id='word_1_112' title='bbox 1237 1585 1591 1649; x_wconf 77' lang='lat' dir='ltr'><strong>consurgant,</strong></span> <span class='ocrx_word' id='word_1_113' title='bbox 1622 1577 1763 1646; x_wconf 88' lang='lat' dir='ltr'><strong>quod</strong></span> <span class='ocrx_word' id='word_1_114' title='bbox 1811 1583 1951 1629; x_wconf 91' lang='lat' dir='ltr'><strong>totus</strong></span> <span class='ocrx_word' id='word_1_115' title='bbox 1983 1587 2110 1628; x_wconf 87' lang='lat' dir='ltr'><strong>con-</strong></span> 
     </span>
    </p>
   </div>
   <div class='ocr_carea' id='block_1_17' title="bbox 529 1663 2108 1732">
    <p class='ocr_par' dir='ltr' id='par_1_17' title="bbox 529 1663 2108 1732">
     <span class='ocr_line' id='line_1_17' title="bbox 529 1663 2108 1732; baseline -0.011 -3"><span class='ocrx_word' id='word_1_116' title='bbox 529 1685 725 1732; x_wconf 77' lang='lat' dir='ltr'><strong>ventus</strong></span> <span class='ocrx_word' id='word_1_117' title='bbox 759 1674 952 1730; x_wconf 83' lang='lat' dir='ltr'><strong>eodem</strong></span> <span class='ocrx_word' id='word_1_118' title='bbox 985 1671 1146 1726; x_wconf 91' lang='lat' dir='ltr'><strong>modo</strong></span> <span class='ocrx_word' id='word_1_119' title='bbox 1193 1669 1371 1724; x_wconf 89' lang='lat' dir='ltr'><strong>facere</strong></span> <span class='ocrx_word' id='word_1_120' title='bbox 1415 1667 1594 1722; x_wconf 87' lang='lat' dir='ltr'><strong>debet.</strong></span> <span class='ocrx_word' id='word_1_121' title='bbox 1622 1663 1788 1718; x_wconf 88' lang='lat' dir='ltr'><strong>Panis</strong></span> <span class='ocrx_word' id='word_1_122' title='bbox 1831 1677 2020 1718; x_wconf 89' lang='lat' dir='ltr'><strong>eorum</strong></span> <span class='ocrx_word' id='word_1_123' title='bbox 2052 1667 2108 1712; x_wconf 86' lang='lat' dir='ltr'><strong>et</strong></span> 
     </span>
    </p>
   </div>
   <div class='ocr_carea' id='block_1_18' title="bbox 531 1752 2106 1836">
    <p class='ocr_par' dir='ltr' id='par_1_18' title="bbox 531 1752 2106 1836">
     <span class='ocr_line' id='line_1_18' title="bbox 531 1752 2106 1836; baseline -0.013 -12"><span class='ocrx_word' id='word_1_124' title='bbox 531 1765 785 1836; x_wconf 75' lang='lat' dir='ltr'><strong>generale</strong></span> <span class='ocrx_word' id='word_1_125' title='bbox 815 1777 920 1820; x_wconf 89' lang='lat' dir='ltr'><strong>non</strong></span> <span class='ocrx_word' id='word_1_126' title='bbox 967 1771 1094 1818; x_wconf 88' lang='lat' dir='ltr'><strong>sunt</strong></span> <span class='ocrx_word' id='word_1_127' title='bbox 1135 1760 1346 1815; x_wconf 89' lang='lat' dir='ltr'><strong>minora</strong></span> <span class='ocrx_word' id='word_1_128' title='bbox 1383 1773 1542 1826; x_wconf 88' lang='lat' dir='ltr'><strong>quam</strong></span> <span class='ocrx_word' id='word_1_129' title='bbox 1587 1755 1816 1810; x_wconf 89' lang='lat' dir='ltr'><strong>aliorum</strong></span> <span class='ocrx_word' id='word_1_130' title='bbox 1857 1752 2106 1806; x_wconf 81' lang='lat' dir='ltr'><strong>fratrum.</strong></span> 
     </span>
    </p>
   </div>
   <div class='ocr_carea' id='block_1_19' title="bbox 2195 559 3770 644">
    <p class='ocr_par' dir='ltr' id='par_1_19' title="bbox 2195 559 3770 644">
     <span class='ocr_line' id='line_1_19' title="bbox 2195 559 3770 644; baseline -0.011 -16"><span class='ocrx_word' id='word_1_131' title='bbox 2195 572 2486 644; x_wconf 82' lang='lat' dir='ltr'><strong>aliquando</strong></span> <span class='ocrx_word' id='word_1_132' title='bbox 2505 571 2578 625; x_wconf 87' lang='lat' dir='ltr'><strong>illi</strong></span> <span class='ocrx_word' id='word_1_133' title='bbox 2605 570 2840 624; x_wconf 76' lang='lat' dir='ltr'><strong>maxime</strong></span> <span class='ocrx_word' id='word_1_134' title='bbox 2863 568 2954 637; x_wconf 88' lang='lat' dir='ltr'><strong>qui</strong></span> <span class='ocrx_word' id='word_1_135' title='bbox 2979 566 3164 622; x_wconf 84' lang='lat' dir='ltr'><strong>nutriti</strong></span> <span class='ocrx_word' id='word_1_136' title='bbox 3187 572 3312 620; x_wconf 87' lang='lat' dir='ltr'><strong>sunt</strong></span> <span class='ocrx_word' id='word_1_137' title='bbox 3333 559 3770 644; x_wconf 47' lang='lat' dir='ltr'><strong>inunonastcrio,</strong></span> 
     </span>
    </p>
   </div>
   <div class='ocr_carea' id='block_1_20' title="bbox 2199 631 3774 722">
    <p class='ocr_par' dir='ltr' id='par_1_20' title="bbox 2199 631 3774 722">
     <span class='ocr_line' id='line_1_20' title="bbox 2199 631 3774 722; baseline -0.013 0"><span class='ocrx_word' id='word_1_138' title='bbox 2199 666 2246 722; x_wconf 84' lang='lat' dir='ltr'><strong>si</strong></span> <span class='ocrx_word' id='word_1_139' title='bbox 2277 666 2328 720; x_wconf 89' lang='lat' dir='ltr'><strong>in</strong></span> <span class='ocrx_word' id='word_1_140' title='bbox 2361 664 2604 720; x_wconf 88' lang='lat' dir='ltr'><strong>moribus</strong></span> <span class='ocrx_word' id='word_1_141' title='bbox 2631 661 2731 716; x_wconf 87' lang='lat' dir='ltr'><strong>viri</strong></span> <span class='ocrx_word' id='word_1_142' title='bbox 2768 675 2889 716; x_wconf 84' lang='lat' dir='ltr'><strong>esse</strong></span> <span class='ocrx_word' id='word_1_143' title='bbox 2927 657 3222 720; x_wconf 88' lang='lat' dir='ltr'><strong>noluerint,</strong></span> <span class='ocrx_word' id='word_1_144' title='bbox 3269 631 3445 708; x_wconf 80' lang='lat' dir='ltr'><strong>virilis</strong></span> <span class='ocrx_word' id='word_1_145' title='bbox 3473 662 3606 706; x_wconf 63' lang='lat' dir='ltr'><strong>atlas</strong></span> <span class='ocrx_word' id='word_1_146' title='bbox 3635 648 3774 704; x_wconf 88' lang='lat' dir='ltr'><strong>nihil</strong></span> 
     </span>
    </p>
   </div>
   <div class='ocr_carea' id='block_1_21' title="bbox 2200 739 3777 824">
    <p class='ocr_par' dir='ltr' id='par_1_21' title="bbox 2200 739 3777 824">
     <span class='ocr_line' id='line_1_21' title="bbox 2200 739 3777 824; baseline -0.014 -10"><span class='ocrx_word' id='word_1_147' title='bbox 2200 757 2280 814; x_wconf 83' lang='lat' dir='ltr'><strong>eis</strong></span> <span class='ocrx_word' id='word_1_148' title='bbox 2320 753 2586 824; x_wconf 85' lang='lat' dir='ltr'><strong>profuerit</strong></span> <span class='ocrx_word' id='word_1_149' title='bbox 2623 759 2681 806; x_wconf 89' lang='lat' dir='ltr'><strong>ut</strong></span> <span class='ocrx_word' id='word_1_150' title='bbox 2729 766 2760 804; x_wconf 86' lang='lat' dir='ltr'><strong>a</strong></span> <span class='ocrx_word' id='word_1_151' title='bbox 2803 749 3047 804; x_wconf 90' lang='lat' dir='ltr'><strong>custodia</strong></span> <span class='ocrx_word' id='word_1_152' title='bbox 3097 747 3394 802; x_wconf 79' lang='lat' dir='ltr'><strong>solvantur.</strong></span> <span class='ocrx_word' id='word_1_153' title='bbox 3444 743 3502 796; x_wconf 90' lang='lat' dir='ltr'><strong>ln</strong></span> <span class='ocrx_word' id='word_1_154' title='bbox 3535 756 3644 811; x_wconf 89' lang='lat' dir='ltr'><strong>qua</strong></span> <span class='ocrx_word' id='word_1_155' title='bbox 3679 739 3777 808; x_wconf 88' lang='lat' dir='ltr'><strong>qui</strong></span> 
     </span>
    </p>
   </div>
   <div class='ocr_carea' id='block_1_22' title="bbox 2203 830 3780 918">
    <p class='ocr_par' dir='ltr' id='par_1_22' title="bbox 2203 830 3780 918">
     <span class='ocr_line' id='line_1_22' title="bbox 2203 830 3780 918; baseline -0.012 -15"><span class='ocrx_word' id='word_1_156' title='bbox 2203 847 2414 918; x_wconf 82' lang='lat' dir='ltr'><strong>positus</strong></span> <span class='ocrx_word' id='word_1_157' title='bbox 2453 843 2636 908; x_wconf 91' lang='lat' dir='ltr'><strong>fuerit,</strong></span> <span class='ocrx_word' id='word_1_158' title='bbox 2667 841 2900 911; x_wconf 88' lang='lat' dir='ltr'><strong>primum</strong></span> <span class='ocrx_word' id='word_1_159' title='bbox 2931 839 2986 893; x_wconf 91' lang='lat' dir='ltr'><strong>in</strong></span> <span class='ocrx_word' id='word_1_160' title='bbox 3009 835 3330 894; x_wconf 86' lang='lat' dir='ltr'><strong>dormitorio</strong></span> <span class='ocrx_word' id='word_1_161' title='bbox 3357 833 3532 888; x_wconf 89' lang='lat' dir='ltr'><strong>lectus</strong></span> <span class='ocrx_word' id='word_1_162' title='bbox 3555 830 3670 898; x_wconf 82' lang='lat' dir='ltr'><strong>ejus</strong></span> <span class='ocrx_word' id='word_1_163' title='bbox 3691 839 3780 884; x_wconf 88' lang='lat' dir='ltr'><strong>est</strong></span> 
     </span>
    </p>
   </div>
   <div class='ocr_carea' id='block_1_23' title="bbox 2199 923 3779 1011">
    <p class='ocr_par' dir='ltr' id='par_1_23' title="bbox 2199 923 3779 1011">
     <span class='ocr_line' id='line_1_23' title="bbox 2199 923 3779 1011; baseline -0.013 -15"><span class='ocrx_word' id='word_1_164' title='bbox 2199 954 2366 1011; x_wconf 86' lang='lat' dir='ltr'><strong>prope</strong></span> <span class='ocrx_word' id='word_1_165' title='bbox 2391 939 2588 992; x_wconf 80' lang='lat' dir='ltr'><strong>lectum</strong></span> <span class='ocrx_word' id='word_1_166' title='bbox 2617 933 2862 990; x_wconf 86' lang='lat' dir='ltr'><strong>custodis</strong></span> <span class='ocrx_word' id='word_1_167' title='bbox 2889 932 2993 998; x_wconf 90' lang='lat' dir='ltr'><strong>sui,</strong></span> <span class='ocrx_word' id='word_1_168' title='bbox 3027 931 3093 986; x_wconf 89' lang='lat' dir='ltr'><strong>ad</strong></span> <span class='ocrx_word' id='word_1_169' title='bbox 3123 943 3284 1000; x_wconf 84' lang='lat' dir='ltr'><strong>quem</strong></span> <span class='ocrx_word' id='word_1_170' title='bbox 3312 927 3516 993; x_wconf 82' lang='lat' dir='ltr'><strong>absque</strong></span> <span class='ocrx_word' id='word_1_171' title='bbox 3547 923 3640 976; x_wconf 91' lang='lat' dir='ltr'><strong>illo</strong></span> <span class='ocrx_word' id='word_1_172' title='bbox 3673 936 3779 976; x_wconf 88' lang='lat' dir='ltr'><strong>nec</strong></span> 
     </span>
    </p>
   </div>
   <div class='ocr_carea' id='block_1_24' title="bbox 2202 1020 3782 1097">
    <p class='ocr_par' dir='ltr' id='par_1_24' title="bbox 2202 1020 3782 1097">
     <span class='ocr_line' id='line_1_24' title="bbox 2202 1020 3782 1097; baseline -0.013 -11"><span class='ocrx_word' id='word_1_173' title='bbox 2202 1031 2408 1086; x_wconf 89' lang='lat' dir='ltr'><strong>accedit</strong></span> <span class='ocrx_word' id='word_1_174' title='bbox 2449 1043 2688 1097; x_wconf 86' lang='lat' dir='ltr'><strong>unquam</strong></span> <span class='ocrx_word' id='word_1_175' title='bbox 2734 1039 2834 1080; x_wconf 86' lang='lat' dir='ltr'><strong>nec</strong></span> <span class='ocrx_word' id='word_1_176' title='bbox 2883 1023 3108 1080; x_wconf 86' lang='lat' dir='ltr'><strong>recedit.</strong></span> <span class='ocrx_word' id='word_1_177' title='bbox 3163 1020 3223 1074; x_wconf 87' lang='lat' dir='ltr'><strong>lu</strong></span> <span class='ocrx_word' id='word_1_178' title='bbox 3269 1027 3429 1074; x_wconf 88' lang='lat' dir='ltr'><strong>nocte</strong></span> <span class='ocrx_word' id='word_1_179' title='bbox 3479 1030 3610 1070; x_wconf 85' lang='lat' dir='ltr'><strong>vero</strong></span> <span class='ocrx_word' id='word_1_180' title='bbox 3645 1028 3782 1082; x_wconf 81' lang='lat' dir='ltr'><strong>quo-</strong></span> 
     </span>
    </p>
   </div>
   <div class='ocr_carea' id='block_1_25' title="bbox 2206 1104 3782 1190">
    <p class='ocr_par' dir='ltr' id='par_1_25' title="bbox 2206 1104 3782 1190">
     <span class='ocr_line' id='line_1_25' title="bbox 2206 1104 3782 1190; baseline -0.013 -14"><span class='ocrx_word' id='word_1_181' title='bbox 2206 1135 2422 1190; x_wconf 89' lang='lat' dir='ltr'><strong>cunque</strong></span> <span class='ocrx_word' id='word_1_182' title='bbox 2449 1117 2675 1180; x_wconf 80' lang='lat' dir='ltr'><strong>incedit,</strong></span> <span class='ocrx_word' id='word_1_183' title='bbox 2725 1123 2908 1185; x_wconf 82' lang='lat' dir='ltr'><strong>portat</strong></span> <span class='ocrx_word' id='word_1_184' title='bbox 2955 1121 3082 1167; x_wconf 87' lang='lat' dir='ltr'><strong>ante</strong></span> <span class='ocrx_word' id='word_1_185' title='bbox 3131 1126 3190 1166; x_wconf 89' lang='lat' dir='ltr'><strong>se</strong></span> <span class='ocrx_word' id='word_1_186' title='bbox 3221 1109 3514 1172; x_wconf 87' lang='lat' dir='ltr'><strong>laternam,</strong></span> <span class='ocrx_word' id='word_1_187' title='bbox 3555 1104 3782 1160; x_wconf 88' lang='lat' dir='ltr'><strong>custode</strong></span> 
     </span>
    </p>
   </div>
   <div class='ocr_carea' id='block_1_26' title="bbox 2204 1192 3782 1279">
    <p class='ocr_par' dir='ltr' id='par_1_26' title="bbox 2204 1192 3782 1279">
     <span class='ocr_line' id='line_1_26' title="bbox 2204 1192 3782 1279; baseline -0.011 -16"><span class='ocrx_word' id='word_1_188' title='bbox 2204 1208 2525 1279; x_wconf 80' lang='lat' dir='ltr'><strong>providente</strong></span> <span class='ocrx_word' id='word_1_189' title='bbox 2567 1215 2626 1258; x_wconf 91' lang='lat' dir='ltr'><strong>ut</strong></span> <span class='ocrx_word' id='word_1_190' title='bbox 2675 1203 2957 1258; x_wconf 84' lang='lat' dir='ltr'><strong>candelam</strong></span> <span class='ocrx_word' id='word_1_191' title='bbox 2997 1201 3199 1256; x_wconf 87' lang='lat' dir='ltr'><strong>habeat</strong></span> <span class='ocrx_word' id='word_1_192' title='bbox 3247 1211 3564 1258; x_wconf 80' lang='lat' dir='ltr'><strong>accensam;</strong></span> <span class='ocrx_word' id='word_1_193' title='bbox 3598 1193 3686 1262; x_wconf 83' lang='lat' dir='ltr'><strong>qui</strong></span> <span class='ocrx_word' id='word_1_194' title='bbox 3731 1192 3782 1246; x_wconf 74' lang='lat' dir='ltr'><strong>si</strong></span> 
     </span>
    </p>
   </div>
   <div class='ocr_carea' id='block_1_27' title="bbox 2205 1288 3786 1361">
    <p class='ocr_par' dir='ltr' id='par_1_27' title="bbox 2205 1288 3786 1361">
     <span class='ocr_line' id='line_1_27' title="bbox 2205 1288 3786 1361; baseline -0.014 -6"><span class='ocrx_word' id='word_1_195' title='bbox 2205 1316 2328 1355; x_wconf 88' lang='lat' dir='ltr'><strong>eum</strong></span> <span class='ocrx_word' id='word_1_196' title='bbox 2351 1297 2564 1354; x_wconf 76' lang='lat' dir='ltr'><strong>duxerit</strong></span> <span class='ocrx_word' id='word_1_197' title='bbox 2594 1298 2659 1350; x_wconf 89' lang='lat' dir='ltr'><strong>ad</strong></span> <span class='ocrx_word' id='word_1_198' title='bbox 2684 1294 3041 1357; x_wconf 86' lang='lat' dir='ltr'><strong>necessarias,</strong></span> <span class='ocrx_word' id='word_1_199' title='bbox 3073 1299 3362 1361; x_wconf 86' lang='lat' dir='ltr'><strong>postquam</strong></span> <span class='ocrx_word' id='word_1_200' title='bbox 3392 1288 3504 1356; x_wconf 88' lang='lat' dir='ltr'><strong>ipse</strong></span> <span class='ocrx_word' id='word_1_201' title='bbox 3531 1297 3786 1339; x_wconf 79' lang='lat' dir='ltr'><strong>surrexe-</strong></span> 
     </span>
    </p>
   </div>
   <div class='ocr_carea' id='block_1_28' title="bbox 2209 1371 3787 1458">
    <p class='ocr_par' dir='ltr' id='par_1_28' title="bbox 2209 1371 3787 1458">
     <span class='ocr_line' id='line_1_28' title="bbox 2209 1371 3787 1458; baseline -0.013 -14"><span class='ocrx_word' id='word_1_202' title='bbox 2209 1391 2303 1454; x_wconf 87' lang='lat' dir='ltr'><strong>rit,</strong></span> <span class='ocrx_word' id='word_1_203' title='bbox 2331 1387 2530 1458; x_wconf 83' lang='lat' dir='ltr'><strong>jugiter</strong></span> <span class='ocrx_word' id='word_1_204' title='bbox 2560 1400 2683 1440; x_wconf 90' lang='lat' dir='ltr'><strong>eum</strong></span> <span class='ocrx_word' id='word_1_205' title='bbox 2734 1383 2994 1447; x_wconf 85' lang='lat' dir='ltr'><strong>intuetur,</strong></span> <span class='ocrx_word' id='word_1_206' title='bbox 3033 1394 3344 1450; x_wconf 88' lang='lat' dir='ltr'><strong>quanquam</strong></span> <span class='ocrx_word' id='word_1_207' title='bbox 3375 1386 3428 1431; x_wconf 90' lang='lat' dir='ltr'><strong>et</strong></span> <span class='ocrx_word' id='word_1_208' title='bbox 3476 1375 3680 1428; x_wconf 88' lang='lat' dir='ltr'><strong>laterna</strong></span> <span class='ocrx_word' id='word_1_209' title='bbox 3713 1371 3787 1426; x_wconf 83' lang='lat' dir='ltr'><strong>sit.</strong></span> 
     </span>
    </p>
   </div>
   <div class='ocr_carea' id='block_1_29' title="bbox 2209 1465 3780 1540">
    <p class='ocr_par' dir='ltr' id='par_1_29' title="bbox 2209 1465 3780 1540">
     <span class='ocr_line' id='line_1_29' title="bbox 2209 1465 3780 1540; baseline -0.013 -7"><span class='ocrx_word' id='word_1_210' title='bbox 2209 1487 2336 1534; x_wconf 89' lang='lat' dir='ltr'><strong>ante</strong></span> <span class='ocrx_word' id='word_1_211' title='bbox 2375 1491 2518 1532; x_wconf 89' lang='lat' dir='ltr'><strong>eum.</strong></span> <span class='ocrx_word' id='word_1_212' title='bbox 2551 1473 2605 1530; x_wconf 91' lang='lat' dir='ltr'><strong>Si</strong></span> <span class='ocrx_word' id='word_1_213' title='bbox 2625 1523 2628 1526; x_wconf 86' lang='lat'><strong>.</strong></span> <span class='ocrx_word' id='word_1_214' title='bbox 2649 1488 2780 1528; x_wconf 87' lang='lat' dir='ltr'><strong>vero</strong></span> <span class='ocrx_word' id='word_1_215' title='bbox 2806 1473 2862 1528; x_wconf 88' lang='lat' dir='ltr'><strong>in</strong></span> <span class='ocrx_word' id='word_1_216' title='bbox 2893 1479 3054 1526; x_wconf 90' lang='lat' dir='ltr'><strong>nocte</strong></span> <span class='ocrx_word' id='word_1_217' title='bbox 3081 1483 3219 1540; x_wconf 90' lang='lat' dir='ltr'><strong>opus</strong></span> <span class='ocrx_word' id='word_1_218' title='bbox 3253 1465 3500 1522; x_wconf 86' lang='lat' dir='ltr'><strong>habuerit</strong></span> <span class='ocrx_word' id='word_1_219' title='bbox 3535 1475 3780 1532; x_wconf 80' lang='lat' dir='ltr'><strong>surgere,</strong></span> 
     </span>
    </p>
   </div>
   <div class='ocr_carea' id='block_1_30' title="bbox 2209 1554 3786 1630">
    <p class='ocr_par' dir='ltr' id='par_1_30' title="bbox 2209 1554 3786 1630">
     <span class='ocr_line' id='line_1_30' title="bbox 2209 1554 3786 1630; baseline -0.012 -5"><span class='ocrx_word' id='word_1_220' title='bbox 2209 1568 2448 1625; x_wconf 82' lang='lat' dir='ltr'><strong>excitato</strong></span> <span class='ocrx_word' id='word_1_221' title='bbox 2477 1563 2725 1630; x_wconf 84' lang='lat' dir='ltr'><strong>custode,</strong></span> <span class='ocrx_word' id='word_1_222' title='bbox 2773 1575 2830 1619; x_wconf 87' lang='lat' dir='ltr'><strong>et</strong></span> <span class='ocrx_word' id='word_1_223' title='bbox 2860 1577 3088 1618; x_wconf 89' lang='lat' dir='ltr'><strong>accensa</strong></span> <span class='ocrx_word' id='word_1_224' title='bbox 3119 1559 3327 1616; x_wconf 83' lang='lat' dir='ltr'><strong>laterna</strong></span> <span class='ocrx_word' id='word_1_225' title='bbox 3362 1555 3536 1629; x_wconf 83' lang='lat' dir='ltr'><strong>pergit</strong></span> <span class='ocrx_word' id='word_1_226' title='bbox 3578 1554 3648 1608; x_wconf 91' lang='lat' dir='ltr'><strong>ad</strong></span> <span class='ocrx_word' id='word_1_227' title='bbox 3691 1567 3786 1607; x_wconf 82' lang='lat' dir='ltr'><strong>ne-</strong></span> 
     </span>
    </p>
   </div>
   <div class='ocr_carea' id='block_1_31' title="bbox 2211 1646 3786 1722">
    <p class='ocr_par' dir='ltr' id='par_1_31' title="bbox 2211 1646 3786 1722">
     <span class='ocr_line' id='line_1_31' title="bbox 2211 1646 3786 1722; baseline -0.013 -4"><span class='ocrx_word' id='word_1_228' title='bbox 2211 1661 2499 1722; x_wconf 86' lang='lat' dir='ltr'><strong>cessarias,</strong></span> <span class='ocrx_word' id='word_1_229' title='bbox 2529 1674 2630 1714; x_wconf 85' lang='lat' dir='ltr'><strong>nec</strong></span> <span class='ocrx_word' id='word_1_230' title='bbox 2674 1665 2805 1713; x_wconf 86' lang='lat' dir='ltr'><strong>ante</strong></span> <span class='ocrx_word' id='word_1_231' title='bbox 2846 1671 2875 1709; x_wconf 90' lang='lat' dir='ltr'><strong>a</strong></span> <span class='ocrx_word' id='word_1_232' title='bbox 2901 1654 3125 1711; x_wconf 85' lang='lat' dir='ltr'><strong>custode</strong></span> <span class='ocrx_word' id='word_1_233' title='bbox 3173 1649 3544 1722; x_wconf 72' lang='lat' dir='ltr'><strong>exstinguitur</strong></span> <span class='ocrx_word' id='word_1_234' title='bbox 3579 1646 3786 1701; x_wconf 87' lang='lat' dir='ltr'><strong>laterna</strong></span> 
     </span>
    </p>
   </div>
   <div class='ocr_carea' id='block_1_32' title="bbox 2213 1745 3790 1822">
    <p class='ocr_par' dir='ltr' id='par_1_32' title="bbox 2213 1745 3790 1822">
     <span class='ocr_line' id='line_1_32' title="bbox 2213 1745 3790 1822; baseline -0.011 -18"><span class='ocrx_word' id='word_1_235' title='bbox 2213 1765 2373 1822; x_wconf 86' lang='lat' dir='ltr'><strong>quam</strong></span> <span class='ocrx_word' id='word_1_236' title='bbox 2409 1749 2498 1805; x_wconf 90' lang='lat' dir='ltr'><strong>ille</strong></span> <span class='ocrx_word' id='word_1_237' title='bbox 2539 1747 2870 1812; x_wconf 87' lang='lat' dir='ltr'><strong>collocetur;</strong></span> <span class='ocrx_word' id='word_1_238' title='bbox 2906 1745 3158 1800; x_wconf 88' lang='lat' dir='ltr'><strong>custodes</strong></span> <span class='ocrx_word' id='word_1_239' title='bbox 3185 1756 3419 1810; x_wconf 85' lang='lat' dir='ltr'><strong>namque</strong></span> <span class='ocrx_word' id='word_1_240' title='bbox 3451 1753 3545 1794; x_wconf 88' lang='lat' dir='ltr'><strong>eas</strong></span> <span class='ocrx_word' id='word_1_241' title='bbox 3576 1749 3790 1806; x_wconf 87' lang='lat' dir='ltr'><strong>semper</strong></span> 
     </span>
    </p>
   </div>
   <div class='ocr_carea' id='block_1_33' title="bbox 535 1814 3791 1927">
    <p class='ocr_par' dir='ltr' id='par_1_33' title="bbox 535 1814 3791 1927">
     <span class='ocr_line' id='line_1_33' title="bbox 535 1814 2248 1836; baseline -0.013 1"><span class='ocrx_word' id='word_1_242' title='bbox 535 1814 782 1836; x_wconf 67' lang='lat' dir='ltr'><strong>D&quot;&quot;&quot;‘&quot;</strong></span> <span class='ocrx_word' id='word_1_243' title='bbox 815 1814 919 1820; x_wconf 71' lang='lat'><strong>&quot;&quot;&#39;</strong></span> <span class='ocrx_word' id='word_1_244' title='bbox 967 1814 1090 1818; x_wconf 58' lang='lat'><strong>“&quot;&quot;</strong></span> <span class='ocrx_word' id='word_1_245' title='bbox 1139 1814 1144 1815; x_wconf 55' lang='lat'>’</span> <span class='ocrx_word' id='word_1_246' title='bbox 1399 1814 1414 1826; x_wconf 85' lang='grc' dir='ltr'><strong>Ι</strong></span> <span class='ocrx_word' id='word_1_247' title='bbox 2231 1814 2248 1822; x_wconf 89' lang='lat'>_</span> 
     </span>
     <span class='ocr_line' id='line_1_34' title="bbox 535 1814 3791 1927; baseline -0.011 -14"><span class='ocrx_word' id='word_1_248' title='bbox 535 1857 596 1913; x_wconf 87' lang='lat' dir='ltr'><strong>Si</strong></span> <span class='ocrx_word' id='word_1_249' title='bbox 642 1857 764 1927; x_wconf 88' lang='lat' dir='ltr'><strong>quis</strong></span> <span class='ocrx_word' id='word_1_250' title='bbox 803 1853 1032 1909; x_wconf 83' lang='lat' dir='ltr'><strong>fratrum</strong></span> <span class='ocrx_word' id='word_1_251' title='bbox 1060 1854 1146 1926; x_wconf 36' lang='lat' dir='ltr'><strong>.dc</strong></span> <span class='ocrx_word' id='word_1_252' title='bbox 1192 1851 1326 1906; x_wconf 88' lang='lat' dir='ltr'><strong>foris</strong></span> <span class='ocrx_word' id='word_1_253' title='bbox 1375 1850 1600 1904; x_wconf 88' lang='lat' dir='ltr'><strong>veniens</strong></span> <span class='ocrx_word' id='word_1_254' title='bbox 1633 1847 1906 1902; x_wconf 83' lang='lat' dir='ltr'><strong>osculatus</strong></span> <span class='ocrx_word' id='word_1_255' title='bbox 1951 1845 2108 1899; x_wconf 84' lang='lat' dir='ltr'><strong>fuerit</strong></span> <span class='ocrx_word' id='word_1_256' title='bbox 2143 1814 2187 1874; x_wconf 76' lang='grc' dir='ltr'><strong>Β</strong></span> <span class='ocrx_word' id='word_1_257' title='bbox 2216 1841 2508 1896; x_wconf 88' lang='lat' dir='ltr'><strong>incendunt</strong></span> <span class='ocrx_word' id='word_1_258' title='bbox 2534 1849 2588 1894; x_wconf 90' lang='lat' dir='ltr'><strong>et</strong></span> <span class='ocrx_word' id='word_1_259' title='bbox 2609 1837 2982 1906; x_wconf 83' lang='lat' dir='ltr'><strong>cxstinguunt.</strong></span> <span class='ocrx_word' id='word_1_260' title='bbox 3009 1833 3067 1888; x_wconf 92' lang='lat' dir='ltr'><strong>Si</strong></span> <span class='ocrx_word' id='word_1_261' title='bbox 3091 1833 3144 1887; x_wconf 92' lang='lat' dir='ltr'><strong>in</strong></span> <span class='ocrx_word' id='word_1_262' title='bbox 3167 1831 3451 1888; x_wconf 86' lang='lat' dir='ltr'><strong>ecclesiam</strong></span> <span class='ocrx_word' id='word_1_263' title='bbox 3477 1843 3601 1882; x_wconf 89' lang='lat' dir='ltr'><strong>eum</strong></span> <span class='ocrx_word' id='word_1_264' title='bbox 3624 1826 3791 1879; x_wconf 60' lang='lat' dir='ltr'><strong>duxea</strong></span> 
     </span>
    </p>
   </div>
   <div class='ocr_carea' id='block_1_34' title="bbox 536 1935 2116 2008">
    <p class='ocr_par' dir='ltr' id='par_1_34' title="bbox 536 1935 2116 2008">
     <span class='ocr_line' id='line_1_35' title="bbox 536 1935 2116 2008; baseline -0.008 -8"><span class='ocrx_word' id='word_1_265' title='bbox 536 1961 727 2002; x_wconf 88' lang='lat' dir='ltr'><strong>omnes</strong></span> <span class='ocrx_word' id='word_1_266' title='bbox 767 1945 987 2008; x_wconf 81' lang='lat' dir='ltr'><strong>fratres,</strong></span> <span class='ocrx_word' id='word_1_267' title='bbox 1030 1941 1250 1996; x_wconf 89' lang='lat' dir='ltr'><strong>minime</strong></span> <span class='ocrx_word' id='word_1_268' title='bbox 1282 1951 1461 1994; x_wconf 87' lang='lat' dir='ltr'><strong>tamen</strong></span> <span class='ocrx_word' id='word_1_269' title='bbox 1505 1935 1784 1992; x_wconf 89' lang='lat' dir='ltr'><strong>osculatur</strong></span> <span class='ocrx_word' id='word_1_270' title='bbox 1814 1950 1944 1996; x_wconf 70' lang='lat' dir='ltr'><strong>eos,</strong></span> <span class='ocrx_word' id='word_1_271' title='bbox 1975 1935 2116 1989; x_wconf 84' lang='lat' dir='ltr'><strong>sicut</strong></span> 
     </span>
    </p>
   </div>
   <div class='ocr_carea' id='block_1_35' title="bbox 540 2025 2116 2100">
    <p class='ocr_par' dir='ltr' id='par_1_35' title="bbox 540 2025 2116 2100">
     <span class='ocr_line' id='line_1_36' title="bbox 540 2025 2116 2100; baseline -0.01 -7"><span class='ocrx_word' id='word_1_272' title='bbox 540 2039 704 2093; x_wconf 85' lang='lat' dir='ltr'><strong>etiam</strong></span> <span class='ocrx_word' id='word_1_273' title='bbox 741 2051 843 2090; x_wconf 90' lang='lat' dir='ltr'><strong>nec</strong></span> <span class='ocrx_word' id='word_1_274' title='bbox 871 2036 923 2089; x_wconf 91' lang='lat' dir='ltr'><strong>in</strong></span> <span class='ocrx_word' id='word_1_275' title='bbox 955 2031 1184 2088; x_wconf 87' lang='lat' dir='ltr'><strong>ecclesia</strong></span> <span class='ocrx_word' id='word_1_276' title='bbox 1222 2030 1287 2084; x_wconf 90' lang='lat' dir='ltr'><strong>ad</strong></span> <span class='ocrx_word' id='word_1_277' title='bbox 1321 2043 1528 2100; x_wconf 86' lang='lat' dir='ltr'><strong>pacem.</strong></span> <span class='ocrx_word' id='word_1_278' title='bbox 1559 2027 1640 2082; x_wconf 85' lang='lat' dir='ltr'><strong>Ad</strong></span> <span class='ocrx_word' id='word_1_279' title='bbox 1671 2025 1977 2080; x_wconf 81' lang='lat' dir='ltr'><strong>Mandatum</strong></span> <span class='ocrx_word' id='word_1_280' title='bbox 2009 2038 2116 2078; x_wconf 89' lang='lat' dir='ltr'><strong>non</strong></span> 
     </span>
    </p>
   </div>
   <div class='ocr_carea' id='block_1_36' title="bbox 539 2112 2116 2191">
    <p class='ocr_par' dir='ltr' id='par_1_36' title="bbox 539 2112 2116 2191">
     <span class='ocr_line' id='line_1_37' title="bbox 539 2112 2116 2191; baseline -0.008 -13"><span class='ocrx_word' id='word_1_281' title='bbox 539 2127 797 2180; x_wconf 87' lang='lat' dir='ltr'><strong>lavantur</strong></span> <span class='ocrx_word' id='word_1_282' title='bbox 825 2123 904 2177; x_wconf 91' lang='lat' dir='ltr'><strong>eis</strong></span> <span class='ocrx_word' id='word_1_283' title='bbox 930 2119 1118 2191; x_wconf 86' lang='lat' dir='ltr'><strong>pedes,</strong></span> <span class='ocrx_word' id='word_1_284' title='bbox 1151 2119 1291 2174; x_wconf 89' lang='lat' dir='ltr'><strong>sicut</strong></span> <span class='ocrx_word' id='word_1_285' title='bbox 1315 2133 1415 2172; x_wconf 86' lang='lat' dir='ltr'><strong>nec</strong></span> <span class='ocrx_word' id='word_1_286' title='bbox 1443 2117 1542 2186; x_wconf 84' lang='lat' dir='ltr'><strong>ipsi</strong></span> <span class='ocrx_word' id='word_1_287' title='bbox 1573 2116 1785 2181; x_wconf 86' lang='lat' dir='ltr'><strong>lavant;</strong></span> <span class='ocrx_word' id='word_1_288' title='bbox 1815 2113 2031 2183; x_wconf 90' lang='lat' dir='ltr'><strong>quando</strong></span> <span class='ocrx_word' id='word_1_289' title='bbox 2063 2112 2116 2166; x_wconf 89' lang='lat' dir='ltr'><strong>in</strong></span> 
     </span>
    </p>
   </div>
   <div class='ocr_carea' id='block_1_37' title="bbox 543 2203 2120 2282">
    <p class='ocr_par' dir='ltr' id='par_1_37' title="bbox 543 2203 2120 2282">
     <span class='ocr_line' id='line_1_38' title="bbox 543 2203 2120 2282; baseline -0.009 -15"><span class='ocrx_word' id='word_1_290' title='bbox 543 2213 776 2282; x_wconf 86' lang='lat' dir='ltr'><strong>coquina</strong></span> <span class='ocrx_word' id='word_1_291' title='bbox 817 2211 1222 2279; x_wconf 90' lang='lat' dir='ltr'><strong>obsequuntur,</strong></span> <span class='ocrx_word' id='word_1_292' title='bbox 1272 2207 1518 2276; x_wconf 82' lang='lat' dir='ltr'><strong>magistri</strong></span> <span class='ocrx_word' id='word_1_293' title='bbox 1557 2219 1742 2259; x_wconf 88' lang='lat' dir='ltr'><strong>eorum</strong></span> <span class='ocrx_word' id='word_1_294' title='bbox 1783 2203 1960 2258; x_wconf 85' lang='lat' dir='ltr'><strong>solent</strong></span> <span class='ocrx_word' id='word_1_295' title='bbox 1997 2215 2120 2270; x_wconf 89' lang='lat' dir='ltr'><strong>pro-</strong></span> 
     </span>
    </p>
   </div>
   <div class='ocr_carea' id='block_1_38' title="bbox 539 2293 2122 2369">
    <p class='ocr_par' dir='ltr' id='par_1_38' title="bbox 539 2293 2122 2369">
     <span class='ocr_line' id='line_1_39' title="bbox 539 2293 2122 2369; baseline -0.006 -17"><span class='ocrx_word' id='word_1_296' title='bbox 539 2301 728 2357; x_wconf 80' lang='lat' dir='ltr'><strong>videre</strong></span> <span class='ocrx_word' id='word_1_297' title='bbox 752 2309 814 2355; x_wconf 90' lang='lat' dir='ltr'><strong>ut</strong></span> <span class='ocrx_word' id='word_1_298' title='bbox 852 2307 1155 2369; x_wconf 87' lang='lat' dir='ltr'><strong>opportune</strong></span> <span class='ocrx_word' id='word_1_299' title='bbox 1209 2296 1510 2351; x_wconf 87' lang='lat' dir='ltr'><strong>accendant</strong></span> <span class='ocrx_word' id='word_1_300' title='bbox 1547 2293 1830 2347; x_wconf 86' lang='lat' dir='ltr'><strong>luminaria</strong></span> <span class='ocrx_word' id='word_1_301' title='bbox 1861 2293 2122 2346; x_wconf 88' lang='lat' dir='ltr'><strong>dormito-</strong></span> 
     </span>
    </p>
   </div>
   <div class='ocr_carea' id='block_1_39' title="bbox 541 2381 2122 2452">
    <p class='ocr_par' dir='ltr' id='par_1_39' title="bbox 541 2381 2122 2452">
     <span class='ocr_line' id='line_1_40' title="bbox 541 2381 2122 2452; baseline -0.007 -5"><span class='ocrx_word' id='word_1_302' title='bbox 541 2393 608 2447; x_wconf 82' lang='lat' dir='ltr'><strong>rii</strong></span> <span class='ocrx_word' id='word_1_303' title='bbox 663 2401 718 2445; x_wconf 92' lang='lat' dir='ltr'><strong>et</strong></span> <span class='ocrx_word' id='word_1_304' title='bbox 772 2389 1234 2452; x_wconf 88' lang='lat' dir='ltr'><strong>necessariarum,</strong></span> <span class='ocrx_word' id='word_1_305' title='bbox 1290 2395 1345 2440; x_wconf 92' lang='lat' dir='ltr'><strong>et</strong></span> <span class='ocrx_word' id='word_1_306' title='bbox 1399 2386 1465 2438; x_wconf 89' lang='lat' dir='ltr'><strong>ad</strong></span> <span class='ocrx_word' id='word_1_307' title='bbox 1521 2393 1844 2447; x_wconf 89' lang='lat' dir='ltr'><strong>nocturnos,</strong></span> <span class='ocrx_word' id='word_1_308' title='bbox 1893 2383 1946 2436; x_wconf 91' lang='lat' dir='ltr'><strong>in</strong></span> <span class='ocrx_word' id='word_1_309' title='bbox 1991 2381 2122 2450; x_wconf 83' lang='lat' dir='ltr'><strong>ipsis</strong></span> 
     </span>
    </p>
   </div>
   <div class='ocr_carea' id='block_1_40' title="bbox 544 2474 2121 2552">
    <p class='ocr_par' dir='ltr' id='par_1_40' title="bbox 544 2474 2121 2552">
     <span class='ocr_line' id='line_1_41' title="bbox 544 2474 2121 2552; baseline -0.006 -16"><span class='ocrx_word' id='word_1_310' title='bbox 544 2483 870 2552; x_wconf 76' lang='lat' dir='ltr'><strong>necessariis</strong></span> <span class='ocrx_word' id='word_1_311' title='bbox 901 2481 1034 2534; x_wconf 81' lang='lat' dir='ltr'><strong>duas</strong></span> <span class='ocrx_word' id='word_1_312' title='bbox 1084 2477 1376 2542; x_wconf 82' lang='lat' dir='ltr'><strong>candelas,</strong></span> <span class='ocrx_word' id='word_1_313' title='bbox 1426 2491 1546 2544; x_wconf 66' lang='lat' dir='ltr'><strong>qua)</strong></span> <span class='ocrx_word' id='word_1_314' title='bbox 1593 2474 1864 2529; x_wconf 77' lang='lat' dir='ltr'><strong>sufﬁciunt</strong></span> <span class='ocrx_word' id='word_1_315' title='bbox 1913 2481 2121 2527; x_wconf 84' lang='lat' dir='ltr'><strong>tantum</strong></span> 
     </span>
    </p>
   </div>
   <div class='ocr_carea' id='block_1_41' title="bbox 543 2567 2125 2646">
    <p class='ocr_par' dir='ltr' id='par_1_41' title="bbox 543 2567 2125 2646">
     <span class='ocr_line' id='line_1_42' title="bbox 543 2567 2125 2646; baseline -0.008 -15"><span class='ocrx_word' id='word_1_316' title='bbox 543 2593 720 2646; x_wconf 87' lang='lat' dir='ltr'><strong>usque</strong></span> <span class='ocrx_word' id='word_1_317' title='bbox 766 2574 892 2628; x_wconf 90' lang='lat' dir='ltr'><strong>dum</strong></span> <span class='ocrx_word' id='word_1_318' title='bbox 940 2581 1241 2628; x_wconf 87' lang='lat' dir='ltr'><strong>conventus</strong></span> <span class='ocrx_word' id='word_1_319' title='bbox 1293 2570 1529 2624; x_wconf 83' lang='lat' dir='ltr'><strong>recedat.</strong></span> <span class='ocrx_word' id='word_1_320' title='bbox 1583 2567 1640 2622; x_wconf 90' lang='lat' dir='ltr'><strong>Si</strong></span> <span class='ocrx_word' id='word_1_321' title='bbox 1695 2567 1982 2638; x_wconf 87' lang='lat' dir='ltr'><strong>aliquando</strong></span> <span class='ocrx_word' id='word_1_322' title='bbox 2017 2581 2125 2620; x_wconf 77' lang='lat' dir='ltr'><strong>nox</strong></span> 
     </span>
    </p>
   </div>
   <div class='ocr_carea' id='block_1_42' title="bbox 543 2657 2124 2735">
    <p class='ocr_par' dir='ltr' id='par_1_42' title="bbox 543 2657 2124 2735">
     <span class='ocr_line' id='line_1_43' title="bbox 543 2657 2124 2735; baseline -0.008 -13"><span class='ocrx_word' id='word_1_323' title='bbox 543 2669 734 2733; x_wconf 80' lang='lat' dir='ltr'><strong>fuerit,</strong></span> <span class='ocrx_word' id='word_1_324' title='bbox 767 2667 982 2735; x_wconf 91' lang='lat' dir='ltr'><strong>quando</strong></span> <span class='ocrx_word' id='word_1_325' title='bbox 1027 2672 1150 2734; x_wconf 86' lang='lat' dir='ltr'><strong>post</strong></span> <span class='ocrx_word' id='word_1_326' title='bbox 1183 2677 1396 2718; x_wconf 84' lang='lat' dir='ltr'><strong>coenam</strong></span> <span class='ocrx_word' id='word_1_327' title='bbox 1447 2662 1513 2715; x_wconf 89' lang='lat' dir='ltr'><strong>de</strong></span> <span class='ocrx_word' id='word_1_328' title='bbox 1555 2659 1840 2714; x_wconf 89' lang='lat' dir='ltr'><strong>refectorio</strong></span> <span class='ocrx_word' id='word_1_329' title='bbox 1871 2657 2124 2723; x_wconf 83' lang='lat' dir='ltr'><strong>exierint,</strong></span> 
     </span>
    </p>
   </div>
   <div class='ocr_carea' id='block_1_43' title="bbox 543 2747 2125 2814">
    <p class='ocr_par' dir='ltr' id='par_1_43' title="bbox 543 2747 2125 2814">
     <span class='ocr_line' id='line_1_44' title="bbox 543 2747 2125 2814; baseline -0.006 -2"><span class='ocrx_word' id='word_1_330' title='bbox 543 2760 823 2814; x_wconf 88' lang='lat' dir='ltr'><strong>venientes</strong></span> <span class='ocrx_word' id='word_1_331' title='bbox 849 2757 902 2810; x_wconf 91' lang='lat' dir='ltr'><strong>in</strong></span> <span class='ocrx_word' id='word_1_332' title='bbox 923 2756 1148 2810; x_wconf 90' lang='lat' dir='ltr'><strong>chorum</strong></span> <span class='ocrx_word' id='word_1_333' title='bbox 1180 2754 1246 2808; x_wconf 89' lang='lat' dir='ltr'><strong>de</strong></span> <span class='ocrx_word' id='word_1_334' title='bbox 1274 2752 1498 2807; x_wconf 87' lang='lat' dir='ltr'><strong>latcrnis</strong></span> <span class='ocrx_word' id='word_1_335' title='bbox 1527 2751 1820 2806; x_wconf 78' lang='lat' dir='ltr'><strong>extrahunt</strong></span> <span class='ocrx_word' id='word_1_336' title='bbox 1847 2747 2125 2814; x_wconf 84' lang='lat' dir='ltr'><strong>candelas,</strong></span> 
     </span>
    </p>
   </div>
   <div class='ocr_carea' id='block_1_44' title="bbox 551 2843 2128 2915">
    <p class='ocr_par' dir='ltr' id='par_1_44' title="bbox 551 2843 2128 2915">
     <span class='ocr_line' id='line_1_45' title="bbox 551 2843 2128 2915; baseline -0.006 -11"><span class='ocrx_word' id='word_1_337' title='bbox 551 2861 604 2906; x_wconf 90' lang='lat' dir='ltr'><strong>et</strong></span> <span class='ocrx_word' id='word_1_338' title='bbox 628 2865 842 2906; x_wconf 89' lang='lat' dir='ltr'><strong>sursum</strong></span> <span class='ocrx_word' id='word_1_339' title='bbox 871 2849 1032 2903; x_wconf 89' lang='lat' dir='ltr'><strong>altius</strong></span> <span class='ocrx_word' id='word_1_340' title='bbox 1064 2854 1244 2902; x_wconf 89' lang='lat' dir='ltr'><strong>tenent</strong></span> <span class='ocrx_word' id='word_1_341' title='bbox 1272 2845 1508 2915; x_wconf 85' lang='lat' dir='ltr'><strong>quandiu</strong></span> <span class='ocrx_word' id='word_1_342' title='bbox 1537 2853 1662 2898; x_wconf 90' lang='lat' dir='ltr'><strong>sunt</strong></span> <span class='ocrx_word' id='word_1_343' title='bbox 1687 2845 1738 2896; x_wconf 92' lang='lat' dir='ltr'><strong>in</strong></span> <span class='ocrx_word' id='word_1_344' title='bbox 1771 2843 1970 2906; x_wconf 77' lang='lat' dir='ltr'><strong>choro;</strong></span> <span class='ocrx_word' id='word_1_345' title='bbox 1993 2855 2128 2910; x_wconf 88' lang='lat' dir='ltr'><strong>opus</strong></span> 
     </span>
    </p>
   </div>
   <div class='ocr_carea' id='block_1_45' title="bbox 547 2931 2130 3004">
    <p class='ocr_par' dir='ltr' id='par_1_45' title="bbox 547 2931 2130 3004">
     <span class='ocr_line' id='line_1_46' title="bbox 547 2931 2130 3004; baseline -0.006 -10"><span class='ocrx_word' id='word_1_346' title='bbox 547 2941 813 2994; x_wconf 76' lang='lat' dir='ltr'><strong>habentes</strong></span> <span class='ocrx_word' id='word_1_347' title='bbox 842 2938 1085 2993; x_wconf 88' lang='lat' dir='ltr'><strong>codicem</strong></span> <span class='ocrx_word' id='word_1_348' title='bbox 1115 2935 1200 2989; x_wconf 85' lang='lat' dir='ltr'><strong>vel</strong></span> <span class='ocrx_word' id='word_1_349' title='bbox 1227 2937 1398 3004; x_wconf 86' lang='lat' dir='ltr'><strong>ipsam</strong></span> <span class='ocrx_word' id='word_1_350' title='bbox 1430 2933 1666 2987; x_wconf 87' lang='lat' dir='ltr'><strong>tabulam</strong></span> <span class='ocrx_word' id='word_1_351' title='bbox 1701 2931 1997 2986; x_wconf 82' lang='lat' dir='ltr'><strong>brevialem</strong></span> <span class='ocrx_word' id='word_1_352' title='bbox 2040 2945 2130 2984; x_wconf 81' lang='lat' dir='ltr'><strong>ac-</strong></span> 
     </span>
    </p>
   </div>
   <div class='ocr_carea' id='block_1_46' title="bbox 551 3021 2129 3099">
    <p class='ocr_par' dir='ltr' id='par_1_46' title="bbox 551 3021 2129 3099">
     <span class='ocr_line' id='line_1_47' title="bbox 551 3021 2129 3099; baseline -0.005 -15"><span class='ocrx_word' id='word_1_353' title='bbox 551 3030 734 3099; x_wconf 88' lang='lat' dir='ltr'><strong>cipcre</strong></span> <span class='ocrx_word' id='word_1_354' title='bbox 758 3026 862 3082; x_wconf 91' lang='lat' dir='ltr'><strong>alio</strong></span> <span class='ocrx_word' id='word_1_355' title='bbox 891 3027 1008 3082; x_wconf 90' lang='lat' dir='ltr'><strong>loco</strong></span> <span class='ocrx_word' id='word_1_356' title='bbox 1036 3040 1196 3094; x_wconf 87' lang='lat' dir='ltr'><strong>quam</strong></span> <span class='ocrx_word' id='word_1_357' title='bbox 1227 3023 1316 3078; x_wconf 86' lang='lat' dir='ltr'><strong>ubi</strong></span> <span class='ocrx_word' id='word_1_358' title='bbox 1348 3025 1536 3078; x_wconf 88' lang='lat' dir='ltr'><strong>sedere</strong></span> <span class='ocrx_word' id='word_1_359' title='bbox 1577 3022 1751 3077; x_wconf 88' lang='lat' dir='ltr'><strong>solent</strong></span> <span class='ocrx_word' id='word_1_360' title='bbox 1780 3022 1832 3075; x_wconf 92' lang='lat' dir='ltr'><strong>in</strong></span> <span class='ocrx_word' id='word_1_361' title='bbox 1869 3021 2129 3086; x_wconf 86' lang='lat' dir='ltr'><strong>claustro,</strong></span> 
     </span>
    </p>
   </div>
   <div class='ocr_carea' id='block_1_47' title="bbox 551 3110 2130 3188">
    <p class='ocr_par' dir='ltr' id='par_1_47' title="bbox 551 3110 2130 3188">
     <span class='ocr_line' id='line_1_48' title="bbox 551 3110 2130 3188; baseline -0.004 -15"><span class='ocrx_word' id='word_1_362' title='bbox 551 3133 829 3188; x_wconf 88' lang='lat' dir='ltr'><strong>nunquam</strong></span> <span class='ocrx_word' id='word_1_363' title='bbox 862 3115 1136 3186; x_wconf 89' lang='lat' dir='ltr'><strong>accipiunt</strong></span> <span class='ocrx_word' id='word_1_364' title='bbox 1182 3115 1388 3184; x_wconf 80' lang='lat' dir='ltr'><strong>absque</strong></span> <span class='ocrx_word' id='word_1_365' title='bbox 1425 3111 1644 3166; x_wconf 90' lang='lat' dir='ltr'><strong>licentia</strong></span> <span class='ocrx_word' id='word_1_366' title='bbox 1688 3112 1950 3181; x_wconf 79' lang='lat' dir='ltr'><strong>magistri.</strong></span> <span class='ocrx_word' id='word_1_367' title='bbox 1987 3110 2130 3166; x_wconf 86' lang='lat' dir='ltr'><strong>Vici-</strong></span> 
     </span>
    </p>
   </div>
   <div class='ocr_carea' id='block_1_48' title="bbox 551 3205 2134 3280">
    <p class='ocr_par' dir='ltr' id='par_1_48' title="bbox 551 3205 2134 3280">
     <span class='ocr_line' id='line_1_49' title="bbox 551 3205 2134 3280; baseline -0.001 -13"><span class='ocrx_word' id='word_1_368' title='bbox 551 3213 657 3268; x_wconf 88' lang='lat' dir='ltr'><strong>bus</strong></span> <span class='ocrx_word' id='word_1_369' title='bbox 685 3211 893 3266; x_wconf 88' lang='lat' dir='ltr'><strong>duabus</strong></span> <span class='ocrx_word' id='word_1_370' title='bbox 926 3210 978 3264; x_wconf 92' lang='lat' dir='ltr'><strong>in</strong></span> <span class='ocrx_word' id='word_1_371' title='bbox 1023 3207 1328 3278; x_wconf 85' lang='lat' dir='ltr'><strong>septimana</strong></span> <span class='ocrx_word' id='word_1_372' title='bbox 1350 3206 1576 3260; x_wconf 89' lang='lat' dir='ltr'><strong>veniunt</strong></span> <span class='ocrx_word' id='word_1_373' title='bbox 1606 3205 1672 3260; x_wconf 91' lang='lat' dir='ltr'><strong>ad</strong></span> <span class='ocrx_word' id='word_1_374' title='bbox 1715 3205 2134 3280; x_wconf 86' lang='lat' dir='ltr'><strong>confessionem,</strong></span> 
     </span>
    </p>
   </div>
   <div class='ocr_carea' id='block_1_49' title="bbox 556 3293 2138 3371">
    <p class='ocr_par' dir='ltr' id='par_1_49' title="bbox 556 3293 2138 3371">
     <span class='ocr_line' id='line_1_50' title="bbox 556 3293 2138 3371; baseline 0.001 -18"><span class='ocrx_word' id='word_1_375' title='bbox 556 3314 718 3371; x_wconf 88' lang='lat' dir='ltr'><strong>quam</strong></span> <span class='ocrx_word' id='word_1_376' title='bbox 769 3313 877 3353; x_wconf 92' lang='lat' dir='ltr'><strong>non</strong></span> <span class='ocrx_word' id='word_1_377' title='bbox 932 3296 1125 3366; x_wconf 85' lang='lat' dir='ltr'><strong>recipit</strong></span> <span class='ocrx_word' id='word_1_378' title='bbox 1171 3295 1272 3349; x_wconf 89' lang='lat' dir='ltr'><strong>nisi</strong></span> <span class='ocrx_word' id='word_1_379' title='bbox 1333 3294 1564 3350; x_wconf 89' lang='lat' dir='ltr'><strong>domnus</strong></span> <span class='ocrx_word' id='word_1_380' title='bbox 1607 3293 1808 3360; x_wconf 90' lang='lat' dir='ltr'><strong>abbas,</strong></span> <span class='ocrx_word' id='word_1_381' title='bbox 1863 3296 1948 3351; x_wconf 88' lang='lat' dir='ltr'><strong>vel</strong></span> <span class='ocrx_word' id='word_1_382' title='bbox 1987 3300 2138 3369; x_wconf 85' lang='lat' dir='ltr'><strong>prior</strong></span> 
     </span>
    </p>
   </div>
   <div class='ocr_carea' id='block_1_50' title="bbox 556 3383 2138 3458">
    <p class='ocr_par' dir='ltr' id='par_1_50' title="bbox 556 3383 2138 3458">
     <span class='ocr_line' id='line_1_51' title="bbox 556 3383 2138 3458; baseline 0 -15"><span class='ocrx_word' id='word_1_383' title='bbox 556 3388 756 3458; x_wconf 86' lang='lat' dir='ltr'><strong>major,</strong></span> <span class='ocrx_word' id='word_1_384' title='bbox 780 3385 866 3442; x_wconf 89' lang='lat' dir='ltr'><strong>vel</strong></span> <span class='ocrx_word' id='word_1_385' title='bbox 905 3385 994 3440; x_wconf 88' lang='lat' dir='ltr'><strong>ille</strong></span> <span class='ocrx_word' id='word_1_386' title='bbox 1022 3384 1116 3454; x_wconf 90' lang='lat' dir='ltr'><strong>qui</strong></span> <span class='ocrx_word' id='word_1_387' title='bbox 1153 3391 1300 3438; x_wconf 93' lang='lat' dir='ltr'><strong>tenet</strong></span> <span class='ocrx_word' id='word_1_388' title='bbox 1330 3383 1608 3449; x_wconf 88' lang='lat' dir='ltr'><strong>ordinem;</strong></span> <span class='ocrx_word' id='word_1_389' title='bbox 1639 3383 1834 3438; x_wconf 90' lang='lat' dir='ltr'><strong>stando</strong></span> <span class='ocrx_word' id='word_1_390' title='bbox 1877 3385 2138 3442; x_wconf 84' lang='lat' dir='ltr'><strong>conﬁten-</strong></span> 
     </span>
    </p>
   </div>
   <div class='ocr_carea' id='block_1_51' title="bbox 561 3477 2135 3552">
    <p class='ocr_par' dir='ltr' id='par_1_51' title="bbox 561 3477 2135 3552">
     <span class='ocr_line' id='line_1_52' title="bbox 561 3477 2135 3552; baseline -0.004 -14"><span class='ocrx_word' id='word_1_391' title='bbox 561 3497 672 3551; x_wconf 90' lang='lat' dir='ltr'><strong>tur,</strong></span> <span class='ocrx_word' id='word_1_392' title='bbox 708 3495 763 3541; x_wconf 90' lang='lat' dir='ltr'><strong>et</strong></span> <span class='ocrx_word' id='word_1_393' title='bbox 795 3485 840 3540; x_wconf 89' lang='lat' dir='ltr'><strong>si</strong></span> <span class='ocrx_word' id='word_1_394' title='bbox 883 3484 1033 3552; x_wconf 87' lang='lat' dir='ltr'><strong>prior</strong></span> <span class='ocrx_word' id='word_1_395' title='bbox 1077 3489 1160 3536; x_wconf 89' lang='lat' dir='ltr'><strong>est</strong></span> <span class='ocrx_word' id='word_1_396' title='bbox 1207 3486 1542 3548; x_wconf 88' lang='lat' dir='ltr'><strong>recepturus,</strong></span> <span class='ocrx_word' id='word_1_397' title='bbox 1577 3478 1692 3548; x_wconf 87' lang='lat' dir='ltr'><strong>ipse</strong></span> <span class='ocrx_word' id='word_1_398' title='bbox 1736 3477 1804 3532; x_wconf 88' lang='lat' dir='ltr'><strong>ad</strong></span> <span class='ocrx_word' id='word_1_399' title='bbox 1843 3494 1937 3534; x_wconf 89' lang='lat' dir='ltr'><strong>eos</strong></span> <span class='ocrx_word' id='word_1_400' title='bbox 1967 3480 2135 3545; x_wconf 86' lang='lat' dir='ltr'><strong>venit,</strong></span> 
     </span>
    </p>
   </div>
   <div class='ocr_carea' id='block_1_52' title="bbox 553 3572 2138 3648">
    <p class='ocr_par' dir='ltr' id='par_1_52' title="bbox 553 3572 2138 3648">
     <span class='ocr_line' id='line_1_53' title="bbox 553 3572 2138 3648; baseline -0.005 -14"><span class='ocrx_word' id='word_1_401' title='bbox 553 3580 823 3648; x_wconf 74' lang='lat' dir='ltr'><strong>ducitque</strong></span> <span class='ocrx_word' id='word_1_402' title='bbox 851 3585 905 3631; x_wconf 91' lang='lat' dir='ltr'><strong>et</strong></span> <span class='ocrx_word' id='word_1_403' title='bbox 937 3574 1165 3636; x_wconf 87' lang='lat' dir='ltr'><strong>reducit,</strong></span> <span class='ocrx_word' id='word_1_404' title='bbox 1193 3581 1248 3627; x_wconf 88' lang='lat' dir='ltr'><strong>et</strong></span> <span class='ocrx_word' id='word_1_405' title='bbox 1271 3587 1377 3626; x_wconf 90' lang='lat' dir='ltr'><strong>uno</strong></span> <span class='ocrx_word' id='word_1_406' title='bbox 1403 3572 1718 3638; x_wconf 84' lang='lat' dir='ltr'><strong>confitente,</strong></span> <span class='ocrx_word' id='word_1_407' title='bbox 1753 3572 1892 3627; x_wconf 90' lang='lat' dir='ltr'><strong>alter</strong></span> <span class='ocrx_word' id='word_1_408' title='bbox 1921 3573 2138 3628; x_wconf 84' lang='lat' dir='ltr'><strong>interim</strong></span> 
     </span>
    </p>
   </div>
   <div class='ocr_carea' id='block_1_53' title="bbox 555 3663 2137 3734">
    <p class='ocr_par' dir='ltr' id='par_1_53' title="bbox 555 3663 2137 3734">
     <span class='ocr_line' id='line_1_54' title="bbox 555 3663 2137 3734; baseline -0.004 -12"><span class='ocrx_word' id='word_1_409' title='bbox 555 3669 740 3724; x_wconf 81' lang='lat' dir='ltr'><strong>sedet.</strong></span> <span class='ocrx_word' id='word_1_410' title='bbox 796 3667 971 3734; x_wconf 87' lang='lat' dir='ltr'><strong>Super</strong></span> <span class='ocrx_word' id='word_1_411' title='bbox 1025 3673 1250 3717; x_wconf 87' lang='lat' dir='ltr'><strong>truncos</strong></span> <span class='ocrx_word' id='word_1_412' title='bbox 1295 3675 1455 3732; x_wconf 83' lang='lat' dir='ltr'><strong>super</strong></span> <span class='ocrx_word' id='word_1_413' title='bbox 1497 3676 1633 3730; x_wconf 88' lang='lat' dir='ltr'><strong>quos</strong></span> <span class='ocrx_word' id='word_1_414' title='bbox 1687 3663 1878 3716; x_wconf 88' lang='lat' dir='ltr'><strong>sedere</strong></span> <span class='ocrx_word' id='word_1_415' title='bbox 1928 3663 2137 3728; x_wconf 85' lang='lat' dir='ltr'><strong>solent,</strong></span> 
     </span>
    </p>
   </div>
   <div class='ocr_carea' id='block_1_54' title="bbox 564 3750 2137 3822">
    <p class='ocr_par' dir='ltr' id='par_1_54' title="bbox 564 3750 2137 3822">
     <span class='ocr_line' id='line_1_55' title="bbox 564 3750 2137 3822; baseline -0.004 -11"><span class='ocrx_word' id='word_1_416' title='bbox 564 3759 746 3811; x_wconf 88' lang='lat' dir='ltr'><strong>nullus</strong></span> <span class='ocrx_word' id='word_1_417' title='bbox 771 3756 910 3810; x_wconf 91' lang='lat' dir='ltr'><strong>alius</strong></span> <span class='ocrx_word' id='word_1_418' title='bbox 939 3753 1088 3807; x_wconf 89' lang='lat' dir='ltr'><strong>sedet</strong></span> <span class='ocrx_word' id='word_1_419' title='bbox 1132 3765 1390 3820; x_wconf 90' lang='lat' dir='ltr'><strong>unquam,</strong></span> <span class='ocrx_word' id='word_1_420' title='bbox 1423 3750 1506 3802; x_wconf 86' lang='lat' dir='ltr'><strong>vel</strong></span> <span class='ocrx_word' id='word_1_421' title='bbox 1551 3751 1618 3804; x_wconf 90' lang='lat' dir='ltr'><strong>de</strong></span> <span class='ocrx_word' id='word_1_422' title='bbox 1653 3750 1784 3818; x_wconf 87' lang='lat' dir='ltr'><strong>ipsis</strong></span> <span class='ocrx_word' id='word_1_423' title='bbox 1811 3751 2137 3822; x_wconf 66' lang='lat' dir='ltr'><strong>paedagogis.</strong></span> 
     </span>
    </p>
   </div>
   <div class='ocr_carea' id='block_1_55' title="bbox 557 3841 2141 3913">
    <p class='ocr_par' dir='ltr' id='par_1_55' title="bbox 557 3841 2141 3913">
     <span class='ocr_line' id='line_1_56' title="bbox 557 3841 2141 3913; baseline -0.01 -10"><span class='ocrx_word' id='word_1_424' title='bbox 557 3848 840 3902; x_wconf 75' lang='lat' dir='ltr'><strong>Scrinium</strong></span> <span class='ocrx_word' id='word_1_425' title='bbox 872 3859 994 3900; x_wconf 89' lang='lat' dir='ltr'><strong>cum</strong></span> <span class='ocrx_word' id='word_1_426' title='bbox 1043 3843 1300 3906; x_wconf 88' lang='lat' dir='ltr'><strong>rasoriis,</strong></span> <span class='ocrx_word' id='word_1_427' title='bbox 1349 3842 1546 3910; x_wconf 87' lang='lat' dir='ltr'><strong>quibus</strong></span> <span class='ocrx_word' id='word_1_428' title='bbox 1589 3841 1881 3907; x_wconf 87' lang='lat' dir='ltr'><strong>radantur,</strong></span> <span class='ocrx_word' id='word_1_429' title='bbox 1930 3857 2030 3913; x_wconf 82' lang='lat' dir='ltr'><strong>pro</strong></span> <span class='ocrx_word' id='word_1_430' title='bbox 2083 3856 2141 3896; x_wconf 75' lang='lat' dir='ltr'><strong>se</strong></span> 
     </span>
    </p>
   </div>
   <div class='ocr_carea' id='block_1_56' title="bbox 569 3931 2142 4008">
    <p class='ocr_par' dir='ltr' id='par_1_56' title="bbox 569 3931 2142 4008">
     <span class='ocr_line' id='line_1_57' title="bbox 569 3931 2142 4008; baseline -0.008 -10"><span class='ocrx_word' id='word_1_431' title='bbox 569 3945 775 3998; x_wconf 85' lang='lat' dir='ltr'><strong>habent</strong></span> <span class='ocrx_word' id='word_1_432' title='bbox 795 3939 1111 4008; x_wconf 77' lang='lat' dir='ltr'><strong>separatim,</strong></span> <span class='ocrx_word' id='word_1_433' title='bbox 1144 3945 1198 3992; x_wconf 89' lang='lat' dir='ltr'><strong>et</strong></span> <span class='ocrx_word' id='word_1_434' title='bbox 1229 3950 1471 3990; x_wconf 81' lang='lat' dir='ltr'><strong>seorsum</strong></span> <span class='ocrx_word' id='word_1_435' title='bbox 1510 3947 1569 3988; x_wconf 86' lang='lat' dir='ltr'><strong>se</strong></span> <span class='ocrx_word' id='word_1_436' title='bbox 1611 3933 1808 3990; x_wconf 78' lang='lat' dir='ltr'><strong>radunt</strong></span> <span class='ocrx_word' id='word_1_437' title='bbox 1837 3931 1989 4000; x_wconf 89' lang='lat' dir='ltr'><strong>pueri</strong></span> <span class='ocrx_word' id='word_1_438' title='bbox 2018 3947 2142 3986; x_wconf 89' lang='lat' dir='ltr'><strong>cum</strong></span> 
     </span>
    </p>
   </div>
   <div class='ocr_carea' id='block_1_57' title="bbox 567 4021 2142 4102">
    <p class='ocr_par' dir='ltr' id='par_1_57' title="bbox 567 4021 2142 4102">
     <span class='ocr_line' id='line_1_58' title="bbox 567 4021 2142 4102; baseline -0.008 -15"><span class='ocrx_word' id='word_1_439' title='bbox 567 4030 874 4102; x_wconf 77' lang='lat' dir='ltr'><strong>magistris,</strong></span> <span class='ocrx_word' id='word_1_440' title='bbox 920 4037 975 4082; x_wconf 91' lang='lat' dir='ltr'><strong>et</strong></span> <span class='ocrx_word' id='word_1_441' title='bbox 1025 4027 1124 4096; x_wconf 85' lang='lat' dir='ltr'><strong>ipsi</strong></span> <span class='ocrx_word' id='word_1_442' title='bbox 1178 4023 1444 4094; x_wconf 79' lang='lat' dir='ltr'><strong>magistri,</strong></span> <span class='ocrx_word' id='word_1_443' title='bbox 1490 4029 1751 4092; x_wconf 89' lang='lat' dir='ltr'><strong>quotquot</strong></span> <span class='ocrx_word' id='word_1_444' title='bbox 1795 4021 2014 4085; x_wconf 88' lang='lat' dir='ltr'><strong>fuerint,</strong></span> <span class='ocrx_word' id='word_1_445' title='bbox 2046 4035 2142 4089; x_wconf 86' lang='lat' dir='ltr'><strong>pro</strong></span> 
     </span>
    </p>
   </div>
   <div class='ocr_carea' id='block_1_58' title="bbox 571 4109 2144 4178">
    <p class='ocr_par' dir='ltr' id='par_1_58' title="bbox 571 4109 2144 4178">
     <span class='ocr_line' id='line_1_59' title="bbox 571 4109 2144 4178; baseline -0.009 -2"><span class='ocrx_word' id='word_1_446' title='bbox 571 4121 718 4177; x_wconf 90' lang='lat' dir='ltr'><strong>nulla</strong></span> <span class='ocrx_word' id='word_1_447' title='bbox 768 4117 1052 4175; x_wconf 87' lang='lat' dir='ltr'><strong>occasione</strong></span> <span class='ocrx_word' id='word_1_448' title='bbox 1100 4114 1360 4170; x_wconf 89' lang='lat' dir='ltr'><strong>recedunt</strong></span> <span class='ocrx_word' id='word_1_449' title='bbox 1421 4111 1490 4166; x_wconf 91' lang='lat' dir='ltr'><strong>ab</strong></span> <span class='ocrx_word' id='word_1_450' title='bbox 1535 4111 1616 4164; x_wconf 89' lang='lat' dir='ltr'><strong>eis</strong></span> <span class='ocrx_word' id='word_1_451' title='bbox 1671 4111 1878 4178; x_wconf 86' lang='lat' dir='ltr'><strong>absque</strong></span> <span class='ocrx_word' id='word_1_452' title='bbox 1927 4109 2144 4164; x_wconf 85' lang='lat' dir='ltr'><strong>licentia</strong></span> 
     </span>
    </p>
   </div>
   <div class='ocr_carea' id='block_1_59' title="bbox 569 4203 2144 4287">
    <p class='ocr_par' dir='ltr' id='par_1_59' title="bbox 569 4203 2144 4287">
     <span class='ocr_line' id='line_1_60' title="bbox 569 4203 2144 4287; baseline -0.01 -16"><span class='ocrx_word' id='word_1_453' title='bbox 569 4214 818 4287; x_wconf 73' lang='lat' dir='ltr'><strong>magistri</strong></span> <span class='ocrx_word' id='word_1_454' title='bbox 849 4209 1196 4282; x_wconf 84' lang='lat' dir='ltr'><strong>principalis;</strong></span> <span class='ocrx_word' id='word_1_455' title='bbox 1237 4207 1489 4274; x_wconf 89' lang='lat' dir='ltr'><strong>nullaque</strong></span> <span class='ocrx_word' id='word_1_456' title='bbox 1521 4205 1637 4259; x_wconf 89' lang='lat' dir='ltr'><strong>vice</strong></span> <span class='ocrx_word' id='word_1_457' title='bbox 1671 4203 1974 4258; x_wconf 88' lang='lat' dir='ltr'><strong>dimittendi</strong></span> <span class='ocrx_word' id='word_1_458' title='bbox 2021 4209 2144 4256; x_wconf 90' lang='lat' dir='ltr'><strong>sunt</strong></span> 
     </span>
    </p>
   </div>
   <div class='ocr_carea' id='block_1_60' title="bbox 572 4295 2143 4372">
    <p class='ocr_par' dir='ltr' id='par_1_60' title="bbox 572 4295 2143 4372">
     <span class='ocr_line' id='line_1_61' title="bbox 572 4295 2143 4372; baseline -0.011 -9"><span class='ocrx_word' id='word_1_459' title='bbox 572 4323 697 4363; x_wconf 89' lang='lat' dir='ltr'><strong>cum</strong></span> <span class='ocrx_word' id='word_1_460' title='bbox 727 4319 836 4360; x_wconf 90' lang='lat' dir='ltr'><strong>uno</strong></span> <span class='ocrx_word' id='word_1_461' title='bbox 870 4303 987 4358; x_wconf 89' lang='lat' dir='ltr'><strong>solo</strong></span> <span class='ocrx_word' id='word_1_462' title='bbox 1033 4301 1313 4372; x_wconf 85' lang='lat' dir='ltr'><strong>magistro.</strong></span> <span class='ocrx_word' id='word_1_463' title='bbox 1364 4297 1562 4352; x_wconf 85' lang='lat' dir='ltr'><strong>Eorum</strong></span> <span class='ocrx_word' id='word_1_464' title='bbox 1599 4296 1769 4351; x_wconf 91' lang='lat' dir='ltr'><strong>sessio</strong></span> <span class='ocrx_word' id='word_1_465' title='bbox 1811 4295 1864 4348; x_wconf 92' lang='lat' dir='ltr'><strong>in</strong></span> <span class='ocrx_word' id='word_1_466' title='bbox 1902 4295 2143 4349; x_wconf 88' lang='lat' dir='ltr'><strong>claustro</strong></span> 
     </span>
    </p>
   </div>
   <div class='ocr_carea' id='block_1_61' title="bbox 572 4389 2140 4459">
    <p class='ocr_par' dir='ltr' id='par_1_61' title="bbox 572 4389 2140 4459">
     <span class='ocr_line' id='line_1_62' title="bbox 572 4389 2140 4459; baseline -0.01 -7"><span class='ocrx_word' id='word_1_467' title='bbox 572 4399 650 4454; x_wconf 88' lang='lat' dir='ltr'><strong>ita</strong></span> <span class='ocrx_word' id='word_1_468' title='bbox 687 4404 773 4452; x_wconf 89' lang='lat' dir='ltr'><strong>est</strong></span> <span class='ocrx_word' id='word_1_469' title='bbox 816 4394 1065 4449; x_wconf 87' lang='lat' dir='ltr'><strong>ordinata</strong></span> <span class='ocrx_word' id='word_1_470' title='bbox 1115 4398 1173 4444; x_wconf 91' lang='lat' dir='ltr'><strong>ut</strong></span> <span class='ocrx_word' id='word_1_471' title='bbox 1228 4389 1380 4459; x_wconf 87' lang='lat' dir='ltr'><strong>pueri</strong></span> <span class='ocrx_word' id='word_1_472' title='bbox 1431 4389 1652 4442; x_wconf 86' lang='lat' dir='ltr'><strong>sedeant</strong></span> <span class='ocrx_word' id='word_1_473' title='bbox 1701 4399 1868 4455; x_wconf 70' lang='grc' dir='ltr'>ιιι-ονε</span> <span class='ocrx_word' id='word_1_474' title='bbox 1906 4399 2140 4448; x_wconf 84' lang='lat' dir='ltr'><strong>murum,</strong></span> 
     </span>
    </p>
   </div>
   <div class='ocr_carea' id='block_1_62' title="bbox 2217 1917 3790 1998">
    <p class='ocr_par' dir='ltr' id='par_1_62' title="bbox 2217 1917 3790 1998">
     <span class='ocr_line' id='line_1_63' title="bbox 2217 1917 3790 1998; baseline -0.011 -12"><span class='ocrx_word' id='word_1_475' title='bbox 2217 1931 2310 1998; x_wconf 89' lang='lat' dir='ltr'><strong>rit,</strong></span> <span class='ocrx_word' id='word_1_476' title='bbox 2353 1945 2460 1985; x_wconf 92' lang='lat' dir='ltr'><strong>non</strong></span> <span class='ocrx_word' id='word_1_477' title='bbox 2489 1945 2614 1986; x_wconf 87' lang='lat' dir='ltr'><strong>eum</strong></span> <span class='ocrx_word' id='word_1_478' title='bbox 2660 1927 2867 1984; x_wconf 88' lang='lat' dir='ltr'><strong>deserit</strong></span> <span class='ocrx_word' id='word_1_479' title='bbox 2896 1940 3067 1996; x_wconf 90' lang='lat' dir='ltr'><strong>usque</strong></span> <span class='ocrx_word' id='word_1_480' title='bbox 3109 1924 3233 1979; x_wconf 91' lang='lat' dir='ltr'><strong>dum</strong></span> <span class='ocrx_word' id='word_1_481' title='bbox 3262 1921 3542 1993; x_wconf 88' lang='lat' dir='ltr'><strong>perveniat</strong></span> <span class='ocrx_word' id='word_1_482' title='bbox 3577 1919 3629 1972; x_wconf 91' lang='lat' dir='ltr'><strong>in</strong></span> <span class='ocrx_word' id='word_1_483' title='bbox 3662 1917 3790 1970; x_wconf 86' lang='lat' dir='ltr'><strong>cbo-</strong></span> 
     </span>
    </p>
   </div>
   <div class='ocr_carea' id='block_1_63' title="bbox 2218 2006 3790 2086">
    <p class='ocr_par' dir='ltr' id='par_1_63' title="bbox 2218 2006 3790 2086">
     <span class='ocr_line' id='line_1_64' title="bbox 2218 2006 3790 2086; baseline -0.012 -9"><span class='ocrx_word' id='word_1_484' title='bbox 2218 2037 2367 2086; x_wconf 87' lang='lat' dir='ltr'><strong>rum;</strong></span> <span class='ocrx_word' id='word_1_485' title='bbox 2397 2030 2453 2076; x_wconf 92' lang='lat' dir='ltr'><strong>et</strong></span> <span class='ocrx_word' id='word_1_486' title='bbox 2490 2021 2542 2074; x_wconf 91' lang='lat' dir='ltr'><strong>in</strong></span> <span class='ocrx_word' id='word_1_487' title='bbox 2587 2018 2897 2080; x_wconf 86' lang='lat' dir='ltr'><strong>refectorio,</strong></span> <span class='ocrx_word' id='word_1_488' title='bbox 2943 2029 3116 2086; x_wconf 87' lang='lat' dir='ltr'><strong>usque</strong></span> <span class='ocrx_word' id='word_1_489' title='bbox 3145 2015 3270 2068; x_wconf 91' lang='lat' dir='ltr'><strong>dum</strong></span> <span class='ocrx_word' id='word_1_490' title='bbox 3307 2013 3378 2066; x_wconf 91' lang='lat' dir='ltr'><strong>sit</strong></span> <span class='ocrx_word' id='word_1_491' title='bbox 3418 2011 3559 2064; x_wconf 89' lang='lat' dir='ltr'><strong>intra</strong></span> <span class='ocrx_word' id='word_1_492' title='bbox 3595 2006 3790 2061; x_wconf 85' lang='lat' dir='ltr'><strong>ostium</strong></span> 
     </span>
    </p>
   </div>
   <div class='ocr_carea' id='block_1_64' title="bbox 2219 2102 3792 2184">
    <p class='ocr_par' dir='ltr' id='par_1_64' title="bbox 2219 2102 3792 2184">
     <span class='ocr_line' id='line_1_65' title="bbox 2219 2102 3792 2184; baseline -0.011 -13"><span class='ocrx_word' id='word_1_493' title='bbox 2219 2125 2274 2171; x_wconf 90' lang='lat' dir='ltr'><strong>et</strong></span> <span class='ocrx_word' id='word_1_494' title='bbox 2307 2116 2359 2169; x_wconf 92' lang='lat' dir='ltr'><strong>in</strong></span> <span class='ocrx_word' id='word_1_495' title='bbox 2392 2113 2680 2184; x_wconf 70' lang='lat' dir='ltr'><strong>prmsentia</strong></span> <span class='ocrx_word' id='word_1_496' title='bbox 2717 2119 3033 2166; x_wconf 87' lang='lat' dir='ltr'><strong>conventus.</strong></span> <span class='ocrx_word' id='word_1_497' title='bbox 3075 2109 3132 2164; x_wconf 87' lang='lat' dir='ltr'><strong>Si</strong></span> <span class='ocrx_word' id='word_1_498' title='bbox 3167 2115 3387 2162; x_wconf 90' lang='lat' dir='ltr'><strong>notatus</strong></span> <span class='ocrx_word' id='word_1_499' title='bbox 3409 2103 3572 2158; x_wconf 89' lang='lat' dir='ltr'><strong>fuerit</strong></span> <span class='ocrx_word' id='word_1_500' title='bbox 3602 2102 3670 2155; x_wconf 88' lang='lat' dir='ltr'><strong>ad</strong></span> <span class='ocrx_word' id='word_1_501' title='bbox 3703 2113 3792 2154; x_wconf 89' lang='lat' dir='ltr'><strong>co-</strong></span> 
     </span>
    </p>
   </div>
   <div class='ocr_carea' id='block_1_65' title="bbox 2220 2194 3792 2276">
    <p class='ocr_par' dir='ltr' id='par_1_65' title="bbox 2220 2194 3792 2276">
     <span class='ocr_line' id='line_1_66' title="bbox 2220 2194 3792 2276; baseline -0.01 -16"><span class='ocrx_word' id='word_1_502' title='bbox 2220 2208 2462 2276; x_wconf 88' lang='lat' dir='ltr'><strong>quinam,</strong></span> <span class='ocrx_word' id='word_1_503' title='bbox 2493 2215 2618 2260; x_wconf 88' lang='lat' dir='ltr'><strong>ante</strong></span> <span class='ocrx_word' id='word_1_504' title='bbox 2656 2203 2894 2260; x_wconf 89' lang='lat' dir='ltr'><strong>sonitum</strong></span> <span class='ocrx_word' id='word_1_505' title='bbox 2934 2218 3037 2255; x_wconf 90' lang='lat' dir='ltr'><strong>non</strong></span> <span class='ocrx_word' id='word_1_506' title='bbox 3073 2200 3218 2253; x_wconf 84' lang='lat' dir='ltr'><strong>venit</strong></span> <span class='ocrx_word' id='word_1_507' title='bbox 3261 2197 3332 2252; x_wconf 84' lang='lat' dir='ltr'><strong>ad</strong></span> <span class='ocrx_word' id='word_1_508' title='bbox 3377 2213 3520 2252; x_wconf 89' lang='lat' dir='ltr'><strong>cum.</strong></span> <span class='ocrx_word' id='word_1_509' title='bbox 3559 2194 3642 2248; x_wconf 79' lang='lat' dir='ltr'><strong>Ad</strong></span> <span class='ocrx_word' id='word_1_510' title='bbox 3685 2203 3792 2246; x_wconf 82' lang='lat' dir='ltr'><strong>tres</strong></span> 
     </span>
    </p>
   </div>
   <div class='ocr_carea' id='block_1_66' title="bbox 2223 2287 3794 2368">
    <p class='ocr_par' dir='ltr' id='par_1_66' title="bbox 2223 2287 3794 2368">
     <span class='ocr_line' id='line_1_67' title="bbox 2223 2287 3794 2368; baseline -0.011 -12"><span class='ocrx_word' id='word_1_511' title='bbox 2223 2300 2499 2356; x_wconf 88' lang='lat' dir='ltr'><strong>orationes</strong></span> <span class='ocrx_word' id='word_1_512' title='bbox 2526 2313 2660 2368; x_wconf 89' lang='lat' dir='ltr'><strong>quas</strong></span> <span class='ocrx_word' id='word_1_513' title='bbox 2685 2297 2786 2351; x_wconf 90' lang='lat' dir='ltr'><strong>rite</strong></span> <span class='ocrx_word' id='word_1_514' title='bbox 2809 2296 3018 2350; x_wconf 90' lang='lat' dir='ltr'><strong>faciunt</strong></span> <span class='ocrx_word' id='word_1_515' title='bbox 3053 2301 3178 2347; x_wconf 90' lang='lat' dir='ltr'><strong>ante</strong></span> <span class='ocrx_word' id='word_1_516' title='bbox 3215 2299 3528 2353; x_wconf 89' lang='lat' dir='ltr'><strong>nocturnos,</strong></span> <span class='ocrx_word' id='word_1_517' title='bbox 3565 2287 3649 2341; x_wconf 87' lang='lat' dir='ltr'><strong>vel</strong></span> <span class='ocrx_word' id='word_1_518' title='bbox 3680 2295 3794 2356; x_wconf 82' lang='lat' dir='ltr'><strong>post</strong></span> 
     </span>
    </p>
   </div>
   <div class='ocr_carea' id='block_1_67' title="bbox 2225 2381 3795 2462">
    <p class='ocr_par' dir='ltr' id='par_1_67' title="bbox 2225 2381 3795 2462">
     <span class='ocr_line' id='line_1_68' title="bbox 2225 2381 3795 2462; baseline -0.01 -16"><span class='ocrx_word' id='word_1_519' title='bbox 2225 2391 2655 2462; x_wconf 84' lang='lat' dir='ltr'><strong>complctorium,</strong></span> <span class='ocrx_word' id='word_1_520' title='bbox 2687 2405 2778 2444; x_wconf 87' lang='lat' dir='ltr'><strong>seu</strong></span> <span class='ocrx_word' id='word_1_521' title='bbox 2807 2389 2858 2441; x_wconf 91' lang='lat' dir='ltr'><strong>in</strong></span> <span class='ocrx_word' id='word_1_522' title='bbox 2889 2389 2975 2441; x_wconf 90' lang='lat' dir='ltr'><strong>die</strong></span> <span class='ocrx_word' id='word_1_523' title='bbox 3005 2387 3074 2440; x_wconf 87' lang='lat' dir='ltr'><strong>ad</strong></span> <span class='ocrx_word' id='word_1_524' title='bbox 3107 2385 3225 2438; x_wconf 88' lang='lat' dir='ltr'><strong>illas</strong></span> <span class='ocrx_word' id='word_1_525' title='bbox 3260 2381 3510 2437; x_wconf 90' lang='lat' dir='ltr'><strong>similiter</strong></span> <span class='ocrx_word' id='word_1_526' title='bbox 3541 2389 3651 2433; x_wconf 88' lang='lat' dir='ltr'><strong>tres</strong></span> <span class='ocrx_word' id='word_1_527' title='bbox 3681 2393 3795 2446; x_wconf 73' lang='lat' dir='ltr'><strong>qua:</strong></span> 
     </span>
    </p>
   </div>
   <div class='ocr_carea' id='block_1_68' title="bbox 2225 2473 3798 2542">
    <p class='ocr_par' dir='ltr' id='par_1_68' title="bbox 2225 2473 3798 2542">
     <span class='ocr_line' id='line_1_69' title="bbox 2225 2473 3798 2542; baseline -0.013 -2"><span class='ocrx_word' id='word_1_528' title='bbox 2225 2487 2360 2540; x_wconf 69' lang='lat' dir='ltr'><strong>ﬁunt</strong></span> <span class='ocrx_word' id='word_1_529' title='bbox 2415 2485 2468 2536; x_wconf 89' lang='lat' dir='ltr'><strong>in</strong></span> <span class='ocrx_word' id='word_1_530' title='bbox 2518 2483 2698 2536; x_wconf 84' lang='lat' dir='ltr'><strong>hieme</strong></span> <span class='ocrx_word' id='word_1_531' title='bbox 2745 2490 2874 2534; x_wconf 86' lang='lat' dir='ltr'><strong>ante</strong></span> <span class='ocrx_word' id='word_1_532' title='bbox 2909 2478 3152 2542; x_wconf 88' lang='lat' dir='ltr'><strong>tertiam,</strong></span> <span class='ocrx_word' id='word_1_533' title='bbox 3206 2474 3290 2529; x_wconf 90' lang='lat' dir='ltr'><strong>vel</strong></span> <span class='ocrx_word' id='word_1_534' title='bbox 3339 2473 3390 2526; x_wconf 90' lang='lat' dir='ltr'><strong>in</strong></span> <span class='ocrx_word' id='word_1_535' title='bbox 3442 2480 3630 2526; x_wconf 75' lang='lat' dir='ltr'><strong>testate</strong></span> <span class='ocrx_word' id='word_1_536' title='bbox 3682 2475 3798 2536; x_wconf 87' lang='lat' dir='ltr'><strong>post</strong></span> 
     </span>
    </p>
   </div>
   <div class='ocr_carea' id='block_1_69' title="bbox 2227 2562 3800 2644">
    <p class='ocr_par' dir='ltr' id='par_1_69' title="bbox 2227 2562 3800 2644">
     <span class='ocr_line' id='line_1_70' title="bbox 2227 2562 3800 2644; baseline -0.011 -13"><span class='ocrx_word' id='word_1_537' title='bbox 2227 2577 2486 2640; x_wconf 86' lang='lat' dir='ltr'><strong>sonitum,</strong></span> <span class='ocrx_word' id='word_1_538' title='bbox 2523 2589 2798 2644; x_wconf 86' lang='lat' dir='ltr'><strong>nunquam</strong></span> <span class='ocrx_word' id='word_1_539' title='bbox 2837 2572 2904 2626; x_wconf 90' lang='lat' dir='ltr'><strong>ab</strong></span> <span class='ocrx_word' id='word_1_540' title='bbox 2945 2571 3178 2627; x_wconf 83' lang='lat' dir='ltr'><strong>invicem</strong></span> <span class='ocrx_word' id='word_1_541' title='bbox 3207 2576 3548 2638; x_wconf 84' lang='lat' dir='ltr'><strong>separantur.</strong></span> <span class='ocrx_word' id='word_1_542' title='bbox 3575 2562 3800 2628; x_wconf 84' lang='lat' dir='ltr'><strong>Quando</strong></span> 
     </span>
    </p>
   </div>
   <div class='ocr_carea' id='block_1_70' title="bbox 2228 2653 3802 2736">
    <p class='ocr_par' dir='ltr' id='par_1_70' title="bbox 2228 2653 3802 2736">
     <span class='ocr_line' id='line_1_71' title="bbox 2228 2653 3802 2736; baseline -0.01 -19"><span class='ocrx_word' id='word_1_543' title='bbox 2228 2663 2539 2736; x_wconf 84' lang='lat' dir='ltr'><strong>proceditur</strong></span> <span class='ocrx_word' id='word_1_544' title='bbox 2580 2662 2644 2717; x_wconf 87' lang='lat' dir='ltr'><strong>ad</strong></span> <span class='ocrx_word' id='word_1_545' title='bbox 2693 2677 2887 2730; x_wconf 87' lang='lat' dir='ltr'><strong>aquam</strong></span> <span class='ocrx_word' id='word_1_546' title='bbox 2940 2659 3296 2722; x_wconf 88' lang='lat' dir='ltr'><strong>benedictam,</strong></span> <span class='ocrx_word' id='word_1_547' title='bbox 3334 2663 3387 2710; x_wconf 90' lang='lat' dir='ltr'><strong>et</strong></span> <span class='ocrx_word' id='word_1_548' title='bbox 3425 2653 3802 2724; x_wconf 82' lang='lat' dir='ltr'><strong>processioncs</strong></span> 
     </span>
    </p>
   </div>
   <div class='ocr_carea' id='block_1_71' title="bbox 2230 2745 3800 2820">
    <p class='ocr_par' dir='ltr' id='par_1_71' title="bbox 2230 2745 3800 2820">
     <span class='ocr_line' id='line_1_72' title="bbox 2230 2745 3800 2820; baseline -0.01 -10"><span class='ocrx_word' id='word_1_549' title='bbox 2230 2757 2382 2820; x_wconf 86' lang='lat' dir='ltr'><strong>alias,</strong></span> <span class='ocrx_word' id='word_1_550' title='bbox 2416 2757 2458 2810; x_wconf 90' lang='lat' dir='ltr'><strong>si</strong></span> <span class='ocrx_word' id='word_1_551' title='bbox 2504 2753 2700 2810; x_wconf 84' lang='lat' dir='ltr'><strong>diversi</strong></span> <span class='ocrx_word' id='word_1_552' title='bbox 2733 2763 2858 2808; x_wconf 89' lang='lat' dir='ltr'><strong>sunt</strong></span> <span class='ocrx_word' id='word_1_553' title='bbox 2901 2752 2952 2806; x_wconf 91' lang='lat' dir='ltr'><strong>in</strong></span> <span class='ocrx_word' id='word_1_554' title='bbox 2981 2751 3171 2805; x_wconf 85' lang='lat' dir='ltr'><strong>ordine</strong></span> <span class='ocrx_word' id='word_1_555' title='bbox 3213 2745 3576 2810; x_wconf 86' lang='lat' dir='ltr'><strong>custodiendi,</strong></span> <span class='ocrx_word' id='word_1_556' title='bbox 3613 2755 3800 2797; x_wconf 84' lang='lat' dir='ltr'><strong>ascen-</strong></span> 
     </span>
    </p>
   </div>
   <div class='ocr_carea' id='block_1_72' title="bbox 2232 2839 3802 2902">
    <p class='ocr_par' dir='ltr' id='par_1_72' title="bbox 2232 2839 3802 2902">
     <span class='ocr_line' id='line_1_73' title="bbox 2232 2839 3802 2902; baseline -0.013 0"><span class='ocrx_word' id='word_1_557' title='bbox 2232 2845 2366 2902; x_wconf 91' lang='lat' dir='ltr'><strong>dunt</strong></span> <span class='ocrx_word' id='word_1_558' title='bbox 2392 2845 2474 2899; x_wconf 86' lang='lat' dir='ltr'><strong>vel</strong></span> <span class='ocrx_word' id='word_1_559' title='bbox 2505 2844 2838 2898; x_wconf 85' lang='lat' dir='ltr'><strong>descendunt</strong></span> <span class='ocrx_word' id='word_1_560' title='bbox 2869 2841 2936 2895; x_wconf 87' lang='lat' dir='ltr'><strong>ad</strong></span> <span class='ocrx_word' id='word_1_561' title='bbox 2975 2839 3403 2900; x_wconf 87' lang='lat' dir='ltr'><strong>custodientem;</strong></span> <span class='ocrx_word' id='word_1_562' title='bbox 3453 2842 3640 2889; x_wconf 85' lang='lat' dir='ltr'><strong>custos</strong></span> <span class='ocrx_word' id='word_1_563' title='bbox 3677 2845 3802 2884; x_wconf 82' lang='lat' dir='ltr'><strong>vero</strong></span> 
     </span>
    </p>
   </div>
   <div class='ocr_carea' id='block_1_73' title="bbox 2235 2921 3802 2994">
    <p class='ocr_par' dir='ltr' id='par_1_73' title="bbox 2235 2921 3802 2994">
     <span class='ocr_line' id='line_1_74' title="bbox 2235 2921 3802 2994; baseline -0.013 -4"><span class='ocrx_word' id='word_1_564' title='bbox 2235 2953 2342 2990; x_wconf 90' lang='lat' dir='ltr'><strong>non</strong></span> <span class='ocrx_word' id='word_1_565' title='bbox 2393 2942 2568 2988; x_wconf 88' lang='lat' dir='ltr'><strong>mutat</strong></span> <span class='ocrx_word' id='word_1_566' title='bbox 2593 2933 2838 2988; x_wconf 89' lang='lat' dir='ltr'><strong>ordinem</strong></span> <span class='ocrx_word' id='word_1_567' title='bbox 2882 2945 3060 2994; x_wconf 88' lang='lat' dir='ltr'><strong>suum,</strong></span> <span class='ocrx_word' id='word_1_568' title='bbox 3095 2928 3198 2982; x_wconf 91' lang='lat' dir='ltr'><strong>nisi</strong></span> <span class='ocrx_word' id='word_1_569' title='bbox 3230 2925 3373 2980; x_wconf 85' lang='lat' dir='ltr'><strong>forte</strong></span> <span class='ocrx_word' id='word_1_570' title='bbox 3402 2933 3628 2993; x_wconf 84' lang='lat' dir='ltr'><strong>propter</strong></span> <span class='ocrx_word' id='word_1_571' title='bbox 3660 2921 3802 2975; x_wconf 86' lang='lat' dir='ltr'><strong>illum</strong></span> 
     </span>
    </p>
   </div>
   <div class='ocr_carea' id='block_1_74' title="bbox 2234 3015 3806 3096">
    <p class='ocr_par' dir='ltr' id='par_1_74' title="bbox 2234 3015 3806 3096">
     <span class='ocr_line' id='line_1_75' title="bbox 2234 3015 3806 3096; baseline -0.011 -15"><span class='ocrx_word' id='word_1_572' title='bbox 2234 3027 2328 3096; x_wconf 89' lang='lat' dir='ltr'><strong>qui</strong></span> <span class='ocrx_word' id='word_1_573' title='bbox 2359 3025 2413 3080; x_wconf 92' lang='lat' dir='ltr'><strong>in</strong></span> <span class='ocrx_word' id='word_1_574' title='bbox 2441 3024 2592 3094; x_wconf 86' lang='lat' dir='ltr'><strong>culpa</strong></span> <span class='ocrx_word' id='word_1_575' title='bbox 2615 3031 2732 3078; x_wconf 89' lang='lat' dir='ltr'><strong>erat</strong></span> <span class='ocrx_word' id='word_1_576' title='bbox 2765 3021 3124 3092; x_wconf 86' lang='lat' dir='ltr'><strong>graviore,et,</strong></span> <span class='ocrx_word' id='word_1_577' title='bbox 3159 3017 3400 3072; x_wconf 85' lang='lat' dir='ltr'><strong>fraterna</strong></span> <span class='ocrx_word' id='word_1_578' title='bbox 3432 3015 3697 3070; x_wconf 88' lang='lat' dir='ltr'><strong>societate</strong></span> <span class='ocrx_word' id='word_1_579' title='bbox 3726 3027 3806 3065; x_wconf 85' lang='lat' dir='ltr'><strong>re-</strong></span> 
     </span>
    </p>
   </div>
   <div class='ocr_carea' id='block_1_75' title="bbox 2159 3101 3804 3203">
    <p class='ocr_par' dir='ltr' id='par_1_75' title="bbox 2159 3101 3804 3203">
     <span class='ocr_line' id='line_1_76' title="bbox 2159 3101 3804 3203; baseline -0.014 -28"><span class='ocrx_word' id='word_1_580' title='bbox 2159 3141 2202 3203; x_wconf 77' lang='lat' dir='ltr'><strong>c</strong></span> <span class='ocrx_word' id='word_1_581' title='bbox 2236 3126 2410 3188; x_wconf 85' lang='lat' dir='ltr'><strong>cepta,</strong></span> <span class='ocrx_word' id='word_1_582' title='bbox 2439 3118 2612 3170; x_wconf 82' lang='lat' dir='ltr'><strong>adhuc</strong></span> <span class='ocrx_word' id='word_1_583' title='bbox 2643 3125 2818 3169; x_wconf 87' lang='lat' dir='ltr'><strong>tamen</strong></span> <span class='ocrx_word' id='word_1_584' title='bbox 2862 3113 3104 3167; x_wconf 89' lang='lat' dir='ltr'><strong>omnium</strong></span> <span class='ocrx_word' id='word_1_585' title='bbox 3142 3117 3224 3164; x_wconf 89' lang='lat' dir='ltr'><strong>est</strong></span> <span class='ocrx_word' id='word_1_586' title='bbox 3265 3117 3566 3172; x_wconf 81' lang='lat' dir='ltr'><strong>extremus,</strong></span> <span class='ocrx_word' id='word_1_587' title='bbox 3611 3103 3698 3158; x_wconf 85' lang='lat' dir='ltr'><strong>vel</strong></span> <span class='ocrx_word' id='word_1_588' title='bbox 3727 3101 3804 3154; x_wconf 87' lang='lat' dir='ltr'><strong>fu-</strong></span> 
     </span>
    </p>
   </div>
   <div class='ocr_carea' id='block_1_76' title="bbox 2247 3201 3804 3280">
    <p class='ocr_par' dir='ltr' id='par_1_76' title="bbox 2247 3201 3804 3280">
     <span class='ocr_line' id='line_1_77' title="bbox 2247 3201 3804 3280; baseline -0.013 -18"><span class='ocrx_word' id='word_1_589' title='bbox 2247 3223 2373 3280; x_wconf 85' lang='lat' dir='ltr'><strong>gere</strong></span> <span class='ocrx_word' id='word_1_590' title='bbox 2399 3207 2586 3262; x_wconf 88' lang='lat' dir='ltr'><strong>volens</strong></span> <span class='ocrx_word' id='word_1_591' title='bbox 2619 3206 2692 3258; x_wconf 90' lang='lat' dir='ltr'><strong>ita</strong></span> <span class='ocrx_word' id='word_1_592' title='bbox 2725 3205 2924 3259; x_wconf 87' lang='lat' dir='ltr'><strong>invitus</strong></span> <span class='ocrx_word' id='word_1_593' title='bbox 2952 3211 3036 3258; x_wconf 85' lang='lat' dir='ltr'><strong>est</strong></span> <span class='ocrx_word' id='word_1_594' title='bbox 3057 3207 3325 3257; x_wconf 86' lang='lat' dir='ltr'><strong>retractus</strong></span> <span class='ocrx_word' id='word_1_595' title='bbox 3353 3207 3518 3266; x_wconf 88' lang='lat' dir='ltr'><strong>atque</strong></span> <span class='ocrx_word' id='word_1_596' title='bbox 3549 3201 3804 3249; x_wconf 81' lang='lat' dir='ltr'><strong>retentus.</strong></span> 
     </span>
    </p>
   </div>
   <div class='ocr_carea' id='block_1_77' title="bbox 2217 3285 3806 3380">
    <p class='ocr_par' dir='ltr' id='par_1_77' title="bbox 2217 3285 3806 3380">
     <span class='ocr_line' id='line_1_78' title="bbox 2217 3285 3806 3380; baseline -0.009 -30"><span class='ocrx_word' id='word_1_597' title='bbox 2217 3297 2393 3380; x_wconf 72' lang='lat' dir='ltr'><strong>Quod</strong></span> <span class='ocrx_word' id='word_1_598' title='bbox 2423 3298 2469 3352; x_wconf 88' lang='lat' dir='ltr'><strong>si</strong></span> <span class='ocrx_word' id='word_1_599' title='bbox 2513 3297 2565 3350; x_wconf 93' lang='lat' dir='ltr'><strong>in</strong></span> <span class='ocrx_word' id='word_1_600' title='bbox 2595 3296 2844 3350; x_wconf 85' lang='lat' dir='ltr'><strong>custodia</strong></span> <span class='ocrx_word' id='word_1_601' title='bbox 2888 3304 2970 3348; x_wconf 90' lang='lat' dir='ltr'><strong>est</strong></span> <span class='ocrx_word' id='word_1_602' title='bbox 3001 3293 3264 3348; x_wconf 88' lang='lat' dir='ltr'><strong>diaconus</strong></span> <span class='ocrx_word' id='word_1_603' title='bbox 3301 3288 3386 3343; x_wconf 85' lang='lat' dir='ltr'><strong>vel</strong></span> <span class='ocrx_word' id='word_1_604' title='bbox 3421 3285 3806 3344; x_wconf 88' lang='lat' dir='ltr'><strong>subdiaconus.</strong></span> 
     </span>
    </p>
   </div>
   <div class='ocr_carea' id='block_1_78' title="bbox 2241 3375 3808 3456">
    <p class='ocr_par' dir='ltr' id='par_1_78' title="bbox 2241 3375 3808 3456">
     <span class='ocr_line' id='line_1_79' title="bbox 2241 3375 3808 3456; baseline -0.009 -14"><span class='ocrx_word' id='word_1_605' title='bbox 2241 3389 2479 3442; x_wconf 85' lang='lat' dir='ltr'><strong>lecturus</strong></span> <span class='ocrx_word' id='word_1_606' title='bbox 2513 3387 2866 3456; x_wconf 79' lang='lat' dir='ltr'><strong>Evangelium</strong></span> <span class='ocrx_word' id='word_1_607' title='bbox 2907 3385 2992 3440; x_wconf 88' lang='lat' dir='ltr'><strong>vel</strong></span> <span class='ocrx_word' id='word_1_608' title='bbox 3021 3383 3342 3454; x_wconf 84' lang='lat' dir='ltr'><strong>Epistolam,</strong></span> <span class='ocrx_word' id='word_1_609' title='bbox 3385 3380 3432 3435; x_wconf 89' lang='lat' dir='ltr'><strong>si</strong></span> <span class='ocrx_word' id='word_1_610' title='bbox 3464 3378 3572 3433; x_wconf 88' lang='lat' dir='ltr'><strong>tale</strong></span> <span class='ocrx_word' id='word_1_611' title='bbox 3599 3375 3727 3447; x_wconf 89' lang='lat' dir='ltr'><strong>quid</strong></span> <span class='ocrx_word' id='word_1_612' title='bbox 3759 3375 3808 3428; x_wconf 87' lang='lat' dir='ltr'><strong>ei</strong></span> 
     </span>
    </p>
   </div>
   <div class='ocr_carea' id='block_1_79' title="bbox 2240 3473 3810 3549">
    <p class='ocr_par' dir='ltr' id='par_1_79' title="bbox 2240 3473 3810 3549">
     <span class='ocr_line' id='line_1_80' title="bbox 2240 3473 3810 3549; baseline -0.009 -13"><span class='ocrx_word' id='word_1_613' title='bbox 2240 3479 2532 3549; x_wconf 87' lang='lat' dir='ltr'><strong>contigerit</strong></span> <span class='ocrx_word' id='word_1_614' title='bbox 2576 3487 2634 3532; x_wconf 93' lang='lat' dir='ltr'><strong>ut</strong></span> <span class='ocrx_word' id='word_1_615' title='bbox 2677 3479 2857 3548; x_wconf 81' lang='lat' dir='ltr'><strong>legere</strong></span> <span class='ocrx_word' id='word_1_616' title='bbox 2901 3493 3005 3531; x_wconf 90' lang='lat' dir='ltr'><strong>non</strong></span> <span class='ocrx_word' id='word_1_617' title='bbox 3052 3475 3243 3545; x_wconf 85' lang='lat' dir='ltr'><strong>possit,</strong></span> <span class='ocrx_word' id='word_1_618' title='bbox 3295 3483 3515 3543; x_wconf 83' lang='lat' dir='ltr'><strong>prepter</strong></span> <span class='ocrx_word' id='word_1_619' title='bbox 3565 3473 3669 3525; x_wconf 91' lang='lat' dir='ltr'><strong>hoc</strong></span> <span class='ocrx_word' id='word_1_620' title='bbox 3714 3483 3810 3524; x_wconf 89' lang='lat' dir='ltr'><strong>nec</strong></span> 
     </span>
    </p>
   </div>
   <div class='ocr_carea' id='block_1_80' title="bbox 2241 3558 3808 3638">
    <p class='ocr_par' dir='ltr' id='par_1_80' title="bbox 2241 3558 3808 3638">
     <span class='ocr_line' id='line_1_81' title="bbox 2241 3558 3808 3638; baseline -0.007 -15"><span class='ocrx_word' id='word_1_621' title='bbox 2241 3569 2408 3624; x_wconf 88' lang='lat' dir='ltr'><strong>verbo</strong></span> <span class='ocrx_word' id='word_1_622' title='bbox 2449 3585 2550 3624; x_wconf 91' lang='lat' dir='ltr'><strong>nec</strong></span> <span class='ocrx_word' id='word_1_623' title='bbox 2595 3569 2750 3638; x_wconf 89' lang='lat' dir='ltr'><strong>signo</strong></span> <span class='ocrx_word' id='word_1_624' title='bbox 2791 3581 3118 3636; x_wconf 86' lang='lat' dir='ltr'><strong>quemquam</strong></span> <span class='ocrx_word' id='word_1_625' title='bbox 3165 3565 3244 3620; x_wconf 90' lang='lat' dir='ltr'><strong>sui</strong></span> <span class='ocrx_word' id='word_1_626' title='bbox 3288 3562 3519 3618; x_wconf 88' lang='lat' dir='ltr'><strong>similem</strong></span> <span class='ocrx_word' id='word_1_627' title='bbox 3555 3563 3610 3614; x_wconf 90' lang='lat' dir='ltr'><strong>in</strong></span> <span class='ocrx_word' id='word_1_628' title='bbox 3652 3558 3808 3628; x_wconf 73' lang='lat' dir='ltr'><strong>simili</strong></span> 
     </span>
    </p>
   </div>
   <div class='ocr_carea' id='block_1_81' title="bbox 2241 3649 3812 3728">
    <p class='ocr_par' dir='ltr' id='par_1_81' title="bbox 2241 3649 3812 3728">
     <span class='ocr_line' id='line_1_82' title="bbox 2241 3649 3812 3728; baseline -0.009 -14"><span class='ocrx_word' id='word_1_629' title='bbox 2241 3659 2488 3714; x_wconf 89' lang='lat' dir='ltr'><strong>custodia</strong></span> <span class='ocrx_word' id='word_1_630' title='bbox 2517 3659 2750 3728; x_wconf 89' lang='lat' dir='ltr'><strong>positum</strong></span> <span class='ocrx_word' id='word_1_631' title='bbox 2795 3653 3047 3724; x_wconf 86' lang='lat' dir='ltr'><strong>appellat,</strong></span> <span class='ocrx_word' id='word_1_632' title='bbox 3079 3663 3138 3707; x_wconf 91' lang='lat' dir='ltr'><strong>ut</strong></span> <span class='ocrx_word' id='word_1_633' title='bbox 3164 3668 3263 3722; x_wconf 89' lang='lat' dir='ltr'><strong>pro</strong></span> <span class='ocrx_word' id='word_1_634' title='bbox 3296 3667 3353 3706; x_wconf 88' lang='lat' dir='ltr'><strong>se</strong></span> <span class='ocrx_word' id='word_1_635' title='bbox 3381 3651 3548 3719; x_wconf 82' lang='lat' dir='ltr'><strong>legat,</strong></span> <span class='ocrx_word' id='word_1_636' title='bbox 3575 3650 3670 3704; x_wconf 89' lang='lat' dir='ltr'><strong>sed</strong></span> <span class='ocrx_word' id='word_1_637' title='bbox 3701 3649 3812 3716; x_wconf 82' lang='lat' dir='ltr'><strong>ejus</strong></span> 
     </span>
    </p>
   </div>
   <div class='ocr_carea' id='block_1_82' title="bbox 2241 3741 3806 3815">
    <p class='ocr_par' dir='ltr' id='par_1_82' title="bbox 2241 3741 3806 3815">
     <span class='ocr_line' id='line_1_83' title="bbox 2241 3741 3806 3815; baseline -0.01 -8"><span class='ocrx_word' id='word_1_638' title='bbox 2241 3750 2477 3815; x_wconf 89' lang='lat' dir='ltr'><strong>custodi,</strong></span> <span class='ocrx_word' id='word_1_639' title='bbox 2521 3765 2644 3804; x_wconf 83' lang='lat' dir='ltr'><strong>cum</strong></span> <span class='ocrx_word' id='word_1_640' title='bbox 2696 3747 3006 3803; x_wconf 86' lang='lat' dir='ltr'><strong>testimonio</strong></span> <span class='ocrx_word' id='word_1_641' title='bbox 3055 3745 3297 3801; x_wconf 90' lang='lat' dir='ltr'><strong>custodis</strong></span> <span class='ocrx_word' id='word_1_642' title='bbox 3327 3743 3408 3799; x_wconf 91' lang='lat' dir='ltr'><strong>sui</strong></span> <span class='ocrx_word' id='word_1_643' title='bbox 3445 3757 3558 3796; x_wconf 88' lang='lat' dir='ltr'><strong>rem</strong></span> <span class='ocrx_word' id='word_1_644' title='bbox 3605 3741 3806 3794; x_wconf 86' lang='lat' dir='ltr'><strong>innote-</strong></span> 
     </span>
    </p>
   </div>
   <div class='ocr_carea' id='block_1_83' title="bbox 2244 3831 3817 3908">
    <p class='ocr_par' dir='ltr' id='par_1_83' title="bbox 2244 3831 3817 3908">
     <span class='ocr_line' id='line_1_84' title="bbox 2244 3831 3817 3908; baseline -0.006 -13"><span class='ocrx_word' id='word_1_645' title='bbox 2244 3841 2368 3906; x_wconf 86' lang='lat' dir='ltr'><strong>scit,</strong></span> <span class='ocrx_word' id='word_1_646' title='bbox 2395 3850 2452 3894; x_wconf 91' lang='lat' dir='ltr'><strong>nt</strong></span> <span class='ocrx_word' id='word_1_647' title='bbox 2483 3839 2634 3894; x_wconf 89' lang='lat' dir='ltr'><strong>fratri</strong></span> <span class='ocrx_word' id='word_1_648' title='bbox 2661 3839 2905 3908; x_wconf 86' lang='lat' dir='ltr'><strong>ejusdem</strong></span> <span class='ocrx_word' id='word_1_649' title='bbox 2932 3837 3139 3893; x_wconf 87' lang='lat' dir='ltr'><strong>ordinis</strong></span> <span class='ocrx_word' id='word_1_650' title='bbox 3172 3845 3355 3890; x_wconf 91' lang='lat' dir='ltr'><strong>custos</strong></span> <span class='ocrx_word' id='word_1_651' title='bbox 3389 3847 3604 3903; x_wconf 87' lang='lat' dir='ltr'><strong>quoque</strong></span> <span class='ocrx_word' id='word_1_652' title='bbox 3633 3831 3817 3885; x_wconf 86' lang='lat' dir='ltr'><strong>fratris</strong></span> 
     </span>
    </p>
   </div>
   <div class='ocr_carea' id='block_1_84' title="bbox 2247 3919 3820 3999">
    <p class='ocr_par' dir='ltr' id='par_1_84' title="bbox 2247 3919 3820 3999">
     <span class='ocr_line' id='line_1_85' title="bbox 2247 3919 3820 3999; baseline -0.008 -16"><span class='ocrx_word' id='word_1_653' title='bbox 2247 3931 2502 3999; x_wconf 84' lang='lat' dir='ltr'><strong>loquatur</strong></span> <span class='ocrx_word' id='word_1_654' title='bbox 2544 3943 2643 3998; x_wconf 89' lang='lat' dir='ltr'><strong>pro</strong></span> <span class='ocrx_word' id='word_1_655' title='bbox 2677 3926 3048 3980; x_wconf 80' lang='lat' dir='ltr'><strong>vicissitudine</strong></span> <span class='ocrx_word' id='word_1_656' title='bbox 3081 3923 3322 3994; x_wconf 78' lang='lat' dir='ltr'><strong>legendi;</strong></span> <span class='ocrx_word' id='word_1_657' title='bbox 3358 3931 3448 3976; x_wconf 91' lang='lat' dir='ltr'><strong>aut</strong></span> <span class='ocrx_word' id='word_1_658' title='bbox 3477 3921 3521 3976; x_wconf 92' lang='lat' dir='ltr'><strong>si</strong></span> <span class='ocrx_word' id='word_1_659' title='bbox 3569 3919 3820 3974; x_wconf 84' lang='lat' dir='ltr'><strong>maluerit</strong></span> 
     </span>
    </p>
   </div>
   <div class='ocr_carea' id='block_1_85' title="bbox 2246 4011 3819 4090">
    <p class='ocr_par' dir='ltr' id='par_1_85' title="bbox 2246 4011 3819 4090">
     <span class='ocr_line' id='line_1_86' title="bbox 2246 4011 3819 4090; baseline -0.008 -17"><span class='ocrx_word' id='word_1_660' title='bbox 2246 4022 2338 4090; x_wconf 90' lang='lat' dir='ltr'><strong>qui</strong></span> <span class='ocrx_word' id='word_1_661' title='bbox 2361 4019 2539 4090; x_wconf 79' lang='lat' dir='ltr'><strong>legere</strong></span> <span class='ocrx_word' id='word_1_662' title='bbox 2577 4019 2753 4082; x_wconf 87' lang='lat' dir='ltr'><strong>debet,</strong></span> <span class='ocrx_word' id='word_1_663' title='bbox 2785 4015 3277 4086; x_wconf 73' lang='lat' dir='ltr'><strong>inmossibilitatem</strong></span> <span class='ocrx_word' id='word_1_664' title='bbox 3311 4027 3464 4067; x_wconf 91' lang='lat' dir='ltr'><strong>suam</strong></span> <span class='ocrx_word' id='word_1_665' title='bbox 3515 4011 3689 4066; x_wconf 81' lang='lat' dir='ltr'><strong>refert</strong></span> <span class='ocrx_word' id='word_1_666' title='bbox 3735 4025 3819 4062; x_wconf 79' lang='lat' dir='ltr'><strong>ar-</strong></span> 
     </span>
    </p>
   </div>
   <div class='ocr_carea' id='block_1_86' title="bbox 2249 4100 3820 4178">
    <p class='ocr_par' dir='ltr' id='par_1_86' title="bbox 2249 4100 3820 4178">
     <span class='ocr_line' id='line_1_87' title="bbox 2249 4100 3820 4178; baseline -0.008 -13"><span class='ocrx_word' id='word_1_667' title='bbox 2249 4113 2420 4166; x_wconf 86' lang='lat' dir='ltr'><strong>mario</strong></span> <span class='ocrx_word' id='word_1_668' title='bbox 2469 4111 2758 4173; x_wconf 85' lang='lat' dir='ltr'><strong>maturius,</strong></span> <span class='ocrx_word' id='word_1_669' title='bbox 2801 4117 2862 4162; x_wconf 93' lang='lat' dir='ltr'><strong>ut</strong></span> <span class='ocrx_word' id='word_1_670' title='bbox 2893 4110 3006 4178; x_wconf 89' lang='lat' dir='ltr'><strong>ipse</strong></span> <span class='ocrx_word' id='word_1_671' title='bbox 3055 4105 3373 4176; x_wconf 83' lang='lat' dir='ltr'><strong>tempestive</strong></span> <span class='ocrx_word' id='word_1_672' title='bbox 3411 4103 3698 4174; x_wconf 85' lang='lat' dir='ltr'><strong>provideat</strong></span> <span class='ocrx_word' id='word_1_673' title='bbox 3737 4100 3820 4154; x_wconf 86' lang='lat' dir='ltr'><strong>cui</strong></span> 
     </span>
    </p>
   </div>
   <div class='ocr_carea' id='block_1_87' title="bbox 2248 4193 3822 4273">
    <p class='ocr_par' dir='ltr' id='par_1_87' title="bbox 2248 4193 3822 4273">
     <span class='ocr_line' id='line_1_88' title="bbox 2248 4193 3822 4273; baseline -0.009 -16"><span class='ocrx_word' id='word_1_674' title='bbox 2248 4203 2456 4273; x_wconf 86' lang='lat' dir='ltr'><strong>legendi</strong></span> <span class='ocrx_word' id='word_1_675' title='bbox 2487 4215 2681 4255; x_wconf 86' lang='lat' dir='ltr'><strong>munus</strong></span> <span class='ocrx_word' id='word_1_676' title='bbox 2717 4199 2976 4268; x_wconf 82' lang='lat' dir='ltr'><strong>injungat.</strong></span> <span class='ocrx_word' id='word_1_677' title='bbox 3019 4197 3225 4266; x_wconf 80' lang='lat' dir='ltr'><strong>Singuli</strong></span> <span class='ocrx_word' id='word_1_678' title='bbox 3263 4204 3440 4250; x_wconf 87' lang='lat' dir='ltr'><strong>autem</strong></span> <span class='ocrx_word' id='word_1_679' title='bbox 3475 4193 3634 4257; x_wconf 87' lang='lat' dir='ltr'><strong>tales,</strong></span> <span class='ocrx_word' id='word_1_680' title='bbox 3669 4194 3734 4252; x_wconf 83' lang='lat' dir='ltr'><strong>si,</strong></span> <span class='ocrx_word' id='word_1_681' title='bbox 3767 4201 3822 4244; x_wconf 89' lang='lat' dir='ltr'><strong>ut</strong></span> 
     </span>
    </p>
   </div>
   <div class='ocr_carea' id='block_1_88' title="bbox 2249 4285 3824 4362">
    <p class='ocr_par' dir='ltr' id='par_1_88' title="bbox 2249 4285 3824 4362">
     <span class='ocr_line' id='line_1_89' title="bbox 2249 4285 3824 4362; baseline -0.006 -15"><span class='ocrx_word' id='word_1_682' title='bbox 2249 4295 2419 4358; x_wconf 88' lang='lat' dir='ltr'><strong>aiunt,</strong></span> <span class='ocrx_word' id='word_1_683' title='bbox 2448 4291 2750 4362; x_wconf 81' lang='lat' dir='ltr'><strong>tergoribus</strong></span> <span class='ocrx_word' id='word_1_684' title='bbox 2773 4291 2884 4344; x_wconf 88' lang='lat' dir='ltr'><strong>suis</strong></span> <span class='ocrx_word' id='word_1_685' title='bbox 2910 4289 3177 4343; x_wconf 87' lang='lat' dir='ltr'><strong>voluerint</strong></span> <span class='ocrx_word' id='word_1_686' title='bbox 3201 4303 3319 4341; x_wconf 88' lang='lat' dir='ltr'><strong>esse</strong></span> <span class='ocrx_word' id='word_1_687' title='bbox 3337 4285 3670 4350; x_wconf 86' lang='lat' dir='ltr'><strong>consultum,</strong></span> <span class='ocrx_word' id='word_1_688' title='bbox 3699 4295 3824 4338; x_wconf 88' lang='lat' dir='ltr'><strong>tunc</strong></span> 
     </span>
    </p>
   </div>
   <div class='ocr_carea' id='block_1_89' title="bbox 2250 4377 3822 4452">
    <p class='ocr_par' dir='ltr' id='par_1_89' title="bbox 2250 4377 3822 4452">
     <span class='ocr_line' id='line_1_90' title="bbox 2250 4377 3822 4452; baseline -0.008 -14"><span class='ocrx_word' id='word_1_689' title='bbox 2250 4397 2592 4452; x_wconf 88' lang='lat' dir='ltr'><strong>summopere</strong></span> <span class='ocrx_word' id='word_1_690' title='bbox 2631 4391 2827 4436; x_wconf 88' lang='lat' dir='ltr'><strong>cavent</strong></span> <span class='ocrx_word' id='word_1_691' title='bbox 2856 4380 3077 4434; x_wconf 88' lang='lat' dir='ltr'><strong>inomni</strong></span> <span class='ocrx_word' id='word_1_692' title='bbox 3127 4380 3247 4434; x_wconf 90' lang='lat' dir='ltr'><strong>loco</strong></span> <span class='ocrx_word' id='word_1_693' title='bbox 3276 4393 3342 4433; x_wconf 92' lang='lat' dir='ltr'><strong>ne</strong></span> <span class='ocrx_word' id='word_1_694' title='bbox 3372 4377 3578 4447; x_wconf 88' lang='lat' dir='ltr'><strong>absque</strong></span> <span class='ocrx_word' id='word_1_695' title='bbox 3616 4377 3822 4430; x_wconf 83' lang='lat' dir='ltr'><strong>media-</strong></span> 
     </span>
    </p>
   </div>
   <div class='ocr_carea' id='block_1_90' title="bbox 573 4465 3823 4564">
    <p class='ocr_par' dir='ltr' id='par_1_90' title="bbox 573 4465 3823 4564">
     <span class='ocr_line' id='line_1_91' title="bbox 573 4465 3823 4564; baseline -0.008 -22"><span class='ocrx_word' id='word_1_696' title='bbox 573 4484 818 4556; x_wconf 85' lang='lat' dir='ltr'><strong>magistri</strong></span> <span class='ocrx_word' id='word_1_697' title='bbox 850 4483 903 4536; x_wconf 92' lang='lat' dir='ltr'><strong>in</strong></span> <span class='ocrx_word' id='word_1_698' title='bbox 936 4481 1193 4537; x_wconf 85' lang='lat' dir='ltr'><strong>cancellis</strong></span> <span class='ocrx_word' id='word_1_699' title='bbox 1223 4478 1467 4544; x_wconf 87' lang='lat' dir='ltr'><strong>claustri,</strong></span> <span class='ocrx_word' id='word_1_700' title='bbox 1503 4486 1558 4532; x_wconf 93' lang='lat' dir='ltr'><strong>et</strong></span> <span class='ocrx_word' id='word_1_701' title='bbox 1594 4477 1668 4530; x_wconf 89' lang='lat' dir='ltr'><strong>ita</strong></span> <span class='ocrx_word' id='word_1_702' title='bbox 1701 4485 1760 4530; x_wconf 91' lang='lat' dir='ltr'><strong>ut</strong></span> <span class='ocrx_word' id='word_1_703' title='bbox 1802 4475 2010 4544; x_wconf 89' lang='lat' dir='ltr'><strong>possint</strong></span> <span class='ocrx_word' id='word_1_704' title='bbox 2051 4489 2144 4528; x_wconf 88' lang='lat' dir='ltr'><strong>eos</strong></span> <span class='ocrx_word' id='word_1_705' title='bbox 2179 4509 2223 4564; x_wconf 69' lang='grc' dir='ltr'><strong>Β</strong></span> <span class='ocrx_word' id='word_1_706' title='bbox 2255 4488 2370 4530; x_wconf 85' lang='lat' dir='ltr'><strong>tore</strong></span> <span class='ocrx_word' id='word_1_707' title='bbox 2390 4484 2533 4529; x_wconf 89' lang='lat' dir='ltr'><strong>stent</strong></span> <span class='ocrx_word' id='word_1_708' title='bbox 2559 4473 2739 4538; x_wconf 89' lang='lat' dir='ltr'><strong>simul,</strong></span> <span class='ocrx_word' id='word_1_709' title='bbox 2772 4483 2864 4525; x_wconf 91' lang='lat' dir='ltr'><strong>aut</strong></span> <span class='ocrx_word' id='word_1_710' title='bbox 2907 4471 3068 4525; x_wconf 87' lang='lat' dir='ltr'><strong>simul</strong></span> <span class='ocrx_word' id='word_1_711' title='bbox 3114 4470 3342 4526; x_wconf 89' lang='lat' dir='ltr'><strong>sedeant</strong></span> <span class='ocrx_word' id='word_1_712' title='bbox 3381 4469 3436 4522; x_wconf 89' lang='lat' dir='ltr'><strong>in</strong></span> <span class='ocrx_word' id='word_1_713' title='bbox 3483 4466 3740 4529; x_wconf 87' lang='lat' dir='ltr'><strong>ecclesia,</strong></span> <span class='ocrx_word' id='word_1_714' title='bbox 3773 4465 3823 4518; x_wconf 88' lang='lat' dir='ltr'><strong>in</strong></span> 
     </span>
    </p>
   </div>
   <div class='ocr_carea' id='block_1_91' title="bbox 569 4564 2149 4647">
    <p class='ocr_par' dir='ltr' id='par_1_91' title="bbox 569 4564 2149 4647">
     <span class='ocr_line' id='line_1_92' title="bbox 569 4564 2149 4647; baseline -0.008 -17"><span class='ocrx_word' id='word_1_715' title='bbox 569 4578 776 4647; x_wconf 79' lang='lat' dir='ltr'><strong>iugiter</strong></span> <span class='ocrx_word' id='word_1_716' title='bbox 819 4572 1040 4628; x_wconf 80' lang='lat' dir='ltr'><strong>intueri.</strong></span> <span class='ocrx_word' id='word_1_717' title='bbox 1077 4570 1182 4624; x_wconf 87' lang='lat' dir='ltr'><strong>Per</strong></span> <span class='ocrx_word' id='word_1_718' title='bbox 1213 4569 1449 4624; x_wconf 89' lang='lat' dir='ltr'><strong>medium</strong></span> <span class='ocrx_word' id='word_1_719' title='bbox 1495 4581 1682 4622; x_wconf 89' lang='lat' dir='ltr'><strong>eorum</strong></span> <span class='ocrx_word' id='word_1_720' title='bbox 1729 4564 1908 4620; x_wconf 86' lang='lat' dir='ltr'><strong>nullus</strong></span> <span class='ocrx_word' id='word_1_721' title='bbox 1935 4571 2021 4619; x_wconf 91' lang='lat' dir='ltr'><strong>est</strong></span> <span class='ocrx_word' id='word_1_722' title='bbox 2056 4564 2149 4631; x_wconf 91' lang='lat' dir='ltr'><strong>qui</strong></span> 
     </span>
    </p>
   </div>
   <div class='ocr_carea' id='block_1_92' title="bbox 580 4656 2148 4726">
    <p class='ocr_par' dir='ltr' id='par_1_92' title="bbox 580 4656 2148 4726">
     <span class='ocr_line' id='line_1_93' title="bbox 580 4656 2148 4726; baseline -0.008 -6"><span class='ocrx_word' id='word_1_723' title='bbox 580 4669 776 4720; x_wconf 88' lang='lat' dir='ltr'><strong>audeat</strong></span> <span class='ocrx_word' id='word_1_724' title='bbox 808 4663 1030 4720; x_wconf 88' lang='lat' dir='ltr'><strong>omnino</strong></span> <span class='ocrx_word' id='word_1_725' title='bbox 1059 4661 1314 4716; x_wconf 84' lang='lat' dir='ltr'><strong>transire.</strong></span> <span class='ocrx_word' id='word_1_726' title='bbox 1361 4658 1677 4726; x_wconf 87' lang='lat' dir='ltr'><strong>Ubicunque</strong></span> <span class='ocrx_word' id='word_1_727' title='bbox 1721 4656 1944 4719; x_wconf 89' lang='lat' dir='ltr'><strong>fuerint,</strong></span> <span class='ocrx_word' id='word_1_728' title='bbox 1974 4671 2148 4724; x_wconf 89' lang='lat' dir='ltr'><strong>quan-</strong></span> 
     </span>
    </p>
   </div>
   <div class='ocr_carea' id='block_1_93' title="bbox 579 4743 2152 4816">
    <p class='ocr_par' dir='ltr' id='par_1_93' title="bbox 579 4743 2152 4816">
     <span class='ocr_line' id='line_1_94' title="bbox 579 4743 2152 4816; baseline -0.006 -9"><span class='ocrx_word' id='word_1_729' title='bbox 579 4753 829 4807; x_wconf 88' lang='lat' dir='ltr'><strong>tnmlibet</strong></span> <span class='ocrx_word' id='word_1_730' title='bbox 871 4752 1020 4806; x_wconf 88' lang='lat' dir='ltr'><strong>locus</strong></span> <span class='ocrx_word' id='word_1_731' title='bbox 1065 4748 1231 4803; x_wconf 85' lang='lat' dir='ltr'><strong>fuerit</strong></span> <span class='ocrx_word' id='word_1_732' title='bbox 1281 4755 1563 4816; x_wconf 82' lang='lat' dir='ltr'><strong>angustus,</strong></span> <span class='ocrx_word' id='word_1_733' title='bbox 1611 4754 1667 4800; x_wconf 88' lang='lat' dir='ltr'><strong>et</strong></span> <span class='ocrx_word' id='word_1_734' title='bbox 1705 4744 2040 4813; x_wconf 87' lang='lat' dir='ltr'><strong>quantalibet</strong></span> <span class='ocrx_word' id='word_1_735' title='bbox 2080 4743 2152 4798; x_wconf 88' lang='lat' dir='ltr'><strong>sit</strong></span> 
     </span>
    </p>
   </div>
   <div class='ocr_carea' id='block_1_94' title="bbox 577 4835 2153 4906">
    <p class='ocr_par' dir='ltr' id='par_1_94' title="bbox 577 4835 2153 4906">
     <span class='ocr_line' id='line_1_95' title="bbox 577 4835 2153 4906; baseline -0.005 -10"><span class='ocrx_word' id='word_1_736' title='bbox 577 4847 811 4898; x_wconf 78' lang='lat' dir='ltr'><strong>fratrum</strong></span> <span class='ocrx_word' id='word_1_737' title='bbox 843 4841 1154 4906; x_wconf 90' lang='lat' dir='ltr'><strong>multitudo,</strong></span> <span class='ocrx_word' id='word_1_738' title='bbox 1195 4847 1376 4893; x_wconf 88' lang='lat' dir='ltr'><strong>tamen</strong></span> <span class='ocrx_word' id='word_1_739' title='bbox 1417 4851 1608 4892; x_wconf 90' lang='lat' dir='ltr'><strong>omnes</strong></span> <span class='ocrx_word' id='word_1_740' title='bbox 1629 4844 1824 4890; x_wconf 89' lang='lat' dir='ltr'><strong>cavent</strong></span> <span class='ocrx_word' id='word_1_741' title='bbox 1850 4835 1924 4889; x_wconf 88' lang='lat' dir='ltr'><strong>ita</strong></span> <span class='ocrx_word' id='word_1_742' title='bbox 1955 4849 2153 4904; x_wconf 80' lang='lat' dir='ltr'><strong>appro-</strong></span> 
     </span>
    </p>
   </div>
   <div class='ocr_carea' id='block_1_95' title="bbox 577 4923 2153 5006">
    <p class='ocr_par' dir='ltr' id='par_1_95' title="bbox 577 4923 2153 5006">
     <span class='ocr_line' id='line_1_96' title="bbox 577 4923 2153 5006; baseline -0.01 -16"><span class='ocrx_word' id='word_1_743' title='bbox 577 4937 733 5006; x_wconf 85' lang='lat' dir='ltr'><strong>piare</strong></span> <span class='ocrx_word' id='word_1_744' title='bbox 771 4941 831 4987; x_wconf 91' lang='lat' dir='ltr'><strong>ut</strong></span> <span class='ocrx_word' id='word_1_745' title='bbox 855 4932 939 4986; x_wconf 90' lang='lat' dir='ltr'><strong>vel</strong></span> <span class='ocrx_word' id='word_1_746' title='bbox 965 4939 1222 5001; x_wconf 73' lang='lat' dir='ltr'><strong>tangatur</strong></span> <span class='ocrx_word' id='word_1_747' title='bbox 1255 4931 1324 4985; x_wconf 89' lang='lat' dir='ltr'><strong>ab</strong></span> <span class='ocrx_word' id='word_1_748' title='bbox 1355 4929 1536 4997; x_wconf 87' lang='lat' dir='ltr'><strong>aliquo</strong></span> <span class='ocrx_word' id='word_1_749' title='bbox 1563 4925 1732 4980; x_wconf 88' lang='lat' dir='ltr'><strong>vestis</strong></span> <span class='ocrx_word' id='word_1_750' title='bbox 1755 4939 1964 4979; x_wconf 88' lang='lat' dir='ltr'><strong>eorum.</strong></span> <span class='ocrx_word' id='word_1_751' title='bbox 1999 4923 2065 4976; x_wconf 90' lang='lat' dir='ltr'><strong>Et</strong></span> <span class='ocrx_word' id='word_1_752' title='bbox 2095 4930 2153 4976; x_wconf 93' lang='lat' dir='ltr'><strong>ut</strong></span> 
     </span>
    </p>
   </div>
   <div class='ocr_carea' id='block_1_96' title="bbox 580 5013 2155 5052">
    <p class='ocr_par' dir='ltr' id='par_1_96' title="bbox 580 5013 2155 5052">
     <span class='ocr_line' id='line_1_97' title="bbox 580 5013 2155 5052; baseline 0 0"><span class='ocrx_word' id='word_1_753' title='bbox 580 5025 798 5052; x_wconf 63' lang='grc' dir='ltr'><strong>οηηιΙΔ-ιι</strong></span> <span class='ocrx_word' id='word_1_754' title='bbox 827 5023 890 5052; x_wconf 70' lang='grc' dir='ltr'><strong>,1η</strong></span> <span class='ocrx_word' id='word_1_755' title='bbox 919 5021 1048 5052; x_wconf 64' lang='grc' dir='ltr'><strong>ἷηοῗα</strong></span> <span class='ocrx_word' id='word_1_756' title='bbox 1093 5019 1272 5052; x_wconf 58' lang='lat' dir='ltr'><strong>nouns-:5</strong></span> <span class='ocrx_word' id='word_1_757' title='bbox 1305 5018 1619 5052; x_wconf 65' lang='lat' dir='ltr'><strong>nnnnllu‘am</strong></span> <span class='ocrx_word' id='word_1_758' title='bbox 1681 5027 2050 5052; x_wconf 54' lang='lat' dir='ltr'><strong>cannonnrnnrn</strong></span> <span class='ocrx_word' id='word_1_759' title='bbox 2075 5013 2155 5052; x_wconf 73' lang='grc' dir='ltr'><strong>νῖ-</strong></span> 
     </span>
    </p>
   </div>
   <div class='ocr_carea' id='block_1_97' title="bbox 2253 4557 3826 4636">
    <p class='ocr_par' dir='ltr' id='par_1_97' title="bbox 2253 4557 3826 4636">
     <span class='ocr_line' id='line_1_98' title="bbox 2253 4557 3826 4636; baseline -0.008 -15"><span class='ocrx_word' id='word_1_760' title='bbox 2253 4565 2510 4636; x_wconf 83' lang='lat' dir='ltr'><strong>capitulo,</strong></span> <span class='ocrx_word' id='word_1_761' title='bbox 2537 4565 2592 4618; x_wconf 89' lang='lat' dir='ltr'><strong>in</strong></span> <span class='ocrx_word' id='word_1_762' title='bbox 2619 4563 2929 4627; x_wconf 84' lang='lat' dir='ltr'><strong>refectorio,</strong></span> <span class='ocrx_word' id='word_1_763' title='bbox 2959 4562 3044 4616; x_wconf 86' lang='lat' dir='ltr'><strong>vel</strong></span> <span class='ocrx_word' id='word_1_764' title='bbox 3073 4576 3129 4616; x_wconf 90' lang='lat' dir='ltr'><strong>se</strong></span> <span class='ocrx_word' id='word_1_765' title='bbox 3159 4561 3225 4614; x_wconf 92' lang='lat' dir='ltr'><strong>ad</strong></span> <span class='ocrx_word' id='word_1_766' title='bbox 3259 4560 3487 4614; x_wconf 89' lang='lat' dir='ltr'><strong>invicem</strong></span> <span class='ocrx_word' id='word_1_767' title='bbox 3521 4557 3826 4626; x_wconf 74' lang='lat' dir='ltr'><strong>impingunt</strong></span> 
     </span>
    </p>
   </div>
   <div class='ocr_carea' id='block_1_98' title="bbox 2253 4647 3822 4724">
    <p class='ocr_par' dir='ltr' id='par_1_98' title="bbox 2253 4647 3822 4724">
     <span class='ocr_line' id='line_1_99' title="bbox 2253 4647 3822 4724; baseline -0.006 -17"><span class='ocrx_word' id='word_1_768' title='bbox 2253 4655 2469 4724; x_wconf 88' lang='lat' dir='ltr'><strong>quando</strong></span> <span class='ocrx_word' id='word_1_769' title='bbox 2501 4662 2801 4708; x_wconf 88' lang='lat' dir='ltr'><strong>conventus</strong></span> <span class='ocrx_word' id='word_1_770' title='bbox 2851 4652 2924 4705; x_wconf 87' lang='lat' dir='ltr'><strong>ita</strong></span> <span class='ocrx_word' id='word_1_771' title='bbox 2973 4651 3288 4705; x_wconf 87' lang='lat' dir='ltr'><strong>cumulatim</strong></span> <span class='ocrx_word' id='word_1_772' title='bbox 3343 4663 3558 4718; x_wconf 90' lang='lat' dir='ltr'><strong>quoque</strong></span> <span class='ocrx_word' id='word_1_773' title='bbox 3597 4647 3822 4710; x_wconf 88' lang='lat' dir='ltr'><strong>incedit,</strong></span> 
     </span>
    </p>
   </div>
   <div class='ocr_carea' id='block_1_99' title="bbox 2253 4727 3824 4812">
    <p class='ocr_par' dir='ltr' id='par_1_99' title="bbox 2253 4727 3824 4812">
     <span class='ocr_line' id='line_1_100' title="bbox 2253 4727 3824 4812; baseline -0.005 -17"><span class='ocrx_word' id='word_1_774' title='bbox 2253 4752 2312 4795; x_wconf 92' lang='grc' dir='ltr'><strong>ιιι</strong></span> <span class='ocrx_word' id='word_1_775' title='bbox 2347 4743 2636 4812; x_wconf 88' lang='lat' dir='ltr'><strong>aliquando</strong></span> <span class='ocrx_word' id='word_1_776' title='bbox 2673 4740 2960 4796; x_wconf 85' lang='lat' dir='ltr'><strong>ecclesiam</strong></span> <span class='ocrx_word' id='word_1_777' title='bbox 3007 4739 3257 4794; x_wconf 87' lang='lat' dir='ltr'><strong>intrando</strong></span> <span class='ocrx_word' id='word_1_778' title='bbox 3305 4738 3388 4792; x_wconf 87' lang='lat' dir='ltr'><strong>vel</strong></span> <span class='ocrx_word' id='word_1_779' title='bbox 3434 4727 3710 4800; x_wconf 69' lang='lat' dir='ltr'><strong>exeundo;</strong></span> <span class='ocrx_word' id='word_1_780' title='bbox 3743 4737 3824 4788; x_wconf 88' lang='lat' dir='ltr'><strong>vel</strong></span> 
     </span>
    </p>
   </div>
   <div class='ocr_carea' id='block_1_100' title="bbox 2254 4827 3824 4904">
    <p class='ocr_par' dir='ltr' id='par_1_100' title="bbox 2254 4827 3824 4904">
     <span class='ocr_line' id='line_1_101' title="bbox 2254 4827 3824 4904; baseline -0.006 -15"><span class='ocrx_word' id='word_1_781' title='bbox 2254 4835 2470 4904; x_wconf 86' lang='lat' dir='ltr'><strong>quando</strong></span> <span class='ocrx_word' id='word_1_782' title='bbox 2501 4834 2670 4888; x_wconf 88' lang='lat' dir='ltr'><strong>libros</strong></span> <span class='ocrx_word' id='word_1_783' title='bbox 2717 4833 2768 4886; x_wconf 91' lang='lat' dir='ltr'><strong>in</strong></span> <span class='ocrx_word' id='word_1_784' title='bbox 2808 4831 3158 4885; x_wconf 88' lang='lat' dir='ltr'><strong>armariolum</strong></span> <span class='ocrx_word' id='word_1_785' title='bbox 3208 4829 3349 4897; x_wconf 88' lang='lat' dir='ltr'><strong>quod</strong></span> <span class='ocrx_word' id='word_1_786' title='bbox 3384 4838 3468 4882; x_wconf 84' lang='lat' dir='ltr'><strong>est</strong></span> <span class='ocrx_word' id='word_1_787' title='bbox 3493 4827 3548 4881; x_wconf 90' lang='lat' dir='ltr'><strong>in</strong></span> <span class='ocrx_word' id='word_1_788' title='bbox 3581 4828 3824 4883; x_wconf 89' lang='lat' dir='ltr'><strong>claustro</strong></span> 
     </span>
    </p>
   </div>
   <div class='ocr_carea' id='block_1_101' title="bbox 2256 4918 3825 4994">
    <p class='ocr_par' dir='ltr' id='par_1_101' title="bbox 2256 4918 3825 4994">
     <span class='ocr_line' id='line_1_102' title="bbox 2256 4918 3825 4994; baseline -0.006 -15"><span class='ocrx_word' id='word_1_789' title='bbox 2256 4933 2543 4994; x_wconf 89' lang='lat' dir='ltr'><strong>reponunt.</strong></span> <span class='ocrx_word' id='word_1_790' title='bbox 2592 4923 2704 4980; x_wconf 91' lang='lat' dir='ltr'><strong>lloc</strong></span> <span class='ocrx_word' id='word_1_791' title='bbox 2734 4925 2900 4978; x_wconf 84' lang='lat' dir='ltr'><strong>etiam</strong></span> <span class='ocrx_word' id='word_1_792' title='bbox 2943 4937 3048 4976; x_wconf 91' lang='lat' dir='ltr'><strong>non</strong></span> <span class='ocrx_word' id='word_1_793' title='bbox 3082 4920 3389 4991; x_wconf 80' lang='lat' dir='ltr'><strong>negligitur,</strong></span> <span class='ocrx_word' id='word_1_794' title='bbox 3437 4918 3482 4973; x_wconf 92' lang='lat' dir='ltr'><strong>si</strong></span> <span class='ocrx_word' id='word_1_795' title='bbox 3519 4927 3604 4972; x_wconf 88' lang='lat' dir='ltr'><strong>est</strong></span> <span class='ocrx_word' id='word_1_796' title='bbox 3635 4933 3825 4972; x_wconf 91' lang='lat' dir='ltr'><strong>eorum</strong></span> 
     </span>
    </p>
   </div>
   <div class='ocr_carea' id='block_1_102' title="bbox 2254 5011 3824 5052">
    <p class='ocr_par' dir='ltr' id='par_1_102' title="bbox 2254 5011 3824 5052">
     <span class='ocr_line' id='line_1_103' title="bbox 2254 5011 3824 5052; baseline 0 0"><span class='ocrx_word' id='word_1_797' title='bbox 2254 5023 2428 5052; x_wconf 68' lang='lat' dir='ltr'><strong>ulnlnc</strong></span> <span class='ocrx_word' id='word_1_798' title='bbox 2455 5015 2626 5052; x_wconf 75' lang='lat' dir='ltr'><strong>miluu-</strong></span> <span class='ocrx_word' id='word_1_799' title='bbox 2658 5015 2708 5052; x_wconf 88' lang='lat' dir='ltr'><strong>in</strong></span> <span class='ocrx_word' id='word_1_800' title='bbox 2739 5013 2915 5052; x_wconf 71' lang='lat' dir='ltr'><strong>inmlin</strong></span> <span class='ocrx_word' id='word_1_801' title='bbox 2947 5011 3112 5052; x_wconf 75' lang='lat' dir='ltr'><strong>nlmrn</strong></span> <span class='ocrx_word' id='word_1_802' title='bbox 3159 5020 3212 5052; x_wconf 82' lang='grc' dir='ltr'>ρι</span> <span class='ocrx_word' id='word_1_803' title='bbox 3249 5025 3388 5052; x_wconf 75' lang='lat' dir='ltr'><strong>&quot;nne</strong></span> <span class='ocrx_word' id='word_1_804' title='bbox 3417 5023 3481 5052; x_wconf 67' lang='lat' dir='ltr'><strong>ex</strong></span> <span class='ocrx_word' id='word_1_805' title='bbox 3515 5024 3619 5052; x_wconf 76' lang='lat' dir='ltr'><strong>una</strong></span> <span class='ocrx_word' id='word_1_806' title='bbox 3649 5019 3824 5052; x_wconf 67' lang='lat' dir='ltr'><strong>nar-In-</strong></span> 
     </span>
    </p>
   </div>
  </div>
