4040 5298
265 404 367 461 749

1013 390 1586 456 CONSUETUDINES
1623 389 2165 448 CLUNIACENSES.
2222 422 2276 433 —
2303 390 2507 447 LIBER
2539 391 2858 449 TERTIUS.

3433 382 3539 447 750

267 518 516 575 nutritus.
569 515 736 587 Igitur
777 515 900 580 iste,
947 513 1015 569 de
1062 529 1169 584 quo
1209 513 1408 584 agitur,
1439 508 1685 566 officialis
1734 506 1841 562 rite
1869 514 1920 574 Α
1944 513 1999 560 et
2029 504 2268 560 insinuet
2314 505 2360 560 si
2397 504 2524 573 quid
2563 504 2778 560 noverit
2803 517 2939 573 opus
2967 518 3090 560 esse
3117 513 3178 559 ut
3208 504 3536 560 insinuetur.

267 629 433 669 unum
479 611 644 667 habet
699 608 1128 679 sul'l‘raganeum,
1179 607 1273 676 qui
1313 606 1382 659 'et
1426 605 1610 673 pueris
1646 611 1851 666 cantet,

270 713 324 759 et
355 703 579 757 brevem
611 700 779 755 faciat
808 701 876 754 de
922 697 1250 754 lectionibus
1294 707 1348 750 et
1381 694 1760 765 responsoriis,
1799 702 1856 747 et

267 794 389 848 aliis
421 792 718 863 obsequiis.
764 790 1039 845 Caeterum
1084 789 1198 859 ipsa
1232 788 1464 840 fratrum
1511 785 1729 839 nomina
1759 783 1854 854 qui

271 884 467 939 lecturi
513 892 641 937 sunt
688 891 744 937 et
797 880 1089 945 cantaturi,
1134 879 1218 932 vel
1271 876 1416 931 aliud
1455 876 1582 945 quid
1629 872 1852 937 facturi,

269 989 375 1028 non
418 973 560 1026 alius
586 986 748 1041 quam
795 971 884 1024 ille
904 970 1076 1040 petiit,
1113 968 1216 1022 nisi
1257 966 1394 1022 forte
1420 977 1478 1021 et
1511 966 1628 1035 ipse
1660 965 1734 1018 ita
1763 979 1854 1017 vo-

267 1067 449 1130 luerit,
491 1063 720 1134 ejusque
748 1062 1018 1118 secundus
1050 1059 1208 1128 hujus
1235 1060 1306 1114 sit
1348 1058 1630 1112 industria:
1671 1056 1855 1126 hujus-

267 1171 377 1226 que
407 1171 626 1210 sensus.
665 1156 740 1209 De
773 1153 890 1222 ejus
915 1164 1095 1208 autem
1120 1153 1377 1207 continua
1415 1149 1772 1220 occupatione
1797 1157 1856 1202 ut

267 1246 447 1315 aliqua
481 1245 868 1313 perstringam,
906 1253 1016 1296 tota
1048 1241 1327 1296 servitutis
1355 1239 1552 1294 divina:
1578 1237 1852 1292 ordinatio

272 1335 328 1389 in
354 1334 588 1389 ecclesia
624 1349 785 1402 super
814 1331 1018 1385 nullum
1051 1331 1250 1400 pendet
1279 1345 1444 1399 quam
1489 1343 1654 1398 super
1677 1327 1850 1389 illum,

267 1442 366 1480 nec
406 1425 474 1479 de
505 1426 607 1479 hoc
654 1425 815 1477 habet
868 1423 1104 1491 aliquem
1154 1422 1476 1489 magistrum
1521 1418 1623 1472 nisi
1676 1419 1853 1471 solum

264 1517 526 1572 domuum
560 1514 998 1580 abbatem.Quod
1025 1513 1254 1567 voluerit
1281 1520 1337 1565 ut
1363 1518 1630 1574 cantetur,
1668 1519 1856 1563 canta-

268 1620 387 1674 tur;
422 1609 568 1678 quod
605 1607 840 1662 voluerit
886 1614 945 1659 ut
974 1605 1208 1675 legatur,
1247 1603 1447 1672 legitur
1474 1611 1527 1655 et
1577 1601 1629 1654 in
1670 1599 1852 1654 eccle-

269 1702 374 1764 sia,
422 1710 478 1754 et
531 1699 587 1752 in
650 1697 964 1760 refectorio,
1023 1707 1078 1751 et
1136 1695 1206 1749 ad
1251 1694 1637 1757 collationem;
1687 1702 1745 1746 et
1787 1693 1855 1745 ad

267 1791 646 1861 hujuscemodi
676 1803 866 1845 omnes
897 1789 1097 1845 debent
1115 1802 1334 1858 semper
1357 1788 1404 1842 ei
1436 1801 1556 1844 esse
1587 1785 1854 1841 obedien—

1957 596 2223 652 Siniilitcr
2250 597 2381 652 facit
2409 597 2834 666 quotiescunque
2870 607 2992 667 post
3023 608 3320 654 nocturnos
3357 597 3510 653 Evau

1956 687 2154 755 gelium
2184 695 2269 743 est
2311 687 2616 756 legendum,
2649 687 2733 742 vel
2775 689 2823 742 si
2865 689 2954 757 qui
3001 689 3376 744 iuvitatorium
3408 704 3513 744 can
3547 739 3554 758 ,

1959 779 2124 832 taturi
2156 785 2282 833 sunt
2311 778 2446 833 albis
2474 778 2778 835 vestiuntur
2805 778 2886 833 vel
2913 779 3120 848 cappis,
3155 779 3322 834 totius
3351 779 3428 833 rei
3458 785 3537 834 es‘

1955 873 2263 942 pnecipuus
2300 873 2600 928 ordinator.
2652 870 2709 927 Si
2758 872 2881 941 quis
2919 871 3092 926 frater
3138 871 3407 938 infirmus,
3462 872 3543 927 in.

1957 964 2238 1017 firniorum
2273 965 2392 1019 oleo
2426 972 2510 1018 est
2551 963 2850 1034 ungendus,
2885 964 2989 1028 vel,
3018 964 3063 1018 si
3093 963 3310 1029 obierit,
3342 964 3409 1018 ad
3450 979 3539 1018 se-

1955 1054 2227 1122 pulturam
2257 1051 2586 1118 efferendus,
2618 1051 2705 1107 vel
2735 1051 2780 1108 si
2806 1053 2930 1122 quis
2963 1051 3030 1107 de
3055 1051 3191 1108 foris
3229 1051 3424 1108 allatus
3453 1061 3542 1108 est

1955 1145 2321 1215 recipiendus;
2375 1145 2477 1214 ipsi
2523 1153 2606 1198 est
2649 1158 2780 1199 cura
2817 1143 2910 1213 qui
2958 1143 3212 1200 sacerdos
3258 1143 3539 1211 induatur,

1956 1236 2224 1302 quomodo
2249 1248 2446 1301 corpus
2477 1235 2688 1288 Domini
2715 1243 3048 1304 apportetur,
3081 1235 3352 1303 quomodo
3379 1248 3534 1291 com-

1959 1324 2298 1388 Inuuicetur;
2339 1333 2396 1377 et
2423 1339 2543 1393 qua:
2582 1322 2841 1390 collectae,
2890 1325 3018 1380 dum
3041 1325 3256 1392 obierit,
3313 1341 3345 1379 a
3395 1325 3545 1394 prio‘

1960 1432 2017 1470 re
2063 1432 2225 1486 super
2274 1433 2398 1473 eum
2446 1418 2718 1485 dicantur,
2769 1429 2824 1474 et
2866 1420 2993 1475 dum
3041 1421 3274 1487 lavatur,
3309 1429 3366 1476 et
3411 1424 3539 1477 dum

1956 1509 2208 1574 vestitur,
2259 1518 2315 1564 et
2358 1517 2650 1580 antequam
2703 1511 2756 1565 in
2802 1511 3034 1567 ecclesia
3094 1521 3429 1583 apportetur,
3491 1523 3550 1569 et

1957 1601 2084 1669 quid
2127 1607 2412 1664 cantetur,
2460 1609 2517 1655 et
2563 1603 2832 1670 quomodo
2873 1604 3110 1660 tumulus
3159 1605 3543 1672 benedicatur;

1957 1698 2014 1745 et
2046 1705 2164 1759 quae
2192 1689 2432 1745 collectae
2477 1690 2605 1744 dum
2644 1691 3004 1758 benedicitur,
3045 1703 3102 1748 et
3139 1709 3260 1764 qua:
3291 1694 3416 1750 dum
3460 1711 3552 1752 se.

1959 1786 2179 1856 pelitur,
2211 1795 2268 1840 et
2293 1802 2414 1856 quae
2446 1797 2572 1856 post
2596 1789 2932 1859 sepulturam
2963 1790 3204 1846 dicendae
3229 1801 3392 1858 sunt;
3426 1797 3549 1846 oma-

269 1858 369 1939 tes.
406 1882 465 1938 Si
495 1883 622 1952 quid
672 1891 855 1937 tamen
899 1890 1088 1936 contra
1131 1895 1290 1935 usum
1319 1878 1725 1950 praesumpserit
1768 1876 1852 1930 vel
1890 1858 1931 1916 Β
1963 1876 2252 1932 nibus.his
2301 1876 2547 1930 intererit
2577 1858 2881 1948 praecipuus
2911 1889 3265 1935 monstrator.
3298 1881 3416 1951 Ipse
3448 1893 3546 1936 sus

268 1971 589 2042 neglexerit,
629 1971 733 2024 hoc
761 1970 983 2023 omnino
1009 1969 1225 2023 interim
1276 1966 1650 2022 dissimulatur
1686 1980 1856 2034 usque

268 2063 397 2115 dum
429 2062 483 2113 in
515 2061 754 2129 capitulo
802 2059 1146 2113 reclametur.
1198 2057 1278 2110 Ad
1309 2057 1522 2111 cantica
1557 2054 1854 2124 Evangelii,

271 2151 355 2205 vel
378 2151 445 2204 ad
470 2150 761 2203 matutinas
777 2149 984 2212 laudes,
1001 2148 1087 2201 vel
1113 2147 1180 2200 ad
1215 2161 1467 2214 uesperas
1494 2144 1856 2214 .autiplionam

278 2242 527 2312 imponit,
556 2249 783 2310 excepto
811 2240 955 2310 quod
983 2240 1127 2293 dom.
1162 2239 1329 2292 abbas
1373 2238 1440 2292 ad
1477 2236 1857 2292 duodecimam

270 2331 556 2387 lectionem
617 2341 702 2386 est
753 2331 1128 2399 impositurus.
1181 2329 1284 2395 Qui
1334 2329 1502 2383 etiam
1554 2327 1854 2389 armarius,

271 2424 513 2491 quandiu
539 2432 622 2476 est
653 2423 707 2475 in
730 2419 1024 2484 conventu,
1057 2434 1164 2474 non
1191 2435 1252 2474 se
1291 2428 1441 2474 notat
1471 2418 1540 2473 ad
1580 2417 1741 2471 ullam
1777 2417 1856 2470 le-

271 2514 526 2575 ctionem,
545 2511 628 2566 vel
645 2526 809 2580 resp.-;
834 2518 914 2575 ut,
929 2511 976 2565 si
993 2511 1224 2564 domnus
1247 2508 1412 2563 abbas
1430 2508 1568 2562 forte
1591 2522 1695 2562 non
1713 2507 1856 2576 lege-

274 2603 367 2666 rit,
406 2603 521 2672 ipse
547 2617 645 2671 pro
669 2615 734 2656 eo
771 2601 840 2654 sit
888 2600 1070 2668 legere
1110 2608 1358 2669 paratus.
1399 2598 1554 2665 Quod
1592 2598 1636 2652 si
1667 2611 1774 2667 quo
1805 2597 1856 2650 iu

279 2705 412 2747 tono
455 2703 694 2756 erratur,
748 2691 947 2745 nullius
995 2689 1225 2744 scientia
1284 2688 1598 2759 prarjudicat
1645 2688 1754 2752 illi,
1803 2697 1862 2741 ut

271 2797 376 2836 non
422 2796 548 2834 eum
589 2779 932 2849 potissimum
959 2794 1151 2834 omnes
1201 2779 1484 2832 attendant
1521 2787 1577 2832 ct
1623 2791 1858 2846 sequan-

271 2883 378 2927 tur.
419 2872 582 2926 Solus
619 2872 707 2926 ille
765 2887 873 2926 non
930 2871 1364 2940 reprehenditur,
1418 2871 1462 2924 si
1509 2884 1671 2939 quam
1725 2868 1861 2922 anti-

272 2966 508 3034 pliouam
552 2963 636 3016 vel
682 2977 824 3033 resp.
857 2962 1227 3018 nominaverit
1267 2963 1472 3030 absque
1519 2962 1678 3026 libro,
1721 2961 1857 3015 indi-

195 3108 200 3112 .
273 3069 400 3108 cens
437 3053 600 3107 alicui
645 3054 801 3107 fratri
842 3062 900 3107 ut
943 3062 1144 3108 cantet.
1187 3052 1388 3109 Omnes
1415 3069 1633 3123 quoque
1671 3068 1861 3108 versus

274 3144 567 3200 efferendae
612 3146 873 3216 imponit;
917 3146 1216 3214 quemlibet
1253 3156 1496 3212 cantum,
1534 3147 1862 3216 quantumli-

273 3237 363 3292 bet
391 3238 662 3292 submissa
704 3253 836 3292 voce
876 3246 1148 3301 cantetur,
1184 3253 1343 3292 nemo
1376 3250 1550 3292 tamen
1580 3238 1718 3293 alius
1761 3255 1860 3292 au-

274 3329 364 3384 det
412 3330 479 3382 ad
531 3329 776 3383 altiorem
817 3343 1021 3402 vocem
1057 3329 1258 3384 levare.
1307 3329 1466 3384 Omni
1505 3331 1590 3384 die
1625 3331 1860 3385 diluculo

275 3431 560 3490 postquam
595 3431 705 3476 tres
732 3422 880 3491 pueri
915 3421 1170 3492 psalmos,
1189 3433 1249 3476 ut
1281 3423 1450 3477 moris
1478 3430 1582 3488 est,
1612 3423 1859 3494 perlege-

276 3511 407 3575 rint,
464 3513 722 3566 continuo
760 3513 907 3566 venit
945 3513 1012 3567 ad
1057 3528 1150 3568 eos
1198 3521 1257 3567 ut
1297 3513 1450 3583 pueri
1496 3515 1586 3582 qui
1626 3515 1861 3568 lecturus

276 3613 358 3656 est
398 3603 450 3655 in
488 3603 724 3672 capitulo
776 3603 960 3657 audiat
984 3603 1270 3658 lectionem
1301 3620 1316 3668 ;
1356 3603 1437 3658 vel
1467 3604 1630 3658 etiam
1664 3606 1785 3667 rite,
1815 3608 1859 3662 si

277 3692 375 3762 ipsi
408 3693 589 3762 aliquo
619 3695 784 3748 modo
809 3695 963 3764 pueri
989 3694 1332 3759 offenderint,
1371 3695 1606 3750 maxime
1634 3707 1862 3752 cautau-

280 3784 366 3849 do,
396 3785 485 3839 vel
532 3785 761 3855 legendo
805 3785 1154 3856 negligenter,
1199 3786 1282 3841 vel
1323 3787 1369 3842 si
1420 3797 1636 3842 cantum
1684 3789 1860 3845 minus

279 3877 566 3946 diligenter
611 3877 934 3944 addiscunt,
985 3879 1204 3949 dignam
1259 3880 1328 3935 ab
1382 3894 1448 3934 eo
1517 3881 1860 3951 disciplinam

279 3967 650 4036 experiuntur.
721 3965 1076 4038 Summopere
1139 3977 1316 4024 tamen
1387 3969 1685 4035 observat,
1750 3981 1862 4025 tam

207 4095 218 4108 ι
279 4055 396 4126 ipse
426 4073 590 4126 quam
623 4057 740 4124 alii,
771 4060 988 4128 quando
1014 4074 1108 4113 eos
1140 4061 1412 4125 verberat,
1443 4077 1550 4114 ηυιι
1592 4061 1764 4115 solum
1793 4075 1862 4116 ne

282 4158 505 4220 tangant
553 4165 775 4205 carnem
825 4167 1014 4205 eorum
1065 4167 1186 4206 cum
1234 4168 1417 4216 manu,
1454 4153 1550 4208 sed
1587 4154 1749 4208 etiam
1795 4168 1862 4208 ne

279 4241 448 4292 vestis
506 4239 622 4308 ejus
679 4253 869 4294 eorum
923 4240 1200 4294 adhaereat
1247 4242 1520 4305 vestibus;
1584 4258 1862 4311 nunquam

279 4346 519 4400 namque
555 4347 679 4386 cum
730 4330 905 4400 palma
949 4345 1137 4386 eorum
1185 4333 1562 4401 percutiuntur
1607 4333 1860 4399 maxilhe,

280 4424 394 4488 sed,
430 4425 476 4478 si
521 4439 657 4494 opus
692 4423 878 4488 fuerit,
918 4425 1176 4494 magister
1207 4424 1374 4487 solus,
1413 4426 1506 4494 qui
1549 4440 1644 4480 eos
1690 4427 1859 4491 ducit,

1958 1967 2337 2035 pervenientes
2381 1968 2575 2024 breves
2621 1967 2853 2024 fratrum
2898 1970 3280 2027 defunctorum
3329 1973 3549 2044 accipit,

1957 2065 2015 2111 et
2054 2056 2107 2110 in
2139 2057 2389 2127 analogio
2419 2067 2606 2125 notat,
2647 2059 3063 2132 descriptosque
3096 2063 3233 2119 alios
3268 2065 3550 2134 pergenti.

1961 2149 2062 2201 bus
2102 2147 2360 2204 fratribus
2392 2164 2488 2219 per
2523 2149 2763 2206 diversas
2794 2159 3062 2205 terrarum
3095 2154 3406 2222 provincias
3433 2153 3552 2208 disa-

1961 2239 2169 2303 tribuit,
2201 2254 2299 2294 nec
2331 2239 2694 2306 obliviscitur,
2724 2241 2770 2296 si
2801 2242 2928 2310 quis
2954 2240 3126 2298 frater
3152 2241 3374 2310 ﬁnierit,
3409 2244 3543 2298 mis-

1960 2343 2142 2382 sarum
2171 2344 2291 2398 qua:
2319 2331 2423 2385 rite
2454 2346 2503 2383 vr
2534 2331 2794 2385 fratribus
2827 2331 3048 2401 triginta
3068 2333 3544 2386 commendantur.

1962 2419 2219 2484 Quiuimo
2248 2420 2430 2474 nescio
2457 2421 2502 2475 si
2534 2421 2656 2490 quis
2684 2420 2971 2490 plusquam
2999 2420 3088 2474 ille
3128 2421 3294 2476 faciat
3334 2423 3402 2476 ad
3432 2437 3550 2477 om~

1961 2524 2059 2562 nes
2084 2511 2480 2577 processiones,
2506 2512 2572 2564 ad
2595 2526 2730 2580 quas
2753 2510 2911 2578 nihil,
2941 2510 3044 2566 nisi
3071 2512 3211 2580 quod
3241 2513 3357 2582 ipse
3380 2512 3552 2583 impo-

1965 2599 2154 2662 suerit,
2183 2599 2410 2654 omnino
2431 2608 2703 2656 cantatur.
3415 2603 3419 2608 ’

2033 2688 2314 2744 Postremo
2342 2691 2602 2760 quidquid
2633 2692 2737 2747 tale
2760 2693 2913 2763 quasi
2946 2705 3145 2749 novum
3174 2696 3552 2765 supervenerit

1962 2781 2276 2851 gerendum,
2303 2781 2369 2836 de
2401 2782 2504 2836 hoc
2531 2783 2618 2838 ille
2648 2783 2919 2853 praecipue
2960 2799 3170 2839 memor
3212 2792 3268 2840 et
3317 2785 3549 2854 diligens

1961 2886 2082 2926 esse
2128 2873 2308 2948 debet.
2358 2873 2597 2944 Loquor,
2637 2885 2697 2930 ut
2732 2886 2835 2942 est,
2883 2876 3100 2946 quando
3134 2877 3268 2932 fabae
3298 2878 3544 2947 novellae,

1962 2966 2046 3019 vel
2075 2967 2315 3021 novellus
2343 2969 2520 3037 panis,
2549 2968 2662 3024 sive
2688 2978 2923 3024 mustum
2952 2970 3007 3047 in
3035 2969 3322 3026 refectorio
3349 2980 3434 3026 est
3459 2972 3554 3026 bc.-

1962 3056 2350 3131 nedieendum;
2377 3060 2459 3113 vel
2481 3060 2526 3115 si
2559 3060 2682 3116 talis
2705 3063 2901 3130 hospes
2927 3061 3085 3130 hujus
3118 3065 3435 3118 reverentia:
3458 3067 3562 3120 ad-.

1966 3149 2197 3214 venerit,
2235 3158 2360 3205 ante
2390 3167 2550 3222 quem
2601 3140 2741 3222 post.
2758 3165 3034 3224 peractam
3067 3156 3466 3223 processionem
3497 3156 3552 3209 in

1959 3241 2177 3310 primis,
2204 3242 2359 3310 juxta
2398 3244 2541 3312 quod
2571 3245 2622 3297 in
2656 3246 2837 3313 regula
2873 3255 3106 3318 tenetur,
3147 3247 3307 3302 lectio
3339 3254 3424 3301 est
3463 3261 3553 3300 re-

1962 3333 2206 3399 ritauda;
2243 3335 2328 3388 vel
2353 3350 2516 3404 Opere
2547 3351 2803 3390 manuum
2832 3336 2994 3401 facto,
3026 3339 3290 3409 quidquid
3315 3348 3441 3394 tunc
3469 3347 3558 3394 est

1960 3417 2267 3494 legendum,
2297 3427 2380 3481 vel
2426 3425 2471 3481 si
2505 3428 2820 3497 cujusquam
2863 3430 3052 3483 novitii
3102 3431 3168 3486 de
3214 3431 3553 3501 professione

1961 3518 2203 3588 populari
2229 3534 2380 3573 coma
2410 3528 2465 3573 et
2490 3519 2656 3574 barba
2689 3529 2773 3575 est
2804 3522 3098 3587 tondenda,
3125 3525 3192 3576 ad
3222 3524 3336 3578 haec
3361 3525 3552 3595 singu-

1964 3610 2016 3664 la
2065 3620 2121 3664 et
2150 3611 2342 3664 horum
2373 3610 2572 3664 similia
2602 3611 2798 3666 librum
2825 3623 3223 3683 eompetcutem
3264 3615 3465 3685 accipit
3493 3626 3550 3671 et

1965 3708 2200 3769 aportat,
2231 3709 2286 3754 et
2316 3700 2567 3768 providet
2595 3716 2663 3755 ne
2699 3700 2794 3755 fiat
2818 3701 3144 3771 negligentia
3200 3703 3283 3758 vel
3322 3704 3388 3760 de
3424 3719 3552 3774 per-

1963 3805 2119 3856 sona,
2158 3790 2243 3843 vel
2294 3791 2362 3845 de
2407 3791 2510 3846 hoc
2555 3789 2698 3862 quod
2733 3806 2966 3861 persona
2993 3802 3085 3846 est
3111 3792 3346 3848 dictura.
3397 3795 3464 3849 Et
3506 3810 3555 3849 St

1964 3883 2108 3937 forte
2140 3883 2428 3952 episcopus
2459 3883 2634 3938 aderit
2689 3883 2775 3938 vel
2822 3884 2995 3939 nostri
3025 3885 3256 3953 ordinis,
3294 3887 3378 3941 vel
3429 3887 3555 3943 talis

1964 3977 2235 4047 epiniouis
2300 3978 2367 4032 de
2403 3992 2510 4048 quo
2543 3977 2626 4032 vel
2668 3977 2866 4034 domno
2901 3979 3084 4036 abbati
3122 3979 3207 4034 vel
3253 3979 3422 4050 priori
3464 3980 3549 4034 vi-

1965 4070 2156 4126 deatur
2183 4079 2241 4124 ut
2273 4070 2365 4125 det
2402 4070 2836 4127 benedictionem
2878 4072 2934 4126 in
2976 4071 3232 4138 ceclesia,
3275 4072 3392 4142 ipse
3439 4081 3552 4127 sto-

1961 4157 2091 4227 lam,
2122 4163 2320 4217 librum
2375 4171 2430 4217 et
2458 4162 2707 4217 baculum
2736 4163 3040 4228 ministrat,
3073 4172 3124 4217 et
3157 4163 3379 4232 imponit
3411 4166 3553 4220 hunc

1964 4269 2180 4308 versum
2212 4271 2225 4306 :
2264 4252 2556 4306 Huntitiate
2598 4258 2693 4306 vos
2728 4253 2796 4305 ad
2822 4253 3254 4307 benedictionem.
3291 4253 3348 4308 In
3382 4254 3550 4311 Nata-

1963 4343 2000 4400 li
2057 4347 2290 4408 Domini,
2357 4346 2410 4398 in
2458 4343 2667 4398 Pascha
2719 4352 2776 4398 et
2823 4343 3164 4410 Pentecoste,
3191 4347 3258 4400 ad
3314 4345 3551 4401 ofﬁcium

1965 4435 2188 4504 majoris
2237 4433 2415 4486 missa!
2476 4441 2531 4487 et
2584 4433 2874 4486 tenendum
2925 4434 3153 4488 chorum
3207 4444 3336 4489 sunt
3381 4438 3550 4492 notati

277 4522 458 4582 potest
485 4529 672 4570 eorum
703 4515 922 4584 capillos
952 4523 1237 4580 excutere;
1276 4515 1432 4578 alius,
1467 4531 1759 4584 nunquam.
1796 4516 1861 4569 fit
1889 4533 1938 4590 ι)
1966 4527 2032 4580 de
2077 4507 2391 4578 melioribus
2432 4522 2777 4587 cantoribus,
2817 4534 3075 4593 quantum
3118 4527 3358 4582 armario
3405 4527 3554 4582 vide-

276 4614 499 4673 propter
547 4606 684 4669 hoc,
736 4604 972 4673 quandiu
1034 4605 1148 4673 ipse
1197 4605 1277 4659 vel
1327 4605 1694 4676 suffraganeus
1745 4607 1862 4676 ejus

279 4706 526 4749 moratur
567 4698 709 4750 inter
737 4711 860 4762 eos,
899 4698 1155 4767 magister
1195 4713 1485 4766 puerorum
1527 4700 1858 4769 principalis,

276 4789 436 4856 cujus
485 4790 736 4858 superius
772 4791 1012 4854 memini,
1041 4805 1154 4846 .non
1201 4791 1351 4860 legit,
1395 4807 1494 4846 nec
1529 4792 1671 4846 aliud
1704 4793 1863 4862 quid-

279 4894 442 4947 quam
484 4879 636 4944 facit,
683 4880 788 4934 nisi
835 4882 978 4949 quod
1015 4882 1310 4934 armarium
1343 4891 1398 4936 et
1442 4899 1635 4952 pueros
1664 4883 1865 4952 jugiter

283 4969 542 5024 intuetur.
572 4971 722 5025 Inter
747 4985 884 5040 quos
910 4979 965 5025 et
995 4971 1133 5026 liber
1168 4973 1219 5024 in
1252 4987 1359 5040 quo
1388 4973 1584 5044 legitur
1611 4975 1683 5028 ita
1724 4991 1867 5030 sem-

282 5076 379 5098 nnl-
409 5062 626 5098 nnnilnr
670 5069 730 5098 ut
772 5077 824 5098 In

827 5077 874 5098 In
909 5063 974 5098 ιΙιι
1001 5061 1267 5098 nnhnnnic
1308 5063 1528 5098 nim-clnl
1577 5067 1752 5098 ηιιιιιέιι
1796 5069 1864 5098 οἳ.

1968 4627 2081 4680 tur;
2106 4615 2196 4684 qui
2228 4625 2408 4668 tamen
2435 4629 2542 4668 non
2571 4623 2906 4684 praisumuut
2932 4630 3030 4684 per
3050 4631 3108 4671 se
3135 4618 3415 4685 accedere,
3444 4619 3554 4674 nisi

1965 4705 2082 4774 ipse
2103 4719 2261 4757 manu
2284 4714 2380 4756 sua
2406 4715 2608 4772 cappas
2631 4704 2742 4767 det,
2763 4719 2882 4772 qua:
2911 4705 2967 4758 in
2996 4707 3173 4776 capite
3200 4707 3388 4764 formai
3411 4724 3554 4764 sem-

1966 4809 2062 4864 per
2088 4794 2153 4850 de
2183 4793 2500 4849 melioribus
2529 4809 2558 4846 a
2581 4795 2866 4863 principali
2901 4798 3124 4852 sacrista
3157 4811 3551 4868 praaparantur.

1964 4885 2131 4941 Addit
2159 4886 2321 4941 etiam
2364 4887 2541 4940 adhuc
2580 4884 2688 4943 illis
2721 4888 2938 4942 statutis
2974 4901 3070 4957 per
3099 4890 3347 4945 ordinem
3379 4907 3556 4962 quau-

1967 4986 2267 5047 toscnnque
2313 4990 2508 5048 capere
2561 4985 2743 5046 potest
2791 4986 2901 5031 tota
2946 4981 3097 5034 chori
3150 4981 3414 5049 latitudo;
3459 4996 3560 5036 nec

2507 5067 2698 5098 ἊΛΠΛιΙιὶ
2708 5081 2762 5098 "LI

1969 5069 2254 5098 ﬂl\‘0lllll\n‘|
2283 5082 2471 5098 Annus-‘1
2507 5069 2762 5098 κΛηΛιΙιὶυιιι
2811 5071 3084 5098 ηυοι-ηςιιοιιῖο
3141 5071 3224 5098 ,οι-κ.
3267 5075 3334 5098 nJ
3369 5088 3551 5098 “Anu-‘-

2811 5078 3084 5098 nni-.au...ii
