4040 5298
464 237 559 290 751

1529 227 1844 284 UDALRICI
1885 221 2376 283 CLUNIACENSIS
2418 216 2726 277 MONAClll

3620 217 3722 271 752

462 346 658 419 quibus
686 359 785 416 pro
811 343 1112 400 reverentia
1137 342 1458 398 exhibeatur
1485 341 1712 396 ordinis.
1744 341 1820 396 De
1845 348 2043 396 caetero
2071 347 2120 404 Α
2148 337 2214 391 ad
2246 335 2545 390 subsidium
2575 334 2698 388 vitae
2721 329 3054 400 temporahs,
3079 337 3274 399 pratter
3297 331 3439 398 quod
3469 328 3536 385 de
3564 328 3723 383 denu-

466 442 832 511 cujuscanque
863 437 1069 491 ordinis
1092 437 1434 506 supradictus
1465 436 1534 491 sit
1563 436 1856 500 artnarins,
1888 449 2043 490 suum

465 548 572 588 non
617 531 820 587 amittit
865 529 1246 599 principatum.
1298 525 1413 582 Non
1457 527 1667 586 accedit
1714 527 1782 580 ad
1829 540 2042 595 pacem,

464 638 641 694 neque
679 621 760 677 sui
798 618 1144 687 suﬂ'raganei.
1173 617 1267 672 sed
1300 617 1540 682 interim,
1571 617 1698 672 dum
1728 631 1831 686 pax
1860 616 2042 682 datur,

467 723 654 769 cantat
697 713 875 782 Agnus
914 710 1010 764 Dei
1045 724 1167 764 cum
1198 708 1447 763 versibus
1482 709 1550 762 ad
1600 708 1704 763 hoc
1740 723 2044 776 congruen-

467 806 628 858 tibus.
679 800 788 856 Nec
834 800 900 854 de
945 799 1053 853 illis
1093 797 1185 868 qui
1227 798 1445 852 fuerunt
1490 798 1556 852 ad
1599 796 1912 867 gradualem
1961 795 2046 850 vel

468 891 682 946 alleluia
726 887 921 954 notati,
945 887 1143 956 aliquis
1170 901 1230 942 se
1262 886 1596 951 intromittit,
1637 887 1742 940 nisi
1784 885 1883 954 ipsi
1922 885 2045 954 qui-

472 982 574 1036 bus
617 979 826 1035 libellos
876 978 1149 1033 innuendo
1201 977 1470 1032 tribtterit.
1511 976 1790 1032 Sacerdoti
1829 991 2046 1046 quoque

464 1071 682 1126 intimat
717 1085 823 1140 quo
851 1078 976 1125 tono
1005 1069 1230 1138 incipiat
1256 1067 1441 1124 Gloria
1469 1068 1524 1121 in
1554 1067 1770 1122 excelsis
1797 1066 1925 1128 Deo,
1969 1073 2042 1132 et,

467 1163 514 1216 si
558 1176 693 1232 opus
722 1160 906 1224 fuerit,
947 1159 1176 1214 diacono
1219 1157 1298 1212 Ile
1330 1158 1495 1212 Missa
1547 1167 1643 1211 est.
1692 1156 1889 1211 Prosas
1922 1170 2047 1211 can-

468 1261 586 1306 tant
615 1260 873 1321 quatuor.
897 1251 1002 1305 duo
1034 1249 1086 1304 in
1129 1265 1232 1303 una
1263 1262 1433 1318 parte.
1465 1258 1517 1302 et
1548 1248 1655 1302 duo
1683 1247 1736 1300 in
1771 1247 1960 1312 altera,
1994 1246 2046 1302 id

466 1354 549 1396 est
578 1342 800 1397 sinistra
853 1349 912 1396 et
955 1340 1120 1404 laeva;
1165 1339 1383 1393 additur
1417 1347 1471 1394 et
1506 1338 1620 1405 ipse
1664 1336 1904 1404 quintus,
1933 1350 2048 1388 ma-

466 1435 614 1491 xime
640 1433 726 1488 his
757 1433 968 1489 duobus
1006 1432 1098 1502 qui
1129 1438 1255 1485 sunt
1283 1431 1348 1484 ad
1377 1431 1678 1491 dexteram,
1709 1428 1798 1496 qui
1830 1442 2048 1497 semper

464 1525 700 1594 primum
747 1537 962 1578 versum
1003 1521 1344 1584 adoriuntur,
1382 1528 1458 1582 ut,
1494 1519 1536 1572 si
1580 1517 1720 1573 forte
1763 1517 2044 1572 discorda-

465 1615 674 1680 vcrint,
705 1615 818 1683 ipse
858 1613 912 1668 in
942 1619 1189 1682 promptu
1225 1611 1296 1665 sit
1334 1611 1400 1663 ad
1430 1608 1852 1679 suffragandum.
1904 1607 2048 1661 Prm-

2148 428 2244 482 riis
2271 437 2356 481 cst
2393 435 2796 486 comparatum;
2828 421 2970 491 quod
3008 437 3130 476 cum
3176 436 3274 492 per
3319 421 3466 474 vices
3510 422 3726 475 eveniat

2145 519 2213 573 de
2243 518 2406 578 victu.
2448 515 2710 584 quidquid
2757 519 2824 567 ad
2873 513 3124 567 vestitum
3176 513 3431 582 pertinet,
3474 513 3577 567 hoc
3618 528 3726 568 non

2146 623 2246 678 per
2295 607 2442 661 vices
2470 645 2486 670 ,
2537 607 2631 660 sed
2675 619 2888 673 semper
2927 612 2979 656 ct
3019 617 3088 658 ex
3131 611 3244 658 toto
3289 613 3371 657 est
3409 618 3728 672 comparan-

2145 701 2292 754 dum.

2215 789 2448 845 (Inilibet
2477 794 2658 841 autent
2691 784 2845 839 fratri
2875 798 3200 855 unoquoque
3227 783 3387 838 datur
3441 798 3583 836 anno
3615 781 3726 836 fro-

2148 897 2244 936 cus
2279 895 2450 934 novus
2481 888 2536 934 et
2587 892 2722 932 nova
2751 876 2986 940 cuculla,
3019 877 3092 929 ita
3123 883 3183 929 ut
3217 877 3376 930 ambo
3405 874 3602 930 habeat
3631 889 3731 944 pa-

2146 982 2262 1027 rata
2312 981 2365 1026 et
2411 977 2635 1026 consula
2685 979 2809 1022 ante
2858 967 3201 1021 Nativitatem
3250 965 3494 1031 Domini;
3529 980 3729 1021 novum

2147 1061 2418 1130 pellicium
2450 1059 2687 1114 secundo
2707 1056 2867 1110 datur
2889 1073 3050 1124 anno,
3076 1065 3131 1111 et
3153 1057 3205 1110 in
3230 1055 3521 1110 festivitate
3542 1056 3599 1110 S.
3626 1055 3730 1109 Mi-

2147 1149 2379 1214 chaelis;
2411 1149 2648 1213 interim,
2681 1147 2805 1203 dum
2833 1157 3129 1202 conventus
3157 1146 3320 1201 fuerit
3351 1147 3404 1201 in
3437 1147 3728 1202 refectorto

2147 1241 2214 1296 ad
2261 1240 2572 1308 prandium,
2612 1238 2828 1308 ponitur
2881 1237 2933 1291 in
2985 1235 3100 1305 ejus
3148 1237 3364 1292 lectum.
3413 1237 3611 1291 lterum
3669 1238 3730 1291 in

2146 1329 2441 1384 festivitate
2489 1328 2546 1383 S.
2584 1327 2800 1382 Martini
2827 1327 3076 1396 pedules;
3109 1327 3175 1381 de
3211 1327 3597 1382 calceamentis
3621 1327 3730 1382 alio

2147 1418 2266 1472 loco
2294 1418 2403 1472 dixi
2444 1417 2714 1486 quomodo
2748 1417 2944 1470 dantur
2971 1417 3023 1469 itt
3049 1417 3213 1470 (liena
3251 1416 3485 1470 Domini.
3516 1418 3591 1470 De
3618 1429 3735 1470 sta.

2149 1511 2342 1564 tuineis
2375 1521 2428 1564 et
2459 1509 2829 1572 femoralibus,
2859 1509 2946 1569 vel
2985 1508 3030 1561 si
3071 1524 3189 1576 qua:
3229 1516 3357 1562 sunt
3397 1507 3500 1561 alia
3543 1508 3733 1574 hujus-

2153 1601 2320 1665 modi,
2352 1600 2486 1653 nihil
2522 1599 2666 1653 aliud
2707 1608 2788 1653 est
2831 1599 3184 1652 constitutum
3219 1614 3379 1667 quam
3411 1599 3576 1668 quod,
3606 1614 3728 1652 cunt

466 1706 617 1760 venit
642 1675 857 1775 quoque
886 1675 1111 1758 caeteros
1144 1701 1483 1770 aliquantum
1530 1675 1870 1754 in‘exucndo
1918 1712 2046 1766 cap-
2078 1684 2119 1742 Β
2149 1691 2351 1746 fuerint
2393 1693 2714 1753 inveterata.
2749 1706 2847 1745 nec
2880 1675 3051 1760 magis
3096 1689 3356 1760 proﬁcua.
3415 1692 3496 1744 eis
3534 1688 3734 1743 ablutis

466 1811 618 1870 pain,
647 1806 701 1852 et
730 1797 785 1850 in
815 1795 1022 1864 agendo
1061 1803 1190 1848 ante
1233 1799 1288 1847 et
1333 1801 1500 1856 retro,
1532 1798 1590 1844 ut
1631 1790 1850 1844 festinet
1881 1787 2043 1856 depo-

467 1901 600 1942 nere
635 1885 968 1957 singulorum
997 1893 1196 1950 vestes,
1239 1890 1294 1937 ct
1324 1891 1382 1936 ut
1414 1881 1528 1949 ipse
1570 1881 1776 1949 primus
1807 1879 2047 1947 imponat

468 1993 690 2034 manum
726 1977 794 2032 ad
821 1975 1092 2032 sonandas
1117 1973 1321 2039 scillas,
1363 1973 1503 2029 sicut
1532 1979 1587 2026 et
1626 1971 1753 2026 fecit
1793 1971 1846 2025 in
1891 1968 2047 2023 initio

468 2068 668 2123 missae.
695 2066 754 2121 Si
781 2067 996 2135 quando
1029 2063 1150 2118 talis
1181 2062 1524 2118 imbreviatio
1553 2069 1638 2116 est
1669 2059 1906 2128 agenda,
1939 2073 2046 2112 non

470 2160 647 2228 agitur
676 2157 730 2211 iu
756 2156 847 2210 illa
874 2153 1052 2210 tabula
1079 2153 1416 2224 quotidiana,
1443 2153 1536 2207 sed
1563 2151 1613 2205 in
1647 2151 1774 2216 alia,
1804 2165 1923 2218 qua:
1952 2147 2048 2201 ali-

472 2248 794 2319 quantulum
825 2257 910 2304 est
953 2245 1146 2316 major,
1194 2254 1251 2301 et
1299 2245 1517 2316 proprie
1564 2245 1816 2311 deputata
1861 2241 1926 2295 ad
1972 2239 2051 2295 fe-

473 2342 760 2398 stivitates.
793 2339 946 2396 Solet
970 2340 1132 2394 etiam
1163 2337 1306 2408 apud
1345 2351 1444 2392 nos
1473 2345 1527 2391 et
1566 2334 1667 2389 alia
1708 2331 2049 2388 itnbreviatio

476 2447 584 2486 non
621 2429 824 2485 inutilis
864 2429 1005 2494 ﬁeri,
1048 2429 1140 2483 sed
1173 2427 1300 2498 quia
1338 2427 1606 2482 armarius
1642 2424 1776 2478 alias
1804 2422 1940 2477 adeo
1967 2429 2050 2475 est

471 2532 788 2592 occupatus,
820 2521 1178 2581 committitur
1204 2519 1493 2590 aliquando
1522 2517 1612 2572 alii
1648 2515 1804 2570 fratri
1841 2528 2048 2569 memo-

475 2614 522 2666 ri
567 2621 623 2666 et
665 2611 929 2681 diligenti,
963 2610 1174 2665 scilicet
1203 2617 1261 2663 ut
1289 2608 1381 2679 qui
1413 2607 1701 2663 servierint
1734 2605 1788 2659 in
1819 2601 2051 2673 coquina

473 2717 662 2757 omttes
690 2717 782 2770 per
805 2701 1048 2756 ordinem
1073 2699 1506 2764 conscribantur,
1538 2712 1604 2751 ne
1635 2695 1773 2750 forte
1799 2709 1896 2764 per
1919 2693 2052 2749 obli-

471 2791 686 2844 vioncm
733 2790 1012 2859 contingat
1063 2797 1122 2842 ut
1177 2788 1462 2857 quisquam
1512 2775 1845 2855 frequentius
1891 2797 2053 2853 quam

477 2882 614 2948 alius
637 2896 702 2936 eo
732 2895 957 2936 munere
987 2878 1258 2950 fungatur.

1082 2969 1309 3026 CAPUT
1349 2969 1438 3022 XI.

1063 3061 1138 3114 De
1174 3061 1482 3114 camerario.

547 3154 890 3210 Camerarius
936 3163 1158 3217 noster,
1205 3158 1463 3219 quantum
1519 3147 1719 3201 habere
1771 3157 2057 3216 possumus

476 3247 822 3303 denariorum
849 3259 917 3298 ex
956 3243 1098 3297 villis
1129 3241 1352 3306 nostris,
1396 3240 1510 3310 ipse
1543 3239 1718 3310 pergit
1761 3247 1817 3292 et
1867 3236 2059 3302 recipit

477 3355 574 3394 eos
606 3347 844 3406 tempore
874 3350 992 3400 suo,
1024 3335 1090 3389 de
1120 3334 1316 3404 quibus
1357 3341 1534 3386 tamen
1586 3330 1798 3384 tertiam
1849 3339 2055 3398 partem

478 3431 657 3486 reddit
683 3429 920 3492 decanis,
951 3442 1048 3497 pro
1084 3441 1149 3482 eo
1174 3425 1314 3494 quod
1349 3435 1457 3478 tam
1511 3422 1676 3478 multa
1709 3431 1836 3476 sunt
1864 3420 2060 3489 quibus

480 3535 616 3590 opus
647 3519 859 3580 habent,
893 3533 999 3570 non
1030 3515 1202 3572 solum
1232 3524 1455 3584 propter
1480 3511 1942 3582 agricolationem,
1965 3506 2060 3562 sed

484 3612 648 3663 etiam
675 3617 894 3678 propter
919 3609 1254 3674 semetipsos,
1283 3605 1408 3674 quia
1437 3604 1632 3672 stepius
1656 3601 1726 3655 ibi
1760 3608 2059 3662 morantur,

486 3713 544 3756 et
585 3701 815 3753 maxime
862 3707 1081 3766 propter
1125 3697 1382 3766 hospites,
1427 3695 1519 3763 qui
1561 3693 1815 3747 nimirum
1861 3691 1904 3746 si
1954 3705 2060 3744 non

492 3790 864 3858 reciperentur
901 3787 1122 3840 omnino
1150 3794 1294 3840 esset
1323 3786 1698 3838 inhumanum.
1732 3783 1808 3836 De
1845 3781 1927 3835 his
1963 3795 2060 3832 au-

497 3893 601 3935 tem
632 3879 772 3933 villis
799 3893 918 3948 qua:
950 3886 1054 3930 tam
1085 3876 1238 3949 longe
1265 3883 1390 3930 sunt
1423 3874 1612 3945 posita:
1643 3881 1702 3925 ut
1731 3887 1831 3926 nec
1881 3871 2064 3923 vinum

489 3987 591 4025 nec
648 3986 862 4024 annona
895 3983 1012 4037 qua:
1042 3967 1113 4022 ibi
1151 3968 1392 4021 nascitur
1437 3965 1608 4036 possit
1646 3964 1712 4019 ad
1747 3978 1845 4017 nos
1871 3975 2062 4030 perve-

487 4069 630 4133 nire,
662 4067 856 4122 ibidem
887 4063 1156 4126 venditur,
1182 4071 1236 4118 et
1281 4061 1512 4133 pretium
1545 4057 1845 4113 camerario
1889 4056 2066 4110 defer-

491 4172 600 4214 tur.
633 4159 915 4214 Postremo
941 4155 1201 4226 quidquid
1231 4154 1346 4208 auri
1382 4152 1463 4207 vel
1491 4151 1699 4221 argenti
1752 4148 1833 4202 vel
1863 4147 2064 4202 beSIia-

491 4267 611 4304 rum
641 4250 996 4321 undecunque
1019 4247 1252 4302 donatur
1277 4244 1450 4308 nobis,
1484 4252 1651 4297 totum
1688 4243 1798 4309 ipse
1828 4238 2061 4297 habebit.

2149 1793 2206 1838 et
2254 1799 2352 1853 per
2389 1783 2536 1852 ipsos
2564 1784 2760 1836 fratres
2788 1782 2854 1835 ad
2888 1795 3158 1836 cameram
3190 1781 3436 1846 redditis,
3469 1779 3570 1835 alia
3601 1789 3732 1834 sunt

2150 1877 2447 1932 tribuenda.
2499 1877 2566 1930 Et
2615 1886 2673 1931 ut
2716 1877 2817 1930 hoc
2876 1876 3043 1932 semel
3093 1877 3268 1930 dicam
3334 1875 3595 1944 quidquid
3662 1874 3732 1927 ad

2149 1968 2404 2022 amictum
2463 1965 2883 2035 uniuscujusque
2914 1965 3140 2020 fratrum
3181 1965 3370 2021 haberi
3415 1974 3595 2034 potest
3641 1981 3730 2018 re-

2150 2057 2412 2128 gulariter
2445 2066 2501 2111 et
2537 2071 2636 2126 pro
2663 2058 3051 2111 consuetudine
3079 2056 3315 2127 generali
3346 2073 3359 2109 :
3396 2057 3574 2126 primo
3606 2063 3731 2109 sunt

2151 2151 2256 2204 duo
2282 2149 2436 2213 froci,
2463 2158 2518 2202 et
2536 2149 2652 2202 dua?
2673 2147 2921 2214 cucullaz,
2946 2148 3053 2202 duo
3073 2149 3360 2212 staminea,
3385 2149 3492 2201 duo
3519 2161 3732 2218 quoque

2155 2242 2465 2304 femoralia;
2515 2241 2621 2296 duo
2685 2243 2833 2311 paria
2873 2242 3178 2297 calceorum
3239 2257 3362 2296 cum
3430 2243 3725 2313 corrigiis:

2167 2347 2331 2388 unum
2365 2347 2465 2402 par
2512 2332 2801 2386 viltronum
2831 2333 2898 2387 ad
2932 2332 3163 2386 hiemem
3208 2332 3261 2386 in
3299 2341 3477 2396 nocte,
3505 2341 3562 2386 et
3603 2331 3733 2386 alte-

2155 2439 2276 2477 rum
2307 2423 2426 2476 sine
2463 2421 2696 2474 viltrono
2731 2421 2797 2475 ad
2829 2422 3046 2475 testivas
3075 2429 3291 2486 noctes;
3323 2421 3432 2476 duo
3458 2421 3613 2490 paria
3641 2435 3732 2476 ca-

2152 2509 2404 2580 ligarutn,
2439 2510 2539 2562 tria
2569 2509 2800 2578 pellicia,
2826 2509 2910 2564 vel
2939 2523 3096 2562 unam
3129 2524 3226 2578 pro
3257 2511 3413 2565 tertio
3439 2510 3729 2582 gunellam,

2153 2600 2418 2670 capellum
2471 2601 2535 2654 de
2578 2599 2826 2668 pellibus,
2865 2601 3101 2670 quinque
3141 2602 3292 2670 paria
3337 2603 3618 2672 pedulum.
3653 2602 3734 2656 Ad

2153 2692 2349 2746 lcetqu
2377 2691 2624 2760 capitale,
2653 2692 3074 2760 coopertoriutn,
3098 2703 3320 2758 cottum,
3348 2695 3729 2765 s‘tragulattun.

2155 2781 2584 2836 brachiolineum
2618 2796 2724 2850 quo
2753 2778 3036 2836 [etnoralia
3064 2784 3471 2852 succinguntur,
3503 2785 3732 2854 corrigia

2156 2873 2447 2937 cervicina,
2475 2873 2620 2941 quod
2659 2873 3004 2938 statuineum,
3040 2883 3092 2928 et
3134 2875 3187 2929 in
3234 2889 3340 2942 quo
3391 2875 3590 2944 pendet
3625 2875 3733 2928 cul-

2160 2963 2318 3016 tellus
2347 2979 2468 3017 cum
2501 2965 2712 3034 vagina,
2743 2973 2931 3033 pecten
2965 2963 3174 3034 ligneus
3203 2981 3324 3019 cum
3353 2965 3568 3034 vagina,
3607 2979 3734 3020 acus

2157 3070 2278 3108 cum
2310 3055 2400 3108 filo
2428 3063 2482 3108 et
2512 3055 2726 3122 vagina.
2759 3053 3028 3110 Sacerdos
3049 3063 3104 3108 et
3132 3055 3392 3110 diaconus
3423 3056 3625 3111 habere
3652 3071 3734 3110 so-

2156 3145 2269 3200 lent
2300 3147 2398 3199 tria
2431 3145 2734 3210 femoralia,
2775 3156 2832 3199 ut
2863 3146 2906 3200 si
2941 3146 3044 3201 tale
3081 3148 3206 3216 quid
3237 3148 3317 3202 eis
3347 3148 3399 3202 in
3427 3158 3586 3203 nocte
3609 3163 3736 3204 con-

2157 3237 2358 3306 tigerit,
2391 3237 2444 3291 in
2472 3247 2722 3306 promptu
2753 3237 2823 3292 sit
2847 3252 2910 3290 ea
2943 3247 3154 3293 mutare
3212 3239 3280 3292 Et
3304 3242 3659 3305 camerarius,
3691 3241 3735 3294 si

2158 3328 2244 3382 cui
2279 3329 2500 3382 habenti
2535 3329 2636 3381 tria
2663 3328 2892 3398 pellicia,
2920 3330 3094 3383 adhuc
3123 3344 3220 3399 pro
3247 3329 3617 3385 misericordia
3645 3339 3736 3386 ad-

2160 3421 2239 3475 dit
2265 3429 2319 3474 et
2347 3420 2640 3489 gunellatn,
2673 3430 2723 3474 et
2757 3419 2800 3474 si
2836 3421 2921 3475 cui
2951 3420 3098 3475 dedit
3121 3435 3286 3474 unum
3323 3436 3419 3489 par
3444 3421 3736 3493 caligarum

2161 3511 2226 3565 de
2250 3511 2478 3580 pellibus
2503 3510 2700 3576 ovinis,
2738 3521 2832 3565 aut
2863 3510 3116 3567 fasciolas
3146 3521 3368 3581 propter
3399 3512 3561 3568 tibias
3591 3513 3737 3568 infir-

2162 3610 2394 3666 mantes,
2425 3610 2479 3656 et
2504 3610 2728 3671 propter
2760 3602 2861 3657 hoc
2891 3617 2996 3658 non
3034 3613 3271 3658 meretur
3301 3613 3356 3659 et
3385 3603 3624 3673 largiens
3655 3603 3737 3659 vel

2163 3692 2436 3762 accipiens
2464 3693 2692 3746 multum
2727 3694 3065 3762 reprehendi.
3097 3693 3203 3751 Sed
3251 3710 3413 3764 super
3460 3695 3576 3750 haec
3622 3696 3740 3766 qui-

2163 3801 2374 3854 cunque
2400 3788 2628 3858 amplius
2656 3789 2782 3857 quid
2811 3789 2877 3844 de
2905 3790 3007 3846 hoc
3036 3806 3234 3859 genere
3261 3791 3462 3846 habere
3491 3791 3738 3858 voluerit,

2163 3877 2267 3932 hoc
2294 3878 2536 3946 profecto
2568 3895 2669 3935 nec
2695 3896 2792 3950 pro
2810 3880 3041 3947 justitia,
3077 3897 3174 3938 nec
3203 3897 3302 3952 pro
3338 3882 3736 3947 misericordia,

2163 3971 2257 4023 sed
2284 3985 2379 4039 pro
2402 3985 2593 4041 magna
2630 3981 2884 4027 censetur
2911 3972 3329 4043 surperlluitate.
3359 3972 3554 4028 Omnia
3585 3973 3738 4042 pelli-

2165 4061 2248 4112 cia
2278 4070 2404 4114 sunt
2434 4062 2647 4116 velleris
2691 4063 2860 4126 ovini,
2891 4063 3230 4132 coopertoria
3278 4077 3408 4118 vero
3458 4072 3551 4117 aut
3595 4063 3739 4118 ovini

2167 4159 2259 4204 aut
2291 4152 2453 4206 catini
2509 4147 2604 4206 aui
2644 4153 2888 4222 leporini,
2931 4163 2987 4209 et
3017 4170 3288 4224 nunquam
3319 4155 3385 4210 de
3417 4154 3526 4210 ullo
3547 4170 3742 4222 genere

2169 4241 2388 4312 majoris
2416 4245 2819 4311 mstitnationis;
2851 4245 3066 4301 froccus
3093 4256 3147 4302 et
3174 4245 3466 4302 cucullade
3492 4247 3584 4300 tali
3620 4255 3742 4300 sunt

493 4349 721 4409 excepto
751 4347 1011 4409 quantum
1051 4351 1169 4391 sum
1201 4335 1288 4389 hic
1325 4334 1583 4388 dicturus.
1618 4331 1672 4386 Si
1704 4331 1825 4400 quis
1861 4327 2068 4382 dederit
2099 4347 2145 4407 ι)
2171 4347 2348 4400 panno
2385 4343 2443 4388 ut
2485 4335 2642 4390 ambo
2674 4352 2778 4390 ηοη
2829 4339 3001 4408 magis
3033 4355 3193 4408 quam
3238 4351 3362 4395 οειο
3407 4340 3610 4396 solidos
3654 4356 3742 4394 γε.

495 4428 654 4482 nobis
677 4429 861 4482 decem
879 4425 1076 4480 solidos
1103 4433 1194 4478 aut
1212 4423 1513 4492 pauciores.
1542 4421 1595 4474 hi
1623 4434 1833 4488 semper
1847 4417 2066 4472 cellera-

495 4519 578 4573 rio
607 4525 731 4572 sunt
764 4516 1024 4585 deputati,
1055 4513 1123 4567 ad
1152 4514 1254 4568 hoc
1291 4521 1496 4566 tantum
1533 4522 1591 4564 nt
1622 4509 1882 4563 fratribus
1917 4505 2068 4561 inﬁr-

497 4611 762 4677 mioribus
783 4617 837 4663 et
861 4607 1252 4677 aliquantulum
1278 4603 1543 4666 delicatis,
1571 4603 1774 4669 absque
1804 4601 1904 4653 hoc
1929 4597 2070 4668 quod

497 4700 822 4769 generaliter
851 4697 1101 4752 omnibus
1127 4698 1305 4760 datur,
1338 4695 1574 4765 aliquam
1611 4691 1922 4759 impendere
1950 4705 2072 4758 pos-

500 4792 572 4844 sit
597 4790 938 4844 cbaritatem.
969 4788 1037 4842 Et
1067 4788 1110 4842 si
1149 4788 1388 4842 evenerit
1423 4795 1480 4840 ut
1507 4785 1682 4854 aliqua
1714 4797 1874 4838 vacca
1905 4782 2073 4836 done-

502 4891 591 4935 tur
621 4881 800 4943 nobis,
833 4881 970 4934 hanc
996 4893 1206 4947 quoque
1244 4878 1464 4933 habebit
1509 4877 1576 4930 ad
1626 4874 1921 4930 subsidium
1952 4889 2077 4928 vac-

502 4973 666 5026 caria:
696 4985 814 5038 quae
837 4979 920 5022 est
949 4970 1001 5022 in
1033 4983 1192 5021 manu
1219 4968 1333 5037 ejus
1365 4987 1378 5023 :
1422 4983 1552 5024 oves
1583 4976 1637 5022 et
1665 4967 1829 5022 boves
1859 4966 2078 5022 decanis

504 5064 676 5134 ipsius
720 5061 884 5124 villae;
931 5073 1080 5120 oves,
1130 5068 1351 5128 propter
1399 5062 1582 5115 limum
1621 5075 1728 5130 quo
1773 5074 1900 5112 arva
1951 5065 2080 5113 sunt

505 5176 521 5208 ι
539 5151 838 5215 ondienda;
867 5150 1050 5213 boves,
1078 5150 1144 5202 ad
1165 5151 1446 5206 arandum.
1470 5151 1654 5216 Pallia,
1681 5159 1736 5205 et
1765 5165 1890 5206 vasa
1918 5165 2080 5206 aurea

507 5256 562 5298 et
591 5251 868 5298 argentea.
901 5255 1020 5298 quae
1042 5253 1162 5293 esse
1190 5249 1413 5298 possunt
1433 5243 1500 5296 ad
1529 5259 1684 5298 usum
1713 5251 1770 5298 et
1793 5257 2082 5298 ornamen-

2172 4422 2339 4489 leant,
2371 4424 2491 4479 talis
2521 4436 2748 4482 moneta:
2779 4443 2897 4497 qua:
2940 4429 3058 4498 plus
3087 4432 3249 4486 habet
3287 4430 3412 4486 teris
3456 4446 3618 4500 quam
3661 4447 3744 4485 ar-

2172 4516 2338 4586 genti.

2247 4606 2303 4660 Si
2347 4608 2562 4674 quando
2598 4608 2700 4663 tale
2729 4610 2856 4678 qnid
2896 4612 3290 4680 comparaverit
3326 4612 3408 4666 vel
3445 4612 3744 4666 vendiderit

2177 4699 2534 4763 camerarius,
2565 4701 2926 4770 negotiatione
2959 4717 3054 4755 sua
3093 4717 3158 4755 ex
3191 4712 3301 4757 toto
3327 4713 3566 4772 peracta,
3603 4718 3742 4756 mer-

2175 4789 2344 4844 catori
2375 4805 2496 4844 cum
2526 4806 2634 4859 quo
2663 4793 2963 4861 negotiatus
2991 4802 3090 4858 cst,
3134 4795 3428 4848 secundum
3467 4795 3613 4863 quod
3656 4811 3746 4848 ne-

2178 4881 2383 4950 gotium
2423 4889 2509 4934 est
2554 4889 2607 4934 et
2644 4897 2892 4950 persona,
2938 4884 3240 4953 aliquantus
3271 4886 3446 4940 adhuc
3481 4887 3628 4940 addit
3667 4883 3744 4938 vel

2177 4971 2352 5026 reddit
2390 4985 2485 5024 sua
2526 4983 2716 5041 sponte
2745 4974 3016 5038 denarios,
3055 4984 3276 5044 propter
3313 4975 3439 5029 illud
3479 4975 3536 5030 S.
3584 4976 3746 5030 Bene-

2181 5061 2312 5116 dicti
2361 5061 2722 5130 praecipientis
2770 5074 2828 5118 ut
2868 5081 2952 5120 res
2980 5075 3164 5121 nostra
3197 5080 3410 5134 semper
3436 5067 3594 5122 vilius
3623 5082 3745 5122 ven-
3817 5045 3866 5096 ί

2182 5152 2340 5208 datur
2384 5166 2543 5220 quam
2581 5153 2808 5208 aliorum
2849 5157 3147 5211 hominum.
3189 5156 3413 5222 Quoties
3459 5157 3744 5227 loquuntur

2181 5243 2235 5298 in
2272 5242 2528 5298 claustro.
2561 5246 2890 5298 camerarius
2929 5246 3012 5298 vel
3059 5245 3172 5298 eius
3211 5247 3390 5298 iunior
3420 5249 3513 5298 aui
3546 5248 3743 5298 clavem
