4040 5298
353 255 454 312 753

1055 255 1632 316 CONSUETUDINES
1661 252 2201 312 CLUNIACENSES.
2231 283 2306 298 -
2327 253 2524 310 LIBER
2563 254 2884 312 TERTIUS:

3497 251 3600 306 Ὶῗιι

349 369 610 442 quidquid
654 379 738 428 est
768 371 1022 439 dandum,
1057 391 1146 440 ne,
1189 377 1230 430 si
1279 374 1478 430 fratres
1511 375 1670 428 abeo
1715 375 1782 428 ad
1831 375 1931 428 ho-
1957 371 2004 428 Α
2031 369 2084 424 in
2133 377 2292 424 nocte
2333 379 2612 435 cantatur,
2650 385 2864 439 semper
2911 383 3004 422 eas
3052 365 3280 432 claudit,
3327 375 3488 435 atque
3523 367 3600 424 ita

349 475 464 514 ra
513 459 714 526 aliam,
764 478 868 533 qua
909 463 1182 520 silentium
1231 475 1333 529 est,
1375 466 1710 534 qnzesierint,
1759 463 1926 520 silen-

347 551 480 604 tium
515 559 702 608 tenere
729 567 834 608 non
863 555 1092 624 possint.
1123 556 1316 611 Frater
1345 555 1498 624 cujus
1523 555 1816 625 pellicium,
1841 555 1926 610 vel

345 642 502 713 cujus
529 644 878 709 stamineum,
915 647 1000 702 vel
1029 648 1182 718 cujus
1209 647 1488 702 femoralia
1519 647 1592 701 ita
1619 655 1744 702 sunt
1771 655 1924 715 rupta

345 741 406 784 ut
450 731 630 786 adhuc
679 731 894 790 valeant
941 737 1240 802 emendari,
1291 737 1506 794 dilieulo
1553 737 1704 806 ponit
1754 752 1816 792 ea
1871 737 1924 790 in

347 836 516 874 unum
548 837 738 878 arcum
769 826 986 894 capituli
1018 828 1084 880 ad
1115 827 1218 882 hoc
1252 829 1586 898 deputatum.
1615 827 1680 882 Et
1704 827 1924 882 veniens

259 905 262 908 “
335 909 522 981 junior
565 915 856 970 camerarii
923 927 1100 986 portat
1173 917 1318 976 foras
1371 919 1438 974 ad
1487 931 1748 974 sartores.
1796 917 1926 974 Post

341 1016 605 1074 vesperas
641 1013 928 1074 reportans
955 1006 1106 1077 ponit
1153 1007 1206 1062 in
1247 1009 1498 1064 eumdem
1527 1007 1728 1074 locum,
1755 1017 1814 1062 ut
1855 1007 1924 1064 ab

339 1109 406 1150 eo
459 1095 530 1150 ad
573 1109 734 1164 quem
777 1097 1050 1168 pertinent
1104 1099 1458 1170 recipiantur.
1503 1098 1632 1154 item
1659 1100 1750 1169 qui
1787 1113 1922 1170 opus

339 1182 504 1238 habet
535 1193 591 1238 ut
619 1183 787 1240 calcei
817 1186 901 1240 sui
934 1195 1224 1259 uagantur,
1259 1190 1492 1256 primum
1525 1189 1638 1260 ipse
1661 1189 1804 1244 lavat
1827 1205 1924 1246 eos

337 1287 476 1340 aqua
509 1288 608 1340 per
633 1273 876 1330 canalem
903 1276 970 1330 de
996 1291 1150 1346 aquae
1177 1277 1338 1332 ductu
1365 1279 1619 1344 dimissa;
1643 1293 1779 1348 quos
1803 1295 1922 1333 rur-

337 1375 432 1416 sus
455 1359 648 1428 junior
676 1365 960 1420 camerarii
1013 1367 1306 1437 accipiens.
1351 1368 1494 1438 quod
1541 1371 1607 1424 de
1649 1368 1788 1434 aliis,
1819 1368 1922 1424 hoc

335 1451 511 1520 ipsum
541 1461 598 1509 et
627 1453 692 1510 de
713 1453 910 1510 calceis
933 1454 1083 1512 facit.
1109 1459 1178 1512 At
1201 1459 1244 1512 si
1271 1457 1440 1512 frater
1469 1457 1580 1512 vult
1605 1468 1662 1512 ut
1687 1473 1714 1512 τι
1743 1458 1920 1528 seipse

334 1555 627 1616 uagantur,
671 1554 894 1617 accepta
939 1548 1126 1619 sagina
1173 1549 1324 1620 ungit
1353 1563 1448 1604 eos
1480 1550 1532 1604 in
1563 1549 1794 1618 regulari
1825 1563 1920 1616 co-

334 1635 498 1704 quina
529 1645 660 1692 ante
695 1637 950 1706 primam,
979 1638 1062 1694 vel
1087 1641 1129 1694 si
1157 1639 1328 1709 prima
1367 1639 1666 1696 simulcum
1687 1639 1912 1694 matuti-

331 1701 794 1782 nislaudibus-est
827 1701 1062 1794 cantata,
1093 1701 1218 1786 ante
1261 1731 1491 1796 tertiam,
1519 1731 1604 1786 vel
1623 1741 1746 1802 post
1774 1731 1910 1788 refe-
1941 1701 1986 1760 Β

328 1814 568 1868 ctionem
605 1812 858 1880 fratrum,
893 1819 1110 1886 quando
1155 1819 1320 1874 semel
1355 1823 1662 1876 comedunt.
1710 1821 1755 1874 A
1795 1835 1910 1874 ma-

321 1901 536 1972 joribus
566 1904 770 1960 nostris
795 1914 878 1962 est
915 1908 1170 1962 traditum
1229 1918 1288 1964 ut
1321 1909 1558 1964 intrante
1594 1909 1910 1982 Quadrage-

327 1995 466 2048 sima
498 1995 908 2068 quanticunque
955 2013 1219 2070 pauperes
1250 2003 1686 2070 supervenerint,
1721 2017 1912 2058 omnes

325 2085 730 2160 eleemosynam
757 2099 812 2144 et
839 2089 1268 2146 bent-dictionem
1293 2093 1358 2148 de
1379 2108 1544 2147 carne
1578 2108 1912 2162 consequan-

329 2185 449 2245 tur;
505 2187 564 2235 et
616 2181 952 2236 camerarius
1015 2191 1216 2252 praeter
1279 2183 1424 2240 illam
1491 2183 1908 2238 sollicitudinem

325 2282 492 2338 quam
519 2267 682 2326 habet
717 2285 816 2342 pro
847 2271 1184 2326 vestimentis
1222 2270 1474 2336 fratrum,
1508 2289 1614 2326 non
1655 2282 1736 2328 est
1767 2274 1910 2342 quod

325 2359 500 2428 magis
524 2375 648 2416 eum
680 2361 936 2417 sollicitet
959 2377 1118 2432 quam
1151 2363 1264 2418 haec
1299 2363 1412 2432 ipsa
1441 2360 1812 2432 eleemosyna;
1843 2363 1909 2418 ad

325 2467 490 2520 quam
520 2453 777 2508 nimirum
837 2469 944 2510 non
983 2454 1208 2522 multum
1260 2455 1394 2512 facit
1437 2455 1682 2525 porcaria
1721 2465 1907 2510 nostra

325 2541 408 2596 vel
454 2542 750 2598 lardarium
790 2553 1053 2610 nostrum,
1099 2547 1224 2618 quia
1261 2562 1536 2616 nunquam
1575 2547 1646 2600 ita
1697 2555 1780 2600 est
1826 2561 1910 2602 re-

323 2631 548 2702 fertum,
587 2633 689 2688 nisi
726 2641 936 2690 tantum
973 2636 1072 2693 soli
1105 2637 1314 2694 denarii
1345 2647 1399 2692 et
1436 2638 1502 2692 de
1540 2653 1702 2690 manu
1742 2636 1906 2692 solius

323 2724 608 2777 camerarii
635 2725 932 2794 proditori;
962 2735 1021 2780 ut
1052 2742 1158 2782 non
1197 2727 1340 2782 aliud
1369 2727 1546 2782 dicam
1573 2743 1734 2797 quam
1763 2726 1908 2796 quod

321 2811 548 2882 contigit
587 2812 690 2868 hoc
719 2813 854 2884 ipso.
885 2831 1028 2874 anno
1059 2833 1074 2872 :
1103 2817 1176 2872 illi
1209 2818 1299 2886 qui
1329 2833 1591 2888 pauperes
1619 2832 1907 2872 recensue-

323 2910 448 2956 runt
509 2903 690 2958 testati
721 2911 848 2958 sunt
881 2905 1265 2976 septemdecim
1303 2907 1466 2962 millia
1497 2907 1684 2972 fuisse,
1712 2905 1907 2976 quibus

321 3000 377 3045 et
412 2991 466 3045 in
494 2990 698 3048 Christi
724 2994 945 3051 nomine
980 2995 1198 3052 ducenti
1229 2997 1616 3068 quinquaginta
1644 2995 1906 3052 baceones

322 3081 478 3136 divisi
499 3091 646 3138 sunt.

921 3175 1148 3234 CAPUT
1185 3177 1296 3232 ΧΠ.

865 3265 944 3322 De
981 3268 1342 3337 apocrisiaria.

387 3355 786 3430 Apccrisiarius
809 3360 1001 3429 estqui
1029 3361 1268 3415 custodit
1292 3359 1537 3414 ecclesia:
1563 3360 1898 3418 thesaurum,

319 3457 373 3502 et
401 3447 458 3502 in
492 3445 647 3516 cujus
676 3465 837 3503 manu
871 3459 954 3505 est
983 3451 1244 3520 quidquid
1278 3467 1307 3504 a
1345 3450 1692 3520 popularibus
1723 3451 1788 3504 ad
1827 3449 1903 3502 al-

319 3540 458 3594 taria
485 3537 729 3593 oﬂ'ertur.
763 3539 862 3606 Qui
892 3538 1124 3594 olIirium
1161 3556 1315 3594 suum
1341 3541 1498 3609 digne
1529 3550 1588 3594 ut
1615 3539 1784 3610 possit
1807 3541 1902 3596 ad-

317 3625 560 3697 implere,
620 3627 946 3682 adhibentur
994 3629 1043 3683 ei
1093 3629 1496 3698 aliquantorum
1544 3631 1738 3685 solatia
1792 3631 1902 3684 fra-

317 3729 488 3784 trum,
520 3717 662 3772 inter
687 3734 824 3790 quos
849 3727 1028 3776 tamen
1061 3719 1199 3774 solet
1225 3735 1364 3774 unus
1387 3722 1732 3792 prtestantior
1756 3720 1898 3787 esse,

314 3815 372 3862 et
420 3807 488 3862 ad
541 3823 700 3876 quem
753 3808 1094 3878 potissimum
1155 3810 1388 3880 pertinet
1447 3819 1508 3864 ut
1556 3811 1730 3864 vicem
1781 3811 1900 3881 ejus

317 3898 561 3954 absentis
590 3908 736 3971 agat,
761 3899 845 3955 vel
871 3911 1024 3956 extra
1055 3911 1383 3955 conventum
1413 3899 1558 3980 aliud
1585 3902 1714 3972 quid
1736 3917 1898 3973 agen-

315 3989 408 4044 tis.
453 3989 614 4044 Porta
651 4005 867 4062 quoque
897 3991 1142 4046 ecclesiae
1178 3991 1269 4046 uni
1301 3992 1610 4062 specialiter
1649 3993 1898 4049 commit-

313 4079 462 4142 titur,
506 4079 598 4148 qui
633 4094 754 4134 eam
805 4096 1020 4156 semper
1053 4081 1268 4136 claudat
1318 4089 1372 4137 et
1412 4083 1622 4152 aperiat
1658 4091 1896 4151 tempore

314 4186 442 4238 suo;
476 4181 531 4226 et
571 4172 661 4227 hic
697 4173 940 4228 studiose
993 4173 1114 4228 talis
1141 4173 1360 4244 eligitur
1394 4175 1483 4243 qui
1522 4175 1702 4242 gravis
1741 4176 1810 4230 sit
1841 4174 1896 4228 in

313 4261 582 4329 moribus,
611 4278 710 4318 nec
732 4263 799 4318 ad
824 4265 992 4319 risum
1025 4264 1222 4332 facilis,
1251 4280 1318 4320 ne
1347 4282 1507 4335 quam
1537 4267 1596 4320 in
1615 4281 1680 4320 eo
1708 4263 1896 4345 levita}-

2029 468 2348 527 permauent
2389 475 2557 528 usque
2601 461 2728 514 dum
2776 459 2932 514 scilla
2979 469 3200 514 sonetur
3253 458 3320 510 ad
3363 458 3596 513 tertiam.

2026 549 2312 618 Finitaqne
2338 551 2502 604 missa
2553 551 2854 606 matutinali
2901 550 3120 614 claudit,
3147 549 3451 618 elaus'vque
3479 565 3599 619 per-

2029 649 2245 693 manent
2279 655 2448 710 usque
2483 641 2608 696 dum
2641 641 2790 695 scilla
2824 641 3067 710 pulsatur
3090 641 3156 694 ad
3187 648 3428 704 sextam;
3473 649 3602 694 tunc

2026 733 2363 798 aperiuntur.
2391 740 2446 784 et
2481 731 2642 786 missa
2685 731 2835 786 ﬁnita
2877 745 3046 800 usque
3071 729 3136 783 ad
3165 743 3416 800 vesperas
3452 729 3602 784 clan-

2026 822 2248 876 duntur.
2275 821 2402 876 Post
2428 837 2682 892 vesperas
2709 836 2837 876 vero
2867 823 3138 893 regulares
3163 821 3502 884 clauduntur,
3529 821 3602 874 ita

2029 924 2200 980 usque
2235 912 2299 966 ad
2333 922 2624 968 nocturnos
2669 927 3052 982 permansurae.
3093 913 3150 966 ln
3192 921 3378 967 testate
3418 913 3600 966 autem

2024 1015 2146 1056 cum
2171 1002 2352 1056 statim
2383 1012 2501 1072 post
2529 1005 2825 1058 matutinas
2855 1003 3130 1073 regulares
3166 1003 3506 1069 claudantur,
3532 1003 3602 1058 ad

2023 1091 2254 1160 primam
2281 1093 2618 1162 aperiuntur,
2640 1103 2696 1148 ct
2719 1109 2890 1164 usque
2917 1095 3042 1148 dum
3073 1093 3236 1149 missa
3266 1093 3601 1150 matutinalis

2023 1181 2246 1236 liniatur
2265 1193 2482 1252 patent;
2507 1199 2626 1253 qum
2655 1193 2779 1240 tunc
2803 1186 2998 1240 clausae
3017 1185 3082 1240 ad
3107 1185 3324 1240 missam
3353 1184 3601 1254 aperiun-

2023 1281 2132 1338 tur,
2167 1283 2288 1343 post
2320 1291 2480 1346 quam
2519 1291 2687 1346 usque
2715 1278 2780 1332 ad
2810 1291 3063 1348 vesperas
3091 1278 3430 1342 obserantur,
3481 1279 3601 1348 qni-

2019 1365 2124 1420 bus
2153 1365 2318 1420 [initis
2347 1382 2520 1436 usque
2551 1368 2618 1422 ad
2663 1379 2958 1424 nocturnos
2990 1369 3210 1425 omnino
3249 1370 3595 1426 clauduntur.

2019 1452 2077 1508 In
2104 1453 2524 1528 Quadragesima
2553 1459 2779 1528 privatis
2804 1460 2994 1514 diebus
3025 1472 3152 1530 post
3171 1461 3392 1516 missam
3421 1471 3596 1515 matu—

2022 1544 2242 1601 tinalem
2275 1547 2622 1613 clauduntur,
2651 1559 2705 1604 et
2737 1559 2857 1618 post
2883 1559 3090 1606 sextam
3119 1567 3242 1608 mox
3267 1563 3324 1606 ut
3347 1553 3493 1607 scilla
3516 1568 3599 1607 so-

2021 1636 2233 1690 navetit
2279 1647 2617 1702 reserantur,
2644 1655 2746 1696 nec
2773 1640 3098 1694 clauduntur
3127 1657 3294 1712 usque
3336 1645 3460 1698 dum
3507 1659 3599 1698 ve-

2014 1739 2184 1796 spera:
2203 1726 2482 1782 liniantur.
2505 1728 2560 1782 ln
2589 1745 2662 1784 xtl
2689 1745 2816 1786 vero
2841 1731 3180 1796 lectionibus.
3209 1743 3314 1788 tant
3343 1735 3394 1788 in
3421 1736 3598 1789 hieme

2013 1831 2176 1886 quam
2203 1817 2254 1872 in
2279 1827 2489 1886 :estate,
2522 1821 2590 1876 ad
2617 1811 2845 1888 scillam,
2872 1837 2990 1894 qute
3021 1833 3142 1892 post
3169 1824 3461 1894 capitulum
3508 1840 3596 1880 δοσ-

2013 1914 2202 1970 natur,
2246 1908 2596 1976 aperiuntur;
2633 1909 2874 1968 studiose
2909 1919 3087 1966 tamen
3128 1912 3238 1983 agit
3274 1921 3350 1972 ut,
3385 1913 3428 1965 si
3475 1913 3597 1980 quis

2011 2011 2108 2053 eas
2143 2006 2250 2052 tam
2290 1999 2343 2052 in
2389 1999 2477 2054 die
2507 2014 2668 2069 quam
2707 1999 2759 2054 in
2791 2009 2948 2056 nocte
2985 2003 3330 2071 percusserit,
3365 2003 3597 2071 paratis-

2013 2089 2186 2142 simus
2223 2087 2294 2143 sit
2329 2089 2398 2144 ad
2435 2091 2808 2160 aperiendum.
2837 2092 2918 2146 Ac
2943 2108 3040 2162 per
3063 2094 3164 2146 hoc
3193 2103 3492 2147 conventus
3528 2093 3596 2147 ad

2013 2175 2070 2232 S.
2109 2176 2332 2232 Mariam
2361 2180 2624 2248 procedit,
2665 2180 2752 2234 ille
2786 2195 3002 2250 semper
3030 2182 3080 2235 in
3117 2181 3343 2236 ecclesia
3388 2193 3591 2244 manet,

2011 2282 2079 2322 ne
2111 2281 2176 2322 eo
2211 2269 2435 2322 absente
2479 2269 2660 2339 aliqua
2690 2269 2980 2326 intercidat
3016 2271 3358 2341 negligentia.
3399 2271 3592 2326 Cameri

2011 2373 2136 2412 suas
2171 2359 2502 2428 seplimanas
2531 2360 2582 2414 in
2613 2359 2854 2430 qualibet
2887 2361 2956 2416 ad
2992 2371 3288 2416 nocturnos
3313 2362 3592 2418 Dominica

2011 2448 2351 2516 incipientes,
2386 2450 2622 2506 vicissim
2667 2450 2874 2506 faciunt
2911 2467 2975 2507 eo
3015 2451 3172 2506 modo
3235 2468 3342 2525 quo
3381 2453 3460 2508 eis
3507 2464 3593 2509 est

2009 2542 2360 2612 prmiinitnm,
2395 2553 2450 2600 et
2471 2544 2840 2614 unusquisque
2864 2561 3001 2615 opus
3037 2545 3200 2600 habet
3253 2554 3312 2598 ut
3345 2544 3474 2616 quid
3508 2544 3588 2598 fa-

2011 2641 2195 2687 cturus
2225 2635 2298 2688 sit
2331 2634 2617 2706 diligenter
2651 2635 2913 2690 attendat.

2077 2723 2261 2779 Primo
2312 2741 2568 2796 namque,
2594 2735 2650 2779 ut
2681 2727 2812 2790 dixi,
2851 2726 2918 2780 ad
2967 2733 3258 2782 nocturnos
3297 2735 3580 2796 postquam

2009 2811 2345 2884 horologium
2372 2815 2652 2882 cecinerit,
2677 2817 2851 2885 pulsat
2878 2817 3102 2882 scillam,
3125 2825 3180 2872 et
3204 2817 3384 2874 tandin
3419 2831 3586 2886 usque

2008 2903 2134 2958 dum
2159 2920 2358 2974 pueros
2381 2907 2574 2963 viderit
2603 2909 2786 2963 venire
2811 2925 2826 2974 ;
2859 2908 3018 2965 factis
3048 2905 3221 2965 tribus
3248 2912 3585 2967 orationibus

2009 2993 2191 3062 pulsat
2220 3011 2382 3050 unum
2417 2996 2484 3051 de
2517 2998 2811 3068 majoribus
2839 2998 3008 3069 signis
3035 3015 3205 3069 usque
3228 3001 3292 3053 ad
3317 2999 3580 3069 psalmum

2015 3081 2246 3139 La’latus
2272 3104 2410 3140 sunt.
2445 3087 2691 3142 Secundo
2713 3089 2947 3157 signum,
2979 3091 3120 3160 quod
3149 3092 3328 3145 minus
3356 3101 3460 3158 est,
3490 3091 3589 3145 ali-

2010 3178 2328 3246 quantulum
2353 3180 2420 3232 ad
2449 3177 2630 3248 Kyrie,
2657 3179 2872 3245 eleison,
2903 3195 3072 3250 usque
3119 3181 3244 3236 dum
3301 3183 3374 3236 sit
3433 3181 3586 3236 ﬁnita
3681 3245 3686 3250 _

2011 3263 2198 3321 Oratio
2261 3265 2542 3321 Dominica
2597 3281 2720 3321 cum
2771 3267 3020 3322 collecta.
3083 3269 3265 3322 Tertio
3313 3269 3582 3325 similiter.

2007 3356 2213 3422 Quarto
2251 3357 2534 3427 pulsantur
2580 3358 2758 3412 omnia
2812 3359 2990 3428 signa,
3023 3359 3108 3412 vel
3159 3360 3204 3412 si
3252 3369 3336 3413 est
3370 3361 3582 3428 privata

2007 3446 2140 3524 dies,
2170 3447 2276 3501 duo
2312 3449 2380 3501 ad
2411 3447 2653 3500 ultimam
2707 3447 3022 3503 incisionem
3069 3445 3406 3503 cantiéorum
3457 3445 3581 3518 graé

2006 3538 2326 3598 duumtad
2383 3537 2736 3606 penultimum
2798 3538 3064 3606 psalmum
3131 3539 3582 3595 hebdomadarius

2005 3626 2254 3680 accendit
2279 3627 2412 3682 duos
2439 3641 2626 3682 cereos
2653 3626 2993 3682 candelabris
3021 3625 3209 3684 aliixos
3241 3637 3365 3683 ante
3386 3629 3594 3691 altare,

2005 3719 2222 3770 tertium
2253 3727 2376 3785 post
2420 3716 2568 3771 illum
2619 3720 2708 3788 qui
2767 3718 2920 3786 prius
2966 3721 3192 3773 ardebat
3241 3719 3292 3772 in
3347 3719 3576 3782 conclia,

2002 3808 2315 3878 exstinguit.
2341 3807 2473 3862 item
2503 3807 2570 3861 ad
2599 3807 2858 3862 lectiones
2905 3793 3156 3862 observet
3193 3815 3250 3862 ut
3279 3807 3580 3869 candelam,

2001 3913 2123 3954 cum
2163 3915 2266 3969 qua
2296 3898 2583 3968 legendum
2611 3908 2712 3964 est,
2746 3913 2960 3968 semper
2986 3900 3050 3952 ad
3084 3900 3331 3952 ultimum
3361 3910 3578 3954 noctur-

2001 4007 2194 4046 norum
2215 3992 2500 4046 accendat.
2519 3990 2660 4061 Ergo
2690 3990 2756 4045 ad
2779 4005 2972 4044 nonam
2999 3990 3310 4054 lectionem,
3341 4005 3462 4058 quae
3503 3995 3588 4043 est

2001 4085 2067 4139 de
2093 4085 2407 4154 Evangelia,
2427 4093 2510 4138 est
2527 4083 2704 4137 adhuc
2729 4091 2780 4136 et
2813 4082 3004 4136 tertius
3026 4093 3149 4135 ante
3178 4081 3346 4134 altare
3370 4095 3581 4144 cerens,

2000 4183 2052 4229 et
2085 4185 2205 4242 post
2243 4175 2413 4228 altare
2437 4173 2666 4226 alterum
2689 4172 2964 4236 accendit;
3009 4171 3304 4238 altarisque
3339 4167 3580 4229 tabulam

1995 4245 2202 4334 detegit
2225 4279 2443 4319 auream
2472 4265 2580 4316 huc
2613 4277 2783 4330 usque
2813 4275 2992 4329 panno
3017 4269 3349 4327 coopertum,
3385 4257 3584 4325 accipit

317 4361 422 4405 tein
468 4353 744 4408 intrantes
778 4355 864 4410 vel
901 4363 1164 4410 exeuntes
1205 4357 1642 4426 deprehendant;
1692 4366 1746 4410 et
1796 4357 1897 4410 hoc
1927 4367 1974 4426 ι)
2002 4365 2209 4409 textum
2234 4357 2298 4408 de
2324 4353 2476 4407 altari
2507 4361 2562 4406 et
2604 4359 2783 4422 portat
2835 4347 2901 4404 ad
2953 4350 3286 4411 vestiarium,
3331 4345 3584 4413 lectoque

312 4450 396 4494 est
422 4439 474 4497 ei
503 4443 728 4498 omnino
754 4443 1126 4510 interdictum,
1145 4446 1362 4516 quando
1385 4445 1588 4500 claudit
1617 4457 1669 4500 et
1691 4447 1892 4516 aperit,

313 4542 373 4587 ut
399 4547 502 4602 pro
525 4534 670 4590 nulla
695 4536 984 4592 occasione
1018 4535 1102 4590 vel
1131 4521 1322 4605 pedem
1354 4545 1507 4590 extra
1537 4547 1744 4605 portam
1777 4554 1896 4606 pro-

316 4625 523 4678 tendat.
562 4624 684 4692 Ilie,
718 4641 842 4681 cum
871 4623 1086 4698 Semper
1112 4628 1166 4680 in
1188 4627 1430 4682 ecclesia:
1459 4635 1704 4682 moratur
1725 4643 1888 4682 excu-

311 4713 438 4780 biis,
467 4717 540 4769 ibi
569 4717 770 4772 dormit
804 4728 862 4772 et
899 4719 1054 4791 legit;
1085 4733 1150 4772 ac
1181 4727 1378 4790 praeter
1420 4728 1647 4774 eteteros
1683 4719 1785 4772 hoc
1811 4730 1894 4774 est

311 4803 408 4859 soli
459 4806 762 4876 injunctum
789 4807 1024 4864 olIieium
1065 4819 1124 4864 ut
1165 4810 1311 4864 omni
1349 4809 1586 4864 Sabbato
1639 4809 1890 4875 conchas,

311 4906 370 4952 ct
415 4901 866 4957 candelabrorum
913 4913 1150 4974 pateras,
1201 4903 1257 4957 in
1309 4903 1508 4973 quibus
1534 4903 1772 4959 candelae
1805 4921 1892 4959 ar-

239 4998 242 5001 '
312 4991 461 5058 dent,
488 4993 780 5066 diligenter
813 4993 1062 5059 abradat,
1109 5006 1176 5048 ne
1218 4992 1421 5064 aliquid
1465 4997 1532 5053 de
1571 4997 1891 5053 decurrente

308 5095 429 5139 cera
451 5091 754 5141 remaneat.
781 5081 955 5136 Simili
979 5097 1196 5154 quoque
1220 5086 1397 5139 studio
1424 5094 1590 5141 totum
1618 5088 1892 5156 pavimen-

395 5195 410 5200 -
474 5175 615 5200 κ-.-]
653 5173 795 5200 ..ἶ-,ιιι
832 5171 1001 5200 ινισιῗιυι.

1363 5187 1550 5200 *ηυρλ-Α.
1617 5191 1714 5200 ...ΑΔ
1748 5193 1854 5200 .-ει-σα

1031 5172 1203 5200 alin-tn
1233 5183 1308 5200 ΛΑ.

1999 4443 2456 4513 Evangelio,dum
2484 4435 2738 4495 saCerdos
2767 4438 3082 4500 revertitur,
3107 4437 3304 4502 accipit
3325 4429 3399 4489 de.
3419 4449 3583 4486 manu

1996 4531 2136 4601 ejus,
2175 4543 2230 4586 et
2253 4533 2394 4586 unde
2423 4531 2573 4602 prius
2623 4529 2853 4598 accepit,
2885 4526 3114 4596 reponit.
3157 4525 3294 4579 Cum
3355 4524 3422 4578 ad
3477 4523 3583 4602 hoc

1999 4635 2219 4677 ventum
2249 4621 2409 4678 fuerit
2444 4631 2500 4676 ut
2549 4621 2799 4678 sacerdos
2829 4616 3160 4673 matutinalis
3213 4615 3458 4670 dicturus
3511 4611 3584 4666 sit

1997 4715 2300 4780 collectam,
2335 4715 2457 4768 huic
2485 4712 2649 4766 etiam
2674 4710 2951 4766 candelam
2983 4706 3268 4776 providens
3309 4707 3576 4774 apportat,

1997 4823 2123 4863 mox
2157 4809 2341 4869 etiam,
2369 4804 2656 4859 exstinctis
2673 4803 2924 4855 omnibus
2953 4799 3056 4854 illis
3073 4798 3246 4852 cereis
3271 4795 3326 4848 in
3349 4792 3580 4850 circuitu

1997 4897 2210 4960 altaris,
2239 4909 2386 4958 eum,
2414 4893 2506 4962 qui
2543 4892 2694 4961 prius
2723 4889 2952 4946 ardebat
2980 4889 3031 4942 in
3056 4887 3287 4950 concha,
3319 4897 3580 4940 reaccen-

1997 4990 2095 5054 dit,
2131 4999 2240 5042 tam
2269 4987 2319 5039 in
2351 4987 2438 5040 die
2461 5001 2620 5051 quam
2648 4984 2701 5036 in
2733 4992 2894 5039 nocte
2925 4997 3197 5044 arsurum,
3229 4978 3333 5033 nisi
3361 4982 3585 5047 propter

1997 5077 2131 5132 alios
2145 5091 2403 5129 accensos
2417 5073 2816 5142 exstinguatur.
2834 5070 3160 5130 Accenditet
3175 5066 3343 5122 alium
3361 5077 3581 5122 cereum

1995 5175 2046 5200 nl
2098 5157 2257 5200 adﬂuit
2289 5163 2616 5200 nnisrlnlohrn
2671 5171 2716 5200 :::
2781 5171 3032 5200 anu-latnt-
3073 5162 3138 5200 ml
3179 5157 3584 5200 nrnmoeinnetu
