4040 5298
461 274 567 332 755

1507 259 1832 322 UDALRICI
1864 253 2360 338 CLUNIACENSIS
2399 251 2706 312 MONACHI

3624 240 3726 296 758

461 395 756 460 apparente
779 386 1090 444 sacerdotes
1118 383 1359 456 privatas
1387 381 1583 438 missas
1631 380 1893 462 incipiunt
1919 391 2046 434 can-
2072 402 2118 460 Α
2150 365 2283 439 vati,
2315 373 2429 428 sive
2463 373 2754 436 solemnes,
2779 385 2886 425 non
2925 367 3025 424 nisi
3060 375 3190 431 tres,
3223 369 3450 462 excepto
3471 361 3618 462 quod

461 493 602 546 tare,
627 483 694 536 ad
721 467 1092 552 quas‘singula
1121 493 1241 548 qua:
1265 475 1574 532 necessaria
1601 483 1727 528 sunt
1755 472 2046 526 hebdoma-

463 572 648 630 darius
700 570 1024 639 providebit,
1053 575 1135 636 ut,
1162 583 1288 624 cum
1327 566 1565 636 primum
1605 563 1918 618 sacerdotes
1959 575 2048 614 ac-

462 662 748 726 cesserint,
777 660 956 716 omnia
999 657 1279 713 inveniant
1307 665 1517 726 parata.
1552 653 1860 708 Armarinm
1896 666 2043 704 rese-

460 758 548 803 rat
568 749 709 820 quod
735 764 838 804 non
866 747 1060 804 minori
1084 747 1360 817 diligentia
1386 752 1468 799 est
1486 752 1855 798 constructum
1882 755 2043 810 quam

463 848 520 893 et
550 838 678 892 illud
705 838 848 907 quod
879 845 962 894 est
996 845 1122 892 ante
1151 835 1374 906 majoris
1413 833 1606 890 faciem
1639 833 1846 894 altaris,
1893 829 2046 900 Cujus

461 929 518 986 in
547 930 654 988 alio
691 930 806 983 loco
831 927 1073 986 nonnihil
1122 927 1371 996 memini;
1397 933 1450 980 et
1481 926 1532 979 in
1575 925 1675 980 isto
1702 923 1766 976 ad
1805 923 2045 991 privatas

459 1020 658 1080 missas
697 1021 1070 1076 reconduntur
1098 1019 1298 1074 calices
1328 1033 1450 1072 cum
1500 1014 1892 1084 corporalibus,
1925 1012 2044 1081 plus

457 1113 639 1168 minus
671 1120 880 1184 septem
915 1111 1126 1176 hosti-.e,
1151 1117 1205 1164 et
1231 1107 1494 1172 candelae,
1536 1108 1650 1161 sine
1680 1105 1875 1176 quibus
1899 1103 2042 1157 nulla

457 1200 624 1258 missa
664 1211 748 1256 est
794 1193 1093 1264 cantanda;
1129 1198 1377 1267 ampulla:
1407 1198 1642 1267 majores
1666 1203 1720 1250 et
1761 1195 2041 1249 minores:

457 1289 693 1358 majores
731 1290 798 1352 ad
835 1290 1044 1356 vinum,
1075 1290 1310 1344 minores
1341 1287 1406 1342 ad
1438 1303 1633 1356 aquam
1659 1303 1674 1352 ;
1705 1294 1758 1340 et
1782 1286 2043 1358 amphora

460 1389 706 1446 stannea,
737 1396 858 1442 cum
883 1395 988 1450 qua
1016 1381 1199 1434 vinum
1228 1385 1546 1450 apportatur
1568 1375 1897 1442 forinsecus;
1926 1375 2044 1430 dua:

459 1470 580 1528 aliae
608 1485 729 1528 cum
773 1485 938 1540 aqua,
975 1479 1030 1524 ut
1067 1469 1134 1524 de
1169 1485 1274 1523 una
1303 1482 1498 1522 manus
1536 1465 1852 1531 abluantur,
1885 1475 1939 1519 et
1979 1465 2045 1518 de

461 1559 629 1616 altera
670 1559 889 1615 calices.
939 1559 1048 1613 Nec
1097 1559 1163 1613 de
1199 1557 1302 1612 alia
1362 1555 1608 1610 funditur
1664 1563 1924 1626 quantum
1976 1553 2042 1607 ad

460 1651 784 1710 Sacrificium
808 1651 874 1706 de
905 1651 1043 1721 aqua
1084 1659 1168 1706 cst
1213 1649 1576 1714 miscendum,
1605 1649 1669 1703 de
1700 1663 1804 1718 qua
1841 1655 1895 1702 et
1939 1647 2043 1702 illa:

2147 465 2252 519 illis
2290 465 2586 534 majoribus
2634 462 2805 526 festis,
2845 470 2904 515 ιιι
2945 469 3028 516 est
3085 458 3354 514 festivitas
3399 455 3460 510 S.
3495 452 3728 508 Joannis

2147 557 2420 626 Baptistae,
2453 555 2767 625 providetur
2789 569 2818 607 a
2845 552 3026 624 priore
3047 561 3108 606 ut
3139 559 3306 604 tanta:
3341 547 3632 602 mittantur
3657 559 3726 599 ex

2149 649 2347 716 quibus
2375 661 2566 701 omnes
2595 645 2806 714 possint
2833 644 3256 700 communicare.
3285 642 3343 695 In
3371 638 3598 710 privatis
3619 638 3729 692 die-

2149 739 2249 792 bus
2283 739 2349 792 ad
2393 738 2612 792 missam
2645 735 3043 800 malutinalem,
3067 734 3194 806 quia
3251 731 3432 787 cuncti
3473 729 3726 792 oﬂ'ertmt,

2147 840 2302 885 curat
2333 829 2788 886 hebdomadarins
2813 837 2872 882 ιιι
2919 828 3058 882 inter
3087 825 3286 882 calices
3331 823 3632 876 mediocres
3659 820 3728 873 ad

2147 922 2250 976 hoc
2279 921 2449 975 solum
2477 920 2672 984 factos,
2702 928 2756 974 et
2779 920 2920 974 inter
2940 917 3208 988 ampullas
3231 931 3351 971 cum
3383 914 3509 969 vino
3536 913 3729 967 habeat

2147 1013 2406 1083 quinque,
2429 1021 2484 1067 et
2511 1012 2740 1067 totidem
2777 1019 3007 1082 patenas
3030 1025 3153 1065 cttm
3191 1009 3403 1084 hostiis,
3431 1021 3570 1076 quas
3589 1004 3728 1060 ordi-

2145 1104 2314 1158 natim
2345 1104 2497 1173 ponit
2517 1102 2822 1158 forinsecus
2851 1117 3018 1172 prope
3045 1103 3269 1156 chorum
3298 1114 3461 1168 super
3491 1095 3726 1151 tabulam

2145 1193 2374 1262 desuper
2395 1202 2700 1263 coopertam
2714 1202 2796 1257 ,et
2814 1207 2991 1263 panno
3011 1193 3341 1246 intrinsecus
3367 1190 3650 1252 amictum,
3672 1196 3729 1241 ut

2146 1283 2271 1339 inde
2303 1283 2500 1340 fratres
2529 1299 2622 1339 eas
2648 1286 2939 1356 accipiant,
2964 1299 3088 1340 cum
3139 1283 3430 1338 oll‘ertoriis
3469 1281 3727 1336 oblatnri.

2144 1375 2227 1430 Ad
2257 1373 2518 1444 majorem
2541 1376 2787 1442 missam,
2813 1376 2940 1447 quia
2981 1391 3087 1431 non
3119 1374 3348 1429 olfertur
3371 1374 3475 1429 nisi
3507 1374 3578 1427 ab
3622 1388 3730 1428 uno

2145 1466 2332 1532 choro,
2357 1475 2562 1521 tantum
2593 1477 2702 1523 tres
2717 1468 2914 1522 calices
2937 1483 3034 1523 seu
3062 1467 3310 1538 ampullte
3333 1475 3726 1536 praeparantur,

2153 1565 2208 1612 et
2259 1557 2717 1615 hebdomadarins
2746 1568 2855 1615 stat
2885 1561 2938 1614 in
2987 1560 3155 1615 choro
3184 1559 3404 1613 sinistro
3435 1567 3626 1612 tenens
3676 1557 3730 1610 in

2145 1667 2306 1704 manu
2339 1665 2562 1705 auream
2593 1661 2870 1722 patenam,
2913 1660 2968 1706 et
2997 1650 3312 1720 ampliorem
3339 1648 3532 1704 hostiis
3561 1645 3730 1702 refer-

459 1744 701 1798 minores
725 1744 973 1814 ampulla:
1014 1751 1140 1796 sunt
1192 1741 1512 1810 implenda;
1545 1739 1732 1794 vinum
1757 1748 1936 1794 autem
1979 1739 2047 1792 de
2078 1743 2120 1802 Β
2151 1750 2434 1813 ta:n.quas
2449 1759 2570 1798 eum
2601 1759 2766 1798 aureo
2789 1743 3056 1799 cochleari
3078 1741 3431 1798 olferentibus
3455 1737 3731 1793 distribuit

458 1850 568 1906 quo
593 1835 911 1896 sumendum
937 1844 1021 1890 est
1049 1835 1115 1890 ad
1141 1832 1498 1898 sacrificium,
1526 1821 1632 1892 non
1664 1831 1770 1887 alio
1789 1846 1954 1901 quam
1985 1831 2042 1884 in

459 1927 683 1990 cellario
715 1937 990 1994 servatur,
1027 1927 1122 1984 sed
1153 1928 1207 1984 in
1248 1927 1336 1982 tali
1369 1943 1542 1999 cuppa
1570 1943 1692 1998 qua:
1727 1935 1809 1982 est
1839 1933 2044 1992 serata,

463 2031 522 2076 et
549 2021 615 2074 de
644 2035 747 2095 qua
784 2021 912 2074 nihil
945 2020 1078 2076 trahi
1103 2027 1281 2090 potest
1321 2019 1425 2073 nisi
1457 2019 1608 2074 clave
1634 2025 1924 2075 rcseretur.
1962 2015 2046 2070 Ad

459 2110 602 2172 hanc
636 2109 849 2180 quoties
893 2108 1344 2165 bebdomadarius
1390 2108 1714 2172 accesserit,
1755 2105 2040 2176 diligenter

457 2197 725 2262 lavatnon
759 2201 918 2256 modo
947 2215 1160 2267 manus,
1191 2200 1286 2254 sed
1311 2200 1473 2254 etiam
1505 2199 1714 2270 Spinam
1739 2205 1793 2252 et
1819 2196 2042 2252 fundum

457 2307 645 2362 cnppze
695 2291 748 2346 in
797 2292 1028 2347 etrcuitu
1071 2293 1257 2363 spinae,
1293 2291 1603 2362 priusquam
1634 2289 1764 2361 quid
1813 2288 2045 2360 accipiat

456 2383 525 2436 de
555 2385 711 2450 vino;
754 2394 832 2451 et,
861 2385 1000 2440 sicut
1024 2387 1154 2450 dixi,
1175 2387 1228 2440 in
1254 2400 1350 2439 sua
1383 2395 1465 2441 est
1487 2385 1819 2460 providentia
1851 2399 1919 2438 ne
1951 2383 2046 2438 ali.

458 2473 676 2544 quando
711 2475 792 2529 vel
845 2491 983 2554 aqua
1019 2477 1100 2530 vel
1156 2478 1340 2532 vinum
1399 2476 1452 2534 in
1499 2476 1729 2532 ecclesia
1781 2475 1942 2540 desit,
1990 2481 2044 2530 et

453 2577 680 2642 propter
721 2569 822 2623 hoc
871 2570 922 2623 in
951 2578 1110 2624 nocte
1135 2579 1218 2636 nt,
1246 2571 1403 2625 sicui
1431 2569 1752 2642 epnsl‘ncrit
1801 2568 2039 2634 infirmo,

455 2655 515 2722 in
550 2667 798 2734 promptu
837 2660 934 2724 sit,
959 2668 1020 2714 ut
1061 2661 1233 2729 possit
1259 2661 1682 2715 communicare.
1737 2659 1794 2714 Si
1847 2669 1932 2714 est
1977 2673 2044 2713 eo

455 2755 704 2816 tempore
728 2764 898 2818 caque
926 2751 1122 2819 diequa
1138 2753 1310 2821 prima
1338 2767 1458 2806 cum
1479 2752 1590 2820 ipsa
1639 2753 1726 2806 die
1750 2752 2044 2820 incipiente

455 2834 545 2888 vel
572 2844 696 2896 ante
727 2835 867 2892 diem
899 2848 1172 2906 cantatur,
1217 2849 1343 2894 tunc
1392 2855 1449 2895 se
1480 2842 1581 2894 rite
1607 2841 1671 2894 ad
1697 2855 1771 2898 vn
1805 2841 2042 2910 psalmos

458 2927 802 2986 diurnalibus
831 2929 1059 2994 calceat,
1087 2941 1146 2989 ut
1180 2932 1296 2992 coci
1327 2949 1520 2987 manus
1546 2933 1844 3006 faciemque
1873 2934 2037 3000 lavat,

460 3027 516 3070 et
545 3032 796 3084 reversus
832 3021 900 3075 ad
925 3021 1174 3086 litaniam
1207 3039 1328 3082 cum
1358 3025 1617 3096 ampliora
1659 3026 1856 3094 majore
1882 3026 2036 3096 plena

460 3122 639 3180 aqum,
672 3124 961 3190 antequam
990 3113 1103 3185 ipsa
1129 3124 1235 3170 tota
1257 3117 1491 3183 finiatur,
1516 3117 1657 3172 levat
1687 3133 1744 3171 se
1765 3129 1816 3172 et
1840 3117 2042 3172 accele-

353 3215 364 3224 '
458 3209 548 3255 rat
580 3203 764 3257 vinum
792 3212 847 3259 et
872 3220 1067 3284 aquam
1099 3218 1407 3277 apportare.
1447 3209 1650 3264 Altaris
1681 3209 1917 3268 tabulam
1951 3209 2042 3272 tali

433 3290 546 3354 die
573 3307 680 3348 non
728 3293 1078 3366 discoopcrit,
1105 3311 1278 3368 usque
1308 3297 1435 3352 dum
1465 3298 1762 3368 pulsaverit
1811 3297 2041 3364 scillam,

459 3395 568 3454 qua
603 3383 816 3462 signum
860 3387 1022 3450 datur
1071 3387 1332 3444 fratribus
1397 3389 1468 3444 ad
1526 3389 1925 3455 calceandum;
1989 3389 2040 3443 in

466 3485 676 3542 atstate,
711 3477 797 3536 vel
820 3479 985 3534 etiam
1021 3479 1077 3536 in
1112 3481 1313 3547 hieme,
1343 3480 1386 3536 si
1413 3481 1496 3536 bis
1525 3479 2046 3546 comeditur,diﬂ'ert

462 3582 636 3638 usque
657 3569 724 3622 ad
755 3571 1007 3639 primam.

529 3657 695 3728 Signa
717 3673 834 3728 quae
861 3647 1125 3730 pulsanda
1147 3671 1273 3722 sunt
1293 3663 1359 3718 ad
1392 3661 1630 3734 singulas
1659 3663 1846 3728 horas,
1883 3659 2044 3716 solli-

457 3748 600 3806 citus
636 3757 720 3804 est
754 3759 812 3804 ιιι
849 3747 1024 3819 pulset
1082 3754 1424 3824 tempestive,
1456 3755 1530 3808 ita
1586 3763 1763 3808 tamen
1792 3763 1854 3810 ut
1909 3752 2045 3815 nihil

461 3849 758 3912 praesumat
795 3842 902 3904 nisi
920 3842 1107 3912 jussus
1136 3861 1164 3898 a
1211 3846 1437 3915 majore,
1473 3855 1529 3902 et
1556 3847 1852 3905 secundum
1902 3847 2046 3920 quod

457 3947 558 4012 per
589 3949 746 3992 usum
776 3942 861 3992 est
911 3936 1291 3994 constitutum.
1325 3936 1550 4003 Quando
1597 3937 1758 3996 fuerit
1809 3937 1940 3996 hora
1989 3948 2048 3992 ut

457 4021 659 4081 fratres
685 4034 813 4088 ante
844 4025 1060 4082 tertiam
1083 4025 1167 4082 vel
1213 4043 1414 4084 nonam
1443 4027 1672 4090 laverint
1697 4044 1906 4090 manus,
1941 4039 2049 4084 stat

455 4113 574 4184 ipse
595 4113 748 4184 juxta
781 4119 1060 4174 introitum
1097 4119 1357 4184 ecclesiae,
1389 4129 1592 4179 etcum
1621 4136 1819 4192 pueros
1849 4121 1964 4194 jam
1990 4136 2049 4177 se

455 4207 654 4276 vnlcrit
674 4207 906 4276 levasse,
933 4211 1148 4281 pulsare
1174 4212 1386 4283 signum
1416 4212 1646 4282 amplius
1690 4228 1797 4268 non
1843 4213 2044 4274 tardat.

457 4295 660 4354 Eodem
691 4301 849 4360 modo
877 4303 1091 4370 quoties
1139 4313 1262 4376 post
1301 4305 1525 4362 missam
1558 4315 1612 4358 et
1663 4313 1789 4360 ante
1837 4314 2046 4363 sextam

2149 1833 2446 1905 sigillatim.
2495 1835 2628 1890 Cum
2659 1829 2916 1892 sacerdos
2945 1845 2998 1890 et
3020 1835 3279 1891 diaconus
3318 1831 3608 1900 cretei-ique
3633 1829 3732 1882 mi-

2147 1927 2304 1981 nistri
2339 1929 2390 1982 in
2423 1927 2678 1982 vestiario
2700 1927 3029 1982 conveniunt
3056 1935 3114 1981 ut
3151 1931 3400 1980 cantetur
3425 1923 3589 1977 missa
3637 1920 3718 1974 vel

2149 2015 2324 2082 major
2348 2015 2430 2071 vel
2457 2016 2654 2078 minor.
2673 2017 2788 2086 ipse
2805 2031 3019 2086 semper
3036 2023 3304 2088 praeparat
3321 2023 3526 2068 textum
3551 2013 3722 2066 Evan-

2146 2107 2292 2178 gelii,
2332 2123 2490 2177 quem
2521 2109 2884 2164 subdiaconus
2910 2117 3094 2178 portat
3127 2108 3271 2162 inter
3301 2105 3723 2176 procedendum.

2147 2199 2280 2256 Cum
2318 2201 2682 2257 veneritbora
2707 2200 3045 2264 refectionis,
3080 2209 3140 2254 ut
3179 2213 3285 2254 non
3343 2196 3574 2266 amplius
3627 2197 3730 2250 ulla

2146 2292 2310 2348 missa
2345 2301 2593 2348 cantetur
2633 2292 2686 2347 in
2713 2292 2806 2348 illo
2831 2292 2939 2360 die,
2969 2301 3215 2347 recenset
3242 2289 3442 2346 calices
3470 2289 3516 2344 si
3539 2289 3732 2344 habeat

2145 2397 2365 2450 omnes;
2403 2391 2650 2439 recenset
2689 2384 3135 2442 etiam'missalcs
3180 2383 3368 2448 libros,
3393 2389 3448 2437 et
3482 2381 3732 2437 sacerdo«

2147 2476 2274 2531 talia
2305 2478 2628 2534 vestimenta
2686 2493 2808 2547 qua:
2857 2487 3079 2532 econtra
3135 2477 3190 2532 in
3238 2475 3476 2530 armario
3517 2474 3728 2543 jaceat.

2143 2566 2331 2622 Portat
2360 2569 2618 2638 pyxidem
2637 2585 2760 2624 cum
2797 2570 2988 2624 hostiis
3018 2584 3123 2623 non
3153 2567 3483 2622 consecratis
3509 2567 3562 2622 in
3589 2565 3730 2622 refe-

2145 2661 2402 2724 ctorium,
2431 2662 2496 2716 de
2523 2661 2718 2731 quibus
2749 2661 2996 2731 singulis,
3031 2669 3089 2714 ut
3123 2661 3374 2729 superius
3417 2659 3555 2725 dixi,
3587 2673 3720 2728 prae-

2144 2751 2312 2806 libant
2337 2753 2427 2820 qui
2448 2752 2738 2807 noluerunt
2754 2763 2848 2806 aut
2875 2769 2977 2806 non
2994 2760 3281 2821 potuerunt
3302 2763 3726 2807 commumcare.

2142 2840 2458 2897 Refectione
2485 2850 2778 2906 transacta,
2807 2858 2928 2898 cum
2962 2842 3074 2911 ipsa
3120 2841 3316 2911 pyxide
3345 2841 3398 2895 in
3443 2840 3642 2910 primis
3665 2843 3730 2892 de

2142 2931 2436 2990 refcctorio
2461 2933 2595 3000 exit,
2621 2942 2681 2988 ut
2706 2934 2912 2988 scillam
2941 2934 3111 3004 pulset
3133 2935 3186 2988 in
3207 2934 3394 2988 choro.
3437 2932 3520 2986 Ad
3540 2946 3731 3001 vespe-

2143 3039 2232 3078 ras
2275 3026 2524 3079 accendit
2554 3025 2807 3082 candelas
2855 3026 2996 3080 sicut
3032 3027 3097 3078 ad
3155 3034 3482 3089 nocturnos;
3539 3023 3735 3092 quibus

2147 3116 2315 3171 finitis
2345 3132 2467 3172 cum
2491 3117 2726 3188 primum
2749 3117 2944 3176 fratres
2966 3115 3216 3178 exierint,
3241 3132 3349 3170 uno
3363 3117 3427 3170 de
3451 3114 3726 3170 sodalibus

2145 3208 2258 3262 suis
2285 3219 2586 3278 assumpto,
2622 3223 2846 3262 auream
2889 3209 3078 3263 altaris
3109 3207 3343 3262 tabulam
3389 3223 3516 3260 cum
3555 3221 3732 3275 panno

2145 3300 2402 3374 contegit.
2447 3299 2504 3354 Si
2533 3300 2750 3370 quando
2777 3300 2997 3354 collatio
3034 3309 3140 3353 tam
3167 3314 3288 3359 sera
3315 3296 3476 3352 fuerit
3505 3306 3564 3350 ut
3595 3312 3730 3367 opus

2145 3390 2216 3448 sit
2262 3391 2421 3461 ignis,
2451 3399 2638 3460 portat.
2674 3391 2742 3444 ad
2791 3405 2912 3446 eam
2956 3401 3068 3450 tres
3113 3403 3304 3445 cereos
3355 3403 3640 3454 accensos,
3677 3397 3729 3442 et

2146 3482 2315 3538 mittit
2341 3483 2395 3536 in
2437 3483 2678 3538 conchas
2705 3492 2930 3557 propter
2965 3483 3067 3538 hoc
3109 3481 3183 3536 ibi
3230 3495 3556 3556 suspensas;
3583 3487 3640 3534 et
3666 3481 3728 3532 ad

2146 3573 2458 3636 Mandatum
2493 3589 2770 3648 nunquam
2817 3573 3023 3628 omittit
3075 3581 3267 3628 utnon
3317 3589 3484 3627 unum
3515 3586 3730 3632 cereum

2145 3673 2394 3738 apportet
2419 3665 2721 3718 ardentem.
2749 3663 2878 3720 Post
2904 3663 3334 3734 completurium,
3370 3679 3492 3718 cum
3517 3662 3729 3728 circuit,

2145 3757 2390 3818 omnium
2423 3756 2721 3825 signorum,
2753 3771 2875 3826 quae
2917 3756 2986 3818 ad
3028 3768 3325 3811 nocturnos
3356 3765 3564 3810 tantum
3612 3754 3732 3825 pul-

2147 3837 2316 3899 sanda
2366 3855 2514 3911 sunt,
2543 3846 2776 3901 circulos
2803 3847 3051 3902 ordinate
3085 3847 3136 3908 in
3171 3847 3338 3904 imum
3367 3847 3586 3902 dentem
3625 3847 3734 3901 col-

2149 3935 2284 4006 ligit,
2317 3944 2378 3994 nt
2408 3937 2475 3989 ad
2522 3943 2824 3990 nocturnos
2856 3953 2961 3990 non
3013 3937 3182 4007 possit
3220 3951 3405 3992 errare
3443 3937 3590 3992 aliud
3637 3952 3734 4006 pro

2149 4025 2254 4078 alio
2282 4025 2612 4096 arripiendo.
2648 4025 2704 4079 In
2735 4042 2787 4078 ιν
2819 4025 2956 4082 feria
2983 4037 3039 4082 et
3087 4027 3328 4082 Sabbato
3378 4043 3571 4091 etnnes
3615 4043 3733 4082 am-

2149 4118 2326 4196 pullas
2355 4118 2589 4187 majores
2633 4129 2688 4174 et
2720 4119 2956 4174 minores
2987 4127 3168 4188 portat
3215 4120 3281 4174 ad
3332 4119 3731 4190 aqutednctnm,

2149 4219 2204 4264 et
2231 4211 2644 4282 diligentissime
2687 4211 2848 4274 lavat,
2880 4226 2988 4265 uno
3039 4211 3204 4265 etiam
3241 4211 3332 4265 tali
3393 4211 3728 4265 ferramento

2150 4303 2215 4356 ad
2251 4303 2353 4356 hoc
2379 4306 2617 4374 proviso,
2651 4319 2772 4362 cum
2801 4318 2907 4378 quo
2936 4304 3120 4380 possit,
3158 4317 3252 4359 eas
3299 4301 3354 4356 in
3407 4303 3523 4374 ipso
3565 4301 3733 4357 {mulo

457 4395 684 4458 accepto
707 4389 818 4460 jam
859 4391 1021 4448 misto
1047 4395 1278 4453 audierit
1305 4411 1401 4451 eos
1433 4396 1696 4466 legentes.
1730 4395 1806 4451 De
1836 4397 2046 4456 caeteris
2072 4415 2125 4476 ι)
2149 4391 2368 4454 fricare.

455 4477 608 4534 horis
634 4481 1006 4552 signiﬁcandis
1051 4500 1162 4549 non
1207 4501 1266 4542 se
1296 4487 1629 4556 intromittit,
1663 4487 1764 4543 nisi
1790 4488 1844 4542 in
1873 4503 2046 4558 quan-

457 4579 575 4630 tum
605 4571 760 4638 ci,ut
792 4578 1134 4644 praemissum
1158 4588 1262 4644 est,
1297 4579 1619 4650 imperatur.
1653 4581 1732 4643 Ad
1757 4589 2045 4652 utramque

458 4660 682 4718 missam
718 4666 952 4736 singula,
991 4671 1188 4738 quibus
1238 4685 1375 4742 opus
1425 4670 1610 4739 fuerit,
1635 4674 1940 4742 providebit
1989 4682 2046 4730 et

460 4756 798 4823 apportabit;
827 4768 882 4814 et
908 4761 1082 4829 primo
1113 4763 1332 4833 quidem
1365 4763 1590 4820 calicem
1641 4781 1890 4831 aureum,
1917 4781 2043 4825 eum

463 4861 571 4915 quo
597 4850 850 4906 sacerdos
874 4861 959 4910 est
986 4853 1290 4921 oblaturus,
1315 4855 1482 4920 lavat,
1512 4857 1666 4930 cujus
1697 4857 1750 4911 in
1784 4857 1890 4912 alio
1921 4857 2041 4914 loco

455 4935 571 5007 jam
604 4939 847 4999 metnini.
881 4942 938 5002 ln
972 4941 1060 4998 die
1105 4943 1407 5012 Dominica,
1441 4946 1524 5000 vel
1553 4947 1606 5000 in
1639 4947 1744 5004 alia
1805 4949 2044 5018 qualibet

457 5024 782 5091 festivitate,
812 5032 934 5097 quia
975 5033 1042 5087 ad
1076 5035 1266 5091 ambas
1307 5037 1500 5092 missas
1541 5053 1646 5098 non
1686 5038 1912 5100 offertur
1939 5039 2041 5094 nisi

461 5115 534 5171 ab,
555 5129 682 5179 uno,
710 5117 778 5175 ad
813 5119 916 5174 hoc
937 5123 1100 5182 etiam
1129 5141 1236 5180 non
1267 5127 1497 5196 amplius
1520 5143 1684 5200 quam
1703 5145 1865 5188 unam
1888 5139 2040 5200 pate-

461 5219 585 5236 nam
633 5213 684 5236 Δ.
714 5221 872 5236 ..ηαδ-ιη
901 5224 1020 5236 ιιι-συ-
1049 5213 1170 5236 ..ξ-...Α
1206 5230 1296 5236 -..φ

2221 4481 2396 4547 Tunc,
2423 4491 2483 4538 ut
2516 4484 2584 4538 de
2617 4484 2734 4554 ipso
2785 4483 3142 4558 apocrisiario
3179 4483 3380 4556 aliquid
3433 4482 3636 4550 dicam,
3665 4483 3730 4537 de

2146 4577 2252 4636 ltoc
2277 4579 2419 4654 quod
2447 4593 2476 4632 a
2503 4579 2702 4648 populo
2726 4577 2952 4634 olfertur
2977 4578 3044 4632 ad
3093 4577 3308 4642 altaria,
3340 4577 3613 4631 decimum
3647 4577 3732 4630 de-

2145 4670 2360 4732 narium
2412 4679 2468 4724 et
2496 4685 2690 4742 panem
2723 4679 2893 4732 totum
2928 4669 3355 4740 cleemosynario
3389 4669 3504 4732 dat,
3535 4681 3726 4724 caseos

2146 4773 2202 4826 et
2222 4776 2324 4820 ova
2351 4760 2652 4816 cellerario.
2679 4762 2776 4816 Est
2797 4763 2960 4820 etiam
2985 4762 3034 4814 ei
3063 4761 3415 4822 commissum
3441 4769 3500 4814 ut
3521 4759 3729 4829 aliquos

2145 4853 2549 4916 anniversarios
2572 4852 2737 4916 faciat
2765 4864 2845 4917 ut,
2861 4854 3009 4914 verbi
3034 4852 3234 4922 gratia,
3259 4851 3476 4908 Henrici
3501 4851 3732 4921 impera-

2145 4947 2302 5012 toris.
2337 4945 2566 5014 Talique
2594 4946 2682 4999 die
2731 4945 2980 5016 providet
3007 4955 3064 5000 ut
3091 4946 3287 4998 fratres
3332 4943 3384 4997 in
3437 4941 3728 4998 refectorio

2145 5039 2343 5092 bonum
2360 5037 2668 5105 generalem
2691 5036 2944 5098 habeant,
2971 5035 3227 5099 maxime,
3250 5035 3293 5088 si
3319 5035 3556 5102 potuerit
3581 5033 3728 5088 inve-

2145 5131 2285 5194 nire,
2319 5129 2562 5200 piscibus
2623 5129 2760 5190 bene
2801 5127 3081 5197 piperatis,
3128 5135 3184 5180 et
3239 5125 3597 5196 pigmentum.
3651 5125 3727 5184 De
