  <div class='ocr_page' id='page_1' title='image "/cluster/home/n/w/nwhite01/storage/ocr_20150623/149/hvd.32044015473770/384.png"; bbox 0 0 4040 5298; ppageno 0'>
   <div class='ocr_carea' id='block_1_1' title="bbox 330 250 430 305">
    <p class='ocr_par' dir='ltr' id='par_1_1' title="bbox 330 250 430 305">
     <span class='ocr_line' id='line_1_1' title="bbox 330 250 430 305; baseline -0.01 0"><span class='ocrx_word' id='word_1_1' title='bbox 330 250 430 305; x_wconf 75' lang='grc'><strong>757</strong></span> 
     </span>
    </p>
   </div>
   <div class='ocr_carea' id='block_1_2' title="bbox 1017 252 2842 326">
    <p class='ocr_par' dir='ltr' id='par_1_2' title="bbox 1017 252 2842 326">
     <span class='ocr_line' id='line_1_2' title="bbox 1017 252 2842 326; baseline -0.001 -16"><span class='ocrx_word' id='word_1_2' title='bbox 1017 256 1589 315; x_wconf 74' lang='lat' dir='ltr'><strong>CONSUETUDINES</strong></span> <span class='ocrx_word' id='word_1_3' title='bbox 1619 252 2163 314; x_wconf 74' lang='lat' dir='ltr'><strong>CLUNIACENSES.</strong></span> <span class='ocrx_word' id='word_1_4' title='bbox 2202 255 2497 326; x_wconf 62' lang='lat' dir='ltr'><strong>-—:LlBER</strong></span> <span class='ocrx_word' id='word_1_5' title='bbox 2522 254 2842 312; x_wconf 77' lang='lat' dir='ltr'><strong>TERTIUS.</strong></span> 
     </span>
    </p>
   </div>
   <div class='ocr_carea' id='block_1_3' title="bbox 3484 255 3586 310">
    <p class='ocr_par' dir='ltr' id='par_1_3' title="bbox 3484 255 3586 310">
     <span class='ocr_line' id='line_1_3' title="bbox 3484 255 3586 310; baseline 0.029 -3"><span class='ocrx_word' id='word_1_6' title='bbox 3484 255 3586 310; x_wconf 72' lang='lat'><strong>756</strong></span> 
     </span>
    </p>
   </div>
   <div class='ocr_carea' id='block_1_4' title="bbox 326 365 3591 444">
    <p class='ocr_par' dir='ltr' id='par_1_4' title="bbox 326 365 3591 444">
     <span class='ocr_line' id='line_1_4' title="bbox 326 365 3591 444; baseline 0.002 -24"><span class='ocrx_word' id='word_1_7' title='bbox 326 365 548 422; x_wconf 85' lang='lat' dir='ltr'><strong>domino</strong></span> <span class='ocrx_word' id='word_1_8' title='bbox 597 381 812 438; x_wconf 84' lang='lat' dir='ltr'><strong>quoque</strong></span> <span class='ocrx_word' id='word_1_9' title='bbox 859 371 1078 436; x_wconf 77' lang='lat' dir='ltr'><strong>abbati,</strong></span> <span class='ocrx_word' id='word_1_10' title='bbox 1108 381 1162 426; x_wconf 90' lang='lat' dir='ltr'><strong>et</strong></span> <span class='ocrx_word' id='word_1_11' title='bbox 1208 374 1398 442; x_wconf 82' lang='lat' dir='ltr'><strong>priori,</strong></span> <span class='ocrx_word' id='word_1_12' title='bbox 1455 382 1718 444; x_wconf 81' lang='lat' dir='ltr'><strong>quantum</strong></span> <span class='ocrx_word' id='word_1_13' title='bbox 1771 387 1907 441; x_wconf 88' lang='lat' dir='ltr'><strong>opus</strong></span> <span class='ocrx_word' id='word_1_14' title='bbox 1931 378 1980 436; x_wconf 78' lang='grc' dir='ltr'><strong>Ἀ</strong></span> <span class='ocrx_word' id='word_1_15' title='bbox 2009 368 2212 424; x_wconf 88' lang='lat' dir='ltr'><strong>cadunt</strong></span> <span class='ocrx_word' id='word_1_16' title='bbox 2261 370 2312 425; x_wconf 87' lang='lat' dir='ltr'><strong>in</strong></span> <span class='ocrx_word' id='word_1_17' title='bbox 2363 371 2514 425; x_wconf 84' lang='lat' dir='ltr'><strong>disco</strong></span> <span class='ocrx_word' id='word_1_18' title='bbox 2569 371 2820 426; x_wconf 84' lang='lat' dir='ltr'><strong>deorsum</strong></span> <span class='ocrx_word' id='word_1_19' title='bbox 2873 367 2924 422; x_wconf 91' lang='lat' dir='ltr'><strong>in</strong></span> <span class='ocrx_word' id='word_1_20' title='bbox 2971 368 3166 423; x_wconf 88' lang='lat' dir='ltr'><strong>tabula.</strong></span> <span class='ocrx_word' id='word_1_21' title='bbox 3215 367 3492 437; x_wconf 71' lang='lat' dir='ltr'><strong>imposito,</strong></span> <span class='ocrx_word' id='word_1_22' title='bbox 3529 381 3591 425; x_wconf 73' lang='lat' dir='ltr'><strong>et.</strong></span> 
     </span>
    </p>
   </div>
   <div class='ocr_carea' id='block_1_5' title="bbox 326 457 1904 530">
    <p class='ocr_par' dir='ltr' id='par_1_5' title="bbox 326 457 1904 530">
     <span class='ocr_line' id='line_1_5' title="bbox 326 457 1904 530; baseline 0.005 -18"><span class='ocrx_word' id='word_1_23' title='bbox 326 457 517 524; x_wconf 79' lang='lat' dir='ltr'><strong>fuerit,</strong></span> <span class='ocrx_word' id='word_1_24' title='bbox 547 460 642 528; x_wconf 86' lang='lat' dir='ltr'><strong>qui</strong></span> <span class='ocrx_word' id='word_1_25' title='bbox 666 476 939 530; x_wconf 83' lang='lat' dir='ltr'><strong>nunquam</strong></span> <span class='ocrx_word' id='word_1_26' title='bbox 971 463 1089 518; x_wconf 88' lang='lat' dir='ltr'><strong>sine</strong></span> <span class='ocrx_word' id='word_1_27' title='bbox 1113 466 1316 519; x_wconf 90' lang='lat' dir='ltr'><strong>lumine</strong></span> <span class='ocrx_word' id='word_1_28' title='bbox 1343 467 1640 521; x_wconf 85' lang='lat' dir='ltr'><strong>dormiunt.</strong></span> <span class='ocrx_word' id='word_1_29' title='bbox 1683 466 1763 519; x_wconf 79' lang='lat' dir='ltr'><strong>Ad</strong></span> <span class='ocrx_word' id='word_1_30' title='bbox 1789 467 1904 520; x_wconf 73' lang='lat' dir='ltr'><strong>lucc</strong></span> 
     </span>
    </p>
   </div>
   <div class='ocr_carea' id='block_1_6' title="bbox 323 551 1900 622">
    <p class='ocr_par' dir='ltr' id='par_1_6' title="bbox 323 551 1900 622">
     <span class='ocr_line' id='line_1_6' title="bbox 323 551 1900 622; baseline 0.004 -19"><span class='ocrx_word' id='word_1_31' title='bbox 323 551 505 604; x_wconf 83' lang='lat' dir='ltr'><strong>omnia</strong></span> <span class='ocrx_word' id='word_1_32' title='bbox 532 567 603 606; x_wconf 87' lang='lat' dir='ltr'><strong>ne</strong></span> <span class='ocrx_word' id='word_1_33' title='bbox 641 551 929 622; x_wconf 78' lang='lat' dir='ltr'><strong>aliquando</strong></span> <span class='ocrx_word' id='word_1_34' title='bbox 978 554 1207 610; x_wconf 85' lang='lat' dir='ltr'><strong>facultas</strong></span> <span class='ocrx_word' id='word_1_35' title='bbox 1255 557 1487 618; x_wconf 80' lang='lat' dir='ltr'><strong>deficiat,</strong></span> <span class='ocrx_word' id='word_1_36' title='bbox 1523 557 1686 612; x_wconf 90' lang='lat' dir='ltr'><strong>habet</strong></span> <span class='ocrx_word' id='word_1_37' title='bbox 1735 557 1900 612; x_wconf 88' lang='lat' dir='ltr'><strong>etiam</strong></span> 
     </span>
    </p>
   </div>
   <div class='ocr_carea' id='block_1_7' title="bbox 324 638 1896 715">
    <p class='ocr_par' dir='ltr' id='par_1_7' title="bbox 324 638 1896 715">
     <span class='ocr_line' id='line_1_7' title="bbox 324 638 1896 715; baseline 0.008 -24"><span class='ocrx_word' id='word_1_38' title='bbox 324 638 465 692; x_wconf 88' lang='lat' dir='ltr'><strong>idem</strong></span> <span class='ocrx_word' id='word_1_39' title='bbox 495 643 884 710; x_wconf 78' lang='lat' dir='ltr'><strong>apocrisiarius</strong></span> <span class='ocrx_word' id='word_1_40' title='bbox 924 661 1085 699; x_wconf 88' lang='lat' dir='ltr'><strong>uuam</strong></span> <span class='ocrx_word' id='word_1_41' title='bbox 1114 647 1295 701; x_wconf 81' lang='lat' dir='ltr'><strong>villam</strong></span> <span class='ocrx_word' id='word_1_42' title='bbox 1342 648 1474 702; x_wconf 81' lang='lat' dir='ltr'><strong>satis</strong></span> <span class='ocrx_word' id='word_1_43' title='bbox 1521 649 1742 715; x_wconf 82' lang='lat' dir='ltr'><strong>bonam,</strong></span> <span class='ocrx_word' id='word_1_44' title='bbox 1768 664 1896 704; x_wconf 91' lang='lat' dir='ltr'><strong>cum</strong></span> 
     </span>
    </p>
   </div>
   <div class='ocr_carea' id='block_1_8' title="bbox 323 730 1048 805">
    <p class='ocr_par' dir='ltr' id='par_1_8' title="bbox 323 730 1048 805">
     <span class='ocr_line' id='line_1_8' title="bbox 323 730 1048 805; baseline 0.003 -19"><span class='ocrx_word' id='word_1_45' title='bbox 323 730 573 799; x_wconf 80' lang='lat' dir='ltr'><strong>decimis,</strong></span> <span class='ocrx_word' id='word_1_46' title='bbox 604 733 776 790; x_wconf 82' lang='lat' dir='ltr'><strong>vineis</strong></span> <span class='ocrx_word' id='word_1_47' title='bbox 803 743 859 790; x_wconf 85' lang='lat' dir='ltr'><strong>et</strong></span> <span class='ocrx_word' id='word_1_48' title='bbox 883 736 1048 805; x_wconf 86' lang='lat' dir='ltr'><strong>agris.</strong></span> 
     </span>
    </p>
   </div>
   <div class='ocr_carea' id='block_1_9' title="bbox 911 848 1308 904">
    <p class='ocr_par' dir='ltr' id='par_1_9' title="bbox 911 848 1308 904">
     <span class='ocr_line' id='line_1_9' title="bbox 911 848 1308 904; baseline 0 -2"><span class='ocrx_word' id='word_1_49' title='bbox 911 848 1136 904; x_wconf 74' lang='lat' dir='ltr'><strong>CAPUT</strong></span> <span class='ocrx_word' id='word_1_50' title='bbox 1173 849 1308 904; x_wconf 77' lang='lat' dir='ltr'><strong>Xlll.</strong></span> 
     </span>
    </p>
   </div>
   <div class='ocr_carea' id='block_1_10' title="bbox 743 937 1484 1012">
    <p class='ocr_par' dir='ltr' id='par_1_10' title="bbox 743 937 1484 1012">
     <span class='ocr_line' id='line_1_10' title="bbox 743 937 1484 1012; baseline 0.007 -20"><span class='ocrx_word' id='word_1_51' title='bbox 743 937 819 994; x_wconf 88' lang='lat' dir='ltr'><strong>De</strong></span> <span class='ocrx_word' id='word_1_52' title='bbox 846 941 1026 996; x_wconf 75' lang='lat' dir='ltr'><strong>hostiis</strong></span> <span class='ocrx_word' id='word_1_53' title='bbox 1052 943 1308 1012; x_wconf 82' lang='lat' dir='ltr'><strong>quomodo</strong></span> <span class='ocrx_word' id='word_1_54' title='bbox 1332 943 1484 1012; x_wconf 79' lang='lat' dir='ltr'><strong>ﬁant.</strong></span> 
     </span>
    </p>
   </div>
   <div class='ocr_carea' id='block_1_11' title="bbox 391 1025 1901 1106">
    <p class='ocr_par' dir='ltr' id='par_1_11' title="bbox 391 1025 1901 1106">
     <span class='ocr_line' id='line_1_11' title="bbox 391 1025 1901 1106; baseline 0.007 -25"><span class='ocrx_word' id='word_1_55' title='bbox 391 1025 546 1093; x_wconf 83' lang='lat' dir='ltr'><strong>Quod</strong></span> <span class='ocrx_word' id='word_1_56' title='bbox 577 1029 812 1098; x_wconf 86' lang='lat' dir='ltr'><strong>pertinet</strong></span> <span class='ocrx_word' id='word_1_57' title='bbox 835 1031 902 1084; x_wconf 89' lang='lat' dir='ltr'><strong>ad</strong></span> <span class='ocrx_word' id='word_1_58' title='bbox 924 1031 1306 1086; x_wconf 77' lang='lat' dir='ltr'><strong>eucharistiam</strong></span> <span class='ocrx_word' id='word_1_59' title='bbox 1334 1045 1387 1090; x_wconf 90' lang='lat' dir='ltr'><strong>et</strong></span> <span class='ocrx_word' id='word_1_60' title='bbox 1409 1034 1473 1086; x_wconf 89' lang='lat' dir='ltr'><strong>ad</strong></span> <span class='ocrx_word' id='word_1_61' title='bbox 1500 1049 1694 1106; x_wconf 86' lang='lat' dir='ltr'><strong>corpus</strong></span> <span class='ocrx_word' id='word_1_62' title='bbox 1721 1036 1901 1091; x_wconf 89' lang='lat' dir='ltr'><strong>Domi-</strong></span> 
     </span>
    </p>
   </div>
   <div class='ocr_carea' id='block_1_12' title="bbox 319 1117 1901 1189">
    <p class='ocr_par' dir='ltr' id='par_1_12' title="bbox 319 1117 1901 1189">
     <span class='ocr_line' id='line_1_12' title="bbox 319 1117 1901 1189; baseline 0.008 -21"><span class='ocrx_word' id='word_1_63' title='bbox 319 1117 401 1179; x_wconf 91' lang='lat' dir='ltr'><strong>ni,</strong></span> <span class='ocrx_word' id='word_1_64' title='bbox 432 1117 558 1186; x_wconf 83' lang='lat' dir='ltr'><strong>quia</strong></span> <span class='ocrx_word' id='word_1_65' title='bbox 594 1118 812 1189; x_wconf 87' lang='lat' dir='ltr'><strong>dignum</strong></span> <span class='ocrx_word' id='word_1_66' title='bbox 858 1130 938 1174; x_wconf 89' lang='lat' dir='ltr'><strong>cst</strong></span> <span class='ocrx_word' id='word_1_67' title='bbox 971 1129 1027 1174; x_wconf 88' lang='lat' dir='ltr'><strong>ut</strong></span> <span class='ocrx_word' id='word_1_68' title='bbox 1058 1138 1178 1176; x_wconf 89' lang='lat' dir='ltr'><strong>cum</strong></span> <span class='ocrx_word' id='word_1_69' title='bbox 1232 1127 1469 1177; x_wconf 70' lang='lat' dir='ltr'><strong>summa&quot;</strong></span> <span class='ocrx_word' id='word_1_70' title='bbox 1501 1127 1797 1179; x_wconf 80' lang='lat' dir='ltr'><strong>reverentia</strong></span> <span class='ocrx_word' id='word_1_71' title='bbox 1845 1135 1901 1181; x_wconf 85' lang='lat' dir='ltr'><strong>et</strong></span> 
     </span>
    </p>
   </div>
   <div class='ocr_carea' id='block_1_13' title="bbox 316 1207 1898 1285">
    <p class='ocr_par' dir='ltr' id='par_1_13' title="bbox 316 1207 1898 1285">
     <span class='ocr_line' id='line_1_13' title="bbox 316 1207 1898 1285; baseline 0.008 -28"><span class='ocrx_word' id='word_1_72' title='bbox 316 1207 594 1276; x_wconf 72' lang='lat' dir='ltr'><strong>diligentia</strong></span> <span class='ocrx_word' id='word_1_73' title='bbox 647 1221 884 1278; x_wconf 79' lang='lat' dir='ltr'><strong>geratur,</strong></span> <span class='ocrx_word' id='word_1_74' title='bbox 914 1214 1127 1282; x_wconf 80' lang='lat' dir='ltr'><strong>expedit</strong></span> <span class='ocrx_word' id='word_1_75' title='bbox 1175 1223 1232 1267; x_wconf 90' lang='lat' dir='ltr'><strong>ut</strong></span> <span class='ocrx_word' id='word_1_76' title='bbox 1282 1215 1397 1284; x_wconf 82' lang='lat' dir='ltr'><strong>ipse</strong></span> <span class='ocrx_word' id='word_1_77' title='bbox 1439 1216 1628 1269; x_wconf 88' lang='lat' dir='ltr'><strong>modus</strong></span> <span class='ocrx_word' id='word_1_78' title='bbox 1677 1217 1898 1285; x_wconf 76' lang='lat' dir='ltr'><strong>gerendi</strong></span> 
     </span>
    </p>
   </div>
   <div class='ocr_carea' id='block_1_14' title="bbox 316 1299 1897 1374">
    <p class='ocr_par' dir='ltr' id='par_1_14' title="bbox 316 1299 1897 1374">
     <span class='ocr_line' id='line_1_14' title="bbox 316 1299 1897 1374; baseline 0.008 -26"><span class='ocrx_word' id='word_1_79' title='bbox 316 1312 424 1349; x_wconf 86' lang='lat' dir='ltr'><strong>non</strong></span> <span class='ocrx_word' id='word_1_80' title='bbox 457 1307 720 1353; x_wconf 89' lang='lat' dir='ltr'><strong>taceatur.</strong></span> <span class='ocrx_word' id='word_1_81' title='bbox 755 1299 937 1356; x_wconf 84' lang='lat' dir='ltr'><strong>Primo</strong></span> <span class='ocrx_word' id='word_1_82' title='bbox 969 1303 1045 1373; x_wconf 86' lang='lat'><strong>(9)</strong></span> <span class='ocrx_word' id='word_1_83' title='bbox 1081 1306 1506 1374; x_wconf 77' lang='lat' dir='ltr'><strong>quotiescunque</strong></span> <span class='ocrx_word' id='word_1_84' title='bbox 1549 1308 1661 1360; x_wconf 80' lang='lat' dir='ltr'><strong>ﬁeri</strong></span> <span class='ocrx_word' id='word_1_85' title='bbox 1694 1307 1897 1362; x_wconf 81' lang='lat' dir='ltr'><strong>hostias</strong></span> 
     </span>
    </p>
   </div>
   <div class='ocr_carea' id='block_1_15' title="bbox 316 1391 1895 1466">
    <p class='ocr_par' dir='ltr' id='par_1_15' title="bbox 316 1391 1895 1466">
     <span class='ocr_line' id='line_1_15' title="bbox 316 1391 1895 1466; baseline 0.008 -27"><span class='ocrx_word' id='word_1_86' title='bbox 316 1401 537 1443; x_wconf 85' lang='lat' dir='ltr'><strong>necesse</strong></span> <span class='ocrx_word' id='word_1_87' title='bbox 562 1391 743 1455; x_wconf 89' lang='lat' dir='ltr'><strong>fuerit,</strong></span> <span class='ocrx_word' id='word_1_88' title='bbox 765 1395 1033 1464; x_wconf 71' lang='lat' dir='ltr'><strong>praecipue</strong></span> <span class='ocrx_word' id='word_1_89' title='bbox 1056 1406 1230 1451; x_wconf 89' lang='lat' dir='ltr'><strong>tamen</strong></span> <span class='ocrx_word' id='word_1_90' title='bbox 1255 1408 1377 1452; x_wconf 88' lang='lat' dir='ltr'><strong>ante</strong></span> <span class='ocrx_word' id='word_1_91' title='bbox 1397 1399 1603 1452; x_wconf 86' lang='lat' dir='ltr'><strong>Domini</strong></span> <span class='ocrx_word' id='word_1_92' title='bbox 1631 1399 1895 1466; x_wconf 80' lang='lat' dir='ltr'><strong>Natalem,</strong></span> 
     </span>
    </p>
   </div>
   <div class='ocr_carea' id='block_1_16' title="bbox 314 1478 1894 1546">
    <p class='ocr_par' dir='ltr' id='par_1_16' title="bbox 314 1478 1894 1546">
     <span class='ocr_line' id='line_1_16' title="bbox 314 1478 1894 1546; baseline 0.012 -19"><span class='ocrx_word' id='word_1_93' title='bbox 314 1478 396 1530; x_wconf 77' lang='lat' dir='ltr'><strong>vel</strong></span> <span class='ocrx_word' id='word_1_94' title='bbox 430 1491 632 1536; x_wconf 71' lang='lat' dir='ltr'><strong>saneta:</strong></span> <span class='ocrx_word' id='word_1_95' title='bbox 676 1483 1107 1542; x_wconf 80' lang='lat' dir='ltr'><strong>Resurrectiouis</strong></span> <span class='ocrx_word' id='word_1_96' title='bbox 1163 1489 1303 1543; x_wconf 84' lang='lat' dir='ltr'><strong>diem</strong></span> <span class='ocrx_word' id='word_1_97' title='bbox 1344 1491 1458 1544; x_wconf 75' lang='lat' dir='ltr'><strong>fieri</strong></span> <span class='ocrx_word' id='word_1_98' title='bbox 1505 1491 1699 1546; x_wconf 88' lang='lat' dir='ltr'><strong>solent.</strong></span> <span class='ocrx_word' id='word_1_99' title='bbox 1761 1493 1894 1546; x_wconf 86' lang='lat' dir='ltr'><strong>Cum</strong></span> 
     </span>
    </p>
   </div>
   <div class='ocr_carea' id='block_1_17' title="bbox 312 1570 1896 1653">
    <p class='ocr_par' dir='ltr' id='par_1_17' title="bbox 312 1570 1896 1653">
     <span class='ocr_line' id='line_1_17' title="bbox 312 1570 1896 1653; baseline 0.012 -30"><span class='ocrx_word' id='word_1_100' title='bbox 312 1570 456 1623; x_wconf 83' lang='lat' dir='ltr'><strong>enim</strong></span> <span class='ocrx_word' id='word_1_101' title='bbox 511 1572 743 1628; x_wconf 87' lang='lat' dir='ltr'><strong>brumali</strong></span> <span class='ocrx_word' id='word_1_102' title='bbox 781 1576 834 1630; x_wconf 93' lang='lat' dir='ltr'><strong>in</strong></span> <span class='ocrx_word' id='word_1_103' title='bbox 882 1587 1124 1648; x_wconf 86' lang='lat' dir='ltr'><strong>tempore</strong></span> <span class='ocrx_word' id='word_1_104' title='bbox 1170 1582 1490 1652; x_wconf 79' lang='lat' dir='ltr'><strong>prolixiores</strong></span> <span class='ocrx_word' id='word_1_105' title='bbox 1531 1585 1640 1638; x_wconf 86' lang='lat' dir='ltr'><strong>sint</strong></span> <span class='ocrx_word' id='word_1_106' title='bbox 1687 1595 1896 1653; x_wconf 84' lang='lat' dir='ltr'><strong>noctes,</strong></span> 
     </span>
    </p>
   </div>
   <div class='ocr_carea' id='block_1_18' title="bbox 314 1657 1895 1745">
    <p class='ocr_par' dir='ltr' id='par_1_18' title="bbox 314 1657 1895 1745">
     <span class='ocr_line' id='line_1_18' title="bbox 314 1657 1895 1745; baseline 0.013 -34"><span class='ocrx_word' id='word_1_107' title='bbox 314 1657 442 1714; x_wconf 88' lang='lat' dir='ltr'><strong>licet</strong></span> <span class='ocrx_word' id='word_1_108' title='bbox 468 1671 592 1717; x_wconf 85' lang='lat' dir='ltr'><strong>ante</strong></span> <span class='ocrx_word' id='word_1_109' title='bbox 621 1667 907 1732; x_wconf 89' lang='lat' dir='ltr'><strong>prandium</strong></span> <span class='ocrx_word' id='word_1_110' title='bbox 945 1669 1206 1726; x_wconf 77' lang='lat' dir='ltr'><strong>fratribus</strong></span> <span class='ocrx_word' id='word_1_111' title='bbox 1232 1676 1442 1742; x_wconf 89' lang='lat' dir='ltr'><strong>operari</strong></span> <span class='ocrx_word' id='word_1_112' title='bbox 1475 1676 1737 1745; x_wconf 87' lang='lat' dir='ltr'><strong>amplius;</strong></span> <span class='ocrx_word' id='word_1_113' title='bbox 1770 1692 1895 1731; x_wconf 90' lang='lat' dir='ltr'><strong>nam</strong></span> 
     </span>
    </p>
   </div>
   <div class='ocr_carea' id='block_1_19' title="bbox 313 1751 1974 1834">
    <p class='ocr_par' dir='ltr' id='par_1_19' title="bbox 313 1751 1974 1834">
     <span class='ocr_line' id='line_1_19' title="bbox 313 1751 1974 1834; baseline 0.013 -31"><span class='ocrx_word' id='word_1_114' title='bbox 313 1760 434 1816; x_wconf 88' lang='lat' dir='ltr'><strong>post</strong></span> <span class='ocrx_word' id='word_1_115' title='bbox 481 1756 766 1822; x_wconf 84' lang='lat' dir='ltr'><strong>prandium</strong></span> <span class='ocrx_word' id='word_1_116' title='bbox 799 1759 1106 1829; x_wconf 83' lang='lat' dir='ltr'><strong>hujusuiodi</strong></span> <span class='ocrx_word' id='word_1_117' title='bbox 1161 1781 1297 1834; x_wconf 84' lang='lat' dir='ltr'><strong>opus</strong></span> <span class='ocrx_word' id='word_1_118' title='bbox 1343 1782 1532 1832; x_wconf 77' lang='lat' dir='ltr'><strong>gerere</strong></span> <span class='ocrx_word' id='word_1_119' title='bbox 1580 1785 1685 1822; x_wconf 90' lang='lat' dir='ltr'><strong>non</strong></span> <span class='ocrx_word' id='word_1_120' title='bbox 1749 1769 1893 1824; x_wconf 90' lang='lat' dir='ltr'><strong>licet.</strong></span> <span class='ocrx_word' id='word_1_121' title='bbox 1931 1751 1974 1812; x_wconf 75' lang='grc' dir='ltr'><strong>Β</strong></span> 
     </span>
    </p>
   </div>
   <div class='ocr_carea' id='block_1_20' title="bbox 311 1839 1897 1930">
    <p class='ocr_par' dir='ltr' id='par_1_20' title="bbox 311 1839 1897 1930">
     <span class='ocr_line' id='line_1_20' title="bbox 311 1839 1897 1930; baseline 0.015 -36"><span class='ocrx_word' id='word_1_122' title='bbox 311 1839 684 1913; x_wconf 82' lang='lat' dir='ltr'><strong>Frumentum,</strong></span> <span class='ocrx_word' id='word_1_123' title='bbox 709 1849 774 1904; x_wconf 87' lang='lat' dir='ltr'><strong>de</strong></span> <span class='ocrx_word' id='word_1_124' title='bbox 800 1867 908 1922; x_wconf 89' lang='lat' dir='ltr'><strong>quo</strong></span> <span class='ocrx_word' id='word_1_125' title='bbox 939 1852 1198 1911; x_wconf 74' lang='lat' dir='ltr'><strong>facienda:</strong></span> <span class='ocrx_word' id='word_1_126' title='bbox 1221 1869 1347 1912; x_wconf 92' lang='lat' dir='ltr'><strong>sunt</strong></span> <span class='ocrx_word' id='word_1_127' title='bbox 1369 1860 1580 1926; x_wconf 69' lang='lat' dir='ltr'><strong>hostim,</strong></span> <span class='ocrx_word' id='word_1_128' title='bbox 1607 1873 1897 1930; x_wconf 86' lang='lat' dir='ltr'><strong>quantum-</strong></span> 
     </span>
    </p>
   </div>
   <div class='ocr_carea' id='block_1_21' title="bbox 312 1931 1896 2024">
    <p class='ocr_par' dir='ltr' id='par_1_21' title="bbox 312 1931 1896 2024">
     <span class='ocr_line' id='line_1_21' title="bbox 312 1931 1896 2024; baseline 0.016 -41"><span class='ocrx_word' id='word_1_129' title='bbox 312 1931 439 1987; x_wconf 86' lang='lat' dir='ltr'><strong>libet</strong></span> <span class='ocrx_word' id='word_1_130' title='bbox 462 1935 662 1991; x_wconf 90' lang='lat' dir='ltr'><strong>bonum</strong></span> <span class='ocrx_word' id='word_1_131' title='bbox 694 1940 764 1994; x_wconf 88' lang='lat' dir='ltr'><strong>sit</strong></span> <span class='ocrx_word' id='word_1_132' title='bbox 787 1943 1106 1999; x_wconf 82' lang='lat' dir='ltr'><strong>naturaliter</strong></span> <span class='ocrx_word' id='word_1_133' title='bbox 1132 1956 1187 2000; x_wconf 90' lang='lat' dir='ltr'><strong>et</strong></span> <span class='ocrx_word' id='word_1_134' title='bbox 1235 1964 1452 2017; x_wconf 89' lang='lat' dir='ltr'><strong>purum,</strong></span> <span class='ocrx_word' id='word_1_135' title='bbox 1485 1961 1662 2007; x_wconf 92' lang='lat' dir='ltr'><strong>tamen</strong></span> <span class='ocrx_word' id='word_1_136' title='bbox 1693 1970 1896 2024; x_wconf 82' lang='lat' dir='ltr'><strong>grana-</strong></span> 
     </span>
    </p>
   </div>
   <div class='ocr_carea' id='block_1_22' title="bbox 312 2029 1895 2121">
    <p class='ocr_par' dir='ltr' id='par_1_22' title="bbox 312 2029 1895 2121">
     <span class='ocr_line' id='line_1_22' title="bbox 312 2029 1895 2121; baseline 0.018 -41"><span class='ocrx_word' id='word_1_137' title='bbox 312 2029 405 2082; x_wconf 89' lang='lat' dir='ltr'><strong>tim</strong></span> <span class='ocrx_word' id='word_1_138' title='bbox 430 2030 666 2103; x_wconf 83' lang='lat' dir='ltr'><strong>eligitur,</strong></span> <span class='ocrx_word' id='word_1_139' title='bbox 693 2046 747 2089; x_wconf 88' lang='lat' dir='ltr'><strong>et</strong></span> <span class='ocrx_word' id='word_1_140' title='bbox 778 2037 988 2093; x_wconf 84' lang='lat' dir='ltr'><strong>lavatur</strong></span> <span class='ocrx_word' id='word_1_141' title='bbox 1012 2045 1274 2110; x_wconf 85' lang='lat' dir='ltr'><strong>studiose,</strong></span> <span class='ocrx_word' id='word_1_142' title='bbox 1305 2063 1402 2102; x_wconf 89' lang='lat' dir='ltr'><strong>nec</strong></span> <span class='ocrx_word' id='word_1_143' title='bbox 1433 2065 1528 2116; x_wconf 83' lang='lat' dir='ltr'><strong>per</strong></span> <span class='ocrx_word' id='word_1_144' title='bbox 1552 2051 1686 2105; x_wconf 88' lang='lat' dir='ltr'><strong>alias</strong></span> <span class='ocrx_word' id='word_1_145' title='bbox 1707 2068 1895 2121; x_wconf 87' lang='lat' dir='ltr'><strong>perso-</strong></span> 
     </span>
    </p>
   </div>
   <div class='ocr_carea' id='block_1_23' title="bbox 310 2128 1893 2213">
    <p class='ocr_par' dir='ltr' id='par_1_23' title="bbox 310 2128 1893 2213">
     <span class='ocr_line' id='line_1_23' title="bbox 310 2128 1893 2213; baseline 0.02 -43"><span class='ocrx_word' id='word_1_146' title='bbox 310 2133 408 2171; x_wconf 85' lang='lat' dir='ltr'><strong>nas</strong></span> <span class='ocrx_word' id='word_1_147' title='bbox 435 2136 594 2191; x_wconf 85' lang='lat' dir='ltr'><strong>quaut</strong></span> <span class='ocrx_word' id='word_1_148' title='bbox 631 2141 727 2194; x_wconf 90' lang='lat' dir='ltr'><strong>per</strong></span> <span class='ocrx_word' id='word_1_149' title='bbox 749 2128 1129 2198; x_wconf 84' lang='lat' dir='ltr'><strong>ipsosfratres.</strong></span> <span class='ocrx_word' id='word_1_150' title='bbox 1164 2135 1446 2208; x_wconf 79' lang='lat' dir='ltr'><strong>Colligitur</strong></span> <span class='ocrx_word' id='word_1_151' title='bbox 1471 2141 1665 2198; x_wconf 85' lang='lat' dir='ltr'><strong>deinde</strong></span> <span class='ocrx_word' id='word_1_152' title='bbox 1695 2143 1746 2196; x_wconf 91' lang='lat' dir='ltr'><strong>in</strong></span> <span class='ocrx_word' id='word_1_153' title='bbox 1772 2160 1893 2213; x_wconf 51' lang='lat' dir='ltr'><strong>sae.</strong></span> 
     </span>
    </p>
   </div>
   <div class='ocr_carea' id='block_1_24' title="bbox 309 2217 1892 2296">
    <p class='ocr_par' dir='ltr' id='par_1_24' title="bbox 309 2217 1892 2296">
     <span class='ocr_line' id='line_1_24' title="bbox 309 2217 1892 2296; baseline 0.018 -35"><span class='ocrx_word' id='word_1_154' title='bbox 309 2225 429 2263; x_wconf 87' lang='lat' dir='ltr'><strong>cum</strong></span> <span class='ocrx_word' id='word_1_155' title='bbox 457 2229 558 2267; x_wconf 93' lang='lat' dir='ltr'><strong>non</strong></span> <span class='ocrx_word' id='word_1_156' title='bbox 589 2217 1040 2291; x_wconf 84' lang='lat' dir='ltr'><strong>qualemcunque,</strong></span> <span class='ocrx_word' id='word_1_157' title='bbox 1073 2227 1166 2279; x_wconf 88' lang='lat' dir='ltr'><strong>sed</strong></span> <span class='ocrx_word' id='word_1_158' title='bbox 1210 2229 1302 2296; x_wconf 90' lang='lat' dir='ltr'><strong>qui</strong></span> <span class='ocrx_word' id='word_1_159' title='bbox 1325 2230 1390 2283; x_wconf 88' lang='lat' dir='ltr'><strong>ad</strong></span> <span class='ocrx_word' id='word_1_160' title='bbox 1447 2231 1550 2286; x_wconf 89' lang='lat' dir='ltr'><strong>hoc</strong></span> <span class='ocrx_word' id='word_1_161' title='bbox 1599 2233 1770 2287; x_wconf 86' lang='lat' dir='ltr'><strong>solum</strong></span> <span class='ocrx_word' id='word_1_162' title='bbox 1828 2235 1892 2290; x_wconf 85' lang='lat' dir='ltr'><strong>dc</strong></span> 
     </span>
    </p>
   </div>
   <div class='ocr_carea' id='block_1_25' title="bbox 308 2297 1892 2393">
    <p class='ocr_par' dir='ltr' id='par_1_25' title="bbox 308 2297 1892 2393">
     <span class='ocr_line' id='line_1_25' title="bbox 308 2297 1892 2393; baseline 0.018 -42"><span class='ocrx_word' id='word_1_163' title='bbox 308 2297 448 2393; x_wconf 75' lang='lat' dir='ltr'><strong>bono</strong></span> <span class='ocrx_word' id='word_1_164' title='bbox 479 2317 658 2371; x_wconf 89' lang='lat' dir='ltr'><strong>panno</strong></span> <span class='ocrx_word' id='word_1_165' title='bbox 682 2319 940 2367; x_wconf 89' lang='lat' dir='ltr'><strong>eonsutus</strong></span> <span class='ocrx_word' id='word_1_166' title='bbox 969 2323 1051 2368; x_wconf 92' lang='lat' dir='ltr'><strong>est</strong></span> <span class='ocrx_word' id='word_1_167' title='bbox 1088 2325 1143 2369; x_wconf 91' lang='lat' dir='ltr'><strong>et</strong></span> <span class='ocrx_word' id='word_1_168' title='bbox 1190 2329 1527 2387; x_wconf 78' lang='lat' dir='ltr'><strong>reservatus;</strong></span> <span class='ocrx_word' id='word_1_169' title='bbox 1555 2322 1606 2377; x_wconf 91' lang='lat' dir='ltr'><strong>in</strong></span> <span class='ocrx_word' id='word_1_170' title='bbox 1643 2341 1750 2393; x_wconf 88' lang='lat' dir='ltr'><strong>quo</strong></span> <span class='ocrx_word' id='word_1_171' title='bbox 1783 2327 1892 2380; x_wconf 87' lang='lat' dir='ltr'><strong>col-</strong></span> 
     </span>
    </p>
   </div>
   <div class='ocr_carea' id='block_1_26' title="bbox 308 2389 1891 2488">
    <p class='ocr_par' dir='ltr' id='par_1_26' title="bbox 308 2389 1891 2488">
     <span class='ocr_line' id='line_1_26' title="bbox 308 2389 1891 2488; baseline 0.019 -46"><span class='ocrx_word' id='word_1_172' title='bbox 308 2389 528 2460; x_wconf 84' lang='lat' dir='ltr'><strong>ligatum</strong></span> <span class='ocrx_word' id='word_1_173' title='bbox 558 2401 966 2456; x_wconf 87' lang='lat' dir='ltr'><strong>commendatur</strong></span> <span class='ocrx_word' id='word_1_174' title='bbox 1004 2407 1097 2461; x_wconf 91' lang='lat' dir='ltr'><strong>uni</strong></span> <span class='ocrx_word' id='word_1_175' title='bbox 1147 2407 1348 2465; x_wconf 89' lang='lat' dir='ltr'><strong>famulo</strong></span> <span class='ocrx_word' id='word_1_176' title='bbox 1396 2428 1500 2467; x_wconf 91' lang='lat' dir='ltr'><strong>non</strong></span> <span class='ocrx_word' id='word_1_177' title='bbox 1533 2389 1763 2478; x_wconf 77' lang='lat' dir='ltr'><strong>lascivo;</strong></span> <span class='ocrx_word' id='word_1_178' title='bbox 1797 2420 1891 2488; x_wconf 89' lang='lat' dir='ltr'><strong>qui</strong></span> 
     </span>
    </p>
   </div>
   <div class='ocr_carea' id='block_1_27' title="bbox 305 2486 1887 2576">
    <p class='ocr_par' dir='ltr' id='par_1_27' title="bbox 305 2486 1887 2576">
     <span class='ocr_line' id='line_1_27' title="bbox 305 2486 1887 2576; baseline 0.018 -42"><span class='ocrx_word' id='word_1_179' title='bbox 305 2492 530 2551; x_wconf 82' lang='lat' dir='ltr'><strong>portans</strong></span> <span class='ocrx_word' id='word_1_180' title='bbox 557 2486 687 2544; x_wconf 88' lang='lat' dir='ltr'><strong>illud</strong></span> <span class='ocrx_word' id='word_1_181' title='bbox 710 2491 775 2545; x_wconf 86' lang='lat' dir='ltr'><strong>ad</strong></span> <span class='ocrx_word' id='word_1_182' title='bbox 794 2493 1179 2560; x_wconf 87' lang='lat' dir='ltr'><strong>molendinum,</strong></span> <span class='ocrx_word' id='word_1_183' title='bbox 1197 2501 1392 2556; x_wconf 88' lang='lat' dir='ltr'><strong>molam</strong></span> <span class='ocrx_word' id='word_1_184' title='bbox 1423 2486 1887 2576; x_wconf 82' lang='lat' dir='ltr'><strong>lavatutramqne,</strong></span> 
     </span>
    </p>
   </div>
   <div class='ocr_carea' id='block_1_28' title="bbox 303 2577 1886 2667">
    <p class='ocr_par' dir='ltr' id='par_1_28' title="bbox 303 2577 1886 2667">
     <span class='ocr_line' id='line_1_28' title="bbox 303 2577 1886 2667; baseline 0.016 -36"><span class='ocrx_word' id='word_1_185' title='bbox 303 2577 592 2649; x_wconf 74' lang='lat' dir='ltr'><strong>aperitque</strong></span> <span class='ocrx_word' id='word_1_186' title='bbox 646 2597 862 2640; x_wconf 85' lang='lat' dir='ltr'><strong>sursum</strong></span> <span class='ocrx_word' id='word_1_187' title='bbox 909 2596 964 2643; x_wconf 92' lang='lat' dir='ltr'><strong>et</strong></span> <span class='ocrx_word' id='word_1_188' title='bbox 1013 2591 1263 2646; x_wconf 87' lang='lat' dir='ltr'><strong>deorsum</strong></span> <span class='ocrx_word' id='word_1_189' title='bbox 1313 2596 1557 2661; x_wconf 78' lang='lat' dir='ltr'><strong>cortinis,</strong></span> <span class='ocrx_word' id='word_1_190' title='bbox 1601 2613 1660 2652; x_wconf 91' lang='lat' dir='ltr'><strong>se</strong></span> <span class='ocrx_word' id='word_1_191' title='bbox 1715 2600 1886 2667; x_wconf 83' lang='lat' dir='ltr'><strong>ipsum</strong></span> 
     </span>
    </p>
   </div>
   <div class='ocr_carea' id='block_1_29' title="bbox 307 2667 1892 2761">
    <p class='ocr_par' dir='ltr' id='par_1_29' title="bbox 307 2667 1892 2761">
     <span class='ocr_line' id='line_1_29' title="bbox 307 2667 1892 2761; baseline 0.019 -42"><span class='ocrx_word' id='word_1_192' title='bbox 307 2667 479 2761; x_wconf 77' lang='lat' dir='ltr'><strong>induit</strong></span> <span class='ocrx_word' id='word_1_193' title='bbox 510 2671 655 2761; x_wconf 83' lang='lat' dir='ltr'><strong>alba,</strong></span> <span class='ocrx_word' id='word_1_194' title='bbox 685 2683 739 2730; x_wconf 92' lang='lat' dir='ltr'><strong>et</strong></span> <span class='ocrx_word' id='word_1_195' title='bbox 771 2693 934 2748; x_wconf 89' lang='lat' dir='ltr'><strong>super</strong></span> <span class='ocrx_word' id='word_1_196' title='bbox 980 2693 1144 2752; x_wconf 83' lang='lat' dir='ltr'><strong>caput</strong></span> <span class='ocrx_word' id='word_1_197' title='bbox 1174 2685 1358 2749; x_wconf 87' lang='lat' dir='ltr'><strong>mittit,</strong></span> <span class='ocrx_word' id='word_1_198' title='bbox 1387 2697 1442 2742; x_wconf 80' lang='lat' dir='ltr'><strong>et.</strong></span> <span class='ocrx_word' id='word_1_199' title='bbox 1487 2689 1667 2760; x_wconf 80' lang='lat' dir='ltr'><strong>alligat</strong></span> <span class='ocrx_word' id='word_1_200' title='bbox 1702 2708 1892 2761; x_wconf 78' lang='lat' dir='ltr'><strong>super-</strong></span> 
     </span>
    </p>
   </div>
   <div class='ocr_carea' id='block_1_30' title="bbox 305 2755 1890 2851">
    <p class='ocr_par' dir='ltr' id='par_1_30' title="bbox 305 2755 1890 2851">
     <span class='ocr_line' id='line_1_30' title="bbox 305 2755 1890 2851; baseline 0.02 -43"><span class='ocrx_word' id='word_1_201' title='bbox 305 2755 609 2851; x_wconf 83' lang='lat' dir='ltr'><strong>bnmerale,</strong></span> <span class='ocrx_word' id='word_1_202' title='bbox 650 2764 701 2818; x_wconf 92' lang='lat' dir='ltr'><strong>id</strong></span> <span class='ocrx_word' id='word_1_203' title='bbox 732 2777 816 2821; x_wconf 89' lang='lat' dir='ltr'><strong>est</strong></span> <span class='ocrx_word' id='word_1_204' title='bbox 849 2770 1213 2838; x_wconf 86' lang='lat' dir='ltr'><strong>amictum,ut</strong></span> <span class='ocrx_word' id='word_1_205' title='bbox 1239 2776 1372 2831; x_wconf 87' lang='lat' dir='ltr'><strong>nihil</strong></span> <span class='ocrx_word' id='word_1_206' title='bbox 1409 2779 1475 2832; x_wconf 90' lang='lat' dir='ltr'><strong>de</strong></span> <span class='ocrx_word' id='word_1_207' title='bbox 1517 2755 1652 2837; x_wconf 69' lang='lat' dir='ltr'><strong>faeie</strong></span> <span class='ocrx_word' id='word_1_208' title='bbox 1692 2755 1890 2851; x_wconf 71' lang='lat' dir='ltr'><strong>praeter</strong></span> 
     </span>
    </p>
   </div>
   <div class='ocr_carea' id='block_1_31' title="bbox 305 2848 1886 2939">
    <p class='ocr_par' dir='ltr' id='par_1_31' title="bbox 305 2848 1886 2939">
     <span class='ocr_line' id='line_1_31' title="bbox 305 2848 1886 2939; baseline 0.02 -38"><span class='ocrx_word' id='word_1_209' title='bbox 305 2848 492 2904; x_wconf 85' lang='lat' dir='ltr'><strong>oculos</strong></span> <span class='ocrx_word' id='word_1_210' title='bbox 520 2855 692 2920; x_wconf 85' lang='lat' dir='ltr'><strong>possit</strong></span> <span class='ocrx_word' id='word_1_211' title='bbox 721 2873 1003 2928; x_wconf 83' lang='lat' dir='ltr'><strong>apparere.</strong></span> <span class='ocrx_word' id='word_1_212' title='bbox 1037 2863 1114 2918; x_wconf 75' lang='lat' dir='ltr'><strong>Ita</strong></span> <span class='ocrx_word' id='word_1_213' title='bbox 1155 2882 1284 2937; x_wconf 85' lang='lat' dir='ltr'><strong>ergo</strong></span> <span class='ocrx_word' id='word_1_214' title='bbox 1331 2870 1505 2939; x_wconf 91' lang='lat' dir='ltr'><strong>molit,</strong></span> <span class='ocrx_word' id='word_1_215' title='bbox 1534 2873 1606 2926; x_wconf 89' lang='lat' dir='ltr'><strong>ita</strong></span> <span class='ocrx_word' id='word_1_216' title='bbox 1654 2848 1886 2931; x_wconf 81' lang='lat' dir='ltr'><strong>larinam</strong></span> 
     </span>
    </p>
   </div>
   <div class='ocr_carea' id='block_1_32' title="bbox 303 2939 1885 3038">
    <p class='ocr_par' dir='ltr' id='par_1_32' title="bbox 303 2939 1885 3038">
     <span class='ocr_line' id='line_1_32' title="bbox 303 2939 1885 3038; baseline 0.021 -49"><span class='ocrx_word' id='word_1_217' title='bbox 303 2939 532 3038; x_wconf 66' lang='lat' dir='ltr'><strong>erilirat,</strong></span> <span class='ocrx_word' id='word_1_218' title='bbox 561 2945 734 3038; x_wconf 84' lang='lat' dir='ltr'><strong>primo</strong></span> <span class='ocrx_word' id='word_1_219' title='bbox 764 2949 948 3004; x_wconf 85' lang='lat' dir='ltr'><strong>cribro</strong></span> <span class='ocrx_word' id='word_1_220' title='bbox 977 2969 1193 3023; x_wconf 87' lang='lat' dir='ltr'><strong>quoque</strong></span> <span class='ocrx_word' id='word_1_221' title='bbox 1216 2958 1505 3029; x_wconf 81' lang='lat' dir='ltr'><strong>diligenter</strong></span> <span class='ocrx_word' id='word_1_222' title='bbox 1542 2965 1747 3018; x_wconf 84' lang='lat' dir='ltr'><strong>abluto.</strong></span> <span class='ocrx_word' id='word_1_223' title='bbox 1778 2966 1885 3022; x_wconf 86' lang='lat' dir='ltr'><strong>Ma-</strong></span> 
     </span>
    </p>
   </div>
   <div class='ocr_carea' id='block_1_33' title="bbox 298 3032 1862 3111">
    <p class='ocr_par' dir='ltr' id='par_1_33' title="bbox 298 3032 1862 3111">
     <span class='ocr_line' id='line_1_33' title="bbox 298 3032 1862 3111; baseline 0.019 -31"><span class='ocrx_word' id='word_1_224' title='bbox 298 3032 388 3096; x_wconf 83' lang='lat' dir='ltr'><strong>jor</strong></span> <span class='ocrx_word' id='word_1_225' title='bbox 409 3032 654 3088; x_wconf 69' lang='lat' dir='ltr'><strong>ecclesia:</strong></span> <span class='ocrx_word' id='word_1_226' title='bbox 683 3049 889 3106; x_wconf 84' lang='lat' dir='ltr'><strong>custos,</strong></span> <span class='ocrx_word' id='word_1_227' title='bbox 913 3043 958 3098; x_wconf 90' lang='lat' dir='ltr'><strong>si</strong></span> <span class='ocrx_word' id='word_1_228' title='bbox 984 3060 1088 3099; x_wconf 91' lang='lat' dir='ltr'><strong>non</strong></span> <span class='ocrx_word' id='word_1_229' title='bbox 1113 3057 1196 3102; x_wconf 90' lang='lat' dir='ltr'><strong>est</strong></span> <span class='ocrx_word' id='word_1_230' title='bbox 1219 3054 1474 3109; x_wconf 89' lang='lat' dir='ltr'><strong>sacerdos</strong></span> <span class='ocrx_word' id='word_1_231' title='bbox 1500 3055 1583 3110; x_wconf 77' lang='lat' dir='ltr'><strong>vel</strong></span> <span class='ocrx_word' id='word_1_232' title='bbox 1604 3056 1862 3111; x_wconf 75' lang='lat' dir='ltr'><strong>diaconus</strong></span> 
     </span>
    </p>
   </div>
   <div class='ocr_carea' id='block_1_34' title="bbox 2004 456 3588 528">
    <p class='ocr_par' dir='ltr' id='par_1_34' title="bbox 2004 456 3588 528">
     <span class='ocr_line' id='line_1_34' title="bbox 2004 456 3588 528; baseline 0.004 -20"><span class='ocrx_word' id='word_1_233' title='bbox 2004 456 2174 512; x_wconf 87' lang='lat' dir='ltr'><strong>linteo</strong></span> <span class='ocrx_word' id='word_1_234' title='bbox 2198 456 2401 526; x_wconf 67' lang='lat' dir='ltr'><strong>iugiter</strong></span> <span class='ocrx_word' id='word_1_235' title='bbox 2423 468 2702 527; x_wconf 88' lang='lat' dir='ltr'><strong>cooperto,</strong></span> <span class='ocrx_word' id='word_1_236' title='bbox 2723 458 2825 513; x_wconf 86' lang='lat' dir='ltr'><strong>nisi</strong></span> <span class='ocrx_word' id='word_1_237' title='bbox 2855 458 3069 528; x_wconf 86' lang='lat' dir='ltr'><strong>quando</strong></span> <span class='ocrx_word' id='word_1_238' title='bbox 3091 457 3279 512; x_wconf 74' lang='lat' dir='ltr'><strong>hostia:</strong></span> <span class='ocrx_word' id='word_1_239' title='bbox 3316 457 3588 514; x_wconf 83' lang='lat' dir='ltr'><strong>ahraduu-</strong></span> 
     </span>
    </p>
   </div>
   <div class='ocr_carea' id='block_1_35' title="bbox 2004 557 2114 603">
    <p class='ocr_par' dir='ltr' id='par_1_35' title="bbox 2004 557 2114 603">
     <span class='ocr_line' id='line_1_35' title="bbox 2004 557 2114 603; baseline -0.009 -1"><span class='ocrx_word' id='word_1_240' title='bbox 2004 557 2060 603; x_wconf 91' lang='lat' dir='ltr'><strong>tu</strong></span> <span class='ocrx_word' id='word_1_241' title='bbox 2069 564 2114 602; x_wconf 82' lang='grc' dir='ltr'><strong>Γ.</strong></span> 
     </span>
    </p>
   </div>
   <div class='ocr_carea' id='block_1_36' title="bbox 2073 638 3586 709">
    <p class='ocr_par' dir='ltr' id='par_1_36' title="bbox 2073 638 3586 709">
     <span class='ocr_line' id='line_1_36' title="bbox 2073 638 3586 709; baseline 0.001 -15"><span class='ocrx_word' id='word_1_242' title='bbox 2073 639 2284 694; x_wconf 87' lang='lat' dir='ltr'><strong>Canunt</strong></span> <span class='ocrx_word' id='word_1_243' title='bbox 2306 639 2660 709; x_wconf 84' lang='lat' dir='ltr'><strong>psalmodiam</strong></span> <span class='ocrx_word' id='word_1_244' title='bbox 2683 655 2804 709; x_wconf 72' lang='lat' dir='ltr'><strong>qute</strong></span> <span class='ocrx_word' id='word_1_245' title='bbox 2829 639 3196 704; x_wconf 84' lang='lat' dir='ltr'><strong>remansit,et,</strong></span> <span class='ocrx_word' id='word_1_246' title='bbox 3216 639 3259 693; x_wconf 91' lang='lat' dir='ltr'><strong>si</strong></span> <span class='ocrx_word' id='word_1_247' title='bbox 3289 638 3586 706; x_wconf 86' lang='lat' dir='ltr'><strong>voluerint,</strong></span> 
     </span>
    </p>
   </div>
   <div class='ocr_carea' id='block_1_37' title="bbox 2004 731 3586 788">
    <p class='ocr_par' dir='ltr' id='par_1_37' title="bbox 2004 731 3586 788">
     <span class='ocr_line' id='line_1_37' title="bbox 2004 731 3586 788; baseline -0.001 -1"><span class='ocrx_word' id='word_1_248' title='bbox 2004 732 2172 787; x_wconf 86' lang='lat' dir='ltr'><strong>horas</strong></span> <span class='ocrx_word' id='word_1_249' title='bbox 2199 731 2265 786; x_wconf 86' lang='lat' dir='ltr'><strong>de</strong></span> <span class='ocrx_word' id='word_1_250' title='bbox 2296 732 2354 787; x_wconf 88' lang='lat' dir='ltr'><strong>S.</strong></span> <span class='ocrx_word' id='word_1_251' title='bbox 2409 731 2600 786; x_wconf 76' lang='lat' dir='ltr'><strong>Maria.</strong></span> <span class='ocrx_word' id='word_1_252' title='bbox 2631 731 2712 786; x_wconf 89' lang='lat' dir='ltr'><strong>Ad</strong></span> <span class='ocrx_word' id='word_1_253' title='bbox 2743 732 2878 786; x_wconf 88' lang='lat' dir='ltr'><strong>alias</strong></span> <span class='ocrx_word' id='word_1_254' title='bbox 2928 731 3151 786; x_wconf 87' lang='lat' dir='ltr'><strong>omnino</strong></span> <span class='ocrx_word' id='word_1_255' title='bbox 3183 732 3344 786; x_wconf 89' lang='lat' dir='ltr'><strong>horas</strong></span> <span class='ocrx_word' id='word_1_256' title='bbox 3395 741 3586 788; x_wconf 81' lang='lat' dir='ltr'><strong>teneat</strong></span> 
     </span>
    </p>
   </div>
   <div class='ocr_carea' id='block_1_38' title="bbox 2000 820 3576 889">
    <p class='ocr_par' dir='ltr' id='par_1_38' title="bbox 2000 820 3576 889">
     <span class='ocr_line' id='line_1_38' title="bbox 2000 820 3576 889; baseline -0.001 -14"><span class='ocrx_word' id='word_1_257' title='bbox 2000 820 2296 882; x_wconf 79' lang='lat' dir='ltr'><strong>silentium,</strong></span> <span class='ocrx_word' id='word_1_258' title='bbox 2320 829 2374 874; x_wconf 92' lang='lat' dir='ltr'><strong>et</strong></span> <span class='ocrx_word' id='word_1_259' title='bbox 2397 834 2740 889; x_wconf 88' lang='lat' dir='ltr'><strong>summopere</strong></span> <span class='ocrx_word' id='word_1_260' title='bbox 2765 828 2963 874; x_wconf 88' lang='lat' dir='ltr'><strong>cavent</strong></span> <span class='ocrx_word' id='word_1_261' title='bbox 2986 829 3043 872; x_wconf 86' lang='lat' dir='ltr'><strong>ut</strong></span> <span class='ocrx_word' id='word_1_262' title='bbox 3073 834 3180 873; x_wconf 88' lang='lat' dir='ltr'><strong>non</strong></span> <span class='ocrx_word' id='word_1_263' title='bbox 3211 821 3370 873; x_wconf 87' lang='lat' dir='ltr'><strong>modo</strong></span> <span class='ocrx_word' id='word_1_264' title='bbox 3393 821 3576 878; x_wconf 83' lang='lat' dir='ltr'><strong>saliva.</strong></span> 
     </span>
    </p>
   </div>
   <div class='ocr_carea' id='block_1_39' title="bbox 2003 908 3583 977">
    <p class='ocr_par' dir='ltr' id='par_1_39' title="bbox 2003 908 3583 977">
     <span class='ocr_line' id='line_1_39' title="bbox 2003 908 3583 977; baseline -0.002 -12"><span class='ocrx_word' id='word_1_265' title='bbox 2003 910 2093 965; x_wconf 78' lang='lat' dir='ltr'><strong>sed</strong></span> <span class='ocrx_word' id='word_1_266' title='bbox 2117 924 2218 962; x_wconf 88' lang='lat' dir='ltr'><strong>nec</strong></span> <span class='ocrx_word' id='word_1_267' title='bbox 2243 908 2400 962; x_wconf 84' lang='lat' dir='ltr'><strong>ﬂatus</strong></span> <span class='ocrx_word' id='word_1_268' title='bbox 2426 924 2614 963; x_wconf 89' lang='lat' dir='ltr'><strong>eorum</strong></span> <span class='ocrx_word' id='word_1_269' title='bbox 2646 908 2828 977; x_wconf 89' lang='lat' dir='ltr'><strong>aliquo</strong></span> <span class='ocrx_word' id='word_1_270' title='bbox 2863 908 3118 964; x_wconf 82' lang='lat' dir='ltr'><strong>modoad</strong></span> <span class='ocrx_word' id='word_1_271' title='bbox 3138 908 3344 962; x_wconf 88' lang='lat' dir='ltr'><strong>hostias</strong></span> <span class='ocrx_word' id='word_1_272' title='bbox 3377 911 3583 976; x_wconf 89' lang='lat' dir='ltr'><strong>pertin-</strong></span> 
     </span>
    </p>
   </div>
   <div class='ocr_carea' id='block_1_40' title="bbox 2001 1000 3600 1074">
    <p class='ocr_par' dir='ltr' id='par_1_40' title="bbox 2001 1000 3600 1074">
     <span class='ocr_line' id='line_1_40' title="bbox 2001 1000 3600 1074; baseline -0.002 -17"><span class='ocrx_word' id='word_1_273' title='bbox 2001 1019 2128 1074; x_wconf 84' lang='lat' dir='ltr'><strong>gere</strong></span> <span class='ocrx_word' id='word_1_274' title='bbox 2169 1003 2358 1073; x_wconf 79' lang='lat' dir='ltr'><strong>possit.</strong></span> <span class='ocrx_word' id='word_1_275' title='bbox 2391 1001 2551 1056; x_wconf 91' lang='lat' dir='ltr'><strong>Solus</strong></span> <span class='ocrx_word' id='word_1_276' title='bbox 2583 1017 2896 1062; x_wconf 85' lang='lat' dir='ltr'><strong>conversus.</strong></span> <span class='ocrx_word' id='word_1_277' title='bbox 2927 1001 2970 1055; x_wconf 91' lang='lat' dir='ltr'><strong>si</strong></span> <span class='ocrx_word' id='word_1_278' title='bbox 3026 1000 3152 1070; x_wconf 89' lang='lat' dir='ltr'><strong>quid</strong></span> <span class='ocrx_word' id='word_1_279' title='bbox 3207 1015 3342 1069; x_wconf 84' lang='lat' dir='ltr'><strong>epus</strong></span> <span class='ocrx_word' id='word_1_280' title='bbox 3396 1000 3600 1060; x_wconf 48' lang='lat' dir='ltr'><strong>fuerit.‘</strong></span> 
     </span>
    </p>
   </div>
   <div class='ocr_carea' id='block_1_41' title="bbox 1999 1087 3584 1159">
    <p class='ocr_par' dir='ltr' id='par_1_41' title="bbox 1999 1087 3584 1159">
     <span class='ocr_line' id='line_1_41' title="bbox 1999 1087 3584 1159; baseline -0.003 -13"><span class='ocrx_word' id='word_1_281' title='bbox 1999 1093 2236 1146; x_wconf 74' lang='lat' dir='ltr'><strong>breviter</strong></span> <span class='ocrx_word' id='word_1_282' title='bbox 2264 1091 2480 1146; x_wconf 82' lang='lat' dir='ltr'><strong>fatnulis</strong></span> <span class='ocrx_word' id='word_1_283' title='bbox 2526 1090 2952 1159; x_wconf 85' lang='lat' dir='ltr'><strong>iunotescit,qui</strong></span> <span class='ocrx_word' id='word_1_284' title='bbox 3000 1088 3208 1144; x_wconf 83' lang='lat' dir='ltr'><strong>faciunt</strong></span> <span class='ocrx_word' id='word_1_285' title='bbox 3241 1087 3417 1144; x_wconf 84' lang='lat' dir='ltr'><strong>focum</strong></span> <span class='ocrx_word' id='word_1_286' title='bbox 3474 1105 3584 1144; x_wconf 87' lang='lat' dir='ltr'><strong>non</strong></span> 
     </span>
    </p>
   </div>
   <div class='ocr_carea' id='block_1_42' title="bbox 1997 1183 3582 1255">
    <p class='ocr_par' dir='ltr' id='par_1_42' title="bbox 1997 1183 3582 1255">
     <span class='ocr_line' id='line_1_42' title="bbox 1997 1183 3582 1255; baseline -0.003 -15"><span class='ocrx_word' id='word_1_287' title='bbox 1997 1186 2104 1242; x_wconf 83' lang='lat' dir='ltr'><strong>nisi</strong></span> <span class='ocrx_word' id='word_1_288' title='bbox 2129 1185 2192 1239; x_wconf 86' lang='lat' dir='ltr'><strong>de</strong></span> <span class='ocrx_word' id='word_1_289' title='bbox 2220 1185 2386 1238; x_wconf 88' lang='lat' dir='ltr'><strong>aridis</strong></span> <span class='ocrx_word' id='word_1_290' title='bbox 2415 1185 2595 1255; x_wconf 79' lang='lat' dir='ltr'><strong>lignis,</strong></span> <span class='ocrx_word' id='word_1_291' title='bbox 2627 1195 2682 1239; x_wconf 90' lang='lat' dir='ltr'><strong>et</strong></span> <span class='ocrx_word' id='word_1_292' title='bbox 2711 1186 2778 1238; x_wconf 89' lang='lat' dir='ltr'><strong>ad</strong></span> <span class='ocrx_word' id='word_1_293' title='bbox 2803 1185 2905 1238; x_wconf 89' lang='lat' dir='ltr'><strong>hoc</strong></span> <span class='ocrx_word' id='word_1_294' title='bbox 2926 1184 2990 1238; x_wconf 89' lang='lat' dir='ltr'><strong>de</strong></span> <span class='ocrx_word' id='word_1_295' title='bbox 3017 1183 3277 1236; x_wconf 88' lang='lat' dir='ltr'><strong>industria</strong></span> <span class='ocrx_word' id='word_1_296' title='bbox 3308 1198 3582 1253; x_wconf 81' lang='lat' dir='ltr'><strong>praepara-</strong></span> 
     </span>
    </p>
   </div>
   <div class='ocr_carea' id='block_1_43' title="bbox 2003 1272 3599 1344">
    <p class='ocr_par' dir='ltr' id='par_1_43' title="bbox 2003 1272 3599 1344">
     <span class='ocr_line' id='line_1_43' title="bbox 2003 1272 3599 1344; baseline -0.004 -16"><span class='ocrx_word' id='word_1_297' title='bbox 2003 1275 2089 1329; x_wconf 90' lang='lat' dir='ltr'><strong>tis.</strong></span> <span class='ocrx_word' id='word_1_298' title='bbox 2138 1274 2237 1344; x_wconf 90' lang='lat' dir='ltr'><strong>Ipsi</strong></span> <span class='ocrx_word' id='word_1_299' title='bbox 2269 1286 2448 1328; x_wconf 88' lang='lat' dir='ltr'><strong>autem</strong></span> <span class='ocrx_word' id='word_1_300' title='bbox 2480 1275 2776 1328; x_wconf 86' lang='lat' dir='ltr'><strong>hostiarum</strong></span> <span class='ocrx_word' id='word_1_301' title='bbox 2799 1272 3036 1343; x_wconf 88' lang='lat' dir='ltr'><strong>operarii</strong></span> <span class='ocrx_word' id='word_1_302' title='bbox 3088 1289 3153 1328; x_wconf 89' lang='lat' dir='ltr'><strong>eo</strong></span> <span class='ocrx_word' id='word_1_303' title='bbox 3184 1272 3268 1328; x_wconf 87' lang='lat' dir='ltr'><strong>die</strong></span> <span class='ocrx_word' id='word_1_304' title='bbox 3313 1288 3417 1326; x_wconf 92' lang='lat' dir='ltr'><strong>non</strong></span> <span class='ocrx_word' id='word_1_305' title='bbox 3458 1289 3599 1326; x_wconf 86' lang='lat' dir='ltr'><strong>cum.</strong></span> 
     </span>
    </p>
   </div>
   <div class='ocr_carea' id='block_1_44' title="bbox 1999 1363 3610 1435">
    <p class='ocr_par' dir='ltr' id='par_1_44' title="bbox 1999 1363 3610 1435">
     <span class='ocr_line' id='line_1_44' title="bbox 1999 1363 3610 1435; baseline -0.001 -17"><span class='ocrx_word' id='word_1_306' title='bbox 1999 1364 2282 1429; x_wconf 80' lang='lat' dir='ltr'><strong>fratribus,</strong></span> <span class='ocrx_word' id='word_1_307' title='bbox 2314 1367 2407 1421; x_wconf 89' lang='lat' dir='ltr'><strong>sed</strong></span> <span class='ocrx_word' id='word_1_308' title='bbox 2450 1366 2630 1435; x_wconf 88' lang='lat' dir='ltr'><strong>potius</strong></span> <span class='ocrx_word' id='word_1_309' title='bbox 2667 1380 2791 1420; x_wconf 90' lang='lat' dir='ltr'><strong>cum</strong></span> <span class='ocrx_word' id='word_1_310' title='bbox 2823 1365 3181 1419; x_wconf 82' lang='lat' dir='ltr'><strong>servitorihus</strong></span> <span class='ocrx_word' id='word_1_311' title='bbox 3222 1363 3496 1430; x_wconf 76' lang='lat' dir='ltr'><strong>reficiunt;</strong></span> <span class='ocrx_word' id='word_1_312' title='bbox 3526 1374 3610 1417; x_wconf 77' lang='lat' dir='ltr'><strong>et-</strong></span> 
     </span>
    </p>
   </div>
   <div class='ocr_carea' id='block_1_45' title="bbox 1997 1456 3610 1528">
    <p class='ocr_par' dir='ltr' id='par_1_45' title="bbox 1997 1456 3610 1528">
     <span class='ocr_line' id='line_1_45' title="bbox 1997 1456 3610 1528; baseline 0.002 -17"><span class='ocrx_word' id='word_1_313' title='bbox 1997 1472 2094 1526; x_wconf 90' lang='lat' dir='ltr'><strong>pro</strong></span> <span class='ocrx_word' id='word_1_314' title='bbox 2127 1459 2257 1512; x_wconf 91' lang='lat' dir='ltr'><strong>tanti</strong></span> <span class='ocrx_word' id='word_1_315' title='bbox 2283 1457 2484 1511; x_wconf 82' lang='lat' dir='ltr'><strong>laboris</strong></span> <span class='ocrx_word' id='word_1_316' title='bbox 2517 1457 2780 1512; x_wconf 80' lang='lat' dir='ltr'><strong>leramine</strong></span> <span class='ocrx_word' id='word_1_317' title='bbox 2809 1458 3010 1511; x_wconf 88' lang='lat' dir='ltr'><strong>habent</strong></span> <span class='ocrx_word' id='word_1_318' title='bbox 3031 1458 3094 1512; x_wconf 89' lang='lat' dir='ltr'><strong>de</strong></span> <span class='ocrx_word' id='word_1_319' title='bbox 3121 1456 3470 1528; x_wconf 86' lang='lat' dir='ltr'><strong>apocrisiaria</strong></span> <span class='ocrx_word' id='word_1_320' title='bbox 3510 1456 3610 1514; x_wconf 76' lang='lat' dir='ltr'><strong>ad.</strong></span> 
     </span>
    </p>
   </div>
   <div class='ocr_carea' id='block_1_46' title="bbox 1997 1549 3078 1620">
    <p class='ocr_par' dir='ltr' id='par_1_46' title="bbox 1997 1549 3078 1620">
     <span class='ocr_line' id='line_1_46' title="bbox 1997 1549 3078 1620; baseline -0.001 -18"><span class='ocrx_word' id='word_1_321' title='bbox 1997 1549 2281 1620; x_wconf 82' lang='lat' dir='ltr'><strong>prandium</strong></span> <span class='ocrx_word' id='word_1_322' title='bbox 2314 1549 2599 1618; x_wconf 87' lang='lat' dir='ltr'><strong>pitantiam</strong></span> <span class='ocrx_word' id='word_1_323' title='bbox 2631 1558 2686 1603; x_wconf 91' lang='lat' dir='ltr'><strong>et</strong></span> <span class='ocrx_word' id='word_1_324' title='bbox 2721 1549 3078 1618; x_wconf 81' lang='lat' dir='ltr'><strong>pigmentum.</strong></span> 
     </span>
    </p>
   </div>
   <div class='ocr_carea' id='block_1_47' title="bbox 2587 1662 2992 1719">
    <p class='ocr_par' dir='ltr' id='par_1_47' title="bbox 2587 1662 2992 1719">
     <span class='ocr_line' id='line_1_47' title="bbox 2587 1662 2992 1719; baseline -0.007 0"><span class='ocrx_word' id='word_1_325' title='bbox 2587 1663 2815 1719; x_wconf 77' lang='lat' dir='ltr'><strong>CAPUT</strong></span> <span class='ocrx_word' id='word_1_326' title='bbox 2855 1662 2992 1716; x_wconf 71' lang='lat' dir='ltr'><strong>XIV.</strong></span> 
     </span>
    </p>
   </div>
   <div class='ocr_carea' id='block_1_48' title="bbox 2395 1753 3192 1824">
    <p class='ocr_par' dir='ltr' id='par_1_48' title="bbox 2395 1753 3192 1824">
     <span class='ocr_line' id='line_1_48' title="bbox 2395 1753 3192 1824; baseline -0.003 -16"><span class='ocrx_word' id='word_1_327' title='bbox 2395 1754 2471 1808; x_wconf 85' lang='lat' dir='ltr'><strong>De</strong></span> <span class='ocrx_word' id='word_1_328' title='bbox 2505 1754 2870 1824; x_wconf 72' lang='lat' dir='ltr'><strong>corporalibus</strong></span> <span class='ocrx_word' id='word_1_329' title='bbox 2899 1753 3192 1807; x_wconf 79' lang='lat' dir='ltr'><strong>abluendis.</strong></span> 
     </span>
    </p>
   </div>
   <div class='ocr_carea' id='block_1_49' title="bbox 2066 1824 3606 1916">
    <p class='ocr_par' dir='ltr' id='par_1_49' title="bbox 2066 1824 3606 1916">
     <span class='ocr_line' id='line_1_49' title="bbox 2066 1824 3606 1916; baseline -0.003 -14"><span class='ocrx_word' id='word_1_330' title='bbox 2066 1845 2383 1916; x_wconf 88' lang='lat' dir='ltr'><strong>Corporalia</strong></span> <span class='ocrx_word' id='word_1_331' title='bbox 2440 1846 2775 1902; x_wconf 84' lang='lat' dir='ltr'><strong>sacrosancti</strong></span> <span class='ocrx_word' id='word_1_332' title='bbox 2822 1845 3110 1900; x_wconf 81' lang='lat' dir='ltr'><strong>ministerii</strong></span> <span class='ocrx_word' id='word_1_333' title='bbox 3157 1824 3606 1913; x_wconf 66' lang='lat' dir='ltr'><strong>quotiescunth</strong></span> 
     </span>
    </p>
   </div>
   <div class='ocr_carea' id='block_1_50' title="bbox 1996 1935 3581 2005">
    <p class='ocr_par' dir='ltr' id='par_1_50' title="bbox 1996 1935 3581 2005">
     <span class='ocr_line' id='line_1_50' title="bbox 1996 1935 3581 2005; baseline -0.002 -14"><span class='ocrx_word' id='word_1_334' title='bbox 1996 1937 2260 1993; x_wconf 88' lang='lat' dir='ltr'><strong>abluenda</strong></span> <span class='ocrx_word' id='word_1_335' title='bbox 2301 1947 2448 2000; x_wconf 91' lang='lat' dir='ltr'><strong>sunt,</strong></span> <span class='ocrx_word' id='word_1_336' title='bbox 2498 1953 2563 1994; x_wconf 92' lang='lat' dir='ltr'><strong>eo</strong></span> <span class='ocrx_word' id='word_1_337' title='bbox 2594 1939 2772 1993; x_wconf 88' lang='lat' dir='ltr'><strong>studio</strong></span> <span class='ocrx_word' id='word_1_338' title='bbox 2819 1937 3119 2005; x_wconf 85' lang='lat' dir='ltr'><strong>eademque</strong></span> <span class='ocrx_word' id='word_1_339' title='bbox 3165 1935 3444 2004; x_wconf 86' lang='lat' dir='ltr'><strong>diligentia</strong></span> <span class='ocrx_word' id='word_1_340' title='bbox 3477 1950 3581 2002; x_wconf 83' lang='lat' dir='ltr'><strong>qua</strong></span> 
     </span>
    </p>
   </div>
   <div class='ocr_carea' id='block_1_51' title="bbox 1995 2027 3580 2096">
    <p class='ocr_par' dir='ltr' id='par_1_51' title="bbox 1995 2027 3580 2096">
     <span class='ocr_line' id='line_1_51' title="bbox 1995 2027 3580 2096; baseline -0.002 -13"><span class='ocrx_word' id='word_1_341' title='bbox 1995 2029 2246 2096; x_wconf 88' lang='lat' dir='ltr'><strong>superius</strong></span> <span class='ocrx_word' id='word_1_342' title='bbox 2273 2029 2552 2083; x_wconf 82' lang='lat' dir='ltr'><strong>definitum</strong></span> <span class='ocrx_word' id='word_1_343' title='bbox 2579 2039 2664 2082; x_wconf 76' lang='lat' dir='ltr'><strong>est</strong></span> <span class='ocrx_word' id='word_1_344' title='bbox 2701 2028 3005 2084; x_wconf 85' lang='lat' dir='ltr'><strong>oblationes</strong></span> <span class='ocrx_word' id='word_1_345' title='bbox 3063 2027 3178 2080; x_wconf 83' lang='lat' dir='ltr'><strong>ﬁeri</strong></span> <span class='ocrx_word' id='word_1_346' title='bbox 3229 2029 3445 2087; x_wconf 80' lang='lat' dir='ltr'><strong>debere,</strong></span> <span class='ocrx_word' id='word_1_347' title='bbox 3481 2041 3580 2094; x_wconf 80' lang='lat' dir='ltr'><strong>per</strong></span> 
     </span>
    </p>
   </div>
   <div class='ocr_carea' id='block_1_52' title="bbox 1995 2117 3581 2172">
    <p class='ocr_par' dir='ltr' id='par_1_52' title="bbox 1995 2117 3581 2172">
     <span class='ocr_line' id='line_1_52' title="bbox 1995 2117 3581 2172; baseline -0.003 0"><span class='ocrx_word' id='word_1_348' title='bbox 1995 2118 2337 2172; x_wconf 86' lang='lat' dir='ltr'><strong>sacerdotum</strong></span> <span class='ocrx_word' id='word_1_349' title='bbox 2375 2118 2462 2172; x_wconf 85' lang='lat' dir='ltr'><strong>vel</strong></span> <span class='ocrx_word' id='word_1_350' title='bbox 2493 2119 2804 2172; x_wconf 76' lang='lat' dir='ltr'><strong>Levitarum</strong></span> <span class='ocrx_word' id='word_1_351' title='bbox 2855 2117 3158 2172; x_wconf 88' lang='lat' dir='ltr'><strong>tninisteria</strong></span> <span class='ocrx_word' id='word_1_352' title='bbox 3193 2117 3428 2171; x_wconf 78' lang='lat' dir='ltr'><strong>maximo</strong></span> <span class='ocrx_word' id='word_1_353' title='bbox 3458 2131 3581 2169; x_wconf 80' lang='lat' dir='ltr'><strong>cuni</strong></span> 
     </span>
    </p>
   </div>
   <div class='ocr_carea' id='block_1_53' title="bbox 1994 2207 3579 2278">
    <p class='ocr_par' dir='ltr' id='par_1_53' title="bbox 1994 2207 3579 2278">
     <span class='ocr_line' id='line_1_53' title="bbox 1994 2207 3579 2278; baseline -0.004 -14"><span class='ocrx_word' id='word_1_354' title='bbox 1994 2211 2202 2264; x_wconf 87' lang='lat' dir='ltr'><strong>honore</strong></span> <span class='ocrx_word' id='word_1_355' title='bbox 2230 2211 2502 2265; x_wconf 85' lang='lat' dir='ltr'><strong>lavantur.</strong></span> <span class='ocrx_word' id='word_1_356' title='bbox 2535 2211 2616 2265; x_wconf 85' lang='lat' dir='ltr'><strong>Ad</strong></span> <span class='ocrx_word' id='word_1_357' title='bbox 2666 2210 2826 2278; x_wconf 84' lang='lat' dir='ltr'><strong>hujus</strong></span> <span class='ocrx_word' id='word_1_358' title='bbox 2861 2210 3024 2264; x_wconf 87' lang='lat' dir='ltr'><strong>etiam</strong></span> <span class='ocrx_word' id='word_1_359' title='bbox 3077 2209 3152 2262; x_wconf 89' lang='lat' dir='ltr'><strong>rei</strong></span> <span class='ocrx_word' id='word_1_360' title='bbox 3186 2207 3418 2261; x_wconf 81' lang='lat' dir='ltr'><strong>oilicium</strong></span> <span class='ocrx_word' id='word_1_361' title='bbox 3475 2207 3579 2258; x_wconf 85' lang='lat' dir='ltr'><strong>rite</strong></span> 
     </span>
    </p>
   </div>
   <div class='ocr_carea' id='block_1_54' title="bbox 1992 2302 3584 2374">
    <p class='ocr_par' dir='ltr' id='par_1_54' title="bbox 1992 2302 3584 2374">
     <span class='ocr_line' id='line_1_54' title="bbox 1992 2302 3584 2374; baseline -0.003 -16"><span class='ocrx_word' id='word_1_362' title='bbox 1992 2303 2318 2374; x_wconf 80' lang='lat' dir='ltr'><strong>explendum</strong></span> <span class='ocrx_word' id='word_1_363' title='bbox 2347 2304 2562 2359; x_wconf 76' lang='lat' dir='ltr'><strong>vernale</strong></span> <span class='ocrx_word' id='word_1_364' title='bbox 2612 2313 2822 2372; x_wconf 90' lang='lat' dir='ltr'><strong>tempus</strong></span> <span class='ocrx_word' id='word_1_365' title='bbox 2850 2304 2964 2358; x_wconf 84' lang='lat' dir='ltr'><strong>sive</strong></span> <span class='ocrx_word' id='word_1_366' title='bbox 2993 2302 3304 2356; x_wconf 80' lang='lat' dir='ltr'><strong>autumnale</strong></span> <span class='ocrx_word' id='word_1_367' title='bbox 3342 2302 3584 2370; x_wconf 72' lang='lat' dir='ltr'><strong>eligitur,</strong></span> 
     </span>
    </p>
   </div>
   <div class='ocr_carea' id='block_1_55' title="bbox 1992 2394 3592 2465">
    <p class='ocr_par' dir='ltr' id='par_1_55' title="bbox 1992 2394 3592 2465">
     <span class='ocr_line' id='line_1_55' title="bbox 1992 2394 3592 2465; baseline -0.002 -16"><span class='ocrx_word' id='word_1_368' title='bbox 1992 2409 2058 2449; x_wconf 89' lang='lat' dir='ltr'><strong>eo</strong></span> <span class='ocrx_word' id='word_1_369' title='bbox 2088 2396 2231 2464; x_wconf 91' lang='lat' dir='ltr'><strong>quod</strong></span> <span class='ocrx_word' id='word_1_370' title='bbox 2257 2395 2462 2451; x_wconf 88' lang='lat' dir='ltr'><strong>vernali</strong></span> <span class='ocrx_word' id='word_1_371' title='bbox 2493 2404 2733 2465; x_wconf 89' lang='lat' dir='ltr'><strong>tempore</strong></span> <span class='ocrx_word' id='word_1_372' title='bbox 2761 2404 2966 2452; x_wconf 87' lang='lat' dir='ltr'><strong>remota</strong></span> <span class='ocrx_word' id='word_1_373' title='bbox 3013 2395 3230 2449; x_wconf 87' lang='lat' dir='ltr'><strong>hiemali</strong></span> <span class='ocrx_word' id='word_1_374' title='bbox 3265 2394 3592 2462; x_wconf 66' lang='lat' dir='ltr'><strong>asperitate,</strong></span> 
     </span>
    </p>
   </div>
   <div class='ocr_carea' id='block_1_56' title="bbox 1992 2482 3572 2555">
    <p class='ocr_par' dir='ltr' id='par_1_56' title="bbox 1992 2482 3572 2555">
     <span class='ocr_line' id='line_1_56' title="bbox 1992 2482 3572 2555; baseline -0.003 -17"><span class='ocrx_word' id='word_1_375' title='bbox 1992 2501 2087 2539; x_wconf 88' lang='lat' dir='ltr'><strong>aer</strong></span> <span class='ocrx_word' id='word_1_376' title='bbox 2111 2484 2223 2552; x_wconf 87' lang='lat' dir='ltr'><strong>jam</strong></span> <span class='ocrx_word' id='word_1_377' title='bbox 2269 2486 2456 2555; x_wconf 91' lang='lat' dir='ltr'><strong>purior</strong></span> <span class='ocrx_word' id='word_1_378' title='bbox 2501 2485 2786 2538; x_wconf 88' lang='lat' dir='ltr'><strong>habeatur.</strong></span> <span class='ocrx_word' id='word_1_379' title='bbox 2839 2482 3154 2538; x_wconf 85' lang='lat' dir='ltr'><strong>Aulumnali</strong></span> <span class='ocrx_word' id='word_1_380' title='bbox 3194 2497 3345 2548; x_wconf 79' lang='lat' dir='ltr'><strong>vero,</strong></span> <span class='ocrx_word' id='word_1_381' title='bbox 3377 2482 3430 2535; x_wconf 83' lang='lat' dir='ltr'><strong>id</strong></span> <span class='ocrx_word' id='word_1_382' title='bbox 3483 2491 3572 2534; x_wconf 90' lang='lat' dir='ltr'><strong>est</strong></span> 
     </span>
    </p>
   </div>
   <div class='ocr_carea' id='block_1_57' title="bbox 1990 2575 3586 2648">
    <p class='ocr_par' dir='ltr' id='par_1_57' title="bbox 1990 2575 3586 2648">
     <span class='ocr_line' id='line_1_57' title="bbox 1990 2575 3586 2648; baseline -0.004 -16"><span class='ocrx_word' id='word_1_383' title='bbox 1990 2585 2113 2648; x_wconf 86' lang='lat' dir='ltr'><strong>post</strong></span> <span class='ocrx_word' id='word_1_384' title='bbox 2139 2575 2259 2631; x_wconf 89' lang='lat' dir='ltr'><strong>Idus</strong></span> <span class='ocrx_word' id='word_1_385' title='bbox 2283 2575 2640 2647; x_wconf 87' lang='lat' dir='ltr'><strong>Septembris,</strong></span> <span class='ocrx_word' id='word_1_386' title='bbox 2672 2577 2796 2645; x_wconf 89' lang='lat' dir='ltr'><strong>quia</strong></span> <span class='ocrx_word' id='word_1_387' title='bbox 2817 2575 2930 2645; x_wconf 87' lang='lat' dir='ltr'><strong>jam</strong></span> <span class='ocrx_word' id='word_1_388' title='bbox 2959 2590 3264 2629; x_wconf 86' lang='lat' dir='ltr'><strong>muscarum</strong></span> <span class='ocrx_word' id='word_1_389' title='bbox 3297 2581 3442 2630; x_wconf 87' lang='lat' dir='ltr'><strong>tanta</strong></span> <span class='ocrx_word' id='word_1_390' title='bbox 3473 2588 3586 2627; x_wconf 71' lang='lat' dir='ltr'><strong>non</strong></span> 
     </span>
    </p>
   </div>
   <div class='ocr_carea' id='block_1_58' title="bbox 1989 2665 3584 2736">
    <p class='ocr_par' dir='ltr' id='par_1_58' title="bbox 1989 2665 3584 2736">
     <span class='ocr_line' id='line_1_58' title="bbox 1989 2665 3584 2736; baseline -0.005 -13"><span class='ocrx_word' id='word_1_391' title='bbox 1989 2677 2072 2724; x_wconf 88' lang='lat' dir='ltr'><strong>est</strong></span> <span class='ocrx_word' id='word_1_392' title='bbox 2101 2668 2404 2731; x_wconf 88' lang='lat' dir='ltr'><strong>insolentia,</strong></span> <span class='ocrx_word' id='word_1_393' title='bbox 2433 2676 2489 2720; x_wconf 92' lang='lat' dir='ltr'><strong>ut</strong></span> <span class='ocrx_word' id='word_1_394' title='bbox 2542 2667 2594 2720; x_wconf 96' lang='lat' dir='ltr'><strong>iu</strong></span> <span class='ocrx_word' id='word_1_395' title='bbox 2645 2674 2884 2736; x_wconf 90' lang='lat' dir='ltr'><strong>tempore</strong></span> <span class='ocrx_word' id='word_1_396' title='bbox 2913 2665 3141 2729; x_wconf 77' lang='lat' dir='ltr'><strong>aestatis,</strong></span> <span class='ocrx_word' id='word_1_397' title='bbox 3174 2679 3405 2732; x_wconf 84' lang='lat' dir='ltr'><strong>quarum</strong></span> <span class='ocrx_word' id='word_1_398' title='bbox 3463 2678 3584 2716; x_wconf 83' lang='lat' dir='ltr'><strong>ma-</strong></span> 
     </span>
    </p>
   </div>
   <div class='ocr_carea' id='block_1_59' title="bbox 1990 2755 3568 2834">
    <p class='ocr_par' dir='ltr' id='par_1_59' title="bbox 1990 2755 3568 2834">
     <span class='ocr_line' id='line_1_59' title="bbox 1990 2755 3568 2834; baseline -0.003 -22"><span class='ocrx_word' id='word_1_399' title='bbox 1990 2759 2123 2812; x_wconf 88' lang='lat' dir='ltr'><strong>cul:e</strong></span> <span class='ocrx_word' id='word_1_400' title='bbox 2147 2758 2416 2814; x_wconf 85' lang='lat' dir='ltr'><strong>dillicilius</strong></span> <span class='ocrx_word' id='word_1_401' title='bbox 2446 2757 2755 2811; x_wconf 88' lang='lat' dir='ltr'><strong>abluuntur.</strong></span> <span class='ocrx_word' id='word_1_402' title='bbox 2784 2757 2864 2810; x_wconf 82' lang='lat' dir='ltr'><strong>Ad</strong></span> <span class='ocrx_word' id='word_1_403' title='bbox 2899 2757 3001 2810; x_wconf 88' lang='lat' dir='ltr'><strong>hoc</strong></span> <span class='ocrx_word' id='word_1_404' title='bbox 3029 2771 3160 2834; x_wconf 69' lang='lat' dir='ltr'><strong>sane</strong></span> <span class='ocrx_word' id='word_1_405' title='bbox 3205 2755 3568 2810; x_wconf 78' lang='lat' dir='ltr'><strong>ministerium</strong></span> 
     </span>
    </p>
   </div>
   <div class='ocr_carea' id='block_1_60' title="bbox 1990 2844 3577 2911">
    <p class='ocr_par' dir='ltr' id='par_1_60' title="bbox 1990 2844 3577 2911">
     <span class='ocr_line' id='line_1_60' title="bbox 1990 2844 3577 2911; baseline -0.004 -8"><span class='ocrx_word' id='word_1_406' title='bbox 1990 2849 2260 2904; x_wconf 87' lang='lat' dir='ltr'><strong>habentur</strong></span> <span class='ocrx_word' id='word_1_407' title='bbox 2297 2863 2425 2902; x_wconf 82' lang='lat' dir='ltr'><strong>vasa</strong></span> <span class='ocrx_word' id='word_1_408' title='bbox 2468 2863 2616 2901; x_wconf 73' lang='lat' dir='ltr'><strong>teneo</strong></span> <span class='ocrx_word' id='word_1_409' title='bbox 2669 2846 2961 2911; x_wconf 88' lang='lat' dir='ltr'><strong>altissima,</strong></span> <span class='ocrx_word' id='word_1_410' title='bbox 2992 2847 3154 2900; x_wconf 90' lang='lat' dir='ltr'><strong>nullis</strong></span> <span class='ocrx_word' id='word_1_411' title='bbox 3212 2844 3333 2899; x_wconf 86' lang='lat' dir='ltr'><strong>aliis</strong></span> <span class='ocrx_word' id='word_1_412' title='bbox 3386 2846 3577 2908; x_wconf 71' lang='lat' dir='ltr'><strong>usibus</strong></span> 
     </span>
    </p>
   </div>
   <div class='ocr_carea' id='block_1_61' title="bbox 1989 2937 3580 3009">
    <p class='ocr_par' dir='ltr' id='par_1_61' title="bbox 1989 2937 3580 3009">
     <span class='ocr_line' id='line_1_61' title="bbox 1989 2937 3580 3009; baseline -0.003 -15"><span class='ocrx_word' id='word_1_413' title='bbox 1989 2941 2187 3005; x_wconf 89' lang='lat' dir='ltr'><strong>dedita,</strong></span> <span class='ocrx_word' id='word_1_414' title='bbox 2210 2944 2260 2994; x_wconf 91' lang='lat' dir='ltr'><strong>in</strong></span> <span class='ocrx_word' id='word_1_415' title='bbox 2285 2940 2478 3009; x_wconf 85' lang='lat' dir='ltr'><strong>quibus</strong></span> <span class='ocrx_word' id='word_1_416' title='bbox 2495 2947 2616 3009; x_wconf 92' lang='lat' dir='ltr'><strong>post</strong></span> <span class='ocrx_word' id='word_1_417' title='bbox 2637 2953 2890 3008; x_wconf 81' lang='lat' dir='ltr'><strong>vesperas</strong></span> <span class='ocrx_word' id='word_1_418' title='bbox 2905 2940 2958 2992; x_wconf 93' lang='lat' dir='ltr'><strong>in</strong></span> <span class='ocrx_word' id='word_1_419' title='bbox 2971 2937 3202 2993; x_wconf 87' lang='lat' dir='ltr'><strong>ecclesia</strong></span> <span class='ocrx_word' id='word_1_420' title='bbox 3224 2937 3306 2992; x_wconf 86' lang='lat' dir='ltr'><strong>bis</strong></span> <span class='ocrx_word' id='word_1_421' title='bbox 3323 2951 3580 3006; x_wconf 76' lang='lat' dir='ltr'><strong>corpora-</strong></span> 
     </span>
    </p>
   </div>
   <div class='ocr_carea' id='block_1_62' title="bbox 1990 3029 3582 3102">
    <p class='ocr_par' dir='ltr' id='par_1_62' title="bbox 1990 3029 3582 3102">
     <span class='ocr_line' id='line_1_62' title="bbox 1990 3029 3582 3102; baseline -0.003 -18"><span class='ocrx_word' id='word_1_422' title='bbox 1990 3031 2060 3086; x_wconf 89' lang='lat' dir='ltr'><strong>lia</strong></span> <span class='ocrx_word' id='word_1_423' title='bbox 2108 3034 2448 3102; x_wconf 84' lang='lat' dir='ltr'><strong>intinguntur</strong></span> <span class='ocrx_word' id='word_1_424' title='bbox 2499 3047 2651 3100; x_wconf 73' lang='lat' dir='ltr'><strong>aquce</strong></span> <span class='ocrx_word' id='word_1_425' title='bbox 2695 3031 3003 3102; x_wconf 45' lang='lat' dir='ltr'><strong>frigidaget</strong></span> <span class='ocrx_word' id='word_1_426' title='bbox 3032 3038 3282 3084; x_wconf 85' lang='lat' dir='ltr'><strong>teruntur</strong></span> <span class='ocrx_word' id='word_1_427' title='bbox 3310 3029 3362 3082; x_wconf 88' lang='lat' dir='ltr'><strong>in</strong></span> <span class='ocrx_word' id='word_1_428' title='bbox 3407 3029 3582 3082; x_wconf 85' lang='lat' dir='ltr'><strong>mani-</strong></span> 
     </span>
    </p>
   </div>
   <div class='ocr_carea' id='block_1_63' title="bbox 303 3097 3576 3212">
    <p class='ocr_par' dir='ltr' id='par_1_63' title="bbox 303 3097 3576 3212">
     <span class='ocr_line' id='line_1_63' title="bbox 303 3097 3576 3212; baseline -0.002 -35"><span class='ocrx_word' id='word_1_429' title='bbox 303 3119 570 3212; x_wconf 66' lang='lat' dir='ltr'><strong>Vicarium</strong></span> <span class='ocrx_word' id='word_1_430' title='bbox 593 3126 694 3181; x_wconf 91' lang='lat' dir='ltr'><strong>sibi</strong></span> <span class='ocrx_word' id='word_1_431' title='bbox 716 3131 910 3197; x_wconf 66' lang='lat' dir='ltr'><strong>quaerit</strong></span> <span class='ocrx_word' id='word_1_432' title='bbox 931 3134 1130 3194; x_wconf 57' lang='grc' dir='ltr'><strong>δαιιυο</strong></span> <span class='ocrx_word' id='word_1_433' title='bbox 1156 3153 1292 3208; x_wconf 73' lang='lat' dir='ltr'><strong>opus</strong></span> <span class='ocrx_word' id='word_1_434' title='bbox 1309 3097 1889 3212; x_wconf 43' lang='grc' dir='ltr'><strong>ρενῆξίεῦἀξξῖᾜιῑόξ</strong></span> <span class='ocrx_word' id='word_1_435' title='bbox 1916 3097 1959 3157; x_wconf 76' lang='lat' dir='ltr'><strong>C</strong></span> <span class='ocrx_word' id='word_1_436' title='bbox 1992 3125 2125 3186; x_wconf 81' lang='lat' dir='ltr'><strong>bus;</strong></span> <span class='ocrx_word' id='word_1_437' title='bbox 2166 3124 2360 3178; x_wconf 90' lang='lat' dir='ltr'><strong>iterum</strong></span> <span class='ocrx_word' id='word_1_438' title='bbox 2407 3138 2544 3192; x_wconf 85' lang='lat' dir='ltr'><strong>aqua</strong></span> <span class='ocrx_word' id='word_1_439' title='bbox 2588 3122 2747 3212; x_wconf 89' lang='lat' dir='ltr'><strong>tertio</strong></span> <span class='ocrx_word' id='word_1_440' title='bbox 2777 3120 3100 3212; x_wconf 80' lang='lat' dir='ltr'><strong>infunditur,</strong></span> <span class='ocrx_word' id='word_1_441' title='bbox 3132 3121 3206 3172; x_wconf 90' lang='lat' dir='ltr'><strong>ita</strong></span> <span class='ocrx_word' id='word_1_442' title='bbox 3243 3135 3337 3212; x_wconf 81' lang='lat' dir='ltr'><strong>per</strong></span> <span class='ocrx_word' id='word_1_443' title='bbox 3362 3128 3576 3212; x_wconf 83' lang='lat' dir='ltr'><strong>noctem</strong></span> 
     </span>
    </p>
   </div>
   <div class='ocr_carea' id='block_1_64' title="bbox 303 3211 1888 3310">
    <p class='ocr_par' dir='ltr' id='par_1_64' title="bbox 303 3211 1888 3310">
     <span class='ocr_line' id='line_1_64' title="bbox 303 3211 1888 3310; baseline 0.021 -45"><span class='ocrx_word' id='word_1_444' title='bbox 303 3211 469 3310; x_wconf 75' lang='lat' dir='ltr'><strong>etiam</strong></span> <span class='ocrx_word' id='word_1_445' title='bbox 505 3214 643 3272; x_wconf 89' lang='lat' dir='ltr'><strong>alios</strong></span> <span class='ocrx_word' id='word_1_446' title='bbox 670 3218 737 3274; x_wconf 90' lang='lat' dir='ltr'><strong>de</strong></span> <span class='ocrx_word' id='word_1_447' title='bbox 775 3220 862 3276; x_wconf 91' lang='lat' dir='ltr'><strong>bis</strong></span> <span class='ocrx_word' id='word_1_448' title='bbox 891 3225 1176 3285; x_wconf 89' lang='lat' dir='ltr'><strong>ordinibus</strong></span> <span class='ocrx_word' id='word_1_449' title='bbox 1219 3232 1378 3302; x_wconf 85' lang='lat' dir='ltr'><strong>hujus</strong></span> <span class='ocrx_word' id='word_1_450' title='bbox 1405 3237 1483 3290; x_wconf 91' lang='lat' dir='ltr'><strong>rei</strong></span> <span class='ocrx_word' id='word_1_451' title='bbox 1514 3254 1715 3308; x_wconf 88' lang='lat' dir='ltr'><strong>gnaros</strong></span> <span class='ocrx_word' id='word_1_452' title='bbox 1765 3257 1888 3310; x_wconf 90' lang='lat' dir='ltr'><strong>per-</strong></span> 
     </span>
    </p>
   </div>
   <div class='ocr_carea' id='block_1_65' title="bbox 303 3303 1882 3387">
    <p class='ocr_par' dir='ltr' id='par_1_65' title="bbox 303 3303 1882 3387">
     <span class='ocr_line' id='line_1_65' title="bbox 303 3303 1882 3387; baseline 0.02 -33"><span class='ocrx_word' id='word_1_453' title='bbox 303 3303 725 3378; x_wconf 89' lang='lat' dir='ltr'><strong>quirit,acccpta</strong></span> <span class='ocrx_word' id='word_1_454' title='bbox 755 3310 967 3369; x_wconf 87' lang='lat' dir='ltr'><strong>licentia</strong></span> <span class='ocrx_word' id='word_1_455' title='bbox 996 3320 1242 3387; x_wconf 89' lang='lat' dir='ltr'><strong>apriore,</strong></span> <span class='ocrx_word' id='word_1_456' title='bbox 1269 3332 1323 3378; x_wconf 92' lang='lat' dir='ltr'><strong>et</strong></span> <span class='ocrx_word' id='word_1_457' title='bbox 1353 3303 1882 3385; x_wconf 38' lang='lat' dir='ltr'><strong>nnum‘eonversum.</strong></span> 
     </span>
    </p>
   </div>
   <div class='ocr_carea' id='block_1_66' title="bbox 301 3393 1882 3482">
    <p class='ocr_par' dir='ltr' id='par_1_66' title="bbox 301 3393 1882 3482">
     <span class='ocr_line' id='line_1_66' title="bbox 301 3393 1882 3482; baseline 0.018 -34"><span class='ocrx_word' id='word_1_458' title='bbox 301 3393 366 3449; x_wconf 83' lang='lat' dir='ltr'><strong>lli</strong></span> <span class='ocrx_word' id='word_1_459' title='bbox 397 3408 630 3466; x_wconf 84' lang='lat' dir='ltr'><strong>quatuor</strong></span> <span class='ocrx_word' id='word_1_460' title='bbox 661 3401 826 3459; x_wconf 81' lang='lat' dir='ltr'><strong>finitis</strong></span> <span class='ocrx_word' id='word_1_461' title='bbox 848 3412 1148 3474; x_wconf 89' lang='lat' dir='ltr'><strong>nocturnis,</strong></span> <span class='ocrx_word' id='word_1_462' title='bbox 1187 3429 1244 3468; x_wconf 92' lang='lat' dir='ltr'><strong>se</strong></span> <span class='ocrx_word' id='word_1_463' title='bbox 1271 3416 1534 3482; x_wconf 87' lang='lat' dir='ltr'><strong>calceant,</strong></span> <span class='ocrx_word' id='word_1_464' title='bbox 1569 3419 1734 3476; x_wconf 83' lang='lat' dir='ltr'><strong>facies</strong></span> <span class='ocrx_word' id='word_1_465' title='bbox 1769 3438 1882 3476; x_wconf 89' lang='lat' dir='ltr'><strong>ma-</strong></span> 
     </span>
    </p>
   </div>
   <div class='ocr_carea' id='block_1_67' title="bbox 302 3491 1887 3572">
    <p class='ocr_par' dir='ltr' id='par_1_67' title="bbox 302 3491 1887 3572">
     <span class='ocr_line' id='line_1_67' title="bbox 302 3491 1887 3572; baseline 0.019 -34"><span class='ocrx_word' id='word_1_466' title='bbox 302 3502 512 3559; x_wconf 81' lang='lat' dir='ltr'><strong>nusque</strong></span> <span class='ocrx_word' id='word_1_467' title='bbox 551 3491 752 3555; x_wconf 81' lang='lat' dir='ltr'><strong>lavant.</strong></span> <span class='ocrx_word' id='word_1_468' title='bbox 782 3506 838 3551; x_wconf 90' lang='lat' dir='ltr'><strong>et</strong></span> <span class='ocrx_word' id='word_1_469' title='bbox 889 3502 1067 3569; x_wconf 89' lang='lat' dir='ltr'><strong>capita</strong></span> <span class='ocrx_word' id='word_1_470' title='bbox 1108 3517 1330 3572; x_wconf 80' lang='lat' dir='ltr'><strong>pexunt.</strong></span> <span class='ocrx_word' id='word_1_471' title='bbox 1372 3509 1642 3565; x_wconf 84' lang='lat' dir='ltr'><strong>Secedunt</strong></span> <span class='ocrx_word' id='word_1_472' title='bbox 1693 3513 1887 3568; x_wconf 86' lang='lat' dir='ltr'><strong>deinde</strong></span> 
     </span>
    </p>
   </div>
   <div class='ocr_carea' id='block_1_68' title="bbox 301 3580 1888 3661">
    <p class='ocr_par' dir='ltr' id='par_1_68' title="bbox 301 3580 1888 3661">
     <span class='ocr_line' id='line_1_68' title="bbox 301 3580 1888 3661; baseline 0.02 -31"><span class='ocrx_word' id='word_1_473' title='bbox 301 3580 369 3633; x_wconf 86' lang='lat' dir='ltr'><strong>ad</strong></span> <span class='ocrx_word' id='word_1_474' title='bbox 425 3581 598 3637; x_wconf 87' lang='lat' dir='ltr'><strong>altare</strong></span> <span class='ocrx_word' id='word_1_475' title='bbox 657 3584 715 3638; x_wconf 88' lang='lat' dir='ltr'><strong>S.</strong></span> <span class='ocrx_word' id='word_1_476' title='bbox 764 3587 1065 3658; x_wconf 85' lang='lat' dir='ltr'><strong>Benedicti,</strong></span> <span class='ocrx_word' id='word_1_477' title='bbox 1096 3603 1150 3650; x_wconf 86' lang='lat' dir='ltr'><strong>et</strong></span> <span class='ocrx_word' id='word_1_478' title='bbox 1205 3599 1275 3652; x_wconf 88' lang='lat' dir='ltr'><strong>ibi</strong></span> <span class='ocrx_word' id='word_1_479' title='bbox 1339 3611 1559 3656; x_wconf 89' lang='lat' dir='ltr'><strong>cantant</strong></span> <span class='ocrx_word' id='word_1_480' title='bbox 1597 3607 1888 3661; x_wconf 85' lang='lat' dir='ltr'><strong>matutinas</strong></span> 
     </span>
    </p>
   </div>
   <div class='ocr_carea' id='block_1_69' title="bbox 302 3669 1894 3765">
    <p class='ocr_par' dir='ltr' id='par_1_69' title="bbox 302 3669 1894 3765">
     <span class='ocr_line' id='line_1_69' title="bbox 302 3669 1894 3765; baseline 0.021 -44"><span class='ocrx_word' id='word_1_481' title='bbox 302 3669 519 3736; x_wconf 86' lang='lat' dir='ltr'><strong>laudes;</strong></span> <span class='ocrx_word' id='word_1_482' title='bbox 547 3675 778 3743; x_wconf 88' lang='lat' dir='ltr'><strong>primam</strong></span> <span class='ocrx_word' id='word_1_483' title='bbox 832 3696 1046 3752; x_wconf 88' lang='lat' dir='ltr'><strong>quoque</strong></span> <span class='ocrx_word' id='word_1_484' title='bbox 1081 3687 1262 3754; x_wconf 85' lang='lat' dir='ltr'><strong>simul,</strong></span> <span class='ocrx_word' id='word_1_485' title='bbox 1295 3700 1350 3744; x_wconf 91' lang='lat' dir='ltr'><strong>et</strong></span> <span class='ocrx_word' id='word_1_486' title='bbox 1401 3703 1604 3761; x_wconf 89' lang='lat' dir='ltr'><strong>septem</strong></span> <span class='ocrx_word' id='word_1_487' title='bbox 1651 3697 1894 3765; x_wconf 81' lang='lat' dir='ltr'><strong>psalmos</strong></span> 
     </span>
    </p>
   </div>
   <div class='ocr_carea' id='block_1_70' title="bbox 300 3764 1888 3846">
    <p class='ocr_par' dir='ltr' id='par_1_70' title="bbox 300 3764 1888 3846">
     <span class='ocr_line' id='line_1_70' title="bbox 300 3764 1888 3846; baseline 0.02 -32"><span class='ocrx_word' id='word_1_488' title='bbox 300 3776 422 3816; x_wconf 90' lang='lat' dir='ltr'><strong>cum</strong></span> <span class='ocrx_word' id='word_1_489' title='bbox 451 3764 878 3841; x_wconf 87' lang='lat' dir='ltr'><strong>litania,re|iqua</strong></span> <span class='ocrx_word' id='word_1_490' title='bbox 909 3776 1205 3839; x_wconf 88' lang='lat' dir='ltr'><strong>psalmodia</strong></span> <span class='ocrx_word' id='word_1_491' title='bbox 1231 3780 1446 3838; x_wconf 91' lang='lat' dir='ltr'><strong>interim</strong></span> <span class='ocrx_word' id='word_1_492' title='bbox 1475 3764 1662 3841; x_wconf 78' lang='lat' dir='ltr'><strong>dilata.</strong></span> <span class='ocrx_word' id='word_1_493' title='bbox 1684 3787 1888 3846; x_wconf 82' lang='lat' dir='ltr'><strong>Deinde</strong></span> 
     </span>
    </p>
   </div>
   <div class='ocr_carea' id='block_1_71' title="bbox 301 3855 1887 3939">
    <p class='ocr_par' dir='ltr' id='par_1_71' title="bbox 301 3855 1887 3939">
     <span class='ocr_line' id='line_1_71' title="bbox 301 3855 1887 3939; baseline 0.018 -29"><span class='ocrx_word' id='word_1_494' title='bbox 301 3855 376 3910; x_wconf 90' lang='lat' dir='ltr'><strong>illi</strong></span> <span class='ocrx_word' id='word_1_495' title='bbox 408 3864 517 3914; x_wconf 88' lang='lat' dir='ltr'><strong>tres</strong></span> <span class='ocrx_word' id='word_1_496' title='bbox 564 3861 657 3930; x_wconf 86' lang='lat' dir='ltr'><strong>qui</strong></span> <span class='ocrx_word' id='word_1_497' title='bbox 685 3873 814 3919; x_wconf 93' lang='lat' dir='ltr'><strong>sunt</strong></span> <span class='ocrx_word' id='word_1_498' title='bbox 840 3866 1068 3936; x_wconf 85' lang='lat' dir='ltr'><strong>alicujus</strong></span> <span class='ocrx_word' id='word_1_499' title='bbox 1110 3873 1340 3937; x_wconf 87' lang='lat' dir='ltr'><strong>ordinis,</strong></span> <span class='ocrx_word' id='word_1_500' title='bbox 1370 3876 1601 3934; x_wconf 90' lang='lat' dir='ltr'><strong>induunt</strong></span> <span class='ocrx_word' id='word_1_501' title='bbox 1640 3895 1698 3936; x_wconf 91' lang='lat' dir='ltr'><strong>se</strong></span> <span class='ocrx_word' id='word_1_502' title='bbox 1749 3882 1887 3939; x_wconf 84' lang='lat' dir='ltr'><strong>albis</strong></span> 
     </span>
    </p>
   </div>
   <div class='ocr_carea' id='block_1_72' title="bbox 301 3947 1885 4032">
    <p class='ocr_par' dir='ltr' id='par_1_72' title="bbox 301 3947 1885 4032">
     <span class='ocr_line' id='line_1_72' title="bbox 301 3947 1885 4032; baseline 0.02 -33"><span class='ocrx_word' id='word_1_503' title='bbox 301 3955 356 4002; x_wconf 77' lang='lat' dir='ltr'><strong>et</strong></span> <span class='ocrx_word' id='word_1_504' title='bbox 397 3947 902 4020; x_wconf 66' lang='lat' dir='ltr'><strong>humeralihus,‘ut</strong></span> <span class='ocrx_word' id='word_1_505' title='bbox 952 3975 1115 4032; x_wconf 85' lang='lat' dir='ltr'><strong>supra</strong></span> <span class='ocrx_word' id='word_1_506' title='bbox 1163 3963 1367 4020; x_wconf 90' lang='lat' dir='ltr'><strong>dictum</strong></span> <span class='ocrx_word' id='word_1_507' title='bbox 1425 3977 1511 4024; x_wconf 90' lang='lat' dir='ltr'><strong>est</strong></span> <span class='ocrx_word' id='word_1_508' title='bbox 1571 3971 1639 4026; x_wconf 92' lang='lat' dir='ltr'><strong>de</strong></span> <span class='ocrx_word' id='word_1_509' title='bbox 1683 3972 1885 4030; x_wconf 80' lang='lat' dir='ltr'><strong>famulo</strong></span> 
     </span>
    </p>
   </div>
   <div class='ocr_carea' id='block_1_73' title="bbox 302 4037 1885 4136">
    <p class='ocr_par' dir='ltr' id='par_1_73' title="bbox 302 4037 1885 4136">
     <span class='ocr_line' id='line_1_73' title="bbox 302 4037 1885 4136; baseline 0.021 -47"><span class='ocrx_word' id='word_1_510' title='bbox 302 4037 447 4136; x_wconf 79' lang='lat' dir='ltr'><strong>(sunt</strong></span> <span class='ocrx_word' id='word_1_511' title='bbox 466 4042 610 4096; x_wconf 89' lang='lat' dir='ltr'><strong>enim</strong></span> <span class='ocrx_word' id='word_1_512' title='bbox 639 4045 775 4102; x_wconf 58' lang='lat' dir='ltr'><strong>albas</strong></span> <span class='ocrx_word' id='word_1_513' title='bbox 811 4057 864 4103; x_wconf 93' lang='lat' dir='ltr'><strong>et</strong></span> <span class='ocrx_word' id='word_1_514' title='bbox 886 4051 1116 4108; x_wconf 88' lang='lat' dir='ltr'><strong>amictus</strong></span> <span class='ocrx_word' id='word_1_515' title='bbox 1141 4056 1358 4124; x_wconf 89' lang='lat' dir='ltr'><strong>quidam</strong></span> <span class='ocrx_word' id='word_1_516' title='bbox 1383 4059 1510 4117; x_wconf 88' lang='lat' dir='ltr'><strong>huic</strong></span> <span class='ocrx_word' id='word_1_517' title='bbox 1530 4062 1644 4120; x_wconf 92' lang='lat' dir='ltr'><strong>solo</strong></span> <span class='ocrx_word' id='word_1_518' title='bbox 1670 4068 1885 4136; x_wconf 89' lang='lat' dir='ltr'><strong>negotio</strong></span> 
     </span>
    </p>
   </div>
   <div class='ocr_carea' id='block_1_74' title="bbox 301 4130 1884 4224">
    <p class='ocr_par' dir='ltr' id='par_1_74' title="bbox 301 4130 1884 4224">
     <span class='ocr_line' id='line_1_74' title="bbox 301 4130 1884 4224; baseline 0.022 -44"><span class='ocrx_word' id='word_1_519' title='bbox 301 4130 589 4204; x_wconf 76' lang='lat' dir='ltr'><strong>deputati),</strong></span> <span class='ocrx_word' id='word_1_520' title='bbox 619 4150 850 4204; x_wconf 88' lang='lat' dir='ltr'><strong>quorum</strong></span> <span class='ocrx_word' id='word_1_521' title='bbox 887 4157 1026 4198; x_wconf 88' lang='lat' dir='ltr'><strong>unus</strong></span> <span class='ocrx_word' id='word_1_522' title='bbox 1053 4145 1282 4202; x_wconf 86' lang='lat' dir='ltr'><strong>farinam</strong></span> <span class='ocrx_word' id='word_1_523' title='bbox 1305 4155 1614 4224; x_wconf 84' lang='lat' dir='ltr'><strong>conspergit</strong></span> <span class='ocrx_word' id='word_1_524' title='bbox 1635 4166 1690 4210; x_wconf 91' lang='lat' dir='ltr'><strong>et</strong></span> <span class='ocrx_word' id='word_1_525' title='bbox 1720 4130 1884 4214; x_wconf 66' lang='lat' dir='ltr'><strong>vehe-</strong></span> 
     </span>
    </p>
   </div>
   <div class='ocr_carea' id='block_1_75' title="bbox 302 4224 1884 4308">
    <p class='ocr_par' dir='ltr' id='par_1_75' title="bbox 302 4224 1884 4308">
     <span class='ocr_line' id='line_1_75' title="bbox 302 4224 1884 4308; baseline 0.021 -37"><span class='ocrx_word' id='word_1_526' title='bbox 302 4224 634 4280; x_wconf 87' lang='lat' dir='ltr'><strong>mentissime</strong></span> <span class='ocrx_word' id='word_1_527' title='bbox 655 4231 987 4302; x_wconf 85' lang='lat' dir='ltr'><strong>compinguit</strong></span> <span class='ocrx_word' id='word_1_528' title='bbox 1019 4235 1137 4308; x_wconf 76' lang='lat' dir='ltr'><strong>(sic)</strong></span> <span class='ocrx_word' id='word_1_529' title='bbox 1167 4254 1328 4308; x_wconf 90' lang='lat' dir='ltr'><strong>super</strong></span> <span class='ocrx_word' id='word_1_530' title='bbox 1366 4243 1600 4299; x_wconf 85' lang='lat' dir='ltr'><strong>tabulam</strong></span> <span class='ocrx_word' id='word_1_531' title='bbox 1626 4248 1884 4304; x_wconf 89' lang='lat' dir='ltr'><strong>nitidissi-</strong></span> 
     </span>
    </p>
   </div>
   <div class='ocr_carea' id='block_1_76' title="bbox 298 4314 1880 4406">
    <p class='ocr_par' dir='ltr' id='par_1_76' title="bbox 298 4314 1880 4406">
     <span class='ocr_line' id='line_1_76' title="bbox 298 4314 1880 4406; baseline 0.02 -44"><span class='ocrx_word' id='word_1_532' title='bbox 298 4325 439 4406; x_wconf 73' lang='lat' dir='ltr'><strong>mam</strong></span> <span class='ocrx_word' id='word_1_533' title='bbox 473 4314 764 4406; x_wconf 87' lang='lat' dir='ltr'><strong>habentem</strong></span> <span class='ocrx_word' id='word_1_534' title='bbox 815 4321 1039 4378; x_wconf 90' lang='lat' dir='ltr'><strong>limhum</strong></span> <span class='ocrx_word' id='word_1_535' title='bbox 1097 4328 1151 4381; x_wconf 91' lang='lat' dir='ltr'><strong>in</strong></span> <span class='ocrx_word' id='word_1_536' title='bbox 1195 4329 1456 4398; x_wconf 90' lang='lat' dir='ltr'><strong>circuitu,</strong></span> <span class='ocrx_word' id='word_1_537' title='bbox 1489 4335 1880 4406; x_wconf 86' lang='lat' dir='ltr'><strong>aliquantulum</strong></span> 
     </span>
    </p>
   </div>
   <div class='ocr_carea' id='block_1_77' title="bbox 1991 3208 3584 3278">
    <p class='ocr_par' dir='ltr' id='par_1_77' title="bbox 1991 3208 3584 3278">
     <span class='ocr_line' id='line_1_77' title="bbox 1991 3208 3584 3278; baseline -0.005 -12"><span class='ocrx_word' id='word_1_538' title='bbox 1991 3227 2276 3278; x_wconf 86' lang='lat' dir='ltr'><strong>mansura;</strong></span> <span class='ocrx_word' id='word_1_539' title='bbox 2302 3227 2458 3264; x_wconf 89' lang='lat' dir='ltr'><strong>mane</strong></span> <span class='ocrx_word' id='word_1_540' title='bbox 2482 3227 2611 3266; x_wconf 88' lang='lat' dir='ltr'><strong>vero</strong></span> <span class='ocrx_word' id='word_1_541' title='bbox 2639 3211 2938 3264; x_wconf 89' lang='lat' dir='ltr'><strong>inlunditur</strong></span> <span class='ocrx_word' id='word_1_542' title='bbox 2968 3210 3108 3264; x_wconf 89' lang='lat' dir='ltr'><strong>sicut</strong></span> <span class='ocrx_word' id='word_1_543' title='bbox 3141 3218 3197 3263; x_wconf 91' lang='lat' dir='ltr'><strong>et</strong></span> <span class='ocrx_word' id='word_1_544' title='bbox 3229 3209 3380 3277; x_wconf 87' lang='lat' dir='ltr'><strong>prius</strong></span> <span class='ocrx_word' id='word_1_545' title='bbox 3419 3208 3584 3276; x_wconf 30' lang='lat' dir='ltr'><strong>inpia</strong></span> 
     </span>
    </p>
   </div>
   <div class='ocr_carea' id='block_1_78' title="bbox 1991 3302 3580 3374">
    <p class='ocr_par' dir='ltr' id='par_1_78' title="bbox 1991 3302 3580 3374">
     <span class='ocr_line' id='line_1_78' title="bbox 1991 3302 3580 3374; baseline -0.003 -15"><span class='ocrx_word' id='word_1_546' title='bbox 1991 3306 2197 3360; x_wconf 88' lang='lat' dir='ltr'><strong>seiuam</strong></span> <span class='ocrx_word' id='word_1_547' title='bbox 2215 3319 2377 3374; x_wconf 90' lang='lat' dir='ltr'><strong>super</strong></span> <span class='ocrx_word' id='word_1_548' title='bbox 2397 3319 2558 3373; x_wconf 89' lang='lat' dir='ltr'><strong>quam</strong></span> <span class='ocrx_word' id='word_1_549' title='bbox 2573 3303 2770 3357; x_wconf 86' lang='lat' dir='ltr'><strong>calices</strong></span> <span class='ocrx_word' id='word_1_550' title='bbox 2789 3302 3057 3356; x_wconf 82' lang='lat' dir='ltr'><strong>lavantur.</strong></span> <span class='ocrx_word' id='word_1_551' title='bbox 3073 3303 3367 3356; x_wconf 81' lang='lat' dir='ltr'><strong>Portantur</strong></span> <span class='ocrx_word' id='word_1_552' title='bbox 3383 3302 3580 3355; x_wconf 80' lang='lat' dir='ltr'><strong>deinde</strong></span> 
     </span>
    </p>
   </div>
   <div class='ocr_carea' id='block_1_79' title="bbox 1993 3394 3574 3466">
    <p class='ocr_par' dir='ltr' id='par_1_79' title="bbox 1993 3394 3574 3466">
     <span class='ocr_line' id='line_1_79' title="bbox 1993 3394 3574 3466; baseline -0.001 -18"><span class='ocrx_word' id='word_1_553' title='bbox 1993 3397 2120 3451; x_wconf 82' lang='lat' dir='ltr'><strong>foris</strong></span> <span class='ocrx_word' id='word_1_554' title='bbox 2150 3396 2216 3450; x_wconf 88' lang='lat' dir='ltr'><strong>ad</strong></span> <span class='ocrx_word' id='word_1_555' title='bbox 2251 3397 2520 3452; x_wconf 85' lang='lat' dir='ltr'><strong>olIicinam</strong></span> <span class='ocrx_word' id='word_1_556' title='bbox 2548 3397 2852 3459; x_wconf 87' lang='lat' dir='ltr'><strong>secretarii,</strong></span> <span class='ocrx_word' id='word_1_557' title='bbox 2884 3398 3066 3466; x_wconf 90' lang='lat' dir='ltr'><strong>inqua</strong></span> <span class='ocrx_word' id='word_1_558' title='bbox 3093 3406 3220 3451; x_wconf 91' lang='lat' dir='ltr'><strong>sunt</strong></span> <span class='ocrx_word' id='word_1_559' title='bbox 3269 3394 3574 3459; x_wconf 84' lang='lat' dir='ltr'><strong>abluenda;</strong></span> 
     </span>
    </p>
   </div>
   <div class='ocr_carea' id='block_1_80' title="bbox 1991 3485 3576 3557">
    <p class='ocr_par' dir='ltr' id='par_1_80' title="bbox 1991 3485 3576 3557">
     <span class='ocr_line' id='line_1_80' title="bbox 1991 3485 3576 3557; baseline 0.001 -18"><span class='ocrx_word' id='word_1_560' title='bbox 1991 3486 2062 3541; x_wconf 92' lang='lat' dir='ltr'><strong>ibi</strong></span> <span class='ocrx_word' id='word_1_561' title='bbox 2081 3503 2312 3556; x_wconf 90' lang='lat' dir='ltr'><strong>namque</strong></span> <span class='ocrx_word' id='word_1_562' title='bbox 2327 3487 2508 3540; x_wconf 88' lang='lat' dir='ltr'><strong>famuli</strong></span> <span class='ocrx_word' id='word_1_563' title='bbox 2529 3487 2779 3541; x_wconf 76' lang='lat' dir='ltr'><strong>lexiviam</strong></span> <span class='ocrx_word' id='word_1_564' title='bbox 2798 3486 2916 3557; x_wconf 77' lang='lat' dir='ltr'><strong>(sic)</strong></span> <span class='ocrx_word' id='word_1_565' title='bbox 2946 3493 3248 3555; x_wconf 85' lang='lat' dir='ltr'><strong>temperant</strong></span> <span class='ocrx_word' id='word_1_566' title='bbox 3264 3485 3576 3553; x_wconf 84' lang='lat' dir='ltr'><strong>limpidissi-</strong></span> 
     </span>
    </p>
   </div>
   <div class='ocr_carea' id='block_1_81' title="bbox 1990 3576 3569 3646">
    <p class='ocr_par' dir='ltr' id='par_1_81' title="bbox 1990 3576 3569 3646">
     <span class='ocr_line' id='line_1_81' title="bbox 1990 3576 3569 3646; baseline -0.002 -16"><span class='ocrx_word' id='word_1_567' title='bbox 1990 3591 2132 3630; x_wconf 87' lang='lat' dir='ltr'><strong>mam</strong></span> <span class='ocrx_word' id='word_1_568' title='bbox 2163 3585 2218 3630; x_wconf 90' lang='lat' dir='ltr'><strong>et</strong></span> <span class='ocrx_word' id='word_1_569' title='bbox 2246 3577 2657 3646; x_wconf 83' lang='lat' dir='ltr'><strong>diligentissime</strong></span> <span class='ocrx_word' id='word_1_570' title='bbox 2694 3576 2892 3638; x_wconf 89' lang='lat' dir='ltr'><strong>colant,</strong></span> <span class='ocrx_word' id='word_1_571' title='bbox 2932 3586 2988 3630; x_wconf 85' lang='lat' dir='ltr'><strong>et</strong></span> <span class='ocrx_word' id='word_1_572' title='bbox 3011 3586 3187 3630; x_wconf 89' lang='lat' dir='ltr'><strong>tamen</strong></span> <span class='ocrx_word' id='word_1_573' title='bbox 3221 3591 3569 3645; x_wconf 87' lang='lat' dir='ltr'><strong>nequaquam</strong></span> 
     </span>
    </p>
   </div>
   <div class='ocr_carea' id='block_1_82' title="bbox 1989 3667 3570 3738">
    <p class='ocr_par' dir='ltr' id='par_1_82' title="bbox 1989 3667 3570 3738">
     <span class='ocr_line' id='line_1_82' title="bbox 1989 3667 3570 3738; baseline -0.001 -17"><span class='ocrx_word' id='word_1_574' title='bbox 1989 3667 2305 3734; x_wconf 77' lang='lat' dir='ltr'><strong>effunditur,</strong></span> <span class='ocrx_word' id='word_1_575' title='bbox 2336 3669 2437 3724; x_wconf 86' lang='lat' dir='ltr'><strong>nisi</strong></span> <span class='ocrx_word' id='word_1_576' title='bbox 2466 3669 2618 3738; x_wconf 90' lang='lat' dir='ltr'><strong>prius</strong></span> <span class='ocrx_word' id='word_1_577' title='bbox 2663 3668 2716 3722; x_wconf 92' lang='lat' dir='ltr'><strong>in</strong></span> <span class='ocrx_word' id='word_1_578' title='bbox 2754 3667 3043 3738; x_wconf 85' lang='lat' dir='ltr'><strong>superﬁcie</strong></span> <span class='ocrx_word' id='word_1_579' title='bbox 3068 3683 3246 3736; x_wconf 89' lang='lat' dir='ltr'><strong>panno</strong></span> <span class='ocrx_word' id='word_1_580' title='bbox 3287 3668 3397 3721; x_wconf 89' lang='lat' dir='ltr'><strong>sint</strong></span> <span class='ocrx_word' id='word_1_581' title='bbox 3421 3667 3570 3721; x_wconf 84' lang='lat' dir='ltr'><strong>invo-</strong></span> 
     </span>
    </p>
   </div>
   <div class='ocr_carea' id='block_1_83' title="bbox 1989 3759 3572 3830">
    <p class='ocr_par' dir='ltr' id='par_1_83' title="bbox 1989 3759 3572 3830">
     <span class='ocr_line' id='line_1_83' title="bbox 1989 3759 3572 3830; baseline -0.001 -17"><span class='ocrx_word' id='word_1_582' title='bbox 1989 3759 2122 3824; x_wconf 87' lang='lat' dir='ltr'><strong>luta,</strong></span> <span class='ocrx_word' id='word_1_583' title='bbox 2163 3775 2230 3814; x_wconf 91' lang='lat' dir='ltr'><strong>ne</strong></span> <span class='ocrx_word' id='word_1_584' title='bbox 2258 3761 2303 3815; x_wconf 92' lang='lat' dir='ltr'><strong>si</strong></span> <span class='ocrx_word' id='word_1_585' title='bbox 2343 3761 2473 3830; x_wconf 92' lang='lat' dir='ltr'><strong>quid</strong></span> <span class='ocrx_word' id='word_1_586' title='bbox 2525 3761 2631 3816; x_wconf 88' lang='lat' dir='ltr'><strong>tale</strong></span> <span class='ocrx_word' id='word_1_587' title='bbox 2677 3760 2731 3814; x_wconf 91' lang='lat' dir='ltr'><strong>in</strong></span> <span class='ocrx_word' id='word_1_588' title='bbox 2759 3761 2954 3815; x_wconf 79' lang='lat' dir='ltr'><strong>lexivia</strong></span> <span class='ocrx_word' id='word_1_589' title='bbox 2981 3761 3262 3823; x_wconf 86' lang='lat' dir='ltr'><strong>remansit,</strong></span> <span class='ocrx_word' id='word_1_590' title='bbox 3293 3760 3358 3813; x_wconf 88' lang='lat' dir='ltr'><strong>ad</strong></span> <span class='ocrx_word' id='word_1_591' title='bbox 3416 3775 3572 3814; x_wconf 87' lang='lat' dir='ltr'><strong>sacra</strong></span> 
     </span>
    </p>
   </div>
   <div class='ocr_carea' id='block_1_84' title="bbox 1989 3853 3572 3926">
    <p class='ocr_par' dir='ltr' id='par_1_84' title="bbox 1989 3853 3572 3926">
     <span class='ocr_line' id='line_1_84' title="bbox 1989 3853 3572 3926; baseline -0.003 -18"><span class='ocrx_word' id='word_1_592' title='bbox 1989 3855 2256 3924; x_wconf 88' lang='lat' dir='ltr'><strong>pertingat</strong></span> <span class='ocrx_word' id='word_1_593' title='bbox 2279 3854 2562 3910; x_wconf 88' lang='lat' dir='ltr'><strong>velamina.</strong></span> <span class='ocrx_word' id='word_1_594' title='bbox 2592 3853 2724 3923; x_wconf 73' lang='lat' dir='ltr'><strong>Qua:</strong></span> <span class='ocrx_word' id='word_1_595' title='bbox 2752 3863 3038 3926; x_wconf 89' lang='lat' dir='ltr'><strong>postquam</strong></span> <span class='ocrx_word' id='word_1_596' title='bbox 3060 3855 3195 3910; x_wconf 88' lang='lat' dir='ltr'><strong>bene</strong></span> <span class='ocrx_word' id='word_1_597' title='bbox 3215 3854 3320 3909; x_wconf 87' lang='lat' dir='ltr'><strong>lota</strong></span> <span class='ocrx_word' id='word_1_598' title='bbox 3348 3853 3572 3918; x_wconf 81' lang='lat' dir='ltr'><strong>fuerint,</strong></span> 
     </span>
    </p>
   </div>
   <div class='ocr_carea' id='block_1_85' title="bbox 1986 3945 3572 4017">
    <p class='ocr_par' dir='ltr' id='par_1_85' title="bbox 1986 3945 3572 4017">
     <span class='ocr_line' id='line_1_85' title="bbox 1986 3945 3572 4017; baseline -0.002 -16"><span class='ocrx_word' id='word_1_599' title='bbox 1986 3955 2042 4001; x_wconf 92' lang='lat' dir='ltr'><strong>et</strong></span> <span class='ocrx_word' id='word_1_600' title='bbox 2067 3946 2458 4015; x_wconf 89' lang='lat' dir='ltr'><strong>aliquantulum</strong></span> <span class='ocrx_word' id='word_1_601' title='bbox 2490 3948 2715 4011; x_wconf 90' lang='lat' dir='ltr'><strong>siccata,</strong></span> <span class='ocrx_word' id='word_1_602' title='bbox 2749 3961 2938 4000; x_wconf 88' lang='lat' dir='ltr'><strong>rursus</strong></span> <span class='ocrx_word' id='word_1_603' title='bbox 2967 3945 3343 4014; x_wconf 86' lang='lat' dir='ltr'><strong>iutingnuntur</strong></span> <span class='ocrx_word' id='word_1_604' title='bbox 3383 3960 3572 4017; x_wconf 86' lang='lat' dir='ltr'><strong>asper-</strong></span> 
     </span>
    </p>
   </div>
   <div class='ocr_carea' id='block_1_86' title="bbox 1987 4032 3574 4106">
    <p class='ocr_par' dir='ltr' id='par_1_86' title="bbox 1987 4032 3574 4106">
     <span class='ocr_line' id='line_1_86' title="bbox 1987 4032 3574 4106; baseline -0.002 -17"><span class='ocrx_word' id='word_1_605' title='bbox 1987 4035 2123 4090; x_wconf 90' lang='lat' dir='ltr'><strong>sioni</strong></span> <span class='ocrx_word' id='word_1_606' title='bbox 2151 4034 2525 4104; x_wconf 68' lang='lat' dir='ltr'><strong>quarlitclara</strong></span> <span class='ocrx_word' id='word_1_607' title='bbox 2573 4045 2629 4090; x_wconf 90' lang='lat' dir='ltr'><strong>et</strong></span> <span class='ocrx_word' id='word_1_608' title='bbox 2671 4035 2873 4106; x_wconf 88' lang='lat' dir='ltr'><strong>liquida</strong></span> <span class='ocrx_word' id='word_1_609' title='bbox 2918 4035 2987 4090; x_wconf 88' lang='lat' dir='ltr'><strong>de</strong></span> <span class='ocrx_word' id='word_1_610' title='bbox 3037 4035 3238 4104; x_wconf 85' lang='lat' dir='ltr'><strong>optima</strong></span> <span class='ocrx_word' id='word_1_611' title='bbox 3294 4032 3489 4096; x_wconf 79' lang='lat' dir='ltr'><strong>farina,</strong></span> <span class='ocrx_word' id='word_1_612' title='bbox 3517 4045 3574 4088; x_wconf 90' lang='lat' dir='ltr'><strong>et</strong></span> 
     </span>
    </p>
   </div>
   <div class='ocr_carea' id='block_1_87' title="bbox 1986 4125 3574 4196">
    <p class='ocr_par' dir='ltr' id='par_1_87' title="bbox 1986 4125 3574 4196">
     <span class='ocr_line' id='line_1_87' title="bbox 1986 4125 3574 4196; baseline -0.002 -16"><span class='ocrx_word' id='word_1_613' title='bbox 1986 4126 2059 4180; x_wconf 88' lang='lat' dir='ltr'><strong>ita</strong></span> <span class='ocrx_word' id='word_1_614' title='bbox 2088 4127 2362 4181; x_wconf 86' lang='lat' dir='ltr'><strong>siccantur</strong></span> <span class='ocrx_word' id='word_1_615' title='bbox 2399 4127 2469 4182; x_wconf 86' lang='lat' dir='ltr'><strong>ad</strong></span> <span class='ocrx_word' id='word_1_616' title='bbox 2515 4127 2838 4196; x_wconf 78' lang='lat' dir='ltr'><strong>perfectum.</strong></span> <span class='ocrx_word' id='word_1_617' title='bbox 2895 4126 3114 4180; x_wconf 82' lang='lat' dir='ltr'><strong>Interim</strong></span> <span class='ocrx_word' id='word_1_618' title='bbox 3164 4141 3294 4179; x_wconf 86' lang='lat' dir='ltr'><strong>vero</strong></span> <span class='ocrx_word' id='word_1_619' title='bbox 3350 4125 3574 4178; x_wconf 69' lang='lat' dir='ltr'><strong>minimo</strong></span> 
     </span>
    </p>
   </div>
   <div class='ocr_carea' id='block_1_88' title="bbox 1986 4212 3571 4286">
    <p class='ocr_par' dir='ltr' id='par_1_88' title="bbox 1986 4212 3571 4286">
     <span class='ocr_line' id='line_1_88' title="bbox 1986 4212 3571 4286; baseline -0.003 -16"><span class='ocrx_word' id='word_1_620' title='bbox 1986 4225 2177 4271; x_wconf 86' lang='lat' dir='ltr'><strong>carent</strong></span> <span class='ocrx_word' id='word_1_621' title='bbox 2226 4218 2469 4281; x_wconf 84' lang='lat' dir='ltr'><strong>cuSIOde,</strong></span> <span class='ocrx_word' id='word_1_622' title='bbox 2503 4217 2740 4270; x_wconf 78' lang='lat' dir='ltr'><strong>maxime</strong></span> <span class='ocrx_word' id='word_1_623' title='bbox 2767 4217 2859 4286; x_wconf 89' lang='lat' dir='ltr'><strong>qui</strong></span> <span class='ocrx_word' id='word_1_624' title='bbox 2910 4231 3123 4270; x_wconf 88' lang='lat' dir='ltr'><strong>muscas</strong></span> <span class='ocrx_word' id='word_1_625' title='bbox 3152 4227 3208 4268; x_wconf 84' lang='lat' dir='ltr'><strong>et</strong></span> <span class='ocrx_word' id='word_1_626' title='bbox 3241 4212 3571 4271; x_wconf 70' lang='lat' dir='ltr'><strong>vermiculos</strong></span> 
     </span>
    </p>
   </div>
   <div class='ocr_carea' id='block_1_89' title="bbox 1986 4304 3565 4378">
    <p class='ocr_par' dir='ltr' id='par_1_89' title="bbox 1986 4304 3565 4378">
     <span class='ocr_line' id='line_1_89' title="bbox 1986 4304 3565 4378; baseline -0.003 -17"><span class='ocrx_word' id='word_1_627' title='bbox 1986 4307 2283 4363; x_wconf 87' lang='lat' dir='ltr'><strong>insidentes</strong></span> <span class='ocrx_word' id='word_1_628' title='bbox 2313 4309 2380 4362; x_wconf 90' lang='lat' dir='ltr'><strong>ab</strong></span> <span class='ocrx_word' id='word_1_629' title='bbox 2406 4309 2485 4361; x_wconf 89' lang='lat' dir='ltr'><strong>eis</strong></span> <span class='ocrx_word' id='word_1_630' title='bbox 2513 4308 2715 4377; x_wconf 87' lang='lat' dir='ltr'><strong>abigat.</strong></span> <span class='ocrx_word' id='word_1_631' title='bbox 2751 4307 2986 4371; x_wconf 79' lang='lat' dir='ltr'><strong>Chorda,</strong></span> <span class='ocrx_word' id='word_1_632' title='bbox 3020 4307 3072 4359; x_wconf 91' lang='lat' dir='ltr'><strong>in</strong></span> <span class='ocrx_word' id='word_1_633' title='bbox 3102 4321 3206 4378; x_wconf 89' lang='lat' dir='ltr'><strong>qua</strong></span> <span class='ocrx_word' id='word_1_634' title='bbox 3260 4304 3565 4359; x_wconf 76' lang='lat' dir='ltr'><strong>extendun-</strong></span> 
     </span>
    </p>
   </div>
   <div class='ocr_carea' id='block_1_90' title="bbox 299 4394 3568 4491">
    <p class='ocr_par' dir='ltr' id='par_1_90' title="bbox 299 4394 3568 4491">
     <span class='ocr_line' id='line_1_90' title="bbox 299 4394 3568 4491; baseline -0.002 -37"><span class='ocrx_word' id='word_1_635' title='bbox 299 4399 352 4454; x_wconf 91' lang='lat' dir='ltr'><strong>in</strong></span> <span class='ocrx_word' id='word_1_636' title='bbox 387 4402 615 4461; x_wconf 83' lang='lat' dir='ltr'><strong>circuitu</strong></span> <span class='ocrx_word' id='word_1_637' title='bbox 670 4411 1008 4477; x_wconf 73' lang='lat' dir='ltr'><strong>superﬁciem</strong></span> <span class='ocrx_word' id='word_1_638' title='bbox 1065 4415 1334 4484; x_wconf 50' lang='lat' dir='ltr'><strong>altiorem,</strong></span> <span class='ocrx_word' id='word_1_639' title='bbox 1380 4394 1451 4476; x_wconf 51' lang='grc' dir='ltr'><strong>ηε</strong></span> <span class='ocrx_word' id='word_1_640' title='bbox 1497 4394 1637 4491; x_wconf 51' lang='grc' dir='ltr'><strong>εῳςη</strong></span> <span class='ocrx_word' id='word_1_641' title='bbox 1691 4394 1878 4484; x_wconf 52' lang='grc' dir='ltr'><strong>ειηυῶ</strong></span> <span class='ocrx_word' id='word_1_642' title='bbox 1909 4427 1958 4486; x_wconf 79' lang='lat' dir='ltr'><strong>D</strong></span> <span class='ocrx_word' id='word_1_643' title='bbox 1987 4405 2075 4450; x_wconf 89' lang='lat' dir='ltr'><strong>tur</strong></span> <span class='ocrx_word' id='word_1_644' title='bbox 2111 4398 2176 4451; x_wconf 90' lang='lat' dir='ltr'><strong>ad</strong></span> <span class='ocrx_word' id='word_1_645' title='bbox 2208 4397 2540 4457; x_wconf 85' lang='lat' dir='ltr'><strong>siccandum,</strong></span> <span class='ocrx_word' id='word_1_646' title='bbox 2588 4413 2691 4450; x_wconf 92' lang='lat' dir='ltr'><strong>non</strong></span> <span class='ocrx_word' id='word_1_647' title='bbox 2723 4397 3016 4466; x_wconf 84' lang='lat' dir='ltr'><strong>negligitur</strong></span> <span class='ocrx_word' id='word_1_648' title='bbox 3044 4405 3101 4450; x_wconf 93' lang='lat' dir='ltr'><strong>nt</strong></span> <span class='ocrx_word' id='word_1_649' title='bbox 3145 4396 3217 4450; x_wconf 91' lang='lat' dir='ltr'><strong>sit</strong></span> <span class='ocrx_word' id='word_1_650' title='bbox 3273 4394 3404 4457; x_wconf 90' lang='lat' dir='ltr'><strong>lota,</strong></span> <span class='ocrx_word' id='word_1_651' title='bbox 3447 4409 3568 4463; x_wconf 82' lang='lat' dir='ltr'><strong>qua:</strong></span> 
     </span>
    </p>
   </div>
   <div class='ocr_carea' id='block_1_91' title="bbox 298 4497 1872 4588">
    <p class='ocr_par' dir='ltr' id='par_1_91' title="bbox 298 4497 1872 4588">
     <span class='ocr_line' id='line_1_91' title="bbox 298 4497 1872 4588; baseline 0.018 -43"><span class='ocrx_word' id='word_1_652' title='bbox 298 4506 386 4588; x_wconf 59' lang='lat' dir='ltr'><strong>te</strong></span> <span class='ocrx_word' id='word_1_653' title='bbox 420 4497 613 4562; x_wconf 89' lang='lat' dir='ltr'><strong>possit.</strong></span> <span class='ocrx_word' id='word_1_654' title='bbox 684 4498 1060 4572; x_wconf 84' lang='lat' dir='ltr'><strong>Conspergunt</strong></span> <span class='ocrx_word' id='word_1_655' title='bbox 1111 4523 1234 4562; x_wconf 91' lang='lat' dir='ltr'><strong>cum</strong></span> <span class='ocrx_word' id='word_1_656' title='bbox 1284 4524 1420 4580; x_wconf 86' lang='lat' dir='ltr'><strong>aqua</strong></span> <span class='ocrx_word' id='word_1_657' title='bbox 1486 4513 1714 4583; x_wconf 84' lang='lat' dir='ltr'><strong>frigida,</strong></span> <span class='ocrx_word' id='word_1_658' title='bbox 1746 4520 1872 4588; x_wconf 87' lang='lat' dir='ltr'><strong>quia</strong></span> 
     </span>
    </p>
   </div>
   <div class='ocr_carea' id='block_1_92' title="bbox 297 4581 1875 4665">
    <p class='ocr_par' dir='ltr' id='par_1_92' title="bbox 297 4581 1875 4665">
     <span class='ocr_line' id='line_1_92' title="bbox 297 4581 1875 4665; baseline 0.019 -31"><span class='ocrx_word' id='word_1_659' title='bbox 297 4581 422 4638; x_wconf 90' lang='lat' dir='ltr'><strong>inde</strong></span> <span class='ocrx_word' id='word_1_660' title='bbox 501 4589 636 4643; x_wconf 80' lang='lat' dir='ltr'><strong>fiunt</strong></span> <span class='ocrx_word' id='word_1_661' title='bbox 703 4590 892 4648; x_wconf 78' lang='lat' dir='ltr'><strong>hostia:</strong></span> <span class='ocrx_word' id='word_1_662' title='bbox 937 4597 1296 4654; x_wconf 86' lang='lat' dir='ltr'><strong>candidiores.</strong></span> <span class='ocrx_word' id='word_1_663' title='bbox 1386 4602 1427 4654; x_wconf 86' lang='lat' dir='ltr'><strong>A</strong></span> <span class='ocrx_word' id='word_1_664' title='bbox 1495 4581 1704 4661; x_wconf 71' lang='lat' dir='ltr'><strong>duobus</strong></span> <span class='ocrx_word' id='word_1_665' title='bbox 1745 4581 1875 4665; x_wconf 65' lang='lat' dir='ltr'><strong>vero</strong></span> 
     </span>
    </p>
   </div>
   <div class='ocr_carea' id='block_1_93' title="bbox 299 4675 1872 4765">
    <p class='ocr_par' dir='ltr' id='par_1_93' title="bbox 299 4675 1872 4765">
     <span class='ocr_line' id='line_1_93' title="bbox 299 4675 1872 4765; baseline 0.02 -36"><span class='ocrx_word' id='word_1_666' title='bbox 299 4675 519 4748; x_wconf 84' lang='lat' dir='ltr'><strong>reliquis</strong></span> <span class='ocrx_word' id='word_1_667' title='bbox 595 4684 786 4740; x_wconf 70' lang='lat' dir='ltr'><strong>hostias</strong></span> <span class='ocrx_word' id='word_1_668' title='bbox 844 4689 1200 4757; x_wconf 75' lang='lat' dir='ltr'><strong>fm&#39;tnantur;</strong></span> <span class='ocrx_word' id='word_1_669' title='bbox 1257 4711 1393 4765; x_wconf 91' lang='lat' dir='ltr'><strong>aqua</strong></span> <span class='ocrx_word' id='word_1_670' title='bbox 1468 4715 1598 4754; x_wconf 88' lang='lat' dir='ltr'><strong>vero</strong></span> <span class='ocrx_word' id='word_1_671' title='bbox 1663 4718 1769 4758; x_wconf 92' lang='lat' dir='ltr'><strong>non</strong></span> <span class='ocrx_word' id='word_1_672' title='bbox 1819 4706 1872 4762; x_wconf 90' lang='lat' dir='ltr'><strong>in</strong></span> 
     </span>
    </p>
   </div>
   <div class='ocr_carea' id='block_1_94' title="bbox 298 4769 1872 4853">
    <p class='ocr_par' dir='ltr' id='par_1_94' title="bbox 298 4769 1872 4853">
     <span class='ocr_line' id='line_1_94' title="bbox 298 4769 1872 4853; baseline 0.017 -29"><span class='ocrx_word' id='word_1_673' title='bbox 298 4769 402 4825; x_wconf 80' lang='lat' dir='ltr'><strong>alio</strong></span> <span class='ocrx_word' id='word_1_674' title='bbox 434 4789 564 4830; x_wconf 78' lang='lat' dir='ltr'><strong>vase</strong></span> <span class='ocrx_word' id='word_1_675' title='bbox 594 4776 838 4833; x_wconf 88' lang='lat' dir='ltr'><strong>defertur</strong></span> <span class='ocrx_word' id='word_1_676' title='bbox 865 4796 1022 4849; x_wconf 90' lang='lat' dir='ltr'><strong>quam</strong></span> <span class='ocrx_word' id='word_1_677' title='bbox 1060 4784 1113 4838; x_wconf 93' lang='lat' dir='ltr'><strong>in</strong></span> <span class='ocrx_word' id='word_1_678' title='bbox 1136 4799 1242 4853; x_wconf 86' lang='lat' dir='ltr'><strong>quo</strong></span> <span class='ocrx_word' id='word_1_679' title='bbox 1280 4788 1419 4843; x_wconf 91' lang='lat' dir='ltr'><strong>solet</strong></span> <span class='ocrx_word' id='word_1_680' title='bbox 1439 4789 1506 4843; x_wconf 89' lang='lat' dir='ltr'><strong>ad</strong></span> <span class='ocrx_word' id='word_1_681' title='bbox 1552 4792 1746 4848; x_wconf 86' lang='lat' dir='ltr'><strong>missas</strong></span> <span class='ocrx_word' id='word_1_682' title='bbox 1775 4795 1872 4850; x_wconf 81' lang='lat' dir='ltr'><strong>de-</strong></span> 
     </span>
    </p>
   </div>
   <div class='ocr_carea' id='block_1_95' title="bbox 298 4862 1869 4951">
    <p class='ocr_par' dir='ltr' id='par_1_95' title="bbox 298 4862 1869 4951">
     <span class='ocr_line' id='line_1_95' title="bbox 298 4862 1869 4951; baseline 0.017 -37"><span class='ocrx_word' id='word_1_683' title='bbox 298 4862 446 4918; x_wconf 84' lang='lat' dir='ltr'><strong>ferri.</strong></span> <span class='ocrx_word' id='word_1_684' title='bbox 493 4865 928 4935; x_wconf 81' lang='lat' dir='ltr'><strong>Ferramentum,</strong></span> <span class='ocrx_word' id='word_1_685' title='bbox 956 4873 1008 4928; x_wconf 92' lang='lat' dir='ltr'><strong>in</strong></span> <span class='ocrx_word' id='word_1_686' title='bbox 1034 4891 1144 4946; x_wconf 90' lang='lat' dir='ltr'><strong>quo</strong></span> <span class='ocrx_word' id='word_1_687' title='bbox 1169 4886 1296 4932; x_wconf 88' lang='lat' dir='ltr'><strong>sunt</strong></span> <span class='ocrx_word' id='word_1_688' title='bbox 1328 4881 1644 4951; x_wconf 68' lang='lat' dir='ltr'><strong>coquendaz,</strong></span> <span class='ocrx_word' id='word_1_689' title='bbox 1675 4884 1869 4940; x_wconf 86' lang='lat' dir='ltr'><strong>chara-</strong></span> 
     </span>
    </p>
   </div>
   <div class='ocr_carea' id='block_1_96' title="bbox 296 4961 1871 5036">
    <p class='ocr_par' dir='ltr' id='par_1_96' title="bbox 296 4961 1871 5036">
     <span class='ocr_line' id='line_1_96' title="bbox 296 4961 1871 5036; baseline 0.018 -32"><span class='ocrx_word' id='word_1_690' title='bbox 296 4961 712 5014; x_wconf 88' lang='lat' dir='ltr'><strong>ctetatumtenet</strong></span> <span class='ocrx_word' id='word_1_691' title='bbox 735 4974 1048 5032; x_wconf 88' lang='lat' dir='ltr'><strong>conversus,</strong></span> <span class='ocrx_word' id='word_1_692' title='bbox 1071 4981 1372 5036; x_wconf 87' lang='lat' dir='ltr'><strong>manusque</strong></span> <span class='ocrx_word' id='word_1_693' title='bbox 1395 4972 1570 5026; x_wconf 92' lang='lat' dir='ltr'><strong>induit</strong></span> <span class='ocrx_word' id='word_1_694' title='bbox 1592 4972 1871 5032; x_wconf 66' lang='lat' dir='ltr'><strong>chirotheo</strong></span> 
     </span>
    </p>
   </div>
   <div class='ocr_carea' id='block_1_97' title="bbox 297 5045 1051 5074">
    <p class='ocr_par' dir='ltr' id='par_1_97' title="bbox 297 5045 1051 5074">
     <span class='ocr_line' id='line_1_97' title="bbox 331 5045 342 5053; baseline 0 0"><span class='ocrx_word' id='word_1_695' title='bbox 331 5045 342 5053; x_wconf 76' lang='grc' dir='ltr'><em>υ</em></span> 
     </span>
     <span class='ocr_line' id='line_1_98' title="bbox 297 5045 1051 5074; baseline 0 0"><span class='ocrx_word' id='word_1_696' title='bbox 297 5059 371 5074; x_wconf 59' lang='lat' dir='ltr'><strong>ﬁlo</strong></span> <span class='ocrx_word' id='word_1_697' title='bbox 415 5045 466 5074; x_wconf 57' lang='grc' dir='ltr'><strong>,Α</strong></span> <span class='ocrx_word' id='word_1_698' title='bbox 485 5045 809 5074; x_wconf 48' lang='grc' dir='ltr'><strong>μηδι-ΑκδΑιαιΑ</strong></span> <span class='ocrx_word' id='word_1_699' title='bbox 835 5067 953 5074; x_wconf 51' lang='grc' dir='ltr'><strong>..Ασ-</strong></span> <span class='ocrx_word' id='word_1_700' title='bbox 1041 5067 1051 5074; x_wconf 68' lang='grc' dir='ltr'><strong><em>ο</em></strong></span> 
     </span>
    </p>
   </div>
   <div class='ocr_carea' id='block_1_98' title="bbox 1982 4486 3566 4557">
    <p class='ocr_par' dir='ltr' id='par_1_98' title="bbox 1982 4486 3566 4557">
     <span class='ocr_line' id='line_1_99' title="bbox 1982 4486 3566 4557; baseline -0.003 -15"><span class='ocrx_word' id='word_1_701' title='bbox 1982 4488 2144 4542; x_wconf 87' lang='lat' dir='ltr'><strong>etiam</strong></span> <span class='ocrx_word' id='word_1_702' title='bbox 2188 4489 2240 4541; x_wconf 94' lang='lat' dir='ltr'><strong>in</strong></span> <span class='ocrx_word' id='word_1_703' title='bbox 2281 4487 2559 4555; x_wconf 77' lang='lat' dir='ltr'><strong>marsupio</strong></span> <span class='ocrx_word' id='word_1_704' title='bbox 2595 4489 2662 4542; x_wconf 89' lang='lat' dir='ltr'><strong>ad</strong></span> <span class='ocrx_word' id='word_1_705' title='bbox 2694 4489 2797 4542; x_wconf 88' lang='lat' dir='ltr'><strong>hoc</strong></span> <span class='ocrx_word' id='word_1_706' title='bbox 2823 4488 3156 4542; x_wconf 85' lang='lat' dir='ltr'><strong>solummodo</strong></span> <span class='ocrx_word' id='word_1_707' title='bbox 3188 4503 3324 4556; x_wconf 91' lang='lat' dir='ltr'><strong>opus</strong></span> <span class='ocrx_word' id='word_1_708' title='bbox 3358 4486 3566 4557; x_wconf 74' lang='lat' dir='ltr'><strong>iugiter</strong></span> 
     </span>
    </p>
   </div>
   <div class='ocr_carea' id='block_1_99' title="bbox 1983 4577 3567 4648">
    <p class='ocr_par' dir='ltr' id='par_1_99' title="bbox 1983 4577 3567 4648">
     <span class='ocr_line' id='line_1_100' title="bbox 1983 4577 3567 4648; baseline 0 -18"><span class='ocrx_word' id='word_1_709' title='bbox 1983 4586 2249 4631; x_wconf 89' lang='lat' dir='ltr'><strong>servatur.</strong></span> <span class='ocrx_word' id='word_1_710' title='bbox 2302 4578 2530 4644; x_wconf 85' lang='lat' dir='ltr'><strong>Quando</strong></span> <span class='ocrx_word' id='word_1_711' title='bbox 2596 4593 2725 4633; x_wconf 86' lang='lat' dir='ltr'><strong>vero</strong></span> <span class='ocrx_word' id='word_1_712' title='bbox 2781 4577 3086 4648; x_wconf 79' lang='lat' dir='ltr'><strong>lerigantur</strong></span> <span class='ocrx_word' id='word_1_713' title='bbox 3131 4580 3320 4633; x_wconf 85' lang='lat' dir='ltr'><strong>eadem</strong></span> <span class='ocrx_word' id='word_1_714' title='bbox 3373 4591 3567 4646; x_wconf 60' lang='lat' dir='ltr'><strong>corpu.</strong></span> 
     </span>
    </p>
   </div>
   <div class='ocr_carea' id='block_1_100' title="bbox 1984 4668 3565 4739">
    <p class='ocr_par' dir='ltr' id='par_1_100' title="bbox 1984 4668 3565 4739">
     <span class='ocr_line' id='line_1_101' title="bbox 1984 4668 3565 4739; baseline -0.001 -17"><span class='ocrx_word' id='word_1_715' title='bbox 1984 4668 2117 4722; x_wconf 88' lang='lat' dir='ltr'><strong>ralia</strong></span> <span class='ocrx_word' id='word_1_716' title='bbox 2158 4685 2281 4723; x_wconf 92' lang='lat' dir='ltr'><strong>cum</strong></span> <span class='ocrx_word' id='word_1_717' title='bbox 2316 4670 2486 4724; x_wconf 84' lang='lat' dir='ltr'><strong>vitreo</strong></span> <span class='ocrx_word' id='word_1_718' title='bbox 2539 4669 2943 4739; x_wconf 63' lang='lat' dir='ltr'><strong>hemisphaerio,</strong></span> <span class='ocrx_word' id='word_1_719' title='bbox 2974 4685 3114 4724; x_wconf 90' lang='lat' dir='ltr'><strong>unus</strong></span> <span class='ocrx_word' id='word_1_720' title='bbox 3142 4670 3223 4724; x_wconf 87' lang='lat' dir='ltr'><strong>eis</strong></span> <span class='ocrx_word' id='word_1_721' title='bbox 3270 4669 3565 4726; x_wconf 83' lang='lat' dir='ltr'><strong>substerni-</strong></span> 
     </span>
    </p>
   </div>
   <div class='ocr_carea' id='block_1_101' title="bbox 1982 4759 3568 4838">
    <p class='ocr_par' dir='ltr' id='par_1_101' title="bbox 1982 4759 3568 4838">
     <span class='ocr_line' id='line_1_102' title="bbox 1982 4759 3568 4838; baseline 0.003 -28"><span class='ocrx_word' id='word_1_722' title='bbox 1982 4766 2070 4810; x_wconf 90' lang='lat' dir='ltr'><strong>tur</strong></span> <span class='ocrx_word' id='word_1_723' title='bbox 2091 4773 2321 4830; x_wconf 84' lang='lat' dir='ltr'><strong>pannus,</strong></span> <span class='ocrx_word' id='word_1_724' title='bbox 2354 4774 2452 4814; x_wconf 91' lang='lat' dir='ltr'><strong>nec</strong></span> <span class='ocrx_word' id='word_1_725' title='bbox 2475 4771 2749 4830; x_wconf 87' lang='lat' dir='ltr'><strong>ponuntur</strong></span> <span class='ocrx_word' id='word_1_726' title='bbox 2773 4774 3010 4832; x_wconf 89' lang='lat' dir='ltr'><strong>unquam</strong></span> <span class='ocrx_word' id='word_1_727' title='bbox 3043 4774 3204 4829; x_wconf 89' lang='lat' dir='ltr'><strong>super</strong></span> <span class='ocrx_word' id='word_1_728' title='bbox 3228 4759 3433 4838; x_wconf 80' lang='lat' dir='ltr'><strong>lignum</strong></span> <span class='ocrx_word' id='word_1_729' title='bbox 3470 4775 3568 4814; x_wconf 86' lang='lat' dir='ltr'><strong>nu.-</strong></span> 
     </span>
    </p>
   </div>
   <div class='ocr_carea' id='block_1_102' title="bbox 1981 4849 2131 4904">
    <p class='ocr_par' dir='ltr' id='par_1_102' title="bbox 1981 4849 2131 4904">
     <span class='ocr_line' id='line_1_103' title="bbox 1981 4849 2131 4904; baseline -0.007 -1"><span class='ocrx_word' id='word_1_730' title='bbox 1981 4849 2131 4904; x_wconf 88' lang='lat' dir='ltr'><strong>dum.</strong></span> 
     </span>
    </p>
   </div>
   <div class='ocr_carea' id='block_1_103' title="bbox 2581 4961 2968 5022">
    <p class='ocr_par' dir='ltr' id='par_1_103' title="bbox 2581 4961 2968 5022">
     <span class='ocr_line' id='line_1_104' title="bbox 2581 4961 2968 5022; baseline 0 -1"><span class='ocrx_word' id='word_1_731' title='bbox 2581 4961 2810 5021; x_wconf 82' lang='lat' dir='ltr'><strong>CAPUT</strong></span> <span class='ocrx_word' id='word_1_732' title='bbox 2849 4962 2968 5022; x_wconf 72' lang='lat' dir='ltr'><strong>XV.</strong></span> 
     </span>
    </p>
   </div>
  </div>
