4040 5298
566 311 670 371 T59

1591 319 1910 377 UDALRICI
1933 319 2422 380 CLUNIACENSIS
2453 323 2756 382 MONACl'll

3709 331 3816 388 760

569 425 696 482 inde
728 425 884 482 fratri
940 427 1006 483 ad
1065 426 1218 497 cuius
1267 428 1624 484 obedientiam
1655 431 1780 486 sunt
1835 433 2131 502 portandis,
2164 441 2214 500 Α
2241 433 2417 500 radit;
2465 434 2558 504 qui
2603 434 2813 488 raditur
2859 433 2914 488 in
2961 423 3122 490 froco’
3151 415 3584 502 suonucullam
3635 441 3808 506 exuit,

576 519 664 574 alii
695 520 858 575 etiam
882 520 1106 584 seniori,
1153 521 1240 574 cui
1265 535 1294 574 a
1324 521 1506 589 priore
1527 523 1837 576 earumdem
1891 525 2134 586 custodia

563 609 914 682 reliquiarum
973 610 1276 682 specialiter
1309 611 1682 677 committitur,
1737 615 1916 670 omnia
1949 630 2134 671 neces-

566 701 732 767 saria,
788 701 841 756 id
885 709 1001 767 est,
1049 701 1371 758 candelabra
1421 702 1548 770 duo,
1593 718 1830 771 crucem,
1885 706 2133 764 rhuribu—

561 790 696 857 lum,
747 791 1016 848 urceolum
1048 806 1202 862 aqua:
1241 786 1558 857 benedictae,
1609 795 1800 850 vexilla
1855 796 1980 860 tria,
2007 813 2131 854 cor-

557 882 730 937 tinam
779 897 1011 952 quoque,
1065 887 1126 938 et”
1177 875 1593 938 tintinnabulum
1651 887 1794 956 quod
1843 903 1875 941 a
1923 889 2128 947 duobus

556 971 733 1032 fertur
771 973 1112 1040 hominibus,
1165 973 1570 1042 vestimentum,
1620 986 1674 1030 et
1713 978 1920 1052 reliqua
1957 981 2126 1037 eccle-

555 1063 789 1119 siasticis
813 1065 1001 1120 usibus
1032 1067 1381 1122 accommoda
1409 1069 1632 1142 praebet.
1663 1068 1795 1126 Cum
1841 1071 1909 1126 ab
1947 1072 2122 1132 eccle-

553 1155 634 1210 sia
675 1154 876 1210 fuerint
929 1157 1312 1227 producendte,
1359 1172 1547 1214 omnes
1596 1161 1732 1216 albis
1783 1163 2120 1232 induuntur;

548 1246 742 1302 deinde
769 1257 1018 1306 sanctum
1066 1261 1263 1322 corpus
1288 1243 1336 1304 a‘
1355 1250 1534 1322 priore
1558 1251 1890 1308 incensatum
1915 1255 2121 1314 duobus

554 1337 752 1393 albatis
783 1340 1098 1396 cantoribus
1137 1341 1497 1398 committitur
1525 1357 1696 1412 usque
1717 1345 1783 1398 ad
1817 1355 1999 1415 portas
2031 1355 2120 1402 ω-

547 1429 687 1488 stelli
715 1429 1022 1490 ferendum.
1059 1431 1255 1490 Omnia
1286 1432 1438 1502 signa
1458 1433 1742 1503 pulsantur
1773 1451 1788 1499 ;
1835 1451 2119 1506 responso—

543 1521 685 1580 rium
747 1531 1063 1593 competens
1103 1539 1134 1579 a
1182 1535 1406 1579 cantore
1453 1525 1730 1594 incipitur.
1775 1525 2117 1585 Praecedente

543 1612 890 1686 processione
917 1623 1216 1684 sequuntur
1267 1613 1432 1684 bajuli
1459 1615 1699 1686 pigneris
1723 1619 1886 1682 sacri.
1921 1619 2116 1678 deinde

543 1702 798 1771 infantes,
827 1714 1100 1776 postremo
1153 1721 1428 1776 cantores,
1477 1708 1544 1767 ad
1601 1710 1847 1765 ultimum
1891 1726 2113 1767 conver-

2235 534 2290 582 et
2315 539 2480 596 prope
2509 540 2568 582 se
2625 529 2794 596 ponit.
2847 524 3000 592 Quod
3027 528 3074 583 si
3107 527 3248 583 forte
3293 544 3394 600 pro
3437 545 3576 602 aqua
3631 532 3808 588 calida

2233 619 2570 686 apportanda
2623 618 2970 687 perrexerit,
3017 618 3188 688 ipsam
3239 621 3506 677 cucullam
3549 623 3810 680 decenter

2231 707 2611 778 complicatam
2659 721 2842 764 secum
2873 706 2926 762 iu
2956 707 3181 768 brachio
3207 717 3407 778 portat.
3443 710 3589 780 inter
3611 713 3806 768 raden-

2231 797 2356 854 dum
2407 805 2659 856 cantatur
2713 795 3051 865 psalmodia,
3112 796 3278 852 Verba
3323 815 3462 864 mea,
3520 803 3806 870 praemissa

2229 887 2418 942 eodem
2469 885 2628 940 modo
2675 899 2783 954 quo
2813 885 2866 940 in
2925 886 3180 956 coquina,
3230 897 3284 940 et
3325 887 3544 958 insuper
3575 889 3632 944 in
3673 890 3800 961 line,

2227 976 2419 1047 psalmi
2461 975 2760 1034 familiares
2793 991 2961 1052 usque
3001 977 3068 1030 ad
3117 991 3408 1047 vesperas;
3453 981 3549 1049 qui
3581 990 3710 1036 sunt
3735 982 3802 1036 de

2225 1067 2484 1138 vesperis,
2515 1067 2570 1124 hi
2619 1081 2724 1124 non
2780 1075 3081 1122 cantantur.
3135 1067 3400 1124 Cancrum
3459 1086 3630 1141 usque
3671 1071 3800 1136 dum

2223 1158 2516 1228 psalmodia
2563 1157 2634 1212 sit
2679 1157 3265 1224 consummata,‘alias
3309 1173 3580 1215 summum
3635 1163 3796 1216 silen-

2224 1250 2356 1304 tium
2399 1260 2502 1316 est,
2535 1250 2638 1304 nisi
2667 1251 2757 1318 qui
2789 1251 2931 1305 radit
2979 1249 3033 1304 in
3065 1251 3253 1320 primis
3300 1251 3432 1306 dicit
3468 1251 3792 1309 Benedicite.

2221 1340 2376 1396 Prius
2422 1357 2635 1416 quoque
2690 1343 2914 1414 capillos
2943 1359 3103 1400 nemo
3144 1361 3266 1400 cum
3313 1345 3520 1417 forcipe
3573 1348 3798 1403 tondere

2220 1435 2520 1504 praesumit,
2552 1450 2652 1490 nec
2689 1435 2807 1492 sine
2835 1435 3040 1492 cuculla
3073 1436 3344 1492 reinduta.
3371 1435 3696 1508 Priusquam
3727 1453 3794 1520 ex

2221 1532 2333 1580 toto
2355 1525 2426 1580 sit
2454 1541 2632 1594 rasus,
2689 1527 2733 1581 si
2761 1527 2829 1581 ad
2853 1526 3086 1596 aliquam
3135 1527 3325 1582 lteram
3374 1527 3587 1598 signum
3631 1527 3794 1586 fuerit

2216 1611 2511 1683 pulsatum,
2556 1613 2822 1670 cucullam
2859 1615 3033 1670 induit
3080 1630 3244 1686 super
3287 1615 3521 1684 froeum,
3573 1617 3791 1673 induto-

2216 1719 2321 1773 que
2341 1703 2548 1774 capelle
2579 1707 2754 1778 pergit
2778 1702 2844 1762 ad
2871 1706 3180 1771 ecclesiam,
3233 1723 3338 1763 non
3380 1718 3560 1764 tamen
3613 1709 3792 1781 ingre-

539 1794 606 1850 si.
639 1795 776 1854 Cum
809 1772 1024 1862 ventum
1077 1799 1239 1860 fuerit
1281 1803 1349 1858 ad
1395 1772 1601 1878 portas,
1647 1804 1769 1860 laici
1807 1804 2101 1874 suscipiunt

2217 1772 2361 1848 ditur
2390 1772 2630 1858 illorum,
2661 1772 2756 1850 sed
2785 1804 2893 1854 stat
2937 1811 3205 1852 seorsum.
3268 1797 3326 1854 Si
3374 1801 3495 1870 quis
3543 1772 3788 1870 post'ho.

541 1887 974 1949 commendatum
999 1906 1015 1955 ;
1064 1891 1322 1963 finitoque
1352 1894 1714 1964 responsorio.
1740 1901 1796 1949 et
1823 1895 2111 1964 incipiente

535 1976 718 2051 priore
738 1978 1002 2050 psalmum
1021 1982 1104 2042 Ad
1143 1984 1444 2051 Dominum,
1477 2003 1594 2050 cum
1637 1987 1934 2052 tribularer,
1985 2002 2108 2057 pro-

538 2069 715 2128 cessio
763 2072 952 2130 eodem
997 2075 1294 2134 revertitur
1341 2077 1550 2132 ordine.
1601 2078 1731 2133 Item
1779 2078 1993 2148 quando
2023 2093 2108 2132 re~

534 2163 766 2228 ducitur,
792 2164 1024 2232 primum
1067 2167 1249 2230 cuncti
1303 2167 1501 2226 fratres
1529 2169 1664 2226 albis
1711 2169 2022 2232 induuntur,
2051 2178 2108 2226 ct

529 2253 640 2308 duo
675 2253 828 2323 signa
869 2255 1072 2330 majora
1097 2258 1403 2329 pulsantur,
1447 2275 1510 2316 ac
1547 2261 1741 2318 deinde
1767 2261 2104 2331 pmcedente

525 2343 900 2418 processione,
949 2347 1002 2402 id
1063 2359 1168 2415 est,
1225 2365 1367 2424 aqua
1410 2351 1694 2408 benedicta
1730 2393 1746 2419 ,
1797 2351 2097 2418 thuribulo,

529 2449 692 2496 cruce
713 2443 768 2502 et
795 2437 1154 2508 candelabris,
1202 2442 1367 2500 simili
1399 2457 1497 2514 per
1515 2443 1696 2498 omnia
1727 2443 1886 2498 modo
1929 2458 2101 2510 usque

528 2527 598 2588 ad
623 2535 808 2597 portas
831 2531 1038 2590 castelli
1062 2547 1182 2588 cum
1205 2535 1352 2596 omni
1395 2534 1610 2590 silentio
1655 2535 2094 2606 progrediuntur.

511 2617 600 2680 ibi
629 2619 864 2690 denique
887 2623 1034 2692 prior
1052 2635 1274 2696 accepto
1301 2625 1570 2682 tliuribulo
1595 2631 1814 2682 sanctas
1857 2627 2098 2684 incensat

527 2707 806 2782 reliquias,
838 2712 1200 2792 impositoque
1226 2731 1256 2778 a
1299 2727 1522 2773 eantore
1571 2718 1940 2788 responsorio,
1967 2735 2098 2774 cun-

529 2801 758 2872 ctisque
805 2806 1183 2862 resonantibus
1233 2807 1440 2878 signis,
1489 2808 1682 2864 eodem
1730 2821 1837 2878 quo
1886 2811 2096 2866 exierat

521 2891 818 2962 suscipitur
841 2895 1014 2956 modo.
1063 2897 1246 2967 Imago
1282 2905 1464 2954 autem
1503 2900 1647 2954 beati
1691 2900 1838 2956 Petri
1881 2902 2094 2972 quando

519 2984 838 3052 suscipitur,
886 2987 1180 3063 antipliona
1217 2991 1478 3070 primum,
1527 2991 1581 3046 id
1630 2999 1733 3057 est,
1773 2988 1850 3046 Tu
1898 3009 1951 3046 es
1979 2991 2091 3048 Pa-

2215 1899 2332 1940 ram
2363 1885 2587 1940 radendi
2637 1888 3032 1956 supervenerit,
3061 1903 3166 1944 non
3197 1889 3405 1945 raditur
3433 1893 3536 1947 nisi
3571 1908 3700 1948 cum
3729 1892 3790 1948 li-

2203 1965 2388 2031 icentia
2431 1977 2651 2044 prioris,
2700 1978 2784 2056 vel
2837 1987 2959 2049 post
3001 1995 3201 2034 nonam
3244 1983 3458 2052 quando
3497 1983 3788 2054 loquuntur

2203 2059 2264 2120 in
2297 2065 2556 2132 claustro,
2587 2075 2643 2122 et
2677 2083 2782 2123 non
2811 2069 2916 2126 nisi
2965 2069 3018 2124 in
3045 2069 3416 2138 calefactorio,
3457 2073 3550 2128 ubi
3578 2083 3783 2138 tamen,

2211 2154 2353 2210 sicut
2398 2156 2452 2210 in
2510 2157 2767 2222 claustro,
2811 2160 3014 2214 infirmi
3051 2162 3202 2229 prius
3249 2178 3358 2220 uno
3403 2163 3490 2218 die
3523 2165 3786 2221 raduntur

2205 2258 2364 2314 quam
2395 2255 2710 2301 conventus.
2769 2245 2926 2304 Vices
2971 2250 3193 2304 radendi
3243 2251 3326 2306 lia:
3375 2262 3502 2307 sunt
3547 2268 3647 2322 per
3680 2271 3776 2308 an-

2203 2349 2330 2389 num
2362 2353 2374 2388 :
2401 2352 2444 2400 r,
2483 2345 2608 2390 ante
2654 2335 2890 2406 vigiliam
2929 2336 3133 2394 Natalis
3155 2340 3385 2407 Domini,
3417 2342 3558 2396 inter
3603 2359 3768 2412 quem

2201 2431 2256 2478 et
2311 2424 2803 2496 Septuagesimam,
2854 2429 2979 2498 quia
3023 2429 3234 2484 diverso
3304 2432 3464 2487 modo
3511 2435 3782 2503 septima.

2199 2531 2284 2578 nte
2341 2527 2465 2573 sunt
2512 2534 2654 2574 nunc
2698 2519 2909 2590 plures,
2977 2537 3122 2578 nunc
3167 2522 3472 2594 pauciores,
3537 2525 3610 2578 ibi
3663 2525 3777 2579 nul.

2198 2608 2282 2664 lus
2338 2609 2609 2668 terminus
2629 2619 2711 2665 est
2737 2611 3020 2679 praefixus,
3065 2613 3170 2667 nisi
3200 2615 3348 2684 prior
3397 2615 3594 2669 viderit
3641 2631 3778 2684 quo-

2198 2701 2357 2756 modo
2409 2701 2815 2756 convenientius
2851 2701 2967 2756 fieri
2997 2703 3204 2778 possit;
3236 2704 3484 2762 veniente
3534 2704 3772 2773 Septua-

2197 2791 2430 2862 gesima,
2483 2781 2550 2846 de
2605 2793 2721 2847 vice
2772 2793 2840 2847 ad
2885 2793 3058 2848 vicem
3095 2803 3205 2848 tres
3259 2793 3576 2863 septimanae
3633 2809 3774 2848 sem-

2177 2869 2292 2958 ‘per
2323 2883 2753 2940 intermittuntur
2777 2899 2791 2949 ;
2815 2891 2941 2939 ante
2971 2884 3200 2952 Pascha,
3233 2886 3285 2940 in
3311 2886 3401 2940 illa
3431 2887 3589 2941 tertia
3633 2886 3770 2940 feria

2194 2982 2276 3028 est
2303 2973 2619 3038 radendum,
2647 2975 2878 3030 maxime
2909 2977 3034 3046 quia
3059 2992 3123 3031 eo
3143 2977 3230 3031 die
3255 2977 3306 3031 in
3331 2979 3570 3031 claustro
3603 2977 3774 3032 licen-

519 3084 632 3132 διοι-
663 3076 860 3140 arium,
891 3093 921 3132 a
969 3088 1193 3142 cantare
1229 3067 1512 3152 incipitur,
1562 3083 1629 3137 ad
1677 3081 1831 3151 cujus
1879 3085 2088 3140 initium
2123 3104 2167 3166 ρ
2201 3067 2328 3166 liful)
2359 3067 2558 3166 δθίξξεξη
2581 3067 2834 3166 10‘1"er
2863 3075 3030 3166 i_P°5‘_
3058 3067 3287 3166 Ῐῗίιδοίιθν
3313 3069 3379 3166 δέ
3410 3068 3550 3166 illi"?
3585 3068 3772 3166 Domi'

519 3167 694 3221 omnis
724 3177 1043 3236 conventus,
1097 3172 1382 3228 submissis
1409 3189 1578 3243 usque
1599 3177 1666 3228 ad
1695 3184 1894 3229 terram
1927 3178 2098 3231 mani-

522 3259 649 3320 bus,
679 3258 842 3320 altius
873 3261 1114 3328 inclinat,
1139 3264 1334 3324 deinde
1363 3265 1430 3322 ab
1455 3267 1650 3322 abbate
1677 3265 1756 3322 vel
1775 3268 1952 3338 priore
1979 3283 2099 3324 ver-

523 3349 746 3417 siculus,
775 3351 1026 3410 Exultant
1064 3371 1182 3410 eum
1209 3357 1262 3412 in
1304 3355 1540 3422 Ecclesia
1568 3357 1730 3424 plebis
1775 3361 2092 3428 pronuntia-

525 3450 636 3506 tur,
661 3442 1132 3512 etsubsequenter
1159 3443 1381 3502 collecta
1413 3445 1573 3514 Dens,
1601 3449 1690 3516 qui
1725 3448 1960 3516 apostolo
2003 3461 2093 3502 tuo

527 3533 688 3588 Petro
739 3535 991 3602 dicitur;
1037 3549 1140 3605 qua
1187 3536 1472 3606 completa,
1521 3538 1814 3607 incipiente
1868 3549 2094 3596 cantore

521 3624 948 3692 responsorium,
970 3641 1034 3680 eo
1062 3640 1169 3696 quo
1196 3627 1564 3696 supradictum
1591 3638 1672 3692 est
1693 3629 1884 3684 ordine
1913 3629 2090 3686 defer-

521 3722 606 3766 tur
631 3713 698 3767 ad
727 3713 1034 3778 ecclesiam.

1107 3847 1332 3908 CAPUT
1372 3847 1508 3906 XVI.

1011 3935 1088 3994 De
1124 3955 1311 3993 rasura
1343 3937 1589 4008 fratrum.

591 4047 738 4102 inter
764 4057 956 4102 caetera
983 4063 1104 4118 qua:
1151 4055 1486 4110 camerarius
1534 4056 1696 4110 habet
1741 4071 1956 4121 curare,
2005 4065 2089 4114 est

515 4153 694 4210 opera:
727 4138 960 4210 pretium
1009 4148 1068 4196 ut
1096 4157 1208 4202 non
1257 4143 1608 4204 obliviscatur
1648 4159 1863 4218 quoque
1908 4149 2088 4218 provi-

518 4231 815 4288 dendorum
863 4233 1225 4299 rasoriorum,
1277 4237 1473 4306 quibus
1525 4251 1584 4292 se
1627 4238 1826 4294 fratres
1870 4241 2084 4298 radunt.

512 4321 656 4392 Ergo
676 4320 742 4376 ad
767 4323 882 4398 haec
909 4324 1174 4382 servanda
1207 4326 1516 4396 specialiter
1541 4344 1677 4384 unus
1723 4329 1897 4390 frater
1934 4331 2085 4386 ordi-

2197 3159 2400 3224 nicam,
2432 3159 2826 3214 Misericordias
2875 3159 3089 3215 Doutim'
3112 3177 3130 3223 ;
3177 3169 3299 3213 ante
3345 3159 3690 3229 Rogationes,
3719 3159 3772 3214 in

2199 3249 2288 3304 illa
2319 3250 2456 3304 feria
2485 3251 2695 3318 quinta,
2725 3251 2768 3305 si
2799 3259 2976 3304 tanien
3001 3251 3144 3304 nu‘lla
3198 3249 3489 3312 festivitate
3539 3251 3771 3305 interro-

2199 3341 2378 3396 niente
2406 3341 2725 3412 impeditur;
2759 3350 2883 3396 ante
2904 3341 3280 3405 Pentecosteu,
3301 3343 3366 3396 de
3389 3357 3496 3411 quo
3517 3342 3628 3406 die,
3645 3341 3769 3410 quia

2197 3449 2385 3488 rursus
2412 3435 2636 3490 diversae
2679 3443 2806 3489 sunt
2847 3433 3164 3504 septimanae
3195 3448 3366 3501 usque
3415 3433 3482 3488 ad
3518 3433 3770 3487 solemni-

2199 3535 2360 3581 tatem
2391 3525 2490 3582 SS.
2521 3526 2664 3581 Petri
2687 3535 2743 3582 et
2773 3526 2950 3592 Pauli,
2982 3540 3170 3580 rursus
3197 3540 3411 3602 quoque
3434 3541 3622 3580 rasura
3651 3540 3768 3594 pcr-

2195 3618 2430 3672 mittitur
2459 3617 2512 3672 in
2538 3617 2923 3672 deliberatione
2947 3613 3165 3686 prioris.
3197 3615 3385 3668 Postea
3417 3629 3523 3674 non
3550 3625 3769 3668 erratur

2195 3709 2262 3764 de
2291 3709 2396 3763 ulla
2445 3710 2581 3773 vice,
2637 3708 2763 3778 quia
2793 3707 2866 3764 ita
2897 3715 2978 3761 est
3007 3705 3523 3762 consuetudinaliter
3548 3705 3768 3759 ordina-

2197 3811 2308 3858 tum
2337 3811 2396 3855 ut
2441 3817 2653 3872 semper
2682 3817 2740 3856 se
2783 3800 2976 3860 radant
3025 3800 3090 3854 ad
3120 3799 3551 3856 Translationem
3591 3795 3766 3852 sancti

2193 3893 2488 3956 Benedicﬁ,
2543 3893 2610 3946 ad
2642 3891 2866 3946 Vincula
2916 3893 3086 3948 sancti
3118 3889 3284 3956 Petri,
3316 3891 3382 3944 ad
3429 3889 3764 3957 Assumptio-

2193 3999 2316 4037 nem
2345 3981 2402 4034 S.
2450 3981 2652 4045 Moriar,
2683 3982 2748 4035 ad
2782 3981 2900 4050 ejus
2929 3979 3297 4044 Nativitatem,
3345 3979 3410 4032 ad
3447 3977 3764 4032 festivitates

2195 4073 2253 4128 S.
2307 4071 2600 4136 Michaelis,
2631 4071 2688 4125 S.
2745 4071 2904 4126 Luca:
2953 4070 3314 4140 evangelista),
3343 4069 3402 4124 S.
3436 4067 3672 4134 Martini,
3699 4065 3763 4126 ad

2191 4161 2492 4217 Adventum
2525 4159 2756 4216 Domini.

2771 4249 2998 4310 CAPUT
3036 4247 3196 4304 XVII.

2807 4341 2886 4394 De
2911 4341 3130 4396 balneis.

511 4421 696 4482 natur,
719 4414 810 4490 qui
837 4423 1018 4470 servat
1046 4431 1109 4470 ea
1136 4416 1191 4472 in
1221 4416 1420 4472 scrinio
1443 4419 1655 4474 modico
1684 4429 1736 4474 et
1761 4429 1962 4486 serato,
1995 4436 2086 4492 po-
2109 4434 2165 4492 ο
2261 4430 2373 4486 Hoc
2401 4431 2650 4486 omnibus
2671 4438 2754 4486 est
2781 4429 3066 4493 familiare,
3111 4435 3394 4498 postquam
3411 4429 3475 4482 ’se
3504 4427 3757 4490 raserint,

509 4507 721 4578 sitoque
755 4521 912 4562 secus
941 4507 1221 4564 introitum
1271 4509 1574 4565 dormitorii
1630 4527 1887 4579 sursum;
1939 4515 2082 4584 quod

514 4611 637 4656 eum
669 4597 925 4664 voluerit,
957 4609 1011 4654 et
1039 4613 1175 4668 opus
1230 4615 1349 4656 esse
1382 4601 1597 4668 viderit,
1629 4611 1806 4667 portat
1855 4605 1909 4670 in
1937 4603 2082 4658 clau-

509 4693 706 4752 strum,
751 4695 806 4742 et
862 4697 1042 4744 tamen
1071 4690 1125 4743 in
1152 4705 1257 4746 una
1285 4701 1439 4762 parte
1486 4692 1638 4747 sedet
1667 4705 1820 4748 extra
1849 4711 2082 4750 conven-

507 4784 622 4836 tum
653 4776 769 4846 ipsa
813 4781 1018 4834 rasoria
1049 4781 1293 4838 acuenda
1316 4791 1370 4836 et
1393 4786 1740 4854 propriando.
1775 4787 1841 4840 Et
1862 4789 1928 4841 ad
1955 4787 2076 4852 hoc,

503 4875 704 4939 praeter
724 4867 857 4922 alias
885 4869 1044 4923 horas
1082 4871 1282 4939 quibus
1333 4884 1629 4928 conventus
1656 4875 1807 4929 sedet
1849 4877 1902 4930 in
1933 4875 2080 4930 clau-

503 4965 620 5012 stro
642 4957 711 5011 ad
744 4960 938 5014 missas
959 4971 1014 5015 et
1039 4962 1108 5015 ad
1137 4961 1390 5028 ollicium,
1441 4965 1568 5020 licet
1595 4966 1644 5021 ei
1675 4981 1890 5020 vacare.
1943 4967 2076 5021 Cum

505 5047 577 5101 ad
627 5049 731 5102 hoc
781 5059 1000 5105 ventum
1059 5050 1224 5106 fuerit
1253 5063 1309 5107 ut
1359 5069 1544 5108 rasura
1592 5059 1859 5126 generalis
1889 5057 1958 5110 sit
1989 5073 2078 5126 ge—

503 5141 694 5184 rentia-
743 5139 948 5184 fﬁl'illnl
995 5141 1193 5184 fratr»:
1241 5145 1392 5184 aulaei
1440 5147 1574 5184 dum:
1623 5147 1790 5184 "nam:
1831 5151 2048 5184 εοιιιιηιῧῖ

2187 4521 2443 4576 continuo
2485 4522 2648 4576 etiam
2701 4519 2972 4574 balneare.
3033 4517 3140 4572 Sed
3197 4518 3264 4572 de
3312 4516 3514 4572 nostris
3551 4517 3759 4570 balneis

2187 4627 2294 4667 non
2317 4621 2399 4666 est
2447 4611 2675 4666 multum
2704 4610 2845 4680 quod
2875 4611 3179 4677 loquamur.
3209 4609 3425 4666 Duabus
3449 4607 3594 4660 enim
3646 4615 3759 4660 tan-

2183 4709 2300 4754 tum
2331 4701 2540 4760 vicibus
2569 4701 2624 4752 in
2671 4713 2812 4752 anno
2861 4697 3213 4753 balneamus:
3260 4710 3298 4759 l,
3343 4705 3468 4748 ante
3513 4693 3756 4745 Natalem

2183 4792 2423 4856 Domini,
2469 4800 2524 4846 et
2573 4799 2701 4844 ante
2749 4788 2978 4848 Pascha.
3022 4787 3104 4840 Ad
3156 4786 3297 4855 quod
3337 4786 3574 4839 decanus
3621 4783 3756 4837 villae

2183 4897 2278 4952 per
2305 4891 2469 4938 totam
2503 4881 2647 4936 illam
2699 4880 3091 4948 praecedentem
3121 4876 3473 4944 septimanam
3521 4873 3752 4928 famulos

2183 4983 2234 5028 et
2261 4973 2400 5044 ligna
2439 4967 2832 5034 subministrat,
2857 4975 2916 5022 ut
2941 5001 2944 5004 ι
2971 4965 3339 5034 unusquisque
3367 4963 3508 5016 lavet
3537 4962 3592 5014 in
3621 4975 3750 5029 eup-

2179 5077 2268 5133 pa,
2297 5061 2382 5118 vel
2407 5061 2524 5114 sine
2567 5075 2738 5129 cuppa
2772 5075 2891 5114 cum
2920 5071 3057 5125 aqua
3095 5055 3289 5108 calida.
3323 5053 3406 5106 Ad
3429 5051 3751 5106 alterutrum

2377 5149 2624 5184 malum-it
2684 5148 2908 5184 run-illnc
2937 5148 3096 5184 dolnr
3173 5143 3246 5184 Ad
3291 5157 3480 5184 cnnnm
3537 5141 3675 5184 sicani
3709 5141 3748 5184 si

2182 5152 2326 5184 ιιι-ΛΑ.
