  <div class='ocr_page' id='page_1' title='image "/cluster/home/n/w/nwhite01/storage/ocr_20150623/149/hvd.32044015473770/386.png"; bbox 0 0 4040 5298; ppageno 0'>
   <div class='ocr_carea' id='block_1_1' title="bbox 227 341 324 396">
    <p class='ocr_par' dir='ltr' id='par_1_1' title="bbox 227 341 324 396">
     <span class='ocr_line' id='line_1_1' title="bbox 227 341 324 396; baseline 0.021 -2"><span class='ocrx_word' id='word_1_1' title='bbox 227 341 324 396; x_wconf 72' lang='grc'><strong>761</strong></span> 
     </span>
    </p>
   </div>
   <div class='ocr_carea' id='block_1_2' title="bbox 897 326 2738 400">
    <p class='ocr_par' dir='ltr' id='par_1_2' title="bbox 897 326 2738 400">
     <span class='ocr_line' id='line_1_2' title="bbox 897 326 2738 400; baseline -0.009 -2"><span class='ocrx_word' id='word_1_2' title='bbox 897 341 1471 400; x_wconf 78' lang='lat' dir='ltr'><strong>CONSUETUDINES</strong></span> <span class='ocrx_word' id='word_1_3' title='bbox 1508 330 2049 396; x_wconf 75' lang='lat' dir='ltr'><strong>CLUMACENSES.</strong></span> <span class='ocrx_word' id='word_1_4' title='bbox 2089 359 2157 368; x_wconf 90' lang='lat'><strong>—-</strong></span> <span class='ocrx_word' id='word_1_5' title='bbox 2187 326 2388 384; x_wconf 81' lang='lat' dir='ltr'><strong>LIBER</strong></span> <span class='ocrx_word' id='word_1_6' title='bbox 2420 327 2738 386; x_wconf 77' lang='lat' dir='ltr'><strong>TERTIUS.</strong></span> 
     </span>
    </p>
   </div>
   <div class='ocr_carea' id='block_1_3' title="bbox 3378 325 3481 379">
    <p class='ocr_par' dir='ltr' id='par_1_3' title="bbox 3378 325 3481 379">
     <span class='ocr_line' id='line_1_3' title="bbox 3378 325 3481 379; baseline 0.01 -1"><span class='ocrx_word' id='word_1_7' title='bbox 3378 325 3481 379; x_wconf 70' lang='grc'><strong>769</strong></span> 
     </span>
    </p>
   </div>
   <div class='ocr_carea' id='block_1_4' title="bbox 225 437 3483 519">
    <p class='ocr_par' dir='ltr' id='par_1_4' title="bbox 225 437 3483 519">
     <span class='ocr_line' id='line_1_4' title="bbox 225 437 3483 519; baseline -0.006 -8"><span class='ocrx_word' id='word_1_8' title='bbox 225 455 540 513; x_wconf 65' lang='lat' dir='ltr'><strong>diversitate</strong></span> <span class='ocrx_word' id='word_1_9' title='bbox 596 454 650 508; x_wconf 93' lang='lat' dir='ltr'><strong>in</strong></span> <span class='ocrx_word' id='word_1_10' title='bbox 686 455 977 511; x_wconf 78' lang='lat' dir='ltr'><strong>rcl&#39;ectorio</strong></span> <span class='ocrx_word' id='word_1_11' title='bbox 1025 457 1095 511; x_wconf 90' lang='lat' dir='ltr'><strong>sit</strong></span> <span class='ocrx_word' id='word_1_12' title='bbox 1124 456 1382 511; x_wconf 72' lang='lat' dir='ltr'><strong>fratribus</strong></span> <span class='ocrx_word' id='word_1_13' title='bbox 1429 452 1794 508; x_wconf 84' lang='lat' dir='ltr'><strong>serviendum.</strong></span> <span class='ocrx_word' id='word_1_14' title='bbox 1823 455 1875 513; x_wconf 73' lang='grc' dir='ltr'><strong>Α</strong></span> <span class='ocrx_word' id='word_1_15' title='bbox 1898 462 1996 519; x_wconf 88' lang='lat' dir='ltr'><strong>per</strong></span> <span class='ocrx_word' id='word_1_16' title='bbox 2022 445 2206 502; x_wconf 83' lang='lat' dir='ltr'><strong>omnia</strong></span> <span class='ocrx_word' id='word_1_17' title='bbox 2254 445 2402 500; x_wconf 80' lang='lat' dir='ltr'><strong>vices</strong></span> <span class='ocrx_word' id='word_1_18' title='bbox 2437 441 2551 512; x_wconf 86' lang='lat' dir='ltr'><strong>agit</strong></span> <span class='ocrx_word' id='word_1_19' title='bbox 2596 439 2715 510; x_wconf 86' lang='lat' dir='ltr'><strong>ejus</strong></span> <span class='ocrx_word' id='word_1_20' title='bbox 2757 437 3017 500; x_wconf 88' lang='lat' dir='ltr'><strong>absentis,</strong></span> <span class='ocrx_word' id='word_1_21' title='bbox 3049 443 3105 491; x_wconf 89' lang='lat' dir='ltr'><strong>et</strong></span> <span class='ocrx_word' id='word_1_22' title='bbox 3137 437 3202 492; x_wconf 90' lang='lat' dir='ltr'><strong>de</strong></span> <span class='ocrx_word' id='word_1_23' title='bbox 3227 438 3483 493; x_wconf 81' lang='lat' dir='ltr'><strong>omnibus</strong></span> 
     </span>
    </p>
   </div>
   <div class='ocr_carea' id='block_1_5' title="bbox 223 539 1796 615">
    <p class='ocr_par' dir='ltr' id='par_1_5' title="bbox 223 539 1796 615">
     <span class='ocr_line' id='line_1_5' title="bbox 223 539 1796 615; baseline -0.004 -16"><span class='ocrx_word' id='word_1_24' title='bbox 223 545 303 600; x_wconf 86' lang='lat' dir='ltr'><strong>De</strong></span> <span class='ocrx_word' id='word_1_25' title='bbox 323 559 450 615; x_wconf 90' lang='lat' dir='ltr'><strong>quo,</strong></span> <span class='ocrx_word' id='word_1_26' title='bbox 492 552 553 598; x_wconf 94' lang='lat' dir='ltr'><strong>ut</strong></span> <span class='ocrx_word' id='word_1_27' title='bbox 593 558 698 598; x_wconf 91' lang='lat' dir='ltr'><strong>non</strong></span> <span class='ocrx_word' id='word_1_28' title='bbox 731 553 938 602; x_wconf 87' lang='lat' dir='ltr'><strong>taceam</strong></span> <span class='ocrx_word' id='word_1_29' title='bbox 967 551 1226 614; x_wconf 74' lang='lat' dir='ltr'><strong>quanmm</strong></span> <span class='ocrx_word' id='word_1_30' title='bbox 1255 561 1284 598; x_wconf 90' lang='lat' dir='ltr'><strong>a</strong></span> <span class='ocrx_word' id='word_1_31' title='bbox 1316 557 1404 598; x_wconf 87' lang='lat' dir='ltr'><strong>me</strong></span> <span class='ocrx_word' id='word_1_32' title='bbox 1437 541 1565 597; x_wconf 75' lang='lat' dir='ltr'><strong>sciri</strong></span> <span class='ocrx_word' id='word_1_33' title='bbox 1606 539 1796 610; x_wconf 86' lang='lat' dir='ltr'><strong>potuit,</strong></span> 
     </span>
    </p>
   </div>
   <div class='ocr_carea' id='block_1_6' title="bbox 221 633 1800 705">
    <p class='ocr_par' dir='ltr' id='par_1_6' title="bbox 221 633 1800 705">
     <span class='ocr_line' id='line_1_6' title="bbox 221 633 1800 705; baseline -0.005 -13"><span class='ocrx_word' id='word_1_34' title='bbox 221 637 417 693; x_wconf 88' lang='lat' dir='ltr'><strong>omitto</strong></span> <span class='ocrx_word' id='word_1_35' title='bbox 469 636 596 704; x_wconf 88' lang='lat' dir='ltr'><strong>quid</strong></span> <span class='ocrx_word' id='word_1_36' title='bbox 647 634 848 690; x_wconf 87' lang='lat' dir='ltr'><strong>referre</strong></span> <span class='ocrx_word' id='word_1_37' title='bbox 894 637 961 691; x_wconf 91' lang='lat' dir='ltr'><strong>de</strong></span> <span class='ocrx_word' id='word_1_38' title='bbox 1007 635 1145 692; x_wconf 87' lang='lat' dir='ltr'><strong>fabis</strong></span> <span class='ocrx_word' id='word_1_39' title='bbox 1195 636 1432 705; x_wconf 84' lang='lat' dir='ltr'><strong>quotidie</strong></span> <span class='ocrx_word' id='word_1_40' title='bbox 1482 633 1694 694; x_wconf 78' lang='lat' dir='ltr'><strong>dandis,</strong></span> <span class='ocrx_word' id='word_1_41' title='bbox 1745 637 1800 684; x_wconf 89' lang='lat' dir='ltr'><strong>et</strong></span> 
     </span>
    </p>
   </div>
   <div class='ocr_carea' id='block_1_7' title="bbox 221 715 1801 789">
    <p class='ocr_par' dir='ltr' id='par_1_7' title="bbox 221 715 1801 789">
     <span class='ocr_line' id='line_1_7' title="bbox 221 715 1801 789; baseline -0.004 -13"><span class='ocrx_word' id='word_1_42' title='bbox 221 734 334 776; x_wconf 85' lang='lat' dir='ltr'><strong>non</strong></span> <span class='ocrx_word' id='word_1_43' title='bbox 373 721 492 776; x_wconf 91' lang='lat' dir='ltr'><strong>sine</strong></span> <span class='ocrx_word' id='word_1_44' title='bbox 517 721 696 789; x_wconf 84' lang='lat' dir='ltr'><strong>adipe,</strong></span> <span class='ocrx_word' id='word_1_45' title='bbox 727 721 771 775; x_wconf 87' lang='lat' dir='ltr'><strong>si</strong></span> <span class='ocrx_word' id='word_1_46' title='bbox 805 736 913 774; x_wconf 89' lang='lat' dir='ltr'><strong>non</strong></span> <span class='ocrx_word' id='word_1_47' title='bbox 941 730 1022 773; x_wconf 88' lang='lat' dir='ltr'><strong>est</strong></span> <span class='ocrx_word' id='word_1_48' title='bbox 1064 721 1179 774; x_wconf 89' lang='lat' dir='ltr'><strong>dies</strong></span> <span class='ocrx_word' id='word_1_49' title='bbox 1219 719 1428 788; x_wconf 82' lang='lat' dir='ltr'><strong>jejunii,</strong></span> <span class='ocrx_word' id='word_1_50' title='bbox 1459 733 1552 772; x_wconf 90' lang='lat' dir='ltr'><strong>seu</strong></span> <span class='ocrx_word' id='word_1_51' title='bbox 1584 718 1650 771; x_wconf 91' lang='lat' dir='ltr'><strong>dc</strong></span> <span class='ocrx_word' id='word_1_52' title='bbox 1689 715 1801 770; x_wconf 79' lang='lat' dir='ltr'><strong>ole-</strong></span> 
     </span>
    </p>
   </div>
   <div class='ocr_carea' id='block_1_8' title="bbox 222 808 1802 882">
    <p class='ocr_par' dir='ltr' id='par_1_8' title="bbox 222 808 1802 882">
     <span class='ocr_line' id='line_1_8' title="bbox 222 808 1802 882; baseline -0.001 -18"><span class='ocrx_word' id='word_1_53' title='bbox 222 811 376 866; x_wconf 80' lang='lat' dir='ltr'><strong>ribus</strong></span> <span class='ocrx_word' id='word_1_54' title='bbox 407 811 755 866; x_wconf 70' lang='lat' dir='ltr'><strong>comminutis</strong></span> <span class='ocrx_word' id='word_1_55' title='bbox 791 819 846 866; x_wconf 87' lang='lat' dir='ltr'><strong>et</strong></span> <span class='ocrx_word' id='word_1_56' title='bbox 898 813 1068 868; x_wconf 88' lang='lat' dir='ltr'><strong>coctis</strong></span> <span class='ocrx_word' id='word_1_57' title='bbox 1116 828 1262 882; x_wconf 64' lang='lat' dir='ltr'><strong>quae,</strong></span> <span class='ocrx_word' id='word_1_58' title='bbox 1312 811 1610 866; x_wconf 89' lang='lat' dir='ltr'><strong>secundum</strong></span> <span class='ocrx_word' id='word_1_59' title='bbox 1657 808 1802 878; x_wconf 89' lang='lat' dir='ltr'><strong>quod</strong></span> 
     </span>
    </p>
   </div>
   <div class='ocr_carea' id='block_1_9' title="bbox 222 900 1800 971">
    <p class='ocr_par' dir='ltr' id='par_1_9' title="bbox 222 900 1800 971">
     <span class='ocr_line' id='line_1_9' title="bbox 222 900 1800 971; baseline -0.002 -15"><span class='ocrx_word' id='word_1_60' title='bbox 222 900 415 956; x_wconf 84' lang='lat' dir='ltr'><strong>haberi</strong></span> <span class='ocrx_word' id='word_1_61' title='bbox 445 901 742 970; x_wconf 79' lang='lat' dir='ltr'><strong>potuerint,</strong></span> <span class='ocrx_word' id='word_1_62' title='bbox 790 901 1010 957; x_wconf 83' lang='lat' dir='ltr'><strong>dantur.</strong></span> <span class='ocrx_word' id='word_1_63' title='bbox 1038 903 1241 958; x_wconf 63' lang='lat' dir='ltr'><strong>Praeter</strong></span> <span class='ocrx_word' id='word_1_64' title='bbox 1270 903 1384 957; x_wconf 69' lang='lat' dir='ltr'><strong>haec</strong></span> <span class='ocrx_word' id='word_1_65' title='bbox 1419 903 1474 957; x_wconf 90' lang='lat' dir='ltr'><strong>in</strong></span> <span class='ocrx_word' id='word_1_66' title='bbox 1502 901 1800 971; x_wconf 81' lang='lat' dir='ltr'><strong>septimana</strong></span> 
     </span>
    </p>
   </div>
   <div class='ocr_carea' id='block_1_10' title="bbox 225 990 1802 1064">
    <p class='ocr_par' dir='ltr' id='par_1_10' title="bbox 225 990 1802 1064">
     <span class='ocr_line' id='line_1_10' title="bbox 225 990 1802 1064; baseline 0 -20"><span class='ocrx_word' id='word_1_67' title='bbox 225 999 341 1045; x_wconf 89' lang='lat' dir='ltr'><strong>tres</strong></span> <span class='ocrx_word' id='word_1_68' title='bbox 375 990 510 1054; x_wconf 89' lang='lat' dir='ltr'><strong>dies,</strong></span> <span class='ocrx_word' id='word_1_69' title='bbox 548 1004 610 1056; x_wconf 83' lang='grc' dir='ltr'>ιι,</span> <span class='ocrx_word' id='word_1_70' title='bbox 660 1007 714 1046; x_wconf 80' lang='lat' dir='ltr'><strong>tv</strong></span> <span class='ocrx_word' id='word_1_71' title='bbox 741 1001 796 1048; x_wconf 89' lang='lat' dir='ltr'><strong>et</strong></span> <span class='ocrx_word' id='word_1_72' title='bbox 822 1007 874 1047; x_wconf 87' lang='lat' dir='ltr'><strong>vt</strong></span> <span class='ocrx_word' id='word_1_73' title='bbox 901 991 1056 1059; x_wconf 90' lang='lat' dir='ltr'><strong>feria,</strong></span> <span class='ocrx_word' id='word_1_74' title='bbox 1105 1008 1213 1048; x_wconf 91' lang='lat' dir='ltr'><strong>non</strong></span> <span class='ocrx_word' id='word_1_75' title='bbox 1244 994 1349 1048; x_wconf 85' lang='lat' dir='ltr'><strong>nisi</strong></span> <span class='ocrx_word' id='word_1_76' title='bbox 1395 992 1674 1064; x_wconf 90' lang='lat' dir='ltr'><strong>pitantiam</strong></span> <span class='ocrx_word' id='word_1_77' title='bbox 1708 992 1802 1045; x_wconf 86' lang='lat' dir='ltr'><strong>ha-</strong></span> 
     </span>
    </p>
   </div>
   <div class='ocr_carea' id='block_1_11' title="bbox 223 1083 1803 1156">
    <p class='ocr_par' dir='ltr' id='par_1_11' title="bbox 223 1083 1803 1156">
     <span class='ocr_line' id='line_1_11' title="bbox 223 1083 1803 1156; baseline -0.001 -17"><span class='ocrx_word' id='word_1_78' title='bbox 223 1085 439 1150; x_wconf 79' lang='lat' dir='ltr'><strong>bemus,</strong></span> <span class='ocrx_word' id='word_1_79' title='bbox 495 1086 632 1140; x_wconf 90' lang='lat' dir='ltr'><strong>alios</strong></span> <span class='ocrx_word' id='word_1_80' title='bbox 676 1095 911 1155; x_wconf 85' lang='lat' dir='ltr'><strong>quatuor</strong></span> <span class='ocrx_word' id='word_1_81' title='bbox 960 1086 1232 1156; x_wconf 73' lang='lat' dir='ltr'><strong>generale,</strong></span> <span class='ocrx_word' id='word_1_82' title='bbox 1279 1094 1335 1141; x_wconf 89' lang='lat' dir='ltr'><strong>et</strong></span> <span class='ocrx_word' id='word_1_83' title='bbox 1373 1087 1476 1140; x_wconf 88' lang='lat' dir='ltr'><strong>hoc</strong></span> <span class='ocrx_word' id='word_1_84' title='bbox 1530 1084 1673 1153; x_wconf 90' lang='lat' dir='ltr'><strong>quod</strong></span> <span class='ocrx_word' id='word_1_85' title='bbox 1716 1083 1803 1137; x_wconf 86' lang='lat' dir='ltr'><strong>die</strong></span> 
     </span>
    </p>
   </div>
   <div class='ocr_carea' id='block_1_12' title="bbox 224 1174 1801 1243">
    <p class='ocr_par' dir='ltr' id='par_1_12' title="bbox 224 1174 1801 1243">
     <span class='ocr_line' id='line_1_12' title="bbox 224 1174 1801 1243; baseline -0.001 -16"><span class='ocrx_word' id='word_1_86' title='bbox 224 1174 501 1230; x_wconf 89' lang='lat' dir='ltr'><strong>Dominica</strong></span> <span class='ocrx_word' id='word_1_87' title='bbox 531 1184 586 1230; x_wconf 91' lang='lat' dir='ltr'><strong>et</strong></span> <span class='ocrx_word' id='word_1_88' title='bbox 620 1191 653 1227; x_wconf 89' lang='lat' dir='ltr'><strong>v</strong></span> <span class='ocrx_word' id='word_1_89' title='bbox 693 1175 824 1229; x_wconf 89' lang='lat' dir='ltr'><strong>feria</strong></span> <span class='ocrx_word' id='word_1_90' title='bbox 848 1175 1016 1231; x_wconf 84' lang='lat' dir='ltr'><strong>estde</strong></span> <span class='ocrx_word' id='word_1_91' title='bbox 1045 1176 1305 1243; x_wconf 86' lang='lat' dir='ltr'><strong>piscibus,</strong></span> <span class='ocrx_word' id='word_1_92' title='bbox 1336 1175 1381 1229; x_wconf 91' lang='lat' dir='ltr'><strong>si</strong></span> <span class='ocrx_word' id='word_1_93' title='bbox 1433 1183 1612 1228; x_wconf 90' lang='lat' dir='ltr'><strong>tamen</strong></span> <span class='ocrx_word' id='word_1_94' title='bbox 1644 1187 1801 1242; x_wconf 63' lang='lat' dir='ltr'><strong>atquo</strong></span> 
     </span>
    </p>
   </div>
   <div class='ocr_carea' id='block_1_13' title="bbox 222 1264 1803 1335">
    <p class='ocr_par' dir='ltr' id='par_1_13' title="bbox 222 1264 1803 1335">
     <span class='ocr_line' id='line_1_13' title="bbox 222 1264 1803 1335; baseline 0.003 -21"><span class='ocrx_word' id='word_1_95' title='bbox 222 1265 399 1333; x_wconf 84' lang='lat' dir='ltr'><strong>pretio</strong></span> <span class='ocrx_word' id='word_1_96' title='bbox 433 1265 662 1321; x_wconf 74' lang='lat' dir='ltr'><strong>inveniri</strong></span> <span class='ocrx_word' id='word_1_97' title='bbox 692 1267 920 1335; x_wconf 85' lang='lat' dir='ltr'><strong>possint.</strong></span> <span class='ocrx_word' id='word_1_98' title='bbox 955 1267 1022 1322; x_wconf 87' lang='lat' dir='ltr'><strong>Et</strong></span> <span class='ocrx_word' id='word_1_99' title='bbox 1050 1267 1095 1322; x_wconf 87' lang='lat' dir='ltr'><strong>si</strong></span> <span class='ocrx_word' id='word_1_100' title='bbox 1135 1282 1242 1322; x_wconf 90' lang='lat' dir='ltr'><strong>non</strong></span> <span class='ocrx_word' id='word_1_101' title='bbox 1266 1275 1388 1324; x_wconf 92' lang='lat' dir='ltr'><strong>sunt</strong></span> <span class='ocrx_word' id='word_1_102' title='bbox 1430 1264 1803 1329; x_wconf 60' lang='lat' dir='ltr'><strong>olera,‘conti-</strong></span> 
     </span>
    </p>
   </div>
   <div class='ocr_carea' id='block_1_14' title="bbox 227 1355 1801 1427">
    <p class='ocr_par' dir='ltr' id='par_1_14' title="bbox 227 1355 1801 1427">
     <span class='ocr_line' id='line_1_14' title="bbox 227 1355 1801 1427; baseline -0.002 -17"><span class='ocrx_word' id='word_1_103' title='bbox 227 1355 488 1410; x_wconf 89' lang='lat' dir='ltr'><strong>nuabitur</strong></span> <span class='ocrx_word' id='word_1_104' title='bbox 541 1356 815 1423; x_wconf 81' lang='lat' dir='ltr'><strong>generale.</strong></span> <span class='ocrx_word' id='word_1_105' title='bbox 870 1356 1007 1414; x_wconf 90' lang='lat' dir='ltr'><strong>Item</strong></span> <span class='ocrx_word' id='word_1_106' title='bbox 1073 1359 1498 1427; x_wconf 85' lang='lat' dir='ltr'><strong>quotiescunque</strong></span> <span class='ocrx_word' id='word_1_107' title='bbox 1542 1356 1676 1409; x_wconf 89' lang='lat' dir='ltr'><strong>fiunt</strong></span> <span class='ocrx_word' id='word_1_108' title='bbox 1726 1370 1801 1407; x_wconf 81' lang='lat' dir='ltr'><strong>xu</strong></span> 
     </span>
    </p>
   </div>
   <div class='ocr_carea' id='block_1_15' title="bbox 225 1445 1801 1518">
    <p class='ocr_par' dir='ltr' id='par_1_15' title="bbox 225 1445 1801 1518">
     <span class='ocr_line' id='line_1_15' title="bbox 225 1445 1801 1518; baseline 0 -21"><span class='ocrx_word' id='word_1_109' title='bbox 225 1445 505 1506; x_wconf 84' lang='lat' dir='ltr'><strong>lectiones.</strong></span> <span class='ocrx_word' id='word_1_110' title='bbox 539 1447 808 1518; x_wconf 77' lang='lat' dir='ltr'><strong>generale.</strong></span> <span class='ocrx_word' id='word_1_111' title='bbox 867 1448 922 1504; x_wconf 92' lang='lat' dir='ltr'><strong>In</strong></span> <span class='ocrx_word' id='word_1_112' title='bbox 957 1449 1153 1503; x_wconf 91' lang='lat' dir='ltr'><strong>talibus</strong></span> <span class='ocrx_word' id='word_1_113' title='bbox 1182 1447 1580 1512; x_wconf 65' lang='lat' dir='ltr'><strong>festivitatibus,</strong></span> <span class='ocrx_word' id='word_1_114' title='bbox 1613 1456 1669 1500; x_wconf 87' lang='lat' dir='ltr'><strong>ut</strong></span> <span class='ocrx_word' id='word_1_115' title='bbox 1697 1456 1801 1507; x_wconf 85' lang='lat' dir='ltr'><strong>est.</strong></span> 
     </span>
    </p>
   </div>
   <div class='ocr_carea' id='block_1_16' title="bbox 223 1535 1803 1608">
    <p class='ocr_par' dir='ltr' id='par_1_16' title="bbox 223 1535 1803 1608">
     <span class='ocr_line' id='line_1_16' title="bbox 223 1535 1803 1608; baseline 0.001 -20"><span class='ocrx_word' id='word_1_116' title='bbox 223 1536 374 1590; x_wconf 88' lang='lat' dir='ltr'><strong>verbi</strong></span> <span class='ocrx_word' id='word_1_117' title='bbox 402 1538 596 1608; x_wconf 84' lang='lat' dir='ltr'><strong>gratia,</strong></span> <span class='ocrx_word' id='word_1_118' title='bbox 631 1535 940 1594; x_wconf 89' lang='lat' dir='ltr'><strong>Translatio</strong></span> <span class='ocrx_word' id='word_1_119' title='bbox 968 1539 1142 1594; x_wconf 85' lang='lat' dir='ltr'><strong>sancti</strong></span> <span class='ocrx_word' id='word_1_120' title='bbox 1165 1538 1468 1603; x_wconf 83' lang='lat' dir='ltr'><strong>Benedicti,</strong></span> <span class='ocrx_word' id='word_1_121' title='bbox 1515 1548 1803 1604; x_wconf 86' lang='lat' dir='ltr'><strong>utrumque</strong></span> 
     </span>
    </p>
   </div>
   <div class='ocr_carea' id='block_1_17' title="bbox 222 1627 1804 1702">
    <p class='ocr_par' dir='ltr' id='par_1_17' title="bbox 222 1627 1804 1702">
     <span class='ocr_line' id='line_1_17' title="bbox 222 1627 1804 1702; baseline -0.003 -17"><span class='ocrx_word' id='word_1_122' title='bbox 222 1639 277 1685; x_wconf 88' lang='lat' dir='ltr'><strong>et</strong></span> <span class='ocrx_word' id='word_1_123' title='bbox 304 1631 582 1700; x_wconf 86' lang='lat' dir='ltr'><strong>generale,</strong></span> <span class='ocrx_word' id='word_1_124' title='bbox 619 1639 674 1687; x_wconf 89' lang='lat' dir='ltr'><strong>et</strong></span> <span class='ocrx_word' id='word_1_125' title='bbox 720 1632 1024 1702; x_wconf 90' lang='lat' dir='ltr'><strong>pitantiam,</strong></span> <span class='ocrx_word' id='word_1_126' title='bbox 1081 1640 1136 1686; x_wconf 91' lang='lat' dir='ltr'><strong>ct</strong></span> <span class='ocrx_word' id='word_1_127' title='bbox 1186 1631 1363 1686; x_wconf 88' lang='lat' dir='ltr'><strong>adhuc</strong></span> <span class='ocrx_word' id='word_1_128' title='bbox 1391 1630 1553 1687; x_wconf 87' lang='lat' dir='ltr'><strong>etiam</strong></span> <span class='ocrx_word' id='word_1_129' title='bbox 1587 1629 1638 1682; x_wconf 90' lang='lat' dir='ltr'><strong>in</strong></span> <span class='ocrx_word' id='word_1_130' title='bbox 1698 1627 1804 1681; x_wconf 81' lang='lat' dir='ltr'><strong>illis</strong></span> 
     </span>
    </p>
   </div>
   <div class='ocr_carea' id='block_1_18' title="bbox 223 1718 1803 1791">
    <p class='ocr_par' dir='ltr' id='par_1_18' title="bbox 223 1718 1803 1791">
     <span class='ocr_line' id='line_1_18' title="bbox 223 1718 1803 1791; baseline -0.003 -17"><span class='ocrx_word' id='word_1_131' title='bbox 223 1721 606 1791; x_wconf 79' lang='lat' dir='ltr'><strong>principalibus</strong></span> <span class='ocrx_word' id='word_1_132' title='bbox 629 1736 658 1772; x_wconf 94' lang='lat' dir='ltr'><strong>v</strong></span> <span class='ocrx_word' id='word_1_133' title='bbox 685 1721 835 1779; x_wconf 85' lang='lat' dir='ltr'><strong>festis</strong></span> <span class='ocrx_word' id='word_1_134' title='bbox 861 1721 997 1776; x_wconf 70' lang='lat' dir='ltr'><strong>fabae</strong></span> <span class='ocrx_word' id='word_1_135' title='bbox 1020 1721 1181 1790; x_wconf 89' lang='lat' dir='ltr'><strong>sepiis</strong></span> <span class='ocrx_word' id='word_1_136' title='bbox 1229 1729 1323 1774; x_wconf 93' lang='lat' dir='ltr'><strong>aut</strong></span> <span class='ocrx_word' id='word_1_137' title='bbox 1352 1718 1652 1773; x_wconf 86' lang='lat' dir='ltr'><strong>Iladonibus</strong></span> <span class='ocrx_word' id='word_1_138' title='bbox 1681 1731 1803 1770; x_wconf 87' lang='lat' dir='ltr'><strong>mn-</strong></span> 
     </span>
    </p>
   </div>
   <div class='ocr_carea' id='block_1_19' title="bbox 223 1790 1874 1880">
    <p class='ocr_par' dir='ltr' id='par_1_19' title="bbox 223 1790 1874 1880">
     <span class='ocr_line' id='line_1_19' title="bbox 223 1790 1874 1880; baseline -0.001 -19"><span class='ocrx_word' id='word_1_139' title='bbox 223 1790 427 1863; x_wconf 87' lang='lat' dir='ltr'><strong>tantur.</strong></span> <span class='ocrx_word' id='word_1_140' title='bbox 475 1809 532 1862; x_wconf 93' lang='lat' dir='ltr'><strong>In</strong></span> <span class='ocrx_word' id='word_1_141' title='bbox 585 1809 779 1878; x_wconf 90' lang='lat' dir='ltr'><strong>quibus</strong></span> <span class='ocrx_word' id='word_1_142' title='bbox 825 1820 881 1864; x_wconf 88' lang='lat' dir='ltr'><strong>et</strong></span> <span class='ocrx_word' id='word_1_143' title='bbox 932 1818 1131 1879; x_wconf 57' lang='lat' dir='ltr'><strong>praeter</strong></span> <span class='ocrx_word' id='word_1_144' title='bbox 1173 1822 1366 1880; x_wconf 91' lang='lat' dir='ltr'><strong>panem</strong></span> <span class='ocrx_word' id='word_1_145' title='bbox 1410 1807 1651 1871; x_wconf 89' lang='lat' dir='ltr'><strong>solitum,</strong></span> <span class='ocrx_word' id='word_1_146' title='bbox 1682 1806 1798 1860; x_wconf 87' lang='lat' dir='ltr'><strong>dari</strong></span> <span class='ocrx_word' id='word_1_147' title='bbox 1828 1790 1874 1850; x_wconf 77' lang='grc' dir='ltr'><strong>Β</strong></span> 
     </span>
    </p>
   </div>
   <div class='ocr_carea' id='block_1_20' title="bbox 221 1902 1797 1970">
    <p class='ocr_par' dir='ltr' id='par_1_20' title="bbox 221 1902 1797 1970">
     <span class='ocr_line' id='line_1_20' title="bbox 221 1902 1797 1970; baseline -0.003 -14"><span class='ocrx_word' id='word_1_148' title='bbox 221 1903 397 1958; x_wconf 83' lang='lat' dir='ltr'><strong>solent</strong></span> <span class='ocrx_word' id='word_1_149' title='bbox 435 1919 542 1959; x_wconf 91' lang='lat' dir='ltr'><strong>una</strong></span> <span class='ocrx_word' id='word_1_150' title='bbox 569 1903 793 1958; x_wconf 68' lang='lat' dir='ltr'><strong>‘tortula</strong></span> <span class='ocrx_word' id='word_1_151' title='bbox 859 1903 928 1958; x_wconf 90' lang='lat' dir='ltr'><strong>de</strong></span> <span class='ocrx_word' id='word_1_152' title='bbox 979 1905 1097 1958; x_wconf 92' lang='lat' dir='ltr'><strong>ovis</strong></span> <span class='ocrx_word' id='word_1_153' title='bbox 1145 1902 1427 1970; x_wconf 90' lang='lat' dir='ltr'><strong>farinaque</strong></span> <span class='ocrx_word' id='word_1_154' title='bbox 1485 1915 1797 1970; x_wconf 85' lang='lat' dir='ltr'><strong>conspersa.</strong></span> 
     </span>
    </p>
   </div>
   <div class='ocr_carea' id='block_1_21' title="bbox 223 1990 1803 2062">
    <p class='ocr_par' dir='ltr' id='par_1_21' title="bbox 223 1990 1803 2062">
     <span class='ocr_line' id='line_1_21' title="bbox 223 1990 1803 2062; baseline -0.003 -15"><span class='ocrx_word' id='word_1_155' title='bbox 223 1991 361 2047; x_wconf 91' lang='lat' dir='ltr'><strong>Sunt</strong></span> <span class='ocrx_word' id='word_1_156' title='bbox 390 2002 447 2047; x_wconf 90' lang='lat' dir='ltr'><strong>et</strong></span> <span class='ocrx_word' id='word_1_157' title='bbox 468 1991 712 2062; x_wconf 86' lang='lat' dir='ltr'><strong>plerique</strong></span> <span class='ocrx_word' id='word_1_158' title='bbox 741 1992 1122 2058; x_wconf 82' lang='lat' dir='ltr'><strong>anniversarii,</strong></span> <span class='ocrx_word' id='word_1_159' title='bbox 1169 1993 1259 2061; x_wconf 92' lang='lat' dir='ltr'><strong>qui</strong></span> <span class='ocrx_word' id='word_1_160' title='bbox 1291 1992 1335 2046; x_wconf 83' lang='lat' dir='ltr'><strong>si</strong></span> <span class='ocrx_word' id='word_1_161' title='bbox 1364 1993 1415 2044; x_wconf 92' lang='lat' dir='ltr'><strong>in</strong></span> <span class='ocrx_word' id='word_1_162' title='bbox 1449 1990 1538 2044; x_wconf 89' lang='lat' dir='ltr'><strong>tali</strong></span> <span class='ocrx_word' id='word_1_163' title='bbox 1567 1991 1654 2044; x_wconf 88' lang='lat' dir='ltr'><strong>die</strong></span> <span class='ocrx_word' id='word_1_164' title='bbox 1678 2003 1803 2043; x_wconf 56' lang='lat' dir='ltr'><strong>eve-‘</strong></span> 
     </span>
    </p>
   </div>
   <div class='ocr_carea' id='block_1_22' title="bbox 224 2082 1804 2152">
    <p class='ocr_par' dir='ltr' id='par_1_22' title="bbox 224 2082 1804 2152">
     <span class='ocr_line' id='line_1_22' title="bbox 224 2082 1804 2152; baseline -0.003 -16"><span class='ocrx_word' id='word_1_165' title='bbox 224 2083 404 2136; x_wconf 90' lang='lat' dir='ltr'><strong>nerint</strong></span> <span class='ocrx_word' id='word_1_166' title='bbox 431 2097 538 2152; x_wconf 89' lang='lat' dir='ltr'><strong>quo</strong></span> <span class='ocrx_word' id='word_1_167' title='bbox 560 2097 628 2137; x_wconf 82' lang='lat' dir='ltr'><strong>ex</strong></span> <span class='ocrx_word' id='word_1_168' title='bbox 657 2097 806 2137; x_wconf 90' lang='lat' dir='ltr'><strong>more</strong></span> <span class='ocrx_word' id='word_1_169' title='bbox 834 2082 992 2136; x_wconf 89' lang='lat' dir='ltr'><strong>datur</strong></span> <span class='ocrx_word' id='word_1_170' title='bbox 1019 2082 1272 2152; x_wconf 92' lang='lat' dir='ltr'><strong>pitancia,</strong></span> <span class='ocrx_word' id='word_1_171' title='bbox 1304 2091 1526 2152; x_wconf 88' lang='lat' dir='ltr'><strong>propter</strong></span> <span class='ocrx_word' id='word_1_172' title='bbox 1550 2094 1643 2134; x_wconf 89' lang='lat' dir='ltr'><strong>eos</strong></span> <span class='ocrx_word' id='word_1_173' title='bbox 1669 2091 1804 2148; x_wconf 62' lang='lat' dir='ltr'><strong>quoo</strong></span> 
     </span>
    </p>
   </div>
   <div class='ocr_carea' id='block_1_23' title="bbox 225 2159 1804 2244">
    <p class='ocr_par' dir='ltr' id='par_1_23' title="bbox 225 2159 1804 2244">
     <span class='ocr_line' id='line_1_23' title="bbox 225 2159 1804 2244; baseline -0.004 -16"><span class='ocrx_word' id='word_1_174' title='bbox 225 2188 328 2243; x_wconf 87' lang='lat' dir='ltr'><strong>que</strong></span> <span class='ocrx_word' id='word_1_175' title='bbox 358 2182 600 2228; x_wconf 86' lang='lat' dir='ltr'><strong>mutatur</strong></span> <span class='ocrx_word' id='word_1_176' title='bbox 632 2189 756 2228; x_wconf 88' lang='lat' dir='ltr'><strong>cum</strong></span> <span class='ocrx_word' id='word_1_177' title='bbox 791 2172 1048 2244; x_wconf 79' lang='lat' dir='ltr'><strong>generali.</strong></span> <span class='ocrx_word' id='word_1_178' title='bbox 1077 2171 1236 2228; x_wconf 86' lang='lat' dir='ltr'><strong>Tales</strong></span> <span class='ocrx_word' id='word_1_179' title='bbox 1258 2159 1373 2228; x_wconf 89' lang='lat' dir='ltr'><strong>dies</strong></span> <span class='ocrx_word' id='word_1_180' title='bbox 1389 2173 1552 2227; x_wconf 87' lang='lat' dir='ltr'><strong>habet</strong></span> <span class='ocrx_word' id='word_1_181' title='bbox 1578 2168 1804 2225; x_wconf 89' lang='lat' dir='ltr'><strong>cellera-</strong></span> 
     </span>
    </p>
   </div>
   <div class='ocr_carea' id='block_1_24' title="bbox 221 2260 1803 2334">
    <p class='ocr_par' dir='ltr' id='par_1_24' title="bbox 221 2260 1803 2334">
     <span class='ocr_line' id='line_1_24' title="bbox 221 2260 1803 2334; baseline -0.002 -16"><span class='ocrx_word' id='word_1_182' title='bbox 221 2263 332 2318; x_wconf 88' lang='lat' dir='ltr'><strong>rius</strong></span> <span class='ocrx_word' id='word_1_183' title='bbox 361 2263 505 2334; x_wconf 90' lang='lat' dir='ltr'><strong>apud</strong></span> <span class='ocrx_word' id='word_1_184' title='bbox 530 2277 589 2319; x_wconf 88' lang='lat' dir='ltr'><strong>se</strong></span> <span class='ocrx_word' id='word_1_185' title='bbox 621 2263 989 2330; x_wconf 89' lang='lat' dir='ltr'><strong>imbreviatos,</strong></span> <span class='ocrx_word' id='word_1_186' title='bbox 1017 2264 1274 2334; x_wconf 89' lang='lat' dir='ltr'><strong>omnique</strong></span> <span class='ocrx_word' id='word_1_187' title='bbox 1299 2261 1538 2318; x_wconf 89' lang='lat' dir='ltr'><strong>Sabbato</strong></span> <span class='ocrx_word' id='word_1_188' title='bbox 1560 2260 1803 2316; x_wconf 86' lang='lat' dir='ltr'><strong>collatio-</strong></span> 
     </span>
    </p>
   </div>
   <div class='ocr_carea' id='block_1_25' title="bbox 221 2351 1797 2422">
    <p class='ocr_par' dir='ltr' id='par_1_25' title="bbox 221 2351 1797 2422">
     <span class='ocr_line' id='line_1_25' title="bbox 221 2351 1797 2422; baseline -0.002 -16"><span class='ocrx_word' id='word_1_189' title='bbox 221 2367 339 2407; x_wconf 87' lang='lat' dir='ltr'><strong>nem</strong></span> <span class='ocrx_word' id='word_1_190' title='bbox 363 2351 495 2407; x_wconf 85' lang='lat' dir='ltr'><strong>facit</strong></span> <span class='ocrx_word' id='word_1_191' title='bbox 522 2367 646 2406; x_wconf 91' lang='lat' dir='ltr'><strong>cum</strong></span> <span class='ocrx_word' id='word_1_192' title='bbox 683 2354 864 2422; x_wconf 86' lang='lat' dir='ltr'><strong>priore</strong></span> <span class='ocrx_word' id='word_1_193' title='bbox 897 2363 951 2408; x_wconf 90' lang='lat' dir='ltr'><strong>et</strong></span> <span class='ocrx_word' id='word_1_194' title='bbox 991 2353 1312 2417; x_wconf 87' lang='lat' dir='ltr'><strong>camerario,</strong></span> <span class='ocrx_word' id='word_1_195' title='bbox 1344 2352 1429 2406; x_wconf 89' lang='lat' dir='ltr'><strong>vel</strong></span> <span class='ocrx_word' id='word_1_196' title='bbox 1457 2367 1581 2407; x_wconf 85' lang='lat' dir='ltr'><strong>cum</strong></span> <span class='ocrx_word' id='word_1_197' title='bbox 1609 2365 1797 2406; x_wconf 89' lang='lat' dir='ltr'><strong>eorum</strong></span> 
     </span>
    </p>
   </div>
   <div class='ocr_carea' id='block_1_26' title="bbox 225 2443 1800 2514">
    <p class='ocr_par' dir='ltr' id='par_1_26' title="bbox 225 2443 1800 2514">
     <span class='ocr_line' id='line_1_26' title="bbox 225 2443 1800 2514; baseline -0.001 -18"><span class='ocrx_word' id='word_1_198' title='bbox 225 2443 467 2509; x_wconf 85' lang='lat' dir='ltr'><strong>vicariis,</strong></span> <span class='ocrx_word' id='word_1_199' title='bbox 501 2444 566 2500; x_wconf 89' lang='lat' dir='ltr'><strong>de</strong></span> <span class='ocrx_word' id='word_1_200' title='bbox 589 2444 818 2513; x_wconf 80' lang='lat' dir='ltr'><strong>singulis</strong></span> <span class='ocrx_word' id='word_1_201' title='bbox 846 2445 1036 2500; x_wconf 89' lang='lat' dir='ltr'><strong>diebus</strong></span> <span class='ocrx_word' id='word_1_202' title='bbox 1073 2445 1338 2499; x_wconf 89' lang='lat' dir='ltr'><strong>venientis</strong></span> <span class='ocrx_word' id='word_1_203' title='bbox 1370 2444 1707 2514; x_wconf 74' lang='lat' dir='ltr'><strong>septimanae,</strong></span> <span class='ocrx_word' id='word_1_204' title='bbox 1739 2449 1800 2495; x_wconf 87' lang='lat' dir='ltr'><strong>ut</strong></span> 
     </span>
    </p>
   </div>
   <div class='ocr_carea' id='block_1_27' title="bbox 221 2533 1798 2604">
    <p class='ocr_par' dir='ltr' id='par_1_27' title="bbox 221 2533 1798 2604">
     <span class='ocr_line' id='line_1_27' title="bbox 221 2533 1798 2604; baseline -0.001 -17"><span class='ocrx_word' id='word_1_205' title='bbox 221 2533 478 2604; x_wconf 87' lang='lat' dir='ltr'><strong>quidquid</strong></span> <span class='ocrx_word' id='word_1_206' title='bbox 507 2534 561 2587; x_wconf 90' lang='lat' dir='ltr'><strong>in</strong></span> <span class='ocrx_word' id='word_1_207' title='bbox 608 2533 698 2588; x_wconf 89' lang='lat' dir='ltr'><strong>illo</strong></span> <span class='ocrx_word' id='word_1_208' title='bbox 734 2543 789 2589; x_wconf 89' lang='lat' dir='ltr'><strong>et</strong></span> <span class='ocrx_word' id='word_1_209' title='bbox 814 2535 866 2588; x_wconf 91' lang='lat' dir='ltr'><strong>in</strong></span> <span class='ocrx_word' id='word_1_210' title='bbox 891 2535 982 2590; x_wconf 92' lang='lat' dir='ltr'><strong>illo</strong></span> <span class='ocrx_word' id='word_1_211' title='bbox 1011 2536 1097 2590; x_wconf 89' lang='lat' dir='ltr'><strong>die</strong></span> <span class='ocrx_word' id='word_1_212' title='bbox 1146 2536 1261 2589; x_wconf 87' lang='lat' dir='ltr'><strong>dari</strong></span> <span class='ocrx_word' id='word_1_213' title='bbox 1292 2535 1559 2598; x_wconf 84' lang='lat' dir='ltr'><strong>debuerit,</strong></span> <span class='ocrx_word' id='word_1_214' title='bbox 1593 2543 1798 2603; x_wconf 84' lang='lat' dir='ltr'><strong>tempe-</strong></span> 
     </span>
    </p>
   </div>
   <div class='ocr_carea' id='block_1_28' title="bbox 226 2623 1799 2693">
    <p class='ocr_par' dir='ltr' id='par_1_28' title="bbox 226 2623 1799 2693">
     <span class='ocr_line' id='line_1_28' title="bbox 226 2623 1799 2693; baseline 0 -17"><span class='ocrx_word' id='word_1_215' title='bbox 226 2623 364 2678; x_wconf 86' lang='lat' dir='ltr'><strong>stive</strong></span> <span class='ocrx_word' id='word_1_216' title='bbox 403 2623 776 2693; x_wconf 77' lang='lat' dir='ltr'><strong>providentur.</strong></span> <span class='ocrx_word' id='word_1_217' title='bbox 827 2624 958 2679; x_wconf 90' lang='lat' dir='ltr'><strong>Item</strong></span> <span class='ocrx_word' id='word_1_218' title='bbox 1010 2625 1063 2680; x_wconf 90' lang='lat' dir='ltr'><strong>in</strong></span> <span class='ocrx_word' id='word_1_219' title='bbox 1122 2626 1273 2681; x_wconf 83' lang='lat' dir='ltr'><strong>brevi</strong></span> <span class='ocrx_word' id='word_1_220' title='bbox 1334 2633 1484 2678; x_wconf 86' lang='lat' dir='ltr'><strong>notat</strong></span> <span class='ocrx_word' id='word_1_221' title='bbox 1532 2637 1799 2678; x_wconf 71' lang='lat' dir='ltr'><strong>suntnnam</strong></span> 
     </span>
    </p>
   </div>
   <div class='ocr_carea' id='block_1_29' title="bbox 222 2713 1800 2784">
    <p class='ocr_par' dir='ltr' id='par_1_29' title="bbox 222 2713 1800 2784">
     <span class='ocr_line' id='line_1_29' title="bbox 222 2713 1800 2784; baseline 0.001 -17"><span class='ocrx_word' id='word_1_222' title='bbox 222 2727 508 2783; x_wconf 85' lang='lat' dir='ltr'><strong>porcorum</strong></span> <span class='ocrx_word' id='word_1_223' title='bbox 535 2721 591 2768; x_wconf 83' lang='lat' dir='ltr'><strong>et</strong></span> <span class='ocrx_word' id='word_1_224' title='bbox 642 2713 874 2770; x_wconf 89' lang='lat' dir='ltr'><strong>arietum</strong></span> <span class='ocrx_word' id='word_1_225' title='bbox 928 2714 1020 2784; x_wconf 90' lang='lat' dir='ltr'><strong>qui</strong></span> <span class='ocrx_word' id='word_1_226' title='bbox 1064 2714 1334 2769; x_wconf 78' lang='lat' dir='ltr'><strong>debentur</strong></span> <span class='ocrx_word' id='word_1_227' title='bbox 1361 2715 1427 2769; x_wconf 89' lang='lat' dir='ltr'><strong>de</strong></span> <span class='ocrx_word' id='word_1_228' title='bbox 1481 2713 1800 2768; x_wconf 69' lang='lat' dir='ltr'><strong>obedientiis</strong></span> 
     </span>
    </p>
   </div>
   <div class='ocr_carea' id='block_1_30' title="bbox 222 2802 1798 2875">
    <p class='ocr_par' dir='ltr' id='par_1_30' title="bbox 222 2802 1798 2875">
     <span class='ocr_line' id='line_1_30' title="bbox 222 2802 1798 2875; baseline -0.001 -15"><span class='ocrx_word' id='word_1_229' title='bbox 222 2804 444 2870; x_wconf 86' lang='lat' dir='ltr'><strong>nostris,</strong></span> <span class='ocrx_word' id='word_1_230' title='bbox 473 2813 535 2859; x_wconf 92' lang='lat' dir='ltr'><strong>ut</strong></span> <span class='ocrx_word' id='word_1_231' title='bbox 556 2802 843 2860; x_wconf 85' lang='lat' dir='ltr'><strong>confestim</strong></span> <span class='ocrx_word' id='word_1_232' title='bbox 876 2805 942 2861; x_wconf 90' lang='lat' dir='ltr'><strong>de</strong></span> <span class='ocrx_word' id='word_1_233' title='bbox 973 2805 1058 2861; x_wconf 87' lang='lat' dir='ltr'><strong>bis</strong></span> <span class='ocrx_word' id='word_1_234' title='bbox 1107 2806 1456 2875; x_wconf 67' lang='lat' dir='ltr'><strong>qumstionem</strong></span> <span class='ocrx_word' id='word_1_235' title='bbox 1507 2811 1717 2859; x_wconf 85' lang='lat' dir='ltr'><strong>moveat</strong></span> <span class='ocrx_word' id='word_1_236' title='bbox 1753 2805 1798 2859; x_wconf 92' lang='lat' dir='ltr'><strong>si</strong></span> 
     </span>
    </p>
   </div>
   <div class='ocr_carea' id='block_1_31' title="bbox 222 2894 1798 2966">
    <p class='ocr_par' dir='ltr' id='par_1_31' title="bbox 222 2894 1798 2966">
     <span class='ocr_line' id='line_1_31' title="bbox 222 2894 1798 2966; baseline 0 -18"><span class='ocrx_word' id='word_1_237' title='bbox 222 2898 348 2966; x_wconf 90' lang='lat' dir='ltr'><strong>quid</strong></span> <span class='ocrx_word' id='word_1_238' title='bbox 371 2897 438 2952; x_wconf 89' lang='lat' dir='ltr'><strong>de</strong></span> <span class='ocrx_word' id='word_1_239' title='bbox 469 2912 682 2958; x_wconf 88' lang='lat' dir='ltr'><strong>summa</strong></span> <span class='ocrx_word' id='word_1_240' title='bbox 721 2911 822 2966; x_wconf 92' lang='lat' dir='ltr'><strong>per</strong></span> <span class='ocrx_word' id='word_1_241' title='bbox 866 2896 1132 2951; x_wconf 88' lang='lat' dir='ltr'><strong>incuriam</strong></span> <span class='ocrx_word' id='word_1_242' title='bbox 1160 2894 1421 2965; x_wconf 84' lang='lat' dir='ltr'><strong>cujusque</strong></span> <span class='ocrx_word' id='word_1_243' title='bbox 1464 2895 1798 2949; x_wconf 81' lang='lat' dir='ltr'><strong>obedientia-</strong></span> 
     </span>
    </p>
   </div>
   <div class='ocr_carea' id='block_1_32' title="bbox 223 2986 1797 3059">
    <p class='ocr_par' dir='ltr' id='par_1_32' title="bbox 223 2986 1797 3059">
     <span class='ocr_line' id='line_1_32' title="bbox 223 2986 1797 3059; baseline 0.001 -20"><span class='ocrx_word' id='word_1_244' title='bbox 223 2988 287 3040; x_wconf 87' lang='lat' dir='ltr'><strong>rii</strong></span> <span class='ocrx_word' id='word_1_245' title='bbox 314 2986 546 3042; x_wconf 88' lang='lat' dir='ltr'><strong>decedat</strong></span> <span class='ocrx_word' id='word_1_246' title='bbox 571 3003 586 3052; x_wconf 88' lang='lat'><strong>;</strong></span> <span class='ocrx_word' id='word_1_247' title='bbox 609 2987 676 3042; x_wconf 92' lang='lat' dir='ltr'><strong>ad</strong></span> <span class='ocrx_word' id='word_1_248' title='bbox 701 2987 870 3056; x_wconf 90' lang='lat' dir='ltr'><strong>ipsam</strong></span> <span class='ocrx_word' id='word_1_249' title='bbox 895 3002 1108 3059; x_wconf 89' lang='lat' dir='ltr'><strong>quoque</strong></span> <span class='ocrx_word' id='word_1_250' title='bbox 1145 2987 1410 3042; x_wconf 80' lang='lat' dir='ltr'><strong>cellerarii</strong></span> <span class='ocrx_word' id='word_1_251' title='bbox 1433 2987 1797 3042; x_wconf 87' lang='lat' dir='ltr'><strong>obedientiam</strong></span> 
     </span>
    </p>
   </div>
   <div class='ocr_carea' id='block_1_33' title="bbox 1901 528 3485 610">
    <p class='ocr_par' dir='ltr' id='par_1_33' title="bbox 1901 528 3485 610">
     <span class='ocr_line' id='line_1_33' title="bbox 1901 528 3485 610; baseline -0.008 -13"><span class='ocrx_word' id='word_1_252' title='bbox 1901 539 2192 610; x_wconf 81' lang='lat' dir='ltr'><strong>respondet</strong></span> <span class='ocrx_word' id='word_1_253' title='bbox 2215 537 2281 592; x_wconf 91' lang='lat' dir='ltr'><strong>de</strong></span> <span class='ocrx_word' id='word_1_254' title='bbox 2303 535 2498 608; x_wconf 87' lang='lat' dir='ltr'><strong>quibus</strong></span> <span class='ocrx_word' id='word_1_255' title='bbox 2517 533 2651 589; x_wconf 89' lang='lat' dir='ltr'><strong>solet</strong></span> <span class='ocrx_word' id='word_1_256' title='bbox 2680 540 2741 587; x_wconf 80' lang='lat' dir='ltr'><strong>et&#39;</strong></span> <span class='ocrx_word' id='word_1_257' title='bbox 2764 531 2879 602; x_wconf 88' lang='lat' dir='ltr'><strong>ipse</strong></span> <span class='ocrx_word' id='word_1_258' title='bbox 2907 528 3252 599; x_wconf 86' lang='lat' dir='ltr'><strong>respondere.</strong></span> <span class='ocrx_word' id='word_1_259' title='bbox 3281 528 3485 584; x_wconf 86' lang='lat' dir='ltr'><strong>Secun-</strong></span> 
     </span>
    </p>
   </div>
   <div class='ocr_carea' id='block_1_34' title="bbox 1901 621 3482 696">
    <p class='ocr_par' dir='ltr' id='par_1_34' title="bbox 1901 621 3482 696">
     <span class='ocr_line' id='line_1_34' title="bbox 1901 621 3482 696; baseline -0.008 -10"><span class='ocrx_word' id='word_1_260' title='bbox 1901 632 2003 686; x_wconf 94' lang='lat' dir='ltr'><strong>dus</strong></span> <span class='ocrx_word' id='word_1_261' title='bbox 2024 638 2109 686; x_wconf 91' lang='lat' dir='ltr'><strong>est</strong></span> <span class='ocrx_word' id='word_1_262' title='bbox 2151 628 2248 696; x_wconf 84' lang='lat' dir='ltr'><strong>qui</strong></span> <span class='ocrx_word' id='word_1_263' title='bbox 2271 640 2538 680; x_wconf 84' lang='lat' dir='ltr'><strong>annonam</strong></span> <span class='ocrx_word' id='word_1_264' title='bbox 2567 623 2777 692; x_wconf 85' lang='lat' dir='ltr'><strong>recipit,</strong></span> <span class='ocrx_word' id='word_1_265' title='bbox 2836 635 2992 689; x_wconf 90' lang='lat' dir='ltr'><strong>quem</strong></span> <span class='ocrx_word' id='word_1_266' title='bbox 3019 629 3073 674; x_wconf 92' lang='lat' dir='ltr'><strong>et</strong></span> <span class='ocrx_word' id='word_1_267' title='bbox 3117 621 3482 690; x_wconf 83' lang='lat' dir='ltr'><strong>granatarium</strong></span> 
     </span>
    </p>
   </div>
   <div class='ocr_carea' id='block_1_35' title="bbox 1907 711 3527 784">
    <p class='ocr_par' dir='ltr' id='par_1_35' title="bbox 1907 711 3527 784">
     <span class='ocr_line' id='line_1_35' title="bbox 1907 711 3527 784; baseline -0.007 -9"><span class='ocrx_word' id='word_1_268' title='bbox 1907 730 2189 775; x_wconf 90' lang='lat' dir='ltr'><strong>vocamus.</strong></span> <span class='ocrx_word' id='word_1_269' title='bbox 2220 717 2377 781; x_wconf 91' lang='lat' dir='ltr'><strong>Iluic,</strong></span> <span class='ocrx_word' id='word_1_270' title='bbox 2427 715 2642 784; x_wconf 89' lang='lat' dir='ltr'><strong>quando</strong></span> <span class='ocrx_word' id='word_1_271' title='bbox 2683 715 2886 767; x_wconf 79' lang='lat' dir='ltr'><strong>messis</strong></span> <span class='ocrx_word' id='word_1_272' title='bbox 2927 719 3010 765; x_wconf 91' lang='lat' dir='ltr'><strong>est</strong></span> <span class='ocrx_word' id='word_1_273' title='bbox 3055 719 3162 765; x_wconf 89' lang='lat' dir='ltr'><strong>tota</strong></span> <span class='ocrx_word' id='word_1_274' title='bbox 3221 711 3475 774; x_wconf 85' lang='lat' dir='ltr'><strong>collecta,</strong></span> <span class='ocrx_word' id='word_1_275' title='bbox 3506 730 3527 751; x_wconf 81' lang='grc' dir='ltr'><strong>ο</strong></span> 
     </span>
    </p>
   </div>
   <div class='ocr_carea' id='block_1_36' title="bbox 1900 801 3482 880">
    <p class='ocr_par' dir='ltr' id='par_1_36' title="bbox 1900 801 3482 880">
     <span class='ocr_line' id='line_1_36' title="bbox 1900 801 3482 880; baseline -0.01 -15"><span class='ocrx_word' id='word_1_276' title='bbox 1900 811 2053 880; x_wconf 91' lang='lat' dir='ltr'><strong>prior</strong></span> <span class='ocrx_word' id='word_1_277' title='bbox 2077 806 2364 864; x_wconf 88' lang='lat' dir='ltr'><strong>iuuotescit</strong></span> <span class='ocrx_word' id='word_1_278' title='bbox 2387 804 2574 874; x_wconf 90' lang='lat' dir='ltr'><strong>quanti</strong></span> <span class='ocrx_word' id='word_1_279' title='bbox 2601 803 2766 858; x_wconf 89' lang='lat' dir='ltr'><strong>modii</strong></span> <span class='ocrx_word' id='word_1_280' title='bbox 2787 803 2854 857; x_wconf 88' lang='lat' dir='ltr'><strong>de</strong></span> <span class='ocrx_word' id='word_1_281' title='bbox 2910 801 3001 857; x_wconf 92' lang='lat' dir='ltr'><strong>illa</strong></span> <span class='ocrx_word' id='word_1_282' title='bbox 3047 801 3196 856; x_wconf 89' lang='lat' dir='ltr'><strong>etde</strong></span> <span class='ocrx_word' id='word_1_283' title='bbox 3223 802 3312 855; x_wconf 92' lang='lat' dir='ltr'><strong>illa</strong></span> <span class='ocrx_word' id='word_1_284' title='bbox 3346 802 3482 856; x_wconf 79' lang='lat' dir='ltr'><strong>obe.</strong></span> 
     </span>
    </p>
   </div>
   <div class='ocr_carea' id='block_1_37' title="bbox 1903 889 3487 961">
    <p class='ocr_par' dir='ltr' id='par_1_37' title="bbox 1903 889 3487 961">
     <span class='ocr_line' id='line_1_37' title="bbox 1903 889 3487 961; baseline -0.006 -6"><span class='ocrx_word' id='word_1_285' title='bbox 1903 898 2111 955; x_wconf 87' lang='lat' dir='ltr'><strong>dientia</strong></span> <span class='ocrx_word' id='word_1_286' title='bbox 2159 905 2286 952; x_wconf 81' lang='lat' dir='ltr'><strong>sunt</strong></span> <span class='ocrx_word' id='word_1_287' title='bbox 2312 893 2549 958; x_wconf 89' lang='lat' dir='ltr'><strong>venturi,</strong></span> <span class='ocrx_word' id='word_1_288' title='bbox 2602 900 2659 946; x_wconf 91' lang='lat' dir='ltr'><strong>ct</strong></span> <span class='ocrx_word' id='word_1_289' title='bbox 2694 891 2836 960; x_wconf 90' lang='lat' dir='ltr'><strong>quod</strong></span> <span class='ocrx_word' id='word_1_290' title='bbox 2882 889 3050 944; x_wconf 87' lang='lat' dir='ltr'><strong>semel</strong></span> <span class='ocrx_word' id='word_1_291' title='bbox 3099 890 3268 955; x_wconf 89' lang='lat' dir='ltr'><strong>audit,</strong></span> <span class='ocrx_word' id='word_1_292' title='bbox 3316 907 3487 961; x_wconf 86' lang='lat' dir='ltr'><strong>usque</strong></span> 
     </span>
    </p>
   </div>
   <div class='ocr_carea' id='block_1_38' title="bbox 1901 980 3484 1053">
    <p class='ocr_par' dir='ltr' id='par_1_38' title="bbox 1901 980 3484 1053">
     <span class='ocr_line' id='line_1_38' title="bbox 1901 980 3484 1053; baseline -0.003 -8"><span class='ocrx_word' id='word_1_293' title='bbox 1901 989 2028 1047; x_wconf 88' lang='lat' dir='ltr'><strong>dum</strong></span> <span class='ocrx_word' id='word_1_294' title='bbox 2053 989 2123 1043; x_wconf 86' lang='lat' dir='ltr'><strong>sit</strong></span> <span class='ocrx_word' id='word_1_295' title='bbox 2144 987 2435 1050; x_wconf 86' lang='lat' dir='ltr'><strong>redditum,</strong></span> <span class='ocrx_word' id='word_1_296' title='bbox 2460 985 2514 1038; x_wconf 93' lang='lat' dir='ltr'><strong>in</strong></span> <span class='ocrx_word' id='word_1_297' title='bbox 2543 991 2801 1053; x_wconf 91' lang='lat' dir='ltr'><strong>computo</strong></span> <span class='ocrx_word' id='word_1_298' title='bbox 2840 996 2939 1036; x_wconf 87' lang='lat' dir='ltr'><strong>suo</strong></span> <span class='ocrx_word' id='word_1_299' title='bbox 2987 980 3212 1036; x_wconf 89' lang='lat' dir='ltr'><strong>tenebit.</strong></span> <span class='ocrx_word' id='word_1_300' title='bbox 3241 981 3484 1040; x_wconf 82' lang='lat' dir='ltr'><strong>Pistorcs</strong></span> 
     </span>
    </p>
   </div>
   <div class='ocr_carea' id='block_1_39' title="bbox 1902 1069 3486 1150">
    <p class='ocr_par' dir='ltr' id='par_1_39' title="bbox 1902 1069 3486 1150">
     <span class='ocr_line' id='line_1_39' title="bbox 1902 1069 3486 1150; baseline -0.005 -12"><span class='ocrx_word' id='word_1_301' title='bbox 1902 1089 2030 1138; x_wconf 87' lang='lat' dir='ltr'><strong>sunt</strong></span> <span class='ocrx_word' id='word_1_302' title='bbox 2071 1080 2172 1136; x_wconf 90' lang='lat' dir='ltr'><strong>sub</strong></span> <span class='ocrx_word' id='word_1_303' title='bbox 2201 1079 2320 1150; x_wconf 88' lang='lat' dir='ltr'><strong>ejus</strong></span> <span class='ocrx_word' id='word_1_304' title='bbox 2363 1091 2558 1140; x_wconf 85' lang='lat' dir='ltr'><strong>manu;</strong></span> <span class='ocrx_word' id='word_1_305' title='bbox 2591 1074 2704 1146; x_wconf 90' lang='lat' dir='ltr'><strong>qui,</strong></span> <span class='ocrx_word' id='word_1_306' title='bbox 2740 1088 2864 1130; x_wconf 91' lang='lat' dir='ltr'><strong>cum</strong></span> <span class='ocrx_word' id='word_1_307' title='bbox 2905 1069 3232 1127; x_wconf 82' lang='lat' dir='ltr'><strong>frumentum</strong></span> <span class='ocrx_word' id='word_1_308' title='bbox 3263 1087 3486 1146; x_wconf 83' lang='lat' dir='ltr'><strong>accepe-</strong></span> 
     </span>
    </p>
   </div>
   <div class='ocr_carea' id='block_1_40' title="bbox 1904 1165 3486 1240">
    <p class='ocr_par' dir='ltr' id='par_1_40' title="bbox 1904 1165 3486 1240">
     <span class='ocr_line' id='line_1_40' title="bbox 1904 1165 3486 1240; baseline -0.004 -11"><span class='ocrx_word' id='word_1_309' title='bbox 1904 1175 2032 1238; x_wconf 86' lang='lat' dir='ltr'><strong>rint,</strong></span> <span class='ocrx_word' id='word_1_310' title='bbox 2075 1173 2210 1227; x_wconf 91' lang='lat' dir='ltr'><strong>duas</strong></span> <span class='ocrx_word' id='word_1_311' title='bbox 2233 1169 2442 1240; x_wconf 82' lang='lat' dir='ltr'><strong>species</strong></span> <span class='ocrx_word' id='word_1_312' title='bbox 2488 1167 2646 1238; x_wconf 88' lang='lat' dir='ltr'><strong>panis</strong></span> <span class='ocrx_word' id='word_1_313' title='bbox 2674 1173 2802 1220; x_wconf 91' lang='lat' dir='ltr'><strong>sunt</strong></span> <span class='ocrx_word' id='word_1_314' title='bbox 2829 1165 3115 1230; x_wconf 88' lang='lat' dir='ltr'><strong>reddituri,</strong></span> <span class='ocrx_word' id='word_1_315' title='bbox 3145 1173 3205 1220; x_wconf 91' lang='lat' dir='ltr'><strong>ut</strong></span> <span class='ocrx_word' id='word_1_316' title='bbox 3227 1165 3486 1236; x_wconf 89' lang='lat' dir='ltr'><strong>quidquid</strong></span> 
     </span>
    </p>
   </div>
   <div class='ocr_carea' id='block_1_41' title="bbox 1903 1258 3487 1335">
    <p class='ocr_par' dir='ltr' id='par_1_41' title="bbox 1903 1258 3487 1335">
     <span class='ocr_line' id='line_1_41' title="bbox 1903 1258 3487 1335; baseline -0.004 -15"><span class='ocrx_word' id='word_1_317' title='bbox 1903 1268 1975 1320; x_wconf 86' lang='lat' dir='ltr'><strong>sit</strong></span> <span class='ocrx_word' id='word_1_318' title='bbox 2000 1264 2069 1318; x_wconf 90' lang='lat' dir='ltr'><strong>de</strong></span> <span class='ocrx_word' id='word_1_319' title='bbox 2098 1263 2204 1317; x_wconf 91' lang='lat' dir='ltr'><strong>alio</strong></span> <span class='ocrx_word' id='word_1_320' title='bbox 2241 1261 2538 1335; x_wconf 75' lang='lat' dir='ltr'><strong>conducto,</strong></span> <span class='ocrx_word' id='word_1_321' title='bbox 2593 1258 2748 1329; x_wconf 90' lang='lat' dir='ltr'><strong>panis</strong></span> <span class='ocrx_word' id='word_1_322' title='bbox 2778 1266 2956 1311; x_wconf 90' lang='lat' dir='ltr'><strong>tamen</strong></span> <span class='ocrx_word' id='word_1_323' title='bbox 3010 1258 3100 1326; x_wconf 91' lang='lat' dir='ltr'><strong>qui</strong></span> <span class='ocrx_word' id='word_1_324' title='bbox 3153 1258 3364 1312; x_wconf 90' lang='lat' dir='ltr'><strong>dandus</strong></span> <span class='ocrx_word' id='word_1_325' title='bbox 3402 1269 3487 1313; x_wconf 88' lang='lat' dir='ltr'><strong>cst</strong></span> 
     </span>
    </p>
   </div>
   <div class='ocr_carea' id='block_1_42' title="bbox 1905 1349 3486 1425">
    <p class='ocr_par' dir='ltr' id='par_1_42' title="bbox 1905 1349 3486 1425">
     <span class='ocr_line' id='line_1_42' title="bbox 1905 1349 3486 1425; baseline -0.004 -14"><span class='ocrx_word' id='word_1_326' title='bbox 1905 1356 2166 1411; x_wconf 74' lang='lat' dir='ltr'><strong>fratribus</strong></span> <span class='ocrx_word' id='word_1_327' title='bbox 2199 1353 2372 1425; x_wconf 86' lang='lat' dir='ltr'><strong>possit</strong></span> <span class='ocrx_word' id='word_1_328' title='bbox 2397 1353 2634 1420; x_wconf 85' lang='lat' dir='ltr'><strong>optimus</strong></span> <span class='ocrx_word' id='word_1_329' title='bbox 2669 1364 2811 1404; x_wconf 91' lang='lat' dir='ltr'><strong>esse.</strong></span> <span class='ocrx_word' id='word_1_330' title='bbox 2845 1349 2985 1416; x_wconf 79' lang='lat' dir='ltr'><strong>Ergo</strong></span> <span class='ocrx_word' id='word_1_331' title='bbox 3012 1350 3078 1403; x_wconf 89' lang='lat' dir='ltr'><strong>de</strong></span> <span class='ocrx_word' id='word_1_332' title='bbox 3125 1349 3304 1403; x_wconf 88' lang='lat' dir='ltr'><strong>modio</strong></span> <span class='ocrx_word' id='word_1_333' title='bbox 3326 1350 3486 1419; x_wconf 87' lang='lat' dir='ltr'><strong>panis</strong></span> 
     </span>
    </p>
   </div>
   <div class='ocr_carea' id='block_1_43' title="bbox 1905 1439 3483 1515">
    <p class='ocr_par' dir='ltr' id='par_1_43' title="bbox 1905 1439 3483 1515">
     <span class='ocr_line' id='line_1_43' title="bbox 1905 1439 3483 1515; baseline -0.004 -13"><span class='ocrx_word' id='word_1_334' title='bbox 1905 1447 2212 1515; x_wconf 78' lang='lat' dir='ltr'><strong>Imjusmodi</strong></span> <span class='ocrx_word' id='word_1_335' title='bbox 2261 1446 2397 1497; x_wconf 79' lang='lat' dir='ltr'><strong>fiunt</strong></span> <span class='ocrx_word' id='word_1_336' title='bbox 2441 1460 2544 1498; x_wconf 73' lang='lat' dir='ltr'><strong>cxx</strong></span> <span class='ocrx_word' id='word_1_337' title='bbox 2583 1442 2753 1506; x_wconf 76' lang='lat' dir='ltr'><strong>librtr,</strong></span> <span class='ocrx_word' id='word_1_338' title='bbox 2801 1441 3078 1510; x_wconf 87' lang='lat' dir='ltr'><strong>sequentis</strong></span> <span class='ocrx_word' id='word_1_339' title='bbox 3121 1456 3173 1494; x_wconf 80' lang='grc' dir='ltr'><strong>ι..</strong></span> <span class='ocrx_word' id='word_1_340' title='bbox 3219 1439 3275 1495; x_wconf 88' lang='lat' dir='ltr'><strong>Si</strong></span> <span class='ocrx_word' id='word_1_341' title='bbox 3319 1456 3483 1511; x_wconf 87' lang='lat' dir='ltr'><strong>quant</strong></span> 
     </span>
    </p>
   </div>
   <div class='ocr_carea' id='block_1_44' title="bbox 1905 1533 3486 1608">
    <p class='ocr_par' dir='ltr' id='par_1_44' title="bbox 1905 1533 3486 1608">
     <span class='ocr_line' id='line_1_44' title="bbox 1905 1533 3486 1608; baseline -0.003 -16"><span class='ocrx_word' id='word_1_342' title='bbox 1905 1537 2286 1608; x_wconf 85' lang='lat' dir='ltr'><strong>negligentiam</strong></span> <span class='ocrx_word' id='word_1_343' title='bbox 2315 1535 2415 1605; x_wconf 88' lang='lat' dir='ltr'><strong>ipsi</strong></span> <span class='ocrx_word' id='word_1_344' title='bbox 2439 1536 2675 1605; x_wconf 82' lang='lat' dir='ltr'><strong>pistores</strong></span> <span class='ocrx_word' id='word_1_345' title='bbox 2722 1533 3115 1598; x_wconf 80' lang='lat' dir='ltr'><strong>commiserint,</strong></span> <span class='ocrx_word' id='word_1_346' title='bbox 3144 1533 3225 1587; x_wconf 91' lang='lat' dir='ltr'><strong>vel</strong></span> <span class='ocrx_word' id='word_1_347' title='bbox 3259 1548 3486 1587; x_wconf 89' lang='lat' dir='ltr'><strong>consue-</strong></span> 
     </span>
    </p>
   </div>
   <div class='ocr_carea' id='block_1_45' title="bbox 1905 1623 3478 1694">
    <p class='ocr_par' dir='ltr' id='par_1_45' title="bbox 1905 1623 3478 1694">
     <span class='ocr_line' id='line_1_45' title="bbox 1905 1623 3478 1694; baseline -0.003 -12"><span class='ocrx_word' id='word_1_348' title='bbox 1905 1637 2016 1682; x_wconf 88' lang='lat' dir='ltr'><strong>tum</strong></span> <span class='ocrx_word' id='word_1_349' title='bbox 2048 1641 2331 1681; x_wconf 90' lang='lat' dir='ltr'><strong>numerum</strong></span> <span class='ocrx_word' id='word_1_350' title='bbox 2380 1625 2640 1682; x_wconf 86' lang='lat' dir='ltr'><strong>librarum</strong></span> <span class='ocrx_word' id='word_1_351' title='bbox 2691 1639 2799 1681; x_wconf 89' lang='lat' dir='ltr'><strong>non</strong></span> <span class='ocrx_word' id='word_1_352' title='bbox 2838 1624 3132 1688; x_wconf 86' lang='lat' dir='ltr'><strong>reddendo,</strong></span> <span class='ocrx_word' id='word_1_353' title='bbox 3176 1623 3259 1678; x_wconf 88' lang='lat' dir='ltr'><strong>vel</strong></span> <span class='ocrx_word' id='word_1_354' title='bbox 3302 1625 3478 1694; x_wconf 87' lang='lat' dir='ltr'><strong>ipsum</strong></span> 
     </span>
    </p>
   </div>
   <div class='ocr_carea' id='block_1_46' title="bbox 1905 1715 3484 1789">
    <p class='ocr_par' dir='ltr' id='par_1_46' title="bbox 1905 1715 3484 1789">
     <span class='ocr_line' id='line_1_46' title="bbox 1905 1715 3484 1789; baseline -0.001 -17"><span class='ocrx_word' id='word_1_355' title='bbox 1905 1733 2100 1789; x_wconf 87' lang='lat' dir='ltr'><strong>panem</strong></span> <span class='ocrx_word' id='word_1_356' title='bbox 2154 1734 2260 1774; x_wconf 90' lang='lat' dir='ltr'><strong>non</strong></span> <span class='ocrx_word' id='word_1_357' title='bbox 2313 1728 2422 1772; x_wconf 91' lang='lat' dir='ltr'><strong>tam</strong></span> <span class='ocrx_word' id='word_1_358' title='bbox 2479 1719 2678 1773; x_wconf 86' lang='lat' dir='ltr'><strong>bonum</strong></span> <span class='ocrx_word' id='word_1_359' title='bbox 2728 1732 2890 1786; x_wconf 90' lang='lat' dir='ltr'><strong>quam</strong></span> <span class='ocrx_word' id='word_1_360' title='bbox 2943 1725 3156 1786; x_wconf 89' lang='lat' dir='ltr'><strong>oportet</strong></span> <span class='ocrx_word' id='word_1_361' title='bbox 3201 1715 3484 1782; x_wconf 86' lang='lat' dir='ltr'><strong>faciendo,</strong></span> 
     </span>
    </p>
   </div>
   <div class='ocr_carea' id='block_1_47' title="bbox 1902 1807 3483 1878">
    <p class='ocr_par' dir='ltr' id='par_1_47' title="bbox 1902 1807 3483 1878">
     <span class='ocr_line' id='line_1_47' title="bbox 1902 1807 3483 1878; baseline 0 -16"><span class='ocrx_word' id='word_1_362' title='bbox 1902 1808 2159 1877; x_wconf 78' lang='lat' dir='ltr'><strong>pra-fatus</strong></span> <span class='ocrx_word' id='word_1_363' title='bbox 2188 1808 2446 1877; x_wconf 85' lang='lat' dir='ltr'><strong>magister</strong></span> <span class='ocrx_word' id='word_1_364' title='bbox 2469 1823 2657 1863; x_wconf 89' lang='lat' dir='ltr'><strong>eorum</strong></span> <span class='ocrx_word' id='word_1_365' title='bbox 2697 1807 2914 1862; x_wconf 85' lang='lat' dir='ltr'><strong>adducit</strong></span> <span class='ocrx_word' id='word_1_366' title='bbox 2933 1823 3028 1862; x_wconf 89' lang='lat' dir='ltr'><strong>eos</strong></span> <span class='ocrx_word' id='word_1_367' title='bbox 3066 1808 3118 1861; x_wconf 93' lang='lat' dir='ltr'><strong>in</strong></span> <span class='ocrx_word' id='word_1_368' title='bbox 3143 1809 3483 1878; x_wconf 69' lang='lat' dir='ltr'><strong>prtesentiant</strong></span> 
     </span>
    </p>
   </div>
   <div class='ocr_carea' id='block_1_48' title="bbox 1903 1899 3488 1970">
    <p class='ocr_par' dir='ltr' id='par_1_48' title="bbox 1903 1899 3488 1970">
     <span class='ocr_line' id='line_1_48' title="bbox 1903 1899 3488 1970; baseline 0 -16"><span class='ocrx_word' id='word_1_369' title='bbox 1903 1901 2104 1968; x_wconf 78' lang='lat' dir='ltr'><strong>prioris</strong></span> <span class='ocrx_word' id='word_1_370' title='bbox 2123 1909 2180 1954; x_wconf 91' lang='lat' dir='ltr'><strong>et</strong></span> <span class='ocrx_word' id='word_1_371' title='bbox 2201 1899 2466 1955; x_wconf 87' lang='lat' dir='ltr'><strong>cellerarii</strong></span> <span class='ocrx_word' id='word_1_372' title='bbox 2493 1917 2508 1965; x_wconf 88' lang='lat'><strong>;</strong></span> <span class='ocrx_word' id='word_1_373' title='bbox 2537 1900 2690 1970; x_wconf 86' lang='lat' dir='ltr'><strong>cujus</strong></span> <span class='ocrx_word' id='word_1_374' title='bbox 2737 1900 2968 1970; x_wconf 89' lang='lat' dir='ltr'><strong>imperio</strong></span> <span class='ocrx_word' id='word_1_375' title='bbox 3015 1901 3204 1954; x_wconf 89' lang='lat' dir='ltr'><strong>nudati</strong></span> <span class='ocrx_word' id='word_1_376' title='bbox 3245 1900 3488 1955; x_wconf 86' lang='lat' dir='ltr'><strong>verberi-</strong></span> 
     </span>
    </p>
   </div>
   <div class='ocr_carea' id='block_1_49' title="bbox 1903 1991 3488 2061">
    <p class='ocr_par' dir='ltr' id='par_1_49' title="bbox 1903 1991 3488 2061">
     <span class='ocr_line' id='line_1_49' title="bbox 1903 1991 3488 2061; baseline 0.001 -16"><span class='ocrx_word' id='word_1_377' title='bbox 1903 1991 2003 2047; x_wconf 84' lang='lat' dir='ltr'><strong>bus</strong></span> <span class='ocrx_word' id='word_1_378' title='bbox 2030 1992 2410 2055; x_wconf 78' lang='lat' dir='ltr'><strong>emcndantur,</strong></span> <span class='ocrx_word' id='word_1_379' title='bbox 2441 1991 2742 2061; x_wconf 88' lang='lat' dir='ltr'><strong>eodemque</strong></span> <span class='ocrx_word' id='word_1_380' title='bbox 2789 1999 3068 2045; x_wconf 89' lang='lat' dir='ltr'><strong>momento</strong></span> <span class='ocrx_word' id='word_1_381' title='bbox 3097 2005 3234 2060; x_wconf 90' lang='lat' dir='ltr'><strong>pane</strong></span> <span class='ocrx_word' id='word_1_382' title='bbox 3281 2000 3331 2048; x_wconf 88' lang='lat' dir='ltr'><strong>et</strong></span> <span class='ocrx_word' id='word_1_383' title='bbox 3361 1991 3488 2046; x_wconf 75' lang='lat' dir='ltr'><strong>vino</strong></span> 
     </span>
    </p>
   </div>
   <div class='ocr_carea' id='block_1_50' title="bbox 1903 2081 3489 2152">
    <p class='ocr_par' dir='ltr' id='par_1_50' title="bbox 1903 2081 3489 2152">
     <span class='ocr_line' id='line_1_50' title="bbox 1903 2081 3489 2152; baseline -0.001 -16"><span class='ocrx_word' id='word_1_384' title='bbox 1903 2083 2240 2138; x_wconf 56' lang='lat' dir='ltr'><strong>reﬁciuntur.</strong></span> <span class='ocrx_word' id='word_1_385' title='bbox 2269 2082 2532 2152; x_wconf 87' lang='lat' dir='ltr'><strong>Quodque</strong></span> <span class='ocrx_word' id='word_1_386' title='bbox 2558 2083 2664 2137; x_wconf 91' lang='lat' dir='ltr'><strong>alio</strong></span> <span class='ocrx_word' id='word_1_387' title='bbox 2692 2081 2804 2137; x_wconf 78' lang='lat' dir='ltr'><strong>dixi</strong></span> <span class='ocrx_word' id='word_1_388' title='bbox 2833 2081 2953 2137; x_wconf 86' lang='lat' dir='ltr'><strong>loco</strong></span> <span class='ocrx_word' id='word_1_389' title='bbox 2994 2082 3061 2137; x_wconf 87' lang='lat' dir='ltr'><strong>de</strong></span> <span class='ocrx_word' id='word_1_390' title='bbox 3087 2083 3316 2148; x_wconf 84' lang='lat' dir='ltr'><strong>decano,</strong></span> <span class='ocrx_word' id='word_1_391' title='bbox 3345 2098 3489 2136; x_wconf 87' lang='lat' dir='ltr'><strong>sem-</strong></span> 
     </span>
    </p>
   </div>
   <div class='ocr_carea' id='block_1_51' title="bbox 1901 2174 3486 2245">
    <p class='ocr_par' dir='ltr' id='par_1_51' title="bbox 1901 2174 3486 2245">
     <span class='ocr_line' id='line_1_51' title="bbox 1901 2174 3486 2245; baseline 0 -17"><span class='ocrx_word' id='word_1_392' title='bbox 1901 2190 2000 2245; x_wconf 86' lang='lat' dir='ltr'><strong>per</strong></span> <span class='ocrx_word' id='word_1_393' title='bbox 2043 2177 2259 2230; x_wconf 83' lang='lat' dir='ltr'><strong>tcnetur</strong></span> <span class='ocrx_word' id='word_1_394' title='bbox 2304 2175 2373 2229; x_wconf 92' lang='lat' dir='ltr'><strong>ab</strong></span> <span class='ocrx_word' id='word_1_395' title='bbox 2417 2175 2667 2230; x_wconf 90' lang='lat' dir='ltr'><strong>omnibus</strong></span> <span class='ocrx_word' id='word_1_396' title='bbox 2697 2214 2712 2239; x_wconf 90' lang='lat'><strong>,</strong></span> <span class='ocrx_word' id='word_1_397' title='bbox 2767 2182 2828 2227; x_wconf 91' lang='lat' dir='ltr'><strong>ut</strong></span> <span class='ocrx_word' id='word_1_398' title='bbox 2876 2188 3152 2243; x_wconf 89' lang='lat' dir='ltr'><strong>nunquam</strong></span> <span class='ocrx_word' id='word_1_399' title='bbox 3202 2174 3486 2243; x_wconf 88' lang='lat' dir='ltr'><strong>disciplina</strong></span> 
     </span>
    </p>
   </div>
   <div class='ocr_carea' id='block_1_52' title="bbox 1907 2264 3488 2335">
    <p class='ocr_par' dir='ltr' id='par_1_52' title="bbox 1907 2264 3488 2335">
     <span class='ocr_line' id='line_1_52' title="bbox 1907 2264 3488 2335; baseline 0 -17"><span class='ocrx_word' id='word_1_400' title='bbox 1907 2267 2004 2320; x_wconf 86' lang='lat' dir='ltr'><strong>fiat</strong></span> <span class='ocrx_word' id='word_1_401' title='bbox 2056 2280 2220 2335; x_wconf 81' lang='lat' dir='ltr'><strong>super</strong></span> <span class='ocrx_word' id='word_1_402' title='bbox 2266 2281 2593 2335; x_wconf 88' lang='lat' dir='ltr'><strong>quemquam</strong></span> <span class='ocrx_word' id='word_1_403' title='bbox 2658 2264 2984 2319; x_wconf 89' lang='lat' dir='ltr'><strong>famulorum</strong></span> <span class='ocrx_word' id='word_1_404' title='bbox 3033 2264 3135 2319; x_wconf 91' lang='lat' dir='ltr'><strong>nisi</strong></span> <span class='ocrx_word' id='word_1_405' title='bbox 3172 2274 3298 2318; x_wconf 90' lang='lat' dir='ltr'><strong>ante</strong></span> <span class='ocrx_word' id='word_1_406' title='bbox 3325 2279 3488 2334; x_wconf 84' lang='lat' dir='ltr'><strong>pran-</strong></span> 
     </span>
    </p>
   </div>
   <div class='ocr_carea' id='block_1_53' title="bbox 1902 2352 3485 2427">
    <p class='ocr_par' dir='ltr' id='par_1_53' title="bbox 1902 2352 3485 2427">
     <span class='ocr_line' id='line_1_53' title="bbox 1902 2352 3485 2427; baseline -0.005 -16"><span class='ocrx_word' id='word_1_407' title='bbox 1902 2357 2071 2411; x_wconf 77' lang='lat' dir='ltr'><strong>dium.</strong></span> <span class='ocrx_word' id='word_1_408' title='bbox 2101 2357 2206 2410; x_wconf 84' lang='lat' dir='ltr'><strong>Sed</strong></span> <span class='ocrx_word' id='word_1_409' title='bbox 2259 2356 2448 2411; x_wconf 88' lang='lat' dir='ltr'><strong>eodem</strong></span> <span class='ocrx_word' id='word_1_410' title='bbox 2499 2356 2657 2410; x_wconf 91' lang='lat' dir='ltr'><strong>modo</strong></span> <span class='ocrx_word' id='word_1_411' title='bbox 2690 2354 3037 2426; x_wconf 88' lang='lat' dir='ltr'><strong>granatarins</strong></span> <span class='ocrx_word' id='word_1_412' title='bbox 3062 2362 3258 2423; x_wconf 71' lang='lat' dir='ltr'><strong>prmest</strong></span> <span class='ocrx_word' id='word_1_413' title='bbox 3291 2363 3348 2408; x_wconf 92' lang='lat' dir='ltr'><strong>et</strong></span> <span class='ocrx_word' id='word_1_414' title='bbox 3382 2352 3485 2427; x_wconf 62' lang='lat' dir='ltr'><strong>fut.</strong></span> 
     </span>
    </p>
   </div>
   <div class='ocr_carea' id='block_1_54' title="bbox 1903 2445 3485 2518">
    <p class='ocr_par' dir='ltr' id='par_1_54' title="bbox 1903 2445 3485 2518">
     <span class='ocr_line' id='line_1_54' title="bbox 1903 2445 3485 2518; baseline -0.003 -16"><span class='ocrx_word' id='word_1_415' title='bbox 1903 2449 2118 2504; x_wconf 89' lang='lat' dir='ltr'><strong>lonibus</strong></span> <span class='ocrx_word' id='word_1_416' title='bbox 2155 2463 2362 2518; x_wconf 88' lang='lat' dir='ltr'><strong>pannos</strong></span> <span class='ocrx_word' id='word_1_417' title='bbox 2396 2449 2624 2502; x_wconf 75' lang='lat' dir='ltr'><strong>fratrum</strong></span> <span class='ocrx_word' id='word_1_418' title='bbox 2653 2446 2914 2501; x_wconf 90' lang='lat' dir='ltr'><strong>lavaturis</strong></span> <span class='ocrx_word' id='word_1_419' title='bbox 2946 2463 2960 2511; x_wconf 90' lang='lat'><strong>;</strong></span> <span class='ocrx_word' id='word_1_420' title='bbox 2992 2460 3128 2514; x_wconf 90' lang='lat' dir='ltr'><strong>quos</strong></span> <span class='ocrx_word' id='word_1_421' title='bbox 3148 2445 3295 2499; x_wconf 87' lang='lat' dir='ltr'><strong>onmi</strong></span> <span class='ocrx_word' id='word_1_422' title='bbox 3329 2445 3485 2498; x_wconf 83' lang='lat' dir='ltr'><strong>tertia</strong></span> 
     </span>
    </p>
   </div>
   <div class='ocr_carea' id='block_1_55' title="bbox 1901 2536 3487 2607">
    <p class='ocr_par' dir='ltr' id='par_1_55' title="bbox 1901 2536 3487 2607">
     <span class='ocr_line' id='line_1_55' title="bbox 1901 2536 3487 2607; baseline -0.003 -15"><span class='ocrx_word' id='word_1_423' title='bbox 1901 2540 2036 2595; x_wconf 87' lang='lat' dir='ltr'><strong>feria</strong></span> <span class='ocrx_word' id='word_1_424' title='bbox 2066 2541 2206 2594; x_wconf 89' lang='lat' dir='ltr'><strong>lecto</strong></span> <span class='ocrx_word' id='word_1_425' title='bbox 2236 2540 2414 2594; x_wconf 69' lang='lat' dir='ltr'><strong>missae</strong></span> <span class='ocrx_word' id='word_1_426' title='bbox 2435 2539 2713 2594; x_wconf 77' lang='lat' dir='ltr'><strong>matutina:</strong></span> <span class='ocrx_word' id='word_1_427' title='bbox 2739 2537 3030 2607; x_wconf 76' lang='lat' dir='ltr'><strong>Evarigclio</strong></span> <span class='ocrx_word' id='word_1_428' title='bbox 3069 2536 3219 2590; x_wconf 89' lang='lat' dir='ltr'><strong>ducit</strong></span> <span class='ocrx_word' id='word_1_429' title='bbox 3251 2536 3305 2590; x_wconf 92' lang='lat' dir='ltr'><strong>in</strong></span> <span class='ocrx_word' id='word_1_430' title='bbox 3336 2536 3487 2590; x_wconf 61' lang='lat' dir='ltr'><strong>clath-</strong></span> 
     </span>
    </p>
   </div>
   <div class='ocr_carea' id='block_1_56' title="bbox 1902 2628 3485 2700">
    <p class='ocr_par' dir='ltr' id='par_1_56' title="bbox 1902 2628 3485 2700">
     <span class='ocr_line' id='line_1_56' title="bbox 1902 2628 3485 2700; baseline -0.003 -15"><span class='ocrx_word' id='word_1_431' title='bbox 1902 2641 2072 2685; x_wconf 90' lang='lat' dir='ltr'><strong>strum</strong></span> <span class='ocrx_word' id='word_1_432' title='bbox 2103 2631 2172 2687; x_wconf 87' lang='lat' dir='ltr'><strong>ad</strong></span> <span class='ocrx_word' id='word_1_433' title='bbox 2202 2646 2386 2686; x_wconf 88' lang='lat' dir='ltr'><strong>arcam</strong></span> <span class='ocrx_word' id='word_1_434' title='bbox 2413 2631 2464 2685; x_wconf 95' lang='lat' dir='ltr'><strong>in</strong></span> <span class='ocrx_word' id='word_1_435' title='bbox 2493 2647 2678 2700; x_wconf 82' lang='lat' dir='ltr'><strong>quam,</strong></span> <span class='ocrx_word' id='word_1_436' title='bbox 2718 2628 2984 2684; x_wconf 84' lang='lat' dir='ltr'><strong>foramine</strong></span> <span class='ocrx_word' id='word_1_437' title='bbox 3021 2629 3252 2696; x_wconf 88' lang='lat' dir='ltr'><strong>desuper</strong></span> <span class='ocrx_word' id='word_1_438' title='bbox 3273 2636 3485 2697; x_wconf 89' lang='lat' dir='ltr'><strong>aperto,</strong></span> 
     </span>
    </p>
   </div>
   <div class='ocr_carea' id='block_1_57' title="bbox 1901 2715 3486 2794">
    <p class='ocr_par' dir='ltr' id='par_1_57' title="bbox 1901 2715 3486 2794">
     <span class='ocr_line' id='line_1_57' title="bbox 1901 2715 3486 2794; baseline -0.006 -16"><span class='ocrx_word' id='word_1_439' title='bbox 1901 2723 2063 2794; x_wconf 89' lang='lat' dir='ltr'><strong>panni</strong></span> <span class='ocrx_word' id='word_1_440' title='bbox 2086 2724 2318 2794; x_wconf 86' lang='lat' dir='ltr'><strong>desuper</strong></span> <span class='ocrx_word' id='word_1_441' title='bbox 2338 2723 2676 2794; x_wconf 81' lang='lat' dir='ltr'><strong>ingeruntur.</strong></span> <span class='ocrx_word' id='word_1_442' title='bbox 2705 2719 2955 2776; x_wconf 87' lang='lat' dir='ltr'><strong>Occurrit</strong></span> <span class='ocrx_word' id='word_1_443' title='bbox 2974 2718 3022 2774; x_wconf 92' lang='lat' dir='ltr'><strong>ci</strong></span> <span class='ocrx_word' id='word_1_444' title='bbox 3052 2727 3107 2774; x_wconf 91' lang='lat' dir='ltr'><strong>et</strong></span> <span class='ocrx_word' id='word_1_445' title='bbox 3135 2717 3273 2773; x_wconf 90' lang='lat' dir='ltr'><strong>alius</strong></span> <span class='ocrx_word' id='word_1_446' title='bbox 3294 2715 3486 2781; x_wconf 86' lang='lat' dir='ltr'><strong>frater,</strong></span> 
     </span>
    </p>
   </div>
   <div class='ocr_carea' id='block_1_58' title="bbox 1903 2809 3484 2872">
    <p class='ocr_par' dir='ltr' id='par_1_58' title="bbox 1903 2809 3484 2872">
     <span class='ocr_line' id='line_1_58' title="bbox 1903 2809 3484 2872; baseline -0.006 -1"><span class='ocrx_word' id='word_1_447' title='bbox 1903 2817 1987 2871; x_wconf 88' lang='lat' dir='ltr'><strong>cui</strong></span> <span class='ocrx_word' id='word_1_448' title='bbox 2017 2816 2370 2872; x_wconf 72' lang='lat' dir='ltr'><strong>commissum</strong></span> <span class='ocrx_word' id='word_1_449' title='bbox 2402 2825 2484 2870; x_wconf 86' lang='lat' dir='ltr'><strong>est</strong></span> <span class='ocrx_word' id='word_1_450' title='bbox 2519 2824 2577 2870; x_wconf 87' lang='lat' dir='ltr'><strong>ut</strong></span> <span class='ocrx_word' id='word_1_451' title='bbox 2609 2813 2792 2868; x_wconf 88' lang='lat' dir='ltr'><strong>videat</strong></span> <span class='ocrx_word' id='word_1_452' title='bbox 2817 2821 2872 2866; x_wconf 92' lang='lat' dir='ltr'><strong>ct</strong></span> <span class='ocrx_word' id='word_1_453' title='bbox 2896 2813 2950 2866; x_wconf 90' lang='lat' dir='ltr'><strong>iu</strong></span> <span class='ocrx_word' id='word_1_454' title='bbox 2990 2809 3252 2866; x_wconf 89' lang='lat' dir='ltr'><strong>memoria</strong></span> <span class='ocrx_word' id='word_1_455' title='bbox 3306 2816 3484 2864; x_wconf 84' lang='lat' dir='ltr'><strong>teneat</strong></span> 
     </span>
    </p>
   </div>
   <div class='ocr_carea' id='block_1_59' title="bbox 1904 2902 3487 2978">
    <p class='ocr_par' dir='ltr' id='par_1_59' title="bbox 1904 2902 3487 2978">
     <span class='ocr_line' id='line_1_59' title="bbox 1904 2902 3487 2978; baseline -0.005 -16"><span class='ocrx_word' id='word_1_456' title='bbox 1904 2907 2034 2978; x_wconf 89' lang='lat' dir='ltr'><strong>quid</strong></span> <span class='ocrx_word' id='word_1_457' title='bbox 2071 2907 2144 2962; x_wconf 92' lang='lat' dir='ltr'><strong>illi</strong></span> <span class='ocrx_word' id='word_1_458' title='bbox 2178 2907 2416 2964; x_wconf 81' lang='lat' dir='ltr'><strong>fullones</strong></span> <span class='ocrx_word' id='word_1_459' title='bbox 2433 2907 2721 2977; x_wconf 83' lang='lat' dir='ltr'><strong>accipiant,</strong></span> <span class='ocrx_word' id='word_1_460' title='bbox 2761 2903 2847 2959; x_wconf 88' lang='lat' dir='ltr'><strong>vel</strong></span> <span class='ocrx_word' id='word_1_461' title='bbox 2873 2904 3001 2974; x_wconf 89' lang='lat' dir='ltr'><strong>quid</strong></span> <span class='ocrx_word' id='word_1_462' title='bbox 3029 2904 3225 2958; x_wconf 80' lang='lat' dir='ltr'><strong>iter‘um</strong></span> <span class='ocrx_word' id='word_1_463' title='bbox 3260 2902 3487 2958; x_wconf 78' lang='lat' dir='ltr'><strong>venien-</strong></span> 
     </span>
    </p>
   </div>
   <div class='ocr_carea' id='block_1_60' title="bbox 1905 2991 3482 3066">
    <p class='ocr_par' dir='ltr' id='par_1_60' title="bbox 1905 2991 3482 3066">
     <span class='ocr_line' id='line_1_60' title="bbox 1905 2991 3482 3066; baseline -0.004 -15"><span class='ocrx_word' id='word_1_464' title='bbox 1905 3007 1988 3052; x_wconf 81' lang='lat' dir='ltr'><strong>tes</strong></span> <span class='ocrx_word' id='word_1_465' title='bbox 2013 2996 2251 3052; x_wconf 86' lang='lat' dir='ltr'><strong>Sabbato</strong></span> <span class='ocrx_word' id='word_1_466' title='bbox 2278 3006 2401 3066; x_wconf 89' lang='lat' dir='ltr'><strong>post</strong></span> <span class='ocrx_word' id='word_1_467' title='bbox 2449 3012 2646 3052; x_wconf 89' lang='lat' dir='ltr'><strong>nonam</strong></span> <span class='ocrx_word' id='word_1_468' title='bbox 2694 2995 2942 3059; x_wconf 84' lang='lat' dir='ltr'><strong>reddant,</strong></span> <span class='ocrx_word' id='word_1_469' title='bbox 2975 2993 3060 3047; x_wconf 89' lang='lat' dir='ltr'><strong>vel</strong></span> <span class='ocrx_word' id='word_1_470' title='bbox 3089 2994 3142 3047; x_wconf 89' lang='lat' dir='ltr'><strong>in</strong></span> <span class='ocrx_word' id='word_1_471' title='bbox 3167 2991 3482 3062; x_wconf 81' lang='lat' dir='ltr'><strong>Quadrage-</strong></span> 
     </span>
    </p>
   </div>
   <div class='ocr_carea' id='block_1_61' title="bbox 222 3076 1802 3190">
    <p class='ocr_par' dir='ltr' id='par_1_61' title="bbox 222 3076 1799 3190">
     <span class='ocr_line' id='line_1_61' title="bbox 222 3076 1799 3148; baseline -0.001 -17"><span class='ocrx_word' id='word_1_472' title='bbox 222 3076 680 3148; x_wconf 73' lang='lat' dir='ltr'><strong>pendentaliqum</strong></span> <span class='ocrx_word' id='word_1_473' title='bbox 713 3076 909 3131; x_wconf 87' lang='lat' dir='ltr'><strong>villulae</strong></span> <span class='ocrx_word' id='word_1_474' title='bbox 949 3077 1003 3132; x_wconf 92' lang='lat' dir='ltr'><strong>in</strong></span> <span class='ocrx_word' id='word_1_475' title='bbox 1053 3077 1232 3131; x_wconf 90' lang='lat' dir='ltr'><strong>vicino</strong></span> <span class='ocrx_word' id='word_1_476' title='bbox 1279 3077 1560 3148; x_wconf 78' lang='lat' dir='ltr'><strong>appositze.</strong></span> <span class='ocrx_word' id='word_1_477' title='bbox 1594 3077 1669 3130; x_wconf 91' lang='lat' dir='ltr'><strong>De</strong></span> <span class='ocrx_word' id='word_1_478' title='bbox 1717 3077 1799 3130; x_wconf 89' lang='lat' dir='ltr'><strong>his</strong></span> 
     </span>
     <span class='ocr_line' id='line_1_62' title="bbox 225 3167 1794 3190; baseline -0.001 1"><span class='ocrx_word' id='word_1_479' title='bbox 225 3168 390 3190; x_wconf 67' lang='lat'><strong>___-=.</strong></span> <span class='ocrx_word' id='word_1_480' title='bbox 430 3167 740 3190; x_wconf 69' lang='grc' dir='ltr'><strong>Δ..ι.,....ε...</strong></span> <span class='ocrx_word' id='word_1_481' title='bbox 775 3167 1006 3190; x_wconf 42' lang='grc' dir='ltr'><strong>Δ..ωηη</strong></span> <span class='ocrx_word' id='word_1_482' title='bbox 1038 3182 1202 3190; x_wconf 76' lang='lat'><strong>_-_---</strong></span> <span class='ocrx_word' id='word_1_483' title='bbox 1239 3167 1308 3190; x_wconf 44' lang='grc' dir='ltr'>ειμι</span> <span class='ocrx_word' id='word_1_484' title='bbox 1619 3168 1794 3190; x_wconf 59' lang='grc' dir='ltr'><strong>,τμη</strong></span> 
     </span>
    </p>
   </div>
   <div class='ocr_carea' id='block_1_62' title="bbox 1906 3076 3488 3190">
    <p class='ocr_par' dir='ltr' id='par_1_62' title="bbox 1906 3085 3488 3160">
     <span class='ocr_line' id='line_1_63' title="bbox 1906 3085 3488 3160; baseline -0.006 -15"><span class='ocrx_word' id='word_1_485' title='bbox 1906 3090 2036 3146; x_wconf 76' lang='lat' dir='ltr'><strong>sima</strong></span> <span class='ocrx_word' id='word_1_486' title='bbox 2059 3099 2181 3160; x_wconf 90' lang='lat' dir='ltr'><strong>post</strong></span> <span class='ocrx_word' id='word_1_487' title='bbox 2201 3105 2436 3145; x_wconf 86' lang='lat' dir='ltr'><strong>coenam.</strong></span> <span class='ocrx_word' id='word_1_488' title='bbox 2463 3089 2773 3159; x_wconf 87' lang='lat' dir='ltr'><strong>Ibidemque</strong></span> <span class='ocrx_word' id='word_1_489' title='bbox 2797 3103 2984 3142; x_wconf 89' lang='lat' dir='ltr'><strong>rursus</strong></span> <span class='ocrx_word' id='word_1_490' title='bbox 3011 3087 3162 3141; x_wconf 87' lang='lat' dir='ltr'><strong>sedet</strong></span> <span class='ocrx_word' id='word_1_491' title='bbox 3189 3095 3245 3138; x_wconf 93' lang='lat' dir='ltr'><strong>ut</strong></span> <span class='ocrx_word' id='word_1_492' title='bbox 3277 3085 3488 3138; x_wconf 87' lang='lat' dir='ltr'><strong>intuea-</strong></span> 
     </span>
    </p>
   </div>
   <div class='ocr_carea' id='block_1_63' title="bbox 152 3167 1798 3238">
    <p class='ocr_par' dir='ltr' id='par_1_63' title="bbox 152 3167 1798 3238">
     <span class='ocr_line' id='line_1_64' title="bbox 152 3167 1798 3238; baseline 0.001 -18"><span class='ocrx_word' id='word_1_493' title='bbox 152 3180 160 3187; x_wconf 83' lang='grc'><strong>·</strong></span> <span class='ocrx_word' id='word_1_494' title='bbox 225 3168 395 3238; x_wconf 90' lang='lat' dir='ltr'><strong>pascit</strong></span> <span class='ocrx_word' id='word_1_495' title='bbox 425 3167 744 3222; x_wconf 88' lang='lat' dir='ltr'><strong>cellerarius</strong></span> <span class='ocrx_word' id='word_1_496' title='bbox 769 3167 1010 3222; x_wconf 86' lang='lat' dir='ltr'><strong>caballos</strong></span> <span class='ocrx_word' id='word_1_497' title='bbox 1037 3182 1165 3221; x_wconf 92' lang='lat' dir='ltr'><strong>suos</strong></span> <span class='ocrx_word' id='word_1_498' title='bbox 1191 3184 1204 3231; x_wconf 92' lang='lat'><strong>;</strong></span> <span class='ocrx_word' id='word_1_499' title='bbox 1239 3167 1310 3220; x_wconf 90' lang='lat' dir='ltr'><strong>ibi</strong></span> <span class='ocrx_word' id='word_1_500' title='bbox 1349 3178 1595 3222; x_wconf 72' lang='lat' dir='ltr'><strong>literatur</strong></span> <span class='ocrx_word' id='word_1_501' title='bbox 1619 3168 1798 3238; x_wconf 87' lang='lat' dir='ltr'><strong>pisces</strong></span> 
     </span>
    </p>
   </div>
   <div class='ocr_carea' id='block_1_64' title="bbox 223 3256 1797 3332">
    <p class='ocr_par' dir='ltr' id='par_1_64' title="bbox 223 3256 1797 3332">
     <span class='ocr_line' id='line_1_65' title="bbox 223 3256 1797 3332; baseline 0.001 -20"><span class='ocrx_word' id='word_1_502' title='bbox 223 3269 652 3328; x_wconf 76' lang='lat' dir='ltr'><strong>comparaturus,</strong></span> <span class='ocrx_word' id='word_1_503' title='bbox 706 3256 790 3312; x_wconf 87' lang='lat' dir='ltr'><strong>vel</strong></span> <span class='ocrx_word' id='word_1_504' title='bbox 839 3257 1052 3328; x_wconf 90' lang='lat' dir='ltr'><strong>ingenia</strong></span> <span class='ocrx_word' id='word_1_505' title='bbox 1104 3265 1409 3312; x_wconf 88' lang='lat' dir='ltr'><strong>structurus</strong></span> <span class='ocrx_word' id='word_1_506' title='bbox 1464 3259 1659 3332; x_wconf 86' lang='lat' dir='ltr'><strong>quibus</strong></span> <span class='ocrx_word' id='word_1_507' title='bbox 1715 3261 1797 3329; x_wconf 86' lang='lat' dir='ltr'><strong>pi-</strong></span> 
     </span>
    </p>
   </div>
   <div class='ocr_carea' id='block_1_65' title="bbox 221 3348 1802 3418">
    <p class='ocr_par' dir='ltr' id='par_1_65' title="bbox 221 3348 1802 3418">
     <span class='ocr_line' id='line_1_66' title="bbox 221 3348 1802 3418; baseline -0.002 -10"><span class='ocrx_word' id='word_1_508' title='bbox 221 3363 340 3408; x_wconf 79' lang='lat' dir='ltr'><strong>sces</strong></span> <span class='ocrx_word' id='word_1_509' title='bbox 365 3349 675 3418; x_wconf 90' lang='lat' dir='ltr'><strong>capiuntur.</strong></span> <span class='ocrx_word' id='word_1_510' title='bbox 710 3348 766 3403; x_wconf 88' lang='lat' dir='ltr'><strong>Si</strong></span> <span class='ocrx_word' id='word_1_511' title='bbox 805 3349 925 3417; x_wconf 89' lang='lat' dir='ltr'><strong>quis</strong></span> <span class='ocrx_word' id='word_1_512' title='bbox 945 3348 1175 3406; x_wconf 86' lang='lat' dir='ltr'><strong>fratrum</strong></span> <span class='ocrx_word' id='word_1_513' title='bbox 1199 3350 1334 3402; x_wconf 80' lang='lat' dir='ltr'><strong>adeo</strong></span> <span class='ocrx_word' id='word_1_514' title='bbox 1358 3359 1443 3404; x_wconf 88' lang='lat' dir='ltr'><strong>cst</strong></span> <span class='ocrx_word' id='word_1_515' title='bbox 1470 3351 1714 3406; x_wconf 87' lang='lat' dir='ltr'><strong>infirmus</strong></span> <span class='ocrx_word' id='word_1_516' title='bbox 1741 3360 1802 3406; x_wconf 92' lang='lat' dir='ltr'><strong>ut</strong></span> 
     </span>
    </p>
   </div>
   <div class='ocr_carea' id='block_1_66' title="bbox 220 3437 1800 3510">
    <p class='ocr_par' dir='ltr' id='par_1_66' title="bbox 220 3437 1800 3510">
     <span class='ocr_line' id='line_1_67' title="bbox 220 3437 1800 3510; baseline 0.003 -16"><span class='ocrx_word' id='word_1_517' title='bbox 220 3437 285 3494; x_wconf 87' lang='lat' dir='ltr'><strong>de</strong></span> <span class='ocrx_word' id='word_1_518' title='bbox 308 3437 451 3492; x_wconf 87' lang='lat' dir='ltr'><strong>lecto</strong></span> <span class='ocrx_word' id='word_1_519' title='bbox 473 3453 699 3508; x_wconf 85' lang='lat' dir='ltr'><strong>surgere</strong></span> <span class='ocrx_word' id='word_1_520' title='bbox 726 3455 831 3492; x_wconf 90' lang='lat' dir='ltr'><strong>non</strong></span> <span class='ocrx_word' id='word_1_521' title='bbox 860 3440 1049 3508; x_wconf 88' lang='lat' dir='ltr'><strong>possit,</strong></span> <span class='ocrx_word' id='word_1_522' title='bbox 1080 3440 1147 3494; x_wconf 92' lang='lat' dir='ltr'><strong>ad</strong></span> <span class='ocrx_word' id='word_1_523' title='bbox 1174 3441 1315 3494; x_wconf 89' lang='lat' dir='ltr'><strong>hunc</strong></span> <span class='ocrx_word' id='word_1_524' title='bbox 1328 3441 1566 3510; x_wconf 89' lang='lat' dir='ltr'><strong>quotidie</strong></span> <span class='ocrx_word' id='word_1_525' title='bbox 1590 3457 1800 3498; x_wconf 88' lang='lat' dir='ltr'><strong>summo</strong></span> 
     </span>
    </p>
   </div>
   <div class='ocr_carea' id='block_1_67' title="bbox 221 3527 1798 3592">
    <p class='ocr_par' dir='ltr' id='par_1_67' title="bbox 221 3527 1798 3592">
     <span class='ocr_line' id='line_1_68' title="bbox 221 3527 1798 3592; baseline 0.003 -10"><span class='ocrx_word' id='word_1_526' title='bbox 221 3527 458 3583; x_wconf 91' lang='lat' dir='ltr'><strong>diluculo</strong></span> <span class='ocrx_word' id='word_1_527' title='bbox 507 3528 670 3583; x_wconf 80' lang='lat' dir='ltr'><strong>simul</strong></span> <span class='ocrx_word' id='word_1_528' title='bbox 719 3544 843 3583; x_wconf 92' lang='lat' dir='ltr'><strong>cum</strong></span> <span class='ocrx_word' id='word_1_529' title='bbox 895 3529 1196 3583; x_wconf 84' lang='lat' dir='ltr'><strong>iutirmario</strong></span> <span class='ocrx_word' id='word_1_530' title='bbox 1243 3532 1411 3592; x_wconf 87' lang='lat' dir='ltr'><strong>venit,</strong></span> <span class='ocrx_word' id='word_1_531' title='bbox 1456 3543 1511 3585; x_wconf 90' lang='lat' dir='ltr'><strong>ct</strong></span> <span class='ocrx_word' id='word_1_532' title='bbox 1558 3533 1624 3586; x_wconf 88' lang='lat' dir='ltr'><strong>de</strong></span> <span class='ocrx_word' id='word_1_533' title='bbox 1679 3548 1798 3588; x_wconf 85' lang='lat' dir='ltr'><strong>om-</strong></span> 
     </span>
    </p>
   </div>
   <div class='ocr_carea' id='block_1_68' title="bbox 218 3621 1802 3693">
    <p class='ocr_par' dir='ltr' id='par_1_68' title="bbox 218 3621 1802 3693">
     <span class='ocr_line' id='line_1_69' title="bbox 218 3621 1802 3693; baseline 0.003 -17"><span class='ocrx_word' id='word_1_534' title='bbox 218 3622 382 3676; x_wconf 89' lang='lat' dir='ltr'><strong>nibus</strong></span> <span class='ocrx_word' id='word_1_535' title='bbox 411 3636 533 3690; x_wconf 80' lang='lat' dir='ltr'><strong>qua:</strong></span> <span class='ocrx_word' id='word_1_536' title='bbox 564 3621 764 3676; x_wconf 81' lang='lat' dir='ltr'><strong>habere</strong></span> <span class='ocrx_word' id='word_1_537' title='bbox 804 3629 984 3692; x_wconf 88' lang='lat' dir='ltr'><strong>potest</strong></span> <span class='ocrx_word' id='word_1_538' title='bbox 1034 3621 1345 3676; x_wconf 90' lang='lat' dir='ltr'><strong>sciscitatur</strong></span> <span class='ocrx_word' id='word_1_539' title='bbox 1373 3623 1440 3677; x_wconf 89' lang='lat' dir='ltr'><strong>ab</strong></span> <span class='ocrx_word' id='word_1_540' title='bbox 1469 3637 1535 3676; x_wconf 88' lang='lat' dir='ltr'><strong>eo</strong></span> <span class='ocrx_word' id='word_1_541' title='bbox 1571 3625 1701 3693; x_wconf 89' lang='lat' dir='ltr'><strong>quid</strong></span> <span class='ocrx_word' id='word_1_542' title='bbox 1731 3626 1802 3680; x_wconf 90' lang='lat' dir='ltr'><strong>sit</strong></span> 
     </span>
    </p>
   </div>
   <div class='ocr_carea' id='block_1_69' title="bbox 218 3717 1801 3790">
    <p class='ocr_par' dir='ltr' id='par_1_69' title="bbox 218 3717 1801 3790">
     <span class='ocr_line' id='line_1_70' title="bbox 218 3717 1801 3790; baseline 0.003 -20"><span class='ocrx_word' id='word_1_543' title='bbox 218 3718 364 3786; x_wconf 88' lang='lat' dir='ltr'><strong>quod</strong></span> <span class='ocrx_word' id='word_1_544' title='bbox 388 3717 492 3772; x_wconf 80' lang='lat' dir='ltr'><strong>sibi</strong></span> <span class='ocrx_word' id='word_1_545' title='bbox 534 3719 799 3784; x_wconf 89' lang='lat' dir='ltr'><strong>videatur,</strong></span> <span class='ocrx_word' id='word_1_546' title='bbox 832 3728 889 3773; x_wconf 93' lang='lat' dir='ltr'><strong>ut</strong></span> <span class='ocrx_word' id='word_1_547' title='bbox 916 3728 1183 3790; x_wconf 62' lang='lat' dir='ltr'><strong>praeparet</strong></span> <span class='ocrx_word' id='word_1_548' title='bbox 1225 3721 1292 3774; x_wconf 91' lang='lat' dir='ltr'><strong>ad</strong></span> <span class='ocrx_word' id='word_1_549' title='bbox 1342 3719 1457 3788; x_wconf 84' lang='lat' dir='ltr'><strong>ejus</strong></span> <span class='ocrx_word' id='word_1_550' title='bbox 1509 3721 1801 3775; x_wconf 80' lang='lat' dir='ltr'><strong>recreatio-</strong></span> 
     </span>
    </p>
   </div>
   <div class='ocr_carea' id='block_1_70' title="bbox 218 3810 1804 3882">
    <p class='ocr_par' dir='ltr' id='par_1_70' title="bbox 218 3810 1804 3882">
     <span class='ocr_line' id='line_1_71' title="bbox 218 3810 1804 3882; baseline 0.002 -18"><span class='ocrx_word' id='word_1_551' title='bbox 218 3825 366 3864; x_wconf 89' lang='lat' dir='ltr'><strong>nem.</strong></span> <span class='ocrx_word' id='word_1_552' title='bbox 403 3810 628 3878; x_wconf 84' lang='lat' dir='ltr'><strong>Quoties</strong></span> <span class='ocrx_word' id='word_1_553' title='bbox 675 3811 930 3880; x_wconf 86' lang='lat' dir='ltr'><strong>generale</strong></span> <span class='ocrx_word' id='word_1_554' title='bbox 968 3811 1198 3882; x_wconf 87' lang='lat' dir='ltr'><strong>piscium</strong></span> <span class='ocrx_word' id='word_1_555' title='bbox 1234 3813 1414 3877; x_wconf 87' lang='lat' dir='ltr'><strong>datur,</strong></span> <span class='ocrx_word' id='word_1_556' title='bbox 1453 3814 1635 3866; x_wconf 89' lang='lat' dir='ltr'><strong>statim</strong></span> <span class='ocrx_word' id='word_1_557' title='bbox 1682 3820 1804 3881; x_wconf 89' lang='lat' dir='ltr'><strong>post</strong></span> 
     </span>
    </p>
   </div>
   <div class='ocr_carea' id='block_1_71' title="bbox 219 3903 1800 3975">
    <p class='ocr_par' dir='ltr' id='par_1_71' title="bbox 219 3903 1800 3975">
     <span class='ocr_line' id='line_1_72' title="bbox 219 3903 1800 3975; baseline 0 -19"><span class='ocrx_word' id='word_1_558' title='bbox 219 3911 448 3967; x_wconf 78' lang='lat' dir='ltr'><strong>sextam,</strong></span> <span class='ocrx_word' id='word_1_559' title='bbox 479 3903 564 3958; x_wconf 87' lang='lat' dir='ltr'><strong>vel</strong></span> <span class='ocrx_word' id='word_1_560' title='bbox 621 3904 668 3960; x_wconf 86' lang='lat' dir='ltr'><strong>si</strong></span> <span class='ocrx_word' id='word_1_561' title='bbox 712 3904 898 3959; x_wconf 90' lang='lat' dir='ltr'><strong>tandiu</strong></span> <span class='ocrx_word' id='word_1_562' title='bbox 947 3903 1245 3972; x_wconf 90' lang='lat' dir='ltr'><strong>jejunatur,</strong></span> <span class='ocrx_word' id='word_1_563' title='bbox 1294 3913 1414 3975; x_wconf 90' lang='lat' dir='ltr'><strong>post</strong></span> <span class='ocrx_word' id='word_1_564' title='bbox 1471 3919 1689 3968; x_wconf 89' lang='lat' dir='ltr'><strong>nonam,</strong></span> <span class='ocrx_word' id='word_1_565' title='bbox 1719 3914 1800 3956; x_wconf 87' lang='lat' dir='ltr'><strong>to-</strong></span> 
     </span>
    </p>
   </div>
   <div class='ocr_carea' id='block_1_72' title="bbox 220 3994 1801 4063">
    <p class='ocr_par' dir='ltr' id='par_1_72' title="bbox 220 3994 1801 4063">
     <span class='ocr_line' id='line_1_73' title="bbox 220 3994 1801 4063; baseline 0.001 -15"><span class='ocrx_word' id='word_1_566' title='bbox 220 4002 330 4048; x_wconf 90' lang='lat' dir='ltr'><strong>tum</strong></span> <span class='ocrx_word' id='word_1_567' title='bbox 357 4009 478 4049; x_wconf 87' lang='lat' dir='ltr'><strong>esse</strong></span> <span class='ocrx_word' id='word_1_568' title='bbox 498 3994 662 4050; x_wconf 89' lang='lat' dir='ltr'><strong>debet</strong></span> <span class='ocrx_word' id='word_1_569' title='bbox 697 3995 1017 4063; x_wconf 89' lang='lat' dir='ltr'><strong>dispositum</strong></span> <span class='ocrx_word' id='word_1_570' title='bbox 1049 4005 1102 4052; x_wconf 87' lang='lat' dir='ltr'><strong>et</strong></span> <span class='ocrx_word' id='word_1_571' title='bbox 1141 3996 1448 4051; x_wconf 89' lang='lat' dir='ltr'><strong>ordinatum</strong></span> <span class='ocrx_word' id='word_1_572' title='bbox 1481 3996 1531 4048; x_wconf 92' lang='lat' dir='ltr'><strong>in</strong></span> <span class='ocrx_word' id='word_1_573' title='bbox 1560 3994 1801 4049; x_wconf 88' lang='lat' dir='ltr'><strong>scutellis</strong></span> 
     </span>
    </p>
   </div>
   <div class='ocr_carea' id='block_1_73' title="bbox 217 4084 1802 4156">
    <p class='ocr_par' dir='ltr' id='par_1_73' title="bbox 217 4084 1802 4156">
     <span class='ocr_line' id='line_1_74' title="bbox 217 4084 1802 4156; baseline 0.001 -18"><span class='ocrx_word' id='word_1_574' title='bbox 217 4097 382 4152; x_wconf 86' lang='lat' dir='ltr'><strong>super</strong></span> <span class='ocrx_word' id='word_1_575' title='bbox 411 4084 592 4139; x_wconf 89' lang='lat' dir='ltr'><strong>tabula</strong></span> <span class='ocrx_word' id='word_1_576' title='bbox 623 4101 743 4156; x_wconf 68' lang='lat' dir='ltr'><strong>qua:</strong></span> <span class='ocrx_word' id='word_1_577' title='bbox 773 4094 858 4141; x_wconf 86' lang='lat' dir='ltr'><strong>est</strong></span> <span class='ocrx_word' id='word_1_578' title='bbox 885 4086 940 4140; x_wconf 91' lang='lat' dir='ltr'><strong>in</strong></span> <span class='ocrx_word' id='word_1_579' title='bbox 989 4085 1256 4141; x_wconf 85' lang='lat' dir='ltr'><strong>vestibulo</strong></span> <span class='ocrx_word' id='word_1_580' title='bbox 1309 4085 1537 4151; x_wconf 89' lang='lat' dir='ltr'><strong>cellarii,</strong></span> <span class='ocrx_word' id='word_1_581' title='bbox 1568 4094 1625 4139; x_wconf 91' lang='lat' dir='ltr'><strong>ut</strong></span> <span class='ocrx_word' id='word_1_582' title='bbox 1652 4087 1802 4156; x_wconf 88' lang='lat' dir='ltr'><strong>prior</strong></span> 
     </span>
    </p>
   </div>
   <div class='ocr_carea' id='block_1_74' title="bbox 216 4171 1802 4245">
    <p class='ocr_par' dir='ltr' id='par_1_74' title="bbox 216 4171 1802 4245">
     <span class='ocr_line' id='line_1_75' title="bbox 216 4171 1802 4245; baseline 0.005 -22"><span class='ocrx_word' id='word_1_583' title='bbox 216 4171 444 4227; x_wconf 89' lang='lat' dir='ltr'><strong>veniens</strong></span> <span class='ocrx_word' id='word_1_584' title='bbox 469 4181 761 4244; x_wconf 82' lang='lat' dir='ltr'><strong>antequam</strong></span> <span class='ocrx_word' id='word_1_585' title='bbox 787 4175 1063 4230; x_wconf 87' lang='lat' dir='ltr'><strong>consideat</strong></span> <span class='ocrx_word' id='word_1_586' title='bbox 1088 4175 1156 4229; x_wconf 91' lang='lat' dir='ltr'><strong>ad</strong></span> <span class='ocrx_word' id='word_1_587' title='bbox 1208 4174 1436 4240; x_wconf 88' lang='lat' dir='ltr'><strong>scillam,</strong></span> <span class='ocrx_word' id='word_1_588' title='bbox 1470 4177 1653 4230; x_wconf 89' lang='lat' dir='ltr'><strong>videre</strong></span> <span class='ocrx_word' id='word_1_589' title='bbox 1678 4191 1802 4245; x_wconf 84' lang='lat' dir='ltr'><strong>pos-</strong></span> 
     </span>
    </p>
   </div>
   <div class='ocr_carea' id='block_1_75' title="bbox 215 4251 1799 4337">
    <p class='ocr_par' dir='ltr' id='par_1_75' title="bbox 215 4251 1799 4337">
     <span class='ocr_line' id='line_1_76' title="bbox 215 4251 1799 4337; baseline 0.005 -21"><span class='ocrx_word' id='word_1_590' title='bbox 215 4262 288 4316; x_wconf 92' lang='lat' dir='ltr'><strong>sit</strong></span> <span class='ocrx_word' id='word_1_591' title='bbox 318 4263 465 4332; x_wconf 89' lang='lat' dir='ltr'><strong>quod</strong></span> <span class='ocrx_word' id='word_1_592' title='bbox 488 4273 572 4319; x_wconf 89' lang='lat' dir='ltr'><strong>est</strong></span> <span class='ocrx_word' id='word_1_593' title='bbox 596 4251 650 4319; x_wconf 89' lang='lat' dir='ltr'><strong>in</strong></span> <span class='ocrx_word' id='word_1_594' title='bbox 679 4266 907 4336; x_wconf 90' lang='lat' dir='ltr'><strong>singulis</strong></span> <span class='ocrx_word' id='word_1_595' title='bbox 932 4265 1194 4331; x_wconf 88' lang='lat' dir='ltr'><strong>scutellis,</strong></span> <span class='ocrx_word' id='word_1_596' title='bbox 1235 4268 1278 4322; x_wconf 87' lang='lat' dir='ltr'><strong>si</strong></span> <span class='ocrx_word' id='word_1_597' title='bbox 1309 4277 1392 4322; x_wconf 91' lang='lat' dir='ltr'><strong>est</strong></span> <span class='ocrx_word' id='word_1_598' title='bbox 1416 4268 1621 4337; x_wconf 81' lang='lat' dir='ltr'><strong>aequale</strong></span> <span class='ocrx_word' id='word_1_599' title='bbox 1646 4280 1700 4323; x_wconf 91' lang='lat' dir='ltr'><strong>ct</strong></span> <span class='ocrx_word' id='word_1_600' title='bbox 1725 4271 1799 4324; x_wconf 91' lang='lat' dir='ltr'><strong>ita</strong></span> 
     </span>
    </p>
   </div>
   <div class='ocr_carea' id='block_1_76' title="bbox 217 4339 1803 4430">
    <p class='ocr_par' dir='ltr' id='par_1_76' title="bbox 217 4339 1803 4430">
     <span class='ocr_line' id='line_1_77' title="bbox 217 4339 1803 4430; baseline 0.005 -23"><span class='ocrx_word' id='word_1_601' title='bbox 217 4353 455 4410; x_wconf 84' lang='lat' dir='ltr'><strong>divisum</strong></span> <span class='ocrx_word' id='word_1_602' title='bbox 483 4365 544 4411; x_wconf 92' lang='lat' dir='ltr'><strong>ut</strong></span> <span class='ocrx_word' id='word_1_603' title='bbox 590 4357 862 4428; x_wconf 84' lang='lat' dir='ltr'><strong>prioribus</strong></span> <span class='ocrx_word' id='word_1_604' title='bbox 891 4363 996 4413; x_wconf 87' lang='lat' dir='ltr'><strong>no&#39;n</strong></span> <span class='ocrx_word' id='word_1_605' title='bbox 1045 4339 1268 4414; x_wconf 71' lang='lat' dir='ltr'><strong>veniant</strong></span> <span class='ocrx_word' id='word_1_606' title='bbox 1317 4361 1551 4430; x_wconf 89' lang='lat' dir='ltr'><strong>majores</strong></span> <span class='ocrx_word' id='word_1_607' title='bbox 1594 4369 1649 4415; x_wconf 89' lang='lat' dir='ltr'><strong>et</strong></span> <span class='ocrx_word' id='word_1_608' title='bbox 1689 4377 1803 4416; x_wconf 82' lang='lat' dir='ltr'><strong>me-</strong></span> 
     </span>
    </p>
   </div>
   <div class='ocr_carea' id='block_1_77' title="bbox 1908 3176 3491 3251">
    <p class='ocr_par' dir='ltr' id='par_1_77' title="bbox 1908 3176 3491 3251">
     <span class='ocr_line' id='line_1_78' title="bbox 1908 3176 3491 3251; baseline -0.004 -15"><span class='ocrx_word' id='word_1_609' title='bbox 1908 3191 1993 3237; x_wconf 89' lang='lat' dir='ltr'><strong>tur</strong></span> <span class='ocrx_word' id='word_1_610' title='bbox 2016 3197 2083 3235; x_wconf 91' lang='lat' dir='ltr'><strong>ne</strong></span> <span class='ocrx_word' id='word_1_611' title='bbox 2109 3182 2232 3251; x_wconf 89' lang='lat' dir='ltr'><strong>quis</strong></span> <span class='ocrx_word' id='word_1_612' title='bbox 2264 3182 2514 3245; x_wconf 84' lang='lat' dir='ltr'><strong>fratrum,</strong></span> <span class='ocrx_word' id='word_1_613' title='bbox 2543 3190 2596 3234; x_wconf 91' lang='lat' dir='ltr'><strong>et</strong></span> <span class='ocrx_word' id='word_1_614' title='bbox 2625 3179 2860 3234; x_wconf 76' lang='lat' dir='ltr'><strong>maxime</strong></span> <span class='ocrx_word' id='word_1_615' title='bbox 2889 3179 3084 3248; x_wconf 78' lang='lat' dir='ltr'><strong>aliquis</strong></span> <span class='ocrx_word' id='word_1_616' title='bbox 3110 3178 3296 3242; x_wconf 86' lang='lat' dir='ltr'><strong>idiota,</strong></span> <span class='ocrx_word' id='word_1_617' title='bbox 3319 3177 3391 3231; x_wconf 88' lang='lat' dir='ltr'><strong>ita</strong></span> <span class='ocrx_word' id='word_1_618' title='bbox 3416 3176 3491 3230; x_wconf 89' lang='lat' dir='ltr'><strong>sit</strong></span> 
     </span>
    </p>
   </div>
   <div class='ocr_carea' id='block_1_78' title="bbox 1908 3268 3491 3341">
    <p class='ocr_par' dir='ltr' id='par_1_78' title="bbox 1908 3268 3491 3341">
     <span class='ocr_line' id='line_1_79' title="bbox 1908 3268 3491 3341; baseline -0.002 -15"><span class='ocrx_word' id='word_1_619' title='bbox 1908 3271 2191 3340; x_wconf 73' lang='lat' dir='ltr'><strong>negligens</strong></span> <span class='ocrx_word' id='word_1_620' title='bbox 2224 3281 2281 3324; x_wconf 92' lang='lat' dir='ltr'><strong>ut</strong></span> <span class='ocrx_word' id='word_1_621' title='bbox 2308 3272 2536 3341; x_wconf 84' lang='lat' dir='ltr'><strong>accipiat</strong></span> <span class='ocrx_word' id='word_1_622' title='bbox 2569 3271 2705 3324; x_wconf 72' lang='lat' dir='ltr'><strong>alios</strong></span> <span class='ocrx_word' id='word_1_623' title='bbox 2731 3285 2942 3340; x_wconf 83' lang='lat' dir='ltr'><strong>pannos</strong></span> <span class='ocrx_word' id='word_1_624' title='bbox 2967 3285 3130 3339; x_wconf 92' lang='lat' dir='ltr'><strong>quam</strong></span> <span class='ocrx_word' id='word_1_625' title='bbox 3154 3268 3352 3338; x_wconf 82' lang='lat' dir='ltr'><strong>quibus</strong></span> <span class='ocrx_word' id='word_1_626' title='bbox 3391 3283 3491 3323; x_wconf 77' lang='lat' dir='ltr'><strong>no-</strong></span> 
     </span>
    </p>
   </div>
   <div class='ocr_carea' id='block_1_79' title="bbox 1904 3360 3487 3432">
    <p class='ocr_par' dir='ltr' id='par_1_79' title="bbox 1904 3360 3487 3432">
     <span class='ocr_line' id='line_1_80' title="bbox 1904 3360 3487 3432; baseline -0.003 -14"><span class='ocrx_word' id='word_1_627' title='bbox 1904 3380 2025 3418; x_wconf 87' lang='lat' dir='ltr'><strong>men</strong></span> <span class='ocrx_word' id='word_1_628' title='bbox 2061 3379 2217 3417; x_wconf 87' lang='lat' dir='ltr'><strong>suum</strong></span> <span class='ocrx_word' id='word_1_629' title='bbox 2251 3364 2570 3432; x_wconf 87' lang='lat' dir='ltr'><strong>inscriptum</strong></span> <span class='ocrx_word' id='word_1_630' title='bbox 2599 3371 2686 3416; x_wconf 89' lang='lat' dir='ltr'><strong>est</strong></span> <span class='ocrx_word' id='word_1_631' title='bbox 2715 3377 2730 3425; x_wconf 93' lang='lat'><strong>;</strong></span> <span class='ocrx_word' id='word_1_632' title='bbox 2767 3375 2890 3414; x_wconf 90' lang='lat' dir='ltr'><strong>nam</strong></span> <span class='ocrx_word' id='word_1_633' title='bbox 2914 3370 2968 3415; x_wconf 89' lang='lat' dir='ltr'><strong>et</strong></span> <span class='ocrx_word' id='word_1_634' title='bbox 2994 3363 3095 3416; x_wconf 85' lang='lat' dir='ltr'><strong>hoc</strong></span> <span class='ocrx_word' id='word_1_635' title='bbox 3127 3369 3210 3415; x_wconf 88' lang='lat' dir='ltr'><strong>est</strong></span> <span class='ocrx_word' id='word_1_636' title='bbox 3249 3360 3487 3414; x_wconf 86' lang='lat' dir='ltr'><strong>edictum</strong></span> 
     </span>
    </p>
   </div>
   <div class='ocr_carea' id='block_1_80' title="bbox 1903 3450 3489 3517">
    <p class='ocr_par' dir='ltr' id='par_1_80' title="bbox 1903 3450 3489 3517">
     <span class='ocr_line' id='line_1_81' title="bbox 1903 3450 3489 3517; baseline -0.003 -10"><span class='ocrx_word' id='word_1_637' title='bbox 1903 3454 2124 3508; x_wconf 87' lang='lat' dir='ltr'><strong>Patrum</strong></span> <span class='ocrx_word' id='word_1_638' title='bbox 2169 3463 2500 3517; x_wconf 83' lang='lat' dir='ltr'><strong>nostrorum,</strong></span> <span class='ocrx_word' id='word_1_639' title='bbox 2529 3462 2585 3506; x_wconf 92' lang='lat' dir='ltr'><strong>ut</strong></span> <span class='ocrx_word' id='word_1_640' title='bbox 2627 3452 2806 3506; x_wconf 90' lang='lat' dir='ltr'><strong>nullus</strong></span> <span class='ocrx_word' id='word_1_641' title='bbox 2832 3452 3048 3505; x_wconf 90' lang='lat' dir='ltr'><strong>omittat</strong></span> <span class='ocrx_word' id='word_1_642' title='bbox 3099 3450 3368 3507; x_wconf 86' lang='lat' dir='ltr'><strong>stamineo</strong></span> <span class='ocrx_word' id='word_1_643' title='bbox 3390 3464 3489 3504; x_wconf 91' lang='lat' dir='ltr'><strong>suo</strong></span> 
     </span>
    </p>
   </div>
   <div class='ocr_carea' id='block_1_81' title="bbox 1906 3541 3491 3608">
    <p class='ocr_par' dir='ltr' id='par_1_81' title="bbox 1906 3541 3491 3608">
     <span class='ocr_line' id='line_1_82' title="bbox 1906 3541 3491 3608; baseline -0.001 -9"><span class='ocrx_word' id='word_1_644' title='bbox 1906 3560 2060 3599; x_wconf 81' lang='lat' dir='ltr'><strong>suum</strong></span> <span class='ocrx_word' id='word_1_645' title='bbox 2092 3560 2289 3600; x_wconf 90' lang='lat' dir='ltr'><strong>nomen</strong></span> <span class='ocrx_word' id='word_1_646' title='bbox 2329 3560 2450 3598; x_wconf 90' lang='lat' dir='ltr'><strong>cum</strong></span> <span class='ocrx_word' id='word_1_647' title='bbox 2482 3545 2731 3598; x_wconf 90' lang='lat' dir='ltr'><strong>incausto</strong></span> <span class='ocrx_word' id='word_1_648' title='bbox 2782 3543 3029 3608; x_wconf 90' lang='lat' dir='ltr'><strong>inscribi,</strong></span> <span class='ocrx_word' id='word_1_649' title='bbox 3059 3552 3115 3596; x_wconf 90' lang='lat' dir='ltr'><strong>ct</strong></span> <span class='ocrx_word' id='word_1_650' title='bbox 3139 3541 3491 3597; x_wconf 86' lang='lat' dir='ltr'><strong>femoralibus</strong></span> 
     </span>
    </p>
   </div>
   <div class='ocr_carea' id='block_1_82' title="bbox 1903 3629 3490 3707">
    <p class='ocr_par' dir='ltr' id='par_1_82' title="bbox 1903 3629 3490 3707">
     <span class='ocr_line' id='line_1_83' title="bbox 1903 3629 3490 3707; baseline -0.001 -16"><span class='ocrx_word' id='word_1_651' title='bbox 1903 3651 2025 3691; x_wconf 90' lang='lat' dir='ltr'><strong>cum</strong></span> <span class='ocrx_word' id='word_1_652' title='bbox 2062 3636 2171 3690; x_wconf 90' lang='lat' dir='ltr'><strong>lilo.</strong></span> <span class='ocrx_word' id='word_1_653' title='bbox 2219 3637 2409 3691; x_wconf 83' lang='lat' dir='ltr'><strong>Adhuc</strong></span> <span class='ocrx_word' id='word_1_654' title='bbox 2437 3629 2641 3691; x_wconf 84' lang='lat' dir='ltr'><strong>autem</strong></span> <span class='ocrx_word' id='word_1_655' title='bbox 2669 3635 2770 3690; x_wconf 89' lang='lat' dir='ltr'><strong>sub</strong></span> <span class='ocrx_word' id='word_1_656' title='bbox 2803 3650 2964 3688; x_wconf 86' lang='lat' dir='ltr'><strong>manu</strong></span> <span class='ocrx_word' id='word_1_657' title='bbox 3015 3636 3313 3707; x_wconf 84' lang='lat' dir='ltr'><strong>granatarii</strong></span> <span class='ocrx_word' id='word_1_658' title='bbox 3363 3643 3490 3690; x_wconf 89' lang='lat' dir='ltr'><strong>sunt</strong></span> 
     </span>
    </p>
   </div>
   <div class='ocr_carea' id='block_1_83' title="bbox 1901 3726 3488 3799">
    <p class='ocr_par' dir='ltr' id='par_1_83' title="bbox 1901 3726 3488 3799">
     <span class='ocr_line' id='line_1_84' title="bbox 1901 3726 3488 3799; baseline -0.001 -15"><span class='ocrx_word' id='word_1_659' title='bbox 1901 3739 1956 3784; x_wconf 91' lang='lat' dir='ltr'><strong>et</strong></span> <span class='ocrx_word' id='word_1_660' title='bbox 1991 3729 2232 3799; x_wconf 87' lang='lat' dir='ltr'><strong>lignarii,</strong></span> <span class='ocrx_word' id='word_1_661' title='bbox 2263 3729 2355 3797; x_wconf 91' lang='lat' dir='ltr'><strong>qui</strong></span> <span class='ocrx_word' id='word_1_662' title='bbox 2391 3744 2512 3782; x_wconf 90' lang='lat' dir='ltr'><strong>cum</strong></span> <span class='ocrx_word' id='word_1_663' title='bbox 2541 3729 2710 3783; x_wconf 91' lang='lat' dir='ltr'><strong>asinis</strong></span> <span class='ocrx_word' id='word_1_664' title='bbox 2755 3726 2988 3782; x_wconf 85' lang='lat' dir='ltr'><strong>atl&#39;erunt</strong></span> <span class='ocrx_word' id='word_1_665' title='bbox 3029 3728 3168 3799; x_wconf 83' lang='lat' dir='ltr'><strong>iigna</strong></span> <span class='ocrx_word' id='word_1_666' title='bbox 3201 3727 3268 3783; x_wconf 87' lang='lat' dir='ltr'><strong>de</strong></span> <span class='ocrx_word' id='word_1_667' title='bbox 3313 3727 3488 3793; x_wconf 87' lang='lat' dir='ltr'><strong>silvis,</strong></span> 
     </span>
    </p>
   </div>
   <div class='ocr_carea' id='block_1_84' title="bbox 1904 3819 3490 3890">
    <p class='ocr_par' dir='ltr' id='par_1_84' title="bbox 1904 3819 3490 3890">
     <span class='ocr_line' id='line_1_85' title="bbox 1904 3819 3490 3890; baseline -0.003 -14"><span class='ocrx_word' id='word_1_668' title='bbox 1904 3837 2012 3876; x_wconf 92' lang='lat' dir='ltr'><strong>non</strong></span> <span class='ocrx_word' id='word_1_669' title='bbox 2061 3821 2234 3876; x_wconf 92' lang='lat' dir='ltr'><strong>solum</strong></span> <span class='ocrx_word' id='word_1_670' title='bbox 2285 3821 2352 3874; x_wconf 88' lang='lat' dir='ltr'><strong>ad</strong></span> <span class='ocrx_word' id='word_1_671' title='bbox 2396 3821 2653 3883; x_wconf 89' lang='lat' dir='ltr'><strong>furnum,</strong></span> <span class='ocrx_word' id='word_1_672' title='bbox 2700 3820 2796 3876; x_wconf 91' lang='lat' dir='ltr'><strong>sed</strong></span> <span class='ocrx_word' id='word_1_673' title='bbox 2844 3819 3008 3875; x_wconf 80' lang='lat' dir='ltr'><strong>etiam</strong></span> <span class='ocrx_word' id='word_1_674' title='bbox 3061 3822 3129 3876; x_wconf 92' lang='lat' dir='ltr'><strong>ad</strong></span> <span class='ocrx_word' id='word_1_675' title='bbox 3173 3819 3490 3890; x_wconf 89' lang='lat' dir='ltr'><strong>coquinam.</strong></span> 
     </span>
    </p>
   </div>
   <div class='ocr_carea' id='block_1_85' title="bbox 1903 3908 3486 3982">
    <p class='ocr_par' dir='ltr' id='par_1_85' title="bbox 1903 3908 3486 3982">
     <span class='ocr_line' id='line_1_86' title="bbox 1903 3908 3486 3982; baseline -0.004 -16"><span class='ocrx_word' id='word_1_676' title='bbox 1903 3913 2154 3980; x_wconf 83' lang='lat' dir='ltr'><strong>Quotidie</strong></span> <span class='ocrx_word' id='word_1_677' title='bbox 2179 3927 2397 3982; x_wconf 88' lang='lat' dir='ltr'><strong>quoque</strong></span> <span class='ocrx_word' id='word_1_678' title='bbox 2428 3921 2550 3982; x_wconf 90' lang='lat' dir='ltr'><strong>post</strong></span> <span class='ocrx_word' id='word_1_679' title='bbox 2580 3911 2874 3981; x_wconf 85' lang='lat' dir='ltr'><strong>capitulum</strong></span> <span class='ocrx_word' id='word_1_680' title='bbox 2906 3921 3132 3967; x_wconf 85' lang='lat' dir='ltr'><strong>sonatur</strong></span> <span class='ocrx_word' id='word_1_681' title='bbox 3161 3909 3338 3975; x_wconf 89' lang='lat' dir='ltr'><strong>scilla,</strong></span> <span class='ocrx_word' id='word_1_682' title='bbox 3379 3908 3486 3974; x_wconf 89' lang='lat' dir='ltr'><strong>vel,</strong></span> 
     </span>
    </p>
   </div>
   <div class='ocr_carea' id='block_1_86' title="bbox 1903 4004 3490 4073">
    <p class='ocr_par' dir='ltr' id='par_1_86' title="bbox 1903 4004 3490 4073">
     <span class='ocr_line' id='line_1_87' title="bbox 1903 4004 3490 4073; baseline -0.003 -14"><span class='ocrx_word' id='word_1_683' title='bbox 1903 4006 1948 4060; x_wconf 87' lang='lat' dir='ltr'><strong>si</strong></span> <span class='ocrx_word' id='word_1_684' title='bbox 1989 4005 2224 4060; x_wconf 90' lang='lat' dir='ltr'><strong>nonnisi</strong></span> <span class='ocrx_word' id='word_1_685' title='bbox 2272 4004 2439 4060; x_wconf 87' lang='lat' dir='ltr'><strong>semel</strong></span> <span class='ocrx_word' id='word_1_686' title='bbox 2465 4004 2788 4069; x_wconf 89' lang='lat' dir='ltr'><strong>comeditur,</strong></span> <span class='ocrx_word' id='word_1_687' title='bbox 2825 4010 2948 4073; x_wconf 91' lang='lat' dir='ltr'><strong>post</strong></span> <span class='ocrx_word' id='word_1_688' title='bbox 2995 4011 3225 4067; x_wconf 84' lang='lat' dir='ltr'><strong>sextam,</strong></span> <span class='ocrx_word' id='word_1_689' title='bbox 3265 4009 3325 4056; x_wconf 90' lang='lat' dir='ltr'><strong>et</strong></span> <span class='ocrx_word' id='word_1_690' title='bbox 3358 4009 3490 4054; x_wconf 91' lang='lat' dir='ltr'><strong>tunc</strong></span> 
     </span>
    </p>
   </div>
   <div class='ocr_carea' id='block_1_87' title="bbox 1903 4093 3490 4166">
    <p class='ocr_par' dir='ltr' id='par_1_87' title="bbox 1903 4093 3490 4166">
     <span class='ocr_line' id='line_1_88' title="bbox 1903 4093 3490 4166; baseline 0 -17"><span class='ocrx_word' id='word_1_691' title='bbox 1903 4096 2215 4166; x_wconf 89' lang='lat' dir='ltr'><strong>quicunque</strong></span> <span class='ocrx_word' id='word_1_692' title='bbox 2242 4095 2308 4151; x_wconf 90' lang='lat' dir='ltr'><strong>de</strong></span> <span class='ocrx_word' id='word_1_693' title='bbox 2339 4095 2542 4150; x_wconf 89' lang='lat' dir='ltr'><strong>familia</strong></span> <span class='ocrx_word' id='word_1_694' title='bbox 2585 4110 2782 4165; x_wconf 90' lang='lat' dir='ltr'><strong>panem</strong></span> <span class='ocrx_word' id='word_1_695' title='bbox 2821 4103 2946 4149; x_wconf 87' lang='lat' dir='ltr'><strong>sunt</strong></span> <span class='ocrx_word' id='word_1_696' title='bbox 2975 4093 3272 4162; x_wconf 80' lang='lat' dir='ltr'><strong>accepturi,</strong></span> <span class='ocrx_word' id='word_1_697' title='bbox 3299 4105 3490 4149; x_wconf 85' lang='lat' dir='ltr'><strong>omnes</strong></span> 
     </span>
    </p>
   </div>
   <div class='ocr_carea' id='block_1_88' title="bbox 1904 4185 3490 4257">
    <p class='ocr_par' dir='ltr' id='par_1_88' title="bbox 1904 4185 3490 4257">
     <span class='ocr_line' id='line_1_89' title="bbox 1904 4185 3490 4257; baseline -0.003 -17"><span class='ocrx_word' id='word_1_698' title='bbox 1904 4187 1971 4241; x_wconf 92' lang='lat' dir='ltr'><strong>ad</strong></span> <span class='ocrx_word' id='word_1_699' title='bbox 2023 4186 2396 4257; x_wconf 88' lang='lat' dir='ltr'><strong>granatarium</strong></span> <span class='ocrx_word' id='word_1_700' title='bbox 2451 4195 2766 4242; x_wconf 89' lang='lat' dir='ltr'><strong>occurrunt.</strong></span> <span class='ocrx_word' id='word_1_701' title='bbox 2812 4185 2905 4239; x_wconf 91' lang='lat' dir='ltr'><strong>Ille</strong></span> <span class='ocrx_word' id='word_1_702' title='bbox 2954 4198 3171 4254; x_wconf 89' lang='lat' dir='ltr'><strong>quoque</strong></span> <span class='ocrx_word' id='word_1_703' title='bbox 3219 4190 3378 4237; x_wconf 90' lang='lat' dir='ltr'><strong>curat</strong></span> <span class='ocrx_word' id='word_1_704' title='bbox 3423 4196 3490 4236; x_wconf 87' lang='lat' dir='ltr'><strong>nc</strong></span> 
     </span>
    </p>
   </div>
   <div class='ocr_carea' id='block_1_89' title="bbox 1904 4271 3489 4340">
    <p class='ocr_par' dir='ltr' id='par_1_89' title="bbox 1904 4271 3489 4340">
     <span class='ocr_line' id='line_1_90' title="bbox 1904 4271 3489 4340; baseline -0.004 -7"><span class='ocrx_word' id='word_1_705' title='bbox 1904 4277 2158 4333; x_wconf 84' lang='lat' dir='ltr'><strong>deficiant</strong></span> <span class='ocrx_word' id='word_1_706' title='bbox 2187 4277 2346 4332; x_wconf 70' lang='lat' dir='ltr'><strong>fabae.</strong></span> <span class='ocrx_word' id='word_1_707' title='bbox 2375 4276 2490 4332; x_wconf 85' lang='lat' dir='ltr'><strong>Non</strong></span> <span class='ocrx_word' id='word_1_708' title='bbox 2526 4278 2581 4331; x_wconf 89' lang='lat' dir='ltr'><strong>in</strong></span> <span class='ocrx_word' id='word_1_709' title='bbox 2615 4276 2954 4340; x_wconf 90' lang='lat' dir='ltr'><strong>dormitorio,</strong></span> <span class='ocrx_word' id='word_1_710' title='bbox 2991 4275 3083 4330; x_wconf 87' lang='lat' dir='ltr'><strong>sed</strong></span> <span class='ocrx_word' id='word_1_711' title='bbox 3133 4275 3186 4329; x_wconf 91' lang='lat' dir='ltr'><strong>in</strong></span> <span class='ocrx_word' id='word_1_712' title='bbox 3241 4271 3489 4326; x_wconf 87' lang='lat' dir='ltr'><strong>infirma-</strong></span> 
     </span>
    </p>
   </div>
   <div class='ocr_carea' id='block_1_90' title="bbox 1905 4363 3488 4438">
    <p class='ocr_par' dir='ltr' id='par_1_90' title="bbox 1905 4363 3488 4438">
     <span class='ocr_line' id='line_1_91' title="bbox 1905 4363 3488 4438; baseline -0.004 -16"><span class='ocrx_word' id='word_1_713' title='bbox 1905 4370 1987 4422; x_wconf 89' lang='lat' dir='ltr'><strong>ria</strong></span> <span class='ocrx_word' id='word_1_714' title='bbox 2007 4369 2178 4438; x_wconf 88' lang='lat' dir='ltr'><strong>jacet,</strong></span> <span class='ocrx_word' id='word_1_715' title='bbox 2217 4370 2344 4436; x_wconf 90' lang='lat' dir='ltr'><strong>quia</strong></span> <span class='ocrx_word' id='word_1_716' title='bbox 2380 4368 2698 4438; x_wconf 88' lang='lat' dir='ltr'><strong>frequenter</strong></span> <span class='ocrx_word' id='word_1_717' title='bbox 2718 4367 2767 4421; x_wconf 90' lang='lat' dir='ltr'><strong>ei</strong></span> <span class='ocrx_word' id='word_1_718' title='bbox 2791 4366 3056 4436; x_wconf 75' lang='lat' dir='ltr'><strong>contingit</strong></span> <span class='ocrx_word' id='word_1_719' title='bbox 3085 4374 3144 4419; x_wconf 92' lang='lat' dir='ltr'><strong>ut</strong></span> <span class='ocrx_word' id='word_1_720' title='bbox 3169 4363 3488 4418; x_wconf 87' lang='lat' dir='ltr'><strong>necessario</strong></span> 
     </span>
    </p>
   </div>
   <div class='ocr_carea' id='block_1_91' title="bbox 214 4440 3489 4524">
    <p class='ocr_par' dir='ltr' id='par_1_91' title="bbox 214 4440 3489 4524">
     <span class='ocr_line' id='line_1_92' title="bbox 214 4440 3489 4524; baseline -0.002 -13"><span class='ocrx_word' id='word_1_721' title='bbox 214 4440 383 4498; x_wconf 69' lang='grc' dir='ltr'><strong>ίίοτθε</strong></span> <span class='ocrx_word' id='word_1_722' title='bbox 412 4454 619 4514; x_wconf 62' lang='lat' dir='ltr'><strong>Panes.</strong></span> <span class='ocrx_word' id='word_1_723' title='bbox 643 4447 979 4516; x_wconf 72' lang='lat' dir='ltr'><strong>multumque</strong></span> <span class='ocrx_word' id='word_1_724' title='bbox 1008 4447 1063 4502; x_wconf 75' lang='lat' dir='ltr'><strong>in</strong></span> <span class='ocrx_word' id='word_1_725' title='bbox 1097 4449 1200 4507; x_wconf 70' lang='lat'><strong>1100</strong></span> <span class='ocrx_word' id='word_1_726' title='bbox 1227 4465 1423 4519; x_wconf 81' lang='lat' dir='ltr'><strong>genere</strong></span> <span class='ocrx_word' id='word_1_727' title='bbox 1446 4464 1799 4518; x_wconf 74' lang='lat' dir='ltr'><strong>personarum</strong></span> <span class='ocrx_word' id='word_1_728' title='bbox 1835 4465 1877 4522; x_wconf 77' lang='grc' dir='ltr'>ι)</span> <span class='ocrx_word' id='word_1_729' title='bbox 1909 4460 2114 4513; x_wconf 89' lang='lat' dir='ltr'><strong>tardius</strong></span> <span class='ocrx_word' id='word_1_730' title='bbox 2142 4473 2200 4512; x_wconf 90' lang='lat' dir='ltr'><strong>se</strong></span> <span class='ocrx_word' id='word_1_731' title='bbox 2221 4457 2452 4512; x_wconf 88' lang='lat' dir='ltr'><strong>collocet</strong></span> <span class='ocrx_word' id='word_1_732' title='bbox 2475 4472 2638 4524; x_wconf 89' lang='lat' dir='ltr'><strong>quam</strong></span> <span class='ocrx_word' id='word_1_733' title='bbox 2663 4456 2776 4512; x_wconf 90' lang='lat' dir='ltr'><strong>alii.</strong></span> <span class='ocrx_word' id='word_1_734' title='bbox 2809 4454 3117 4517; x_wconf 89' lang='lat' dir='ltr'><strong>Item,solet</strong></span> <span class='ocrx_word' id='word_1_735' title='bbox 3146 4452 3218 4506; x_wconf 90' lang='lat' dir='ltr'><strong>ibi</strong></span> <span class='ocrx_word' id='word_1_736' title='bbox 3248 4450 3489 4504; x_wconf 87' lang='lat' dir='ltr'><strong>dormire</strong></span> 
     </span>
    </p>
   </div>
   <div class='ocr_carea' id='block_1_92' title="bbox 209 4537 1802 4609">
    <p class='ocr_par' dir='ltr' id='par_1_92' title="bbox 209 4537 1802 4609">
     <span class='ocr_line' id='line_1_93' title="bbox 209 4537 1802 4609; baseline 0.006 -21"><span class='ocrx_word' id='word_1_737' title='bbox 209 4537 473 4605; x_wconf 86' lang='lat' dir='ltr'><strong>acceptio</strong></span> <span class='ocrx_word' id='word_1_738' title='bbox 496 4547 737 4592; x_wconf 88' lang='lat' dir='ltr'><strong>cavetur.</strong></span> <span class='ocrx_word' id='word_1_739' title='bbox 764 4539 844 4596; x_wconf 84' lang='lat' dir='ltr'><strong>Eo</strong></span> <span class='ocrx_word' id='word_1_740' title='bbox 865 4540 953 4594; x_wconf 91' lang='lat' dir='ltr'><strong>die</strong></span> <span class='ocrx_word' id='word_1_741' title='bbox 983 4554 1091 4609; x_wconf 83' lang='lat' dir='ltr'><strong>quo</strong></span> <span class='ocrx_word' id='word_1_742' title='bbox 1123 4541 1390 4595; x_wconf 86' lang='lat' dir='ltr'><strong>sententia</strong></span> <span class='ocrx_word' id='word_1_743' title='bbox 1422 4540 1687 4596; x_wconf 87' lang='lat' dir='ltr'><strong>cellerarii</strong></span> <span class='ocrx_word' id='word_1_744' title='bbox 1721 4541 1802 4596; x_wconf 88' lang='lat' dir='ltr'><strong>Ie-</strong></span> 
     </span>
    </p>
   </div>
   <div class='ocr_carea' id='block_1_93' title="bbox 223 4629 1801 4704">
    <p class='ocr_par' dir='ltr' id='par_1_93' title="bbox 223 4629 1801 4704">
     <span class='ocr_line' id='line_1_94' title="bbox 223 4629 1801 4704; baseline 0.001 -19"><span class='ocrx_word' id='word_1_745' title='bbox 223 4632 374 4700; x_wconf 90' lang='lat' dir='ltr'><strong>gitur</strong></span> <span class='ocrx_word' id='word_1_746' title='bbox 398 4630 454 4684; x_wconf 91' lang='lat' dir='ltr'><strong>in</strong></span> <span class='ocrx_word' id='word_1_747' title='bbox 482 4629 746 4700; x_wconf 80' lang='lat' dir='ltr'><strong>capitulo,</strong></span> <span class='ocrx_word' id='word_1_748' title='bbox 769 4630 968 4685; x_wconf 87' lang='lat' dir='ltr'><strong>habent</strong></span> <span class='ocrx_word' id='word_1_749' title='bbox 992 4632 1058 4686; x_wconf 90' lang='lat' dir='ltr'><strong>de</strong></span> <span class='ocrx_word' id='word_1_750' title='bbox 1087 4631 1178 4686; x_wconf 91' lang='lat' dir='ltr'><strong>illo</strong></span> <span class='ocrx_word' id='word_1_751' title='bbox 1225 4630 1423 4687; x_wconf 89' lang='lat' dir='ltr'><strong>fratres</strong></span> <span class='ocrx_word' id='word_1_752' title='bbox 1454 4631 1655 4687; x_wconf 86' lang='lat' dir='ltr'><strong>bonum</strong></span> <span class='ocrx_word' id='word_1_753' title='bbox 1709 4649 1801 4704; x_wconf 82' lang='lat' dir='ltr'><strong>ge-</strong></span> 
     </span>
    </p>
   </div>
   <div class='ocr_carea' id='block_1_94' title="bbox 218 4720 1801 4794">
    <p class='ocr_par' dir='ltr' id='par_1_94' title="bbox 218 4720 1801 4794">
     <span class='ocr_line' id='line_1_95' title="bbox 218 4720 1801 4794; baseline 0 -18"><span class='ocrx_word' id='word_1_754' title='bbox 218 4720 429 4785; x_wconf 87' lang='lat' dir='ltr'><strong>nerale,</strong></span> <span class='ocrx_word' id='word_1_755' title='bbox 458 4729 551 4772; x_wconf 90' lang='lat' dir='ltr'><strong>aut</strong></span> <span class='ocrx_word' id='word_1_756' title='bbox 582 4720 870 4789; x_wconf 88' lang='lat' dir='ltr'><strong>pitantiam</strong></span> <span class='ocrx_word' id='word_1_757' title='bbox 909 4729 964 4774; x_wconf 92' lang='lat' dir='ltr'><strong>et</strong></span> <span class='ocrx_word' id='word_1_758' title='bbox 993 4721 1351 4792; x_wconf 84' lang='lat' dir='ltr'><strong>pigmentum,</strong></span> <span class='ocrx_word' id='word_1_759' title='bbox 1395 4721 1484 4775; x_wconf 91' lang='lat' dir='ltr'><strong>ubi</strong></span> <span class='ocrx_word' id='word_1_760' title='bbox 1515 4721 1640 4776; x_wconf 91' lang='lat' dir='ltr'><strong>dum</strong></span> <span class='ocrx_word' id='word_1_761' title='bbox 1668 4723 1801 4794; x_wconf 83' lang='lat' dir='ltr'><strong>legi-</strong></span> 
     </span>
    </p>
   </div>
   <div class='ocr_carea' id='block_1_95' title="bbox 220 4811 1801 4880">
    <p class='ocr_par' dir='ltr' id='par_1_95' title="bbox 220 4811 1801 4880">
     <span class='ocr_line' id='line_1_96' title="bbox 220 4811 1801 4880; baseline 0.002 -15"><span class='ocrx_word' id='word_1_762' title='bbox 220 4821 325 4875; x_wconf 91' lang='lat' dir='ltr'><strong>tur,</strong></span> <span class='ocrx_word' id='word_1_763' title='bbox 352 4823 570 4879; x_wconf 88' lang='lat' dir='ltr'><strong>semper</strong></span> <span class='ocrx_word' id='word_1_764' title='bbox 594 4821 795 4879; x_wconf 75' lang='lat' dir='ltr'><strong>przesto</strong></span> <span class='ocrx_word' id='word_1_765' title='bbox 838 4824 960 4865; x_wconf 91' lang='lat' dir='ltr'><strong>esse</strong></span> <span class='ocrx_word' id='word_1_766' title='bbox 1002 4812 1180 4866; x_wconf 87' lang='lat' dir='ltr'><strong>debet.</strong></span> <span class='ocrx_word' id='word_1_767' title='bbox 1215 4811 1272 4865; x_wconf 93' lang='lat' dir='ltr'><strong>In</strong></span> <span class='ocrx_word' id='word_1_768' title='bbox 1325 4820 1584 4880; x_wconf 89' lang='lat' dir='ltr'><strong>sequente</strong></span> <span class='ocrx_word' id='word_1_769' title='bbox 1615 4828 1801 4868; x_wconf 89' lang='lat' dir='ltr'><strong>rursus</strong></span> 
     </span>
    </p>
   </div>
   <div class='ocr_carea' id='block_1_96' title="bbox 121 4901 1801 4978">
    <p class='ocr_par' dir='ltr' id='par_1_96' title="bbox 121 4901 1801 4978">
     <span class='ocr_line' id='line_1_97' title="bbox 121 4901 1801 4978; baseline 0.005 -25"><span class='ocrx_word' id='word_1_770' title='bbox 121 4919 126 4925; x_wconf 61' lang='grc' dir='ltr'><strong>ν</strong></span> <span class='ocrx_word' id='word_1_771' title='bbox 220 4901 455 4972; x_wconf 88' lang='lat' dir='ltr'><strong>capitulo</strong></span> <span class='ocrx_word' id='word_1_772' title='bbox 481 4903 699 4961; x_wconf 87' lang='lat' dir='ltr'><strong>veniam</strong></span> <span class='ocrx_word' id='word_1_773' title='bbox 735 4903 902 4971; x_wconf 90' lang='lat' dir='ltr'><strong>petit,</strong></span> <span class='ocrx_word' id='word_1_774' title='bbox 931 4918 1098 4974; x_wconf 88' lang='lat' dir='ltr'><strong>seque</strong></span> <span class='ocrx_word' id='word_1_775' title='bbox 1147 4919 1297 4959; x_wconf 85' lang='lat' dir='ltr'><strong>reum</strong></span> <span class='ocrx_word' id='word_1_776' title='bbox 1326 4907 1392 4960; x_wconf 90' lang='lat' dir='ltr'><strong>de</strong></span> <span class='ocrx_word' id='word_1_777' title='bbox 1423 4906 1608 4960; x_wconf 90' lang='lat' dir='ltr'><strong>multis</strong></span> <span class='ocrx_word' id='word_1_778' title='bbox 1634 4907 1801 4978; x_wconf 81' lang='lat' dir='ltr'><strong>negli-</strong></span> 
     </span>
    </p>
   </div>
   <div class='ocr_carea' id='block_1_97' title="bbox 221 4995 1801 5064">
    <p class='ocr_par' dir='ltr' id='par_1_97' title="bbox 221 4995 1801 5064">
     <span class='ocr_line' id='line_1_98' title="bbox 221 4995 1801 5064; baseline 0.006 -17"><span class='ocrx_word' id='word_1_779' title='bbox 221 4995 414 5064; x_wconf 85' lang='lat' dir='ltr'><strong>gentiis</strong></span> <span class='ocrx_word' id='word_1_780' title='bbox 445 5009 543 5064; x_wconf 90' lang='lat' dir='ltr'><strong>per</strong></span> <span class='ocrx_word' id='word_1_781' title='bbox 587 4997 931 5052; x_wconf 88' lang='lat' dir='ltr'><strong>occasionem</strong></span> <span class='ocrx_word' id='word_1_782' title='bbox 974 4997 1291 5053; x_wconf 73' lang='lat' dir='ltr'><strong>obedientia:</strong></span> <span class='ocrx_word' id='word_1_783' title='bbox 1341 4999 1646 5055; x_wconf 86' lang='lat' dir='ltr'><strong>confitetur.</strong></span> <span class='ocrx_word' id='word_1_784' title='bbox 1693 5003 1801 5057; x_wconf 86' lang='lat' dir='ltr'><strong>Ab-</strong></span> 
     </span>
    </p>
   </div>
   <div class='ocr_carea' id='block_1_98' title="bbox 223 5088 1696 5110">
    <p class='ocr_par' dir='ltr' id='par_1_98' title="bbox 223 5088 1696 5110">
     <span class='ocr_line' id='line_1_99' title="bbox 223 5088 1696 5110; baseline 0 0"><span class='ocrx_word' id='word_1_785' title='bbox 223 5088 379 5110; x_wconf 57' lang='grc' dir='ltr'><strong>..ΑΙ-,ει</strong></span> <span class='ocrx_word' id='word_1_786' title='bbox 429 5105 536 5110; x_wconf 51' lang='lat'><strong>---.--</strong></span> <span class='ocrx_word' id='word_1_787' title='bbox 599 5088 754 5110; x_wconf 58' lang='lat'><strong>_...:-_</strong></span> <span class='ocrx_word' id='word_1_788' title='bbox 827 5097 869 5110; x_wconf 67' lang='lat'><strong>-4</strong></span> <span class='ocrx_word' id='word_1_789' title='bbox 925 5089 1153 5110; x_wconf 60' lang='lat' dir='ltr'><strong>=.-...---n</strong></span> <span class='ocrx_word' id='word_1_790' title='bbox 1213 5100 1266 5110; x_wconf 64' lang='lat'><strong>__-</strong></span> <span class='ocrx_word' id='word_1_791' title='bbox 1313 5107 1328 5109; x_wconf 69' lang='lat'><strong>-</strong></span> <span class='ocrx_word' id='word_1_792' title='bbox 1407 5093 1420 5110; x_wconf 84' lang='lat' dir='ltr'><strong>I</strong></span> <span class='ocrx_word' id='word_1_793' title='bbox 1461 5107 1540 5110; x_wconf 52' lang='lat'><strong>-,-_</strong></span> <span class='ocrx_word' id='word_1_794' title='bbox 1691 5108 1696 5109; x_wconf 39' lang='grc' dir='ltr'><em>γ</em></span> 
     </span>
    </p>
   </div>
   <div class='ocr_carea' id='block_1_99' title="bbox 599 5103 754 5110">
    <p class='ocr_par' dir='ltr' id='par_1_99' title="bbox 599 5103 754 5110">
     <span class='ocr_line' id='line_1_100' title="bbox 599 5103 754 5110; baseline 0 0"><span class='ocrx_word' id='word_1_795' title='bbox 599 5103 754 5110; x_wconf 60' lang='grc' dir='ltr'><strong>.ρ“ιΑ“</strong></span> 
     </span>
    </p>
   </div>
   <div class='ocr_carea' id='block_1_100' title="bbox 1905 4541 3490 4616">
    <p class='ocr_par' dir='ltr' id='par_1_100' title="bbox 1905 4541 3490 4616">
     <span class='ocr_line' id='line_1_101' title="bbox 1905 4541 3490 4616; baseline -0.004 -15"><span class='ocrx_word' id='word_1_796' title='bbox 1905 4549 2079 4602; x_wconf 90' lang='lat' dir='ltr'><strong>frater</strong></span> <span class='ocrx_word' id='word_1_797' title='bbox 2105 4548 2196 4601; x_wconf 90' lang='lat' dir='ltr'><strong>ille</strong></span> <span class='ocrx_word' id='word_1_798' title='bbox 2219 4547 2311 4616; x_wconf 86' lang='lat' dir='ltr'><strong>qui</strong></span> <span class='ocrx_word' id='word_1_799' title='bbox 2345 4563 2468 4602; x_wconf 89' lang='lat' dir='ltr'><strong>cum</strong></span> <span class='ocrx_word' id='word_1_800' title='bbox 2499 4546 2670 4602; x_wconf 86' lang='lat' dir='ltr'><strong>asinis</strong></span> <span class='ocrx_word' id='word_1_801' title='bbox 2698 4544 2848 4601; x_wconf 87' lang='lat' dir='ltr'><strong>vadit</strong></span> <span class='ocrx_word' id='word_1_802' title='bbox 2891 4561 2989 4616; x_wconf 87' lang='lat' dir='ltr'><strong>per</strong></span> <span class='ocrx_word' id='word_1_803' title='bbox 3039 4541 3400 4608; x_wconf 83' lang='lat' dir='ltr'><strong>obedientias,</strong></span> <span class='ocrx_word' id='word_1_804' title='bbox 3431 4549 3490 4595; x_wconf 90' lang='lat' dir='ltr'><strong>ut</strong></span> 
     </span>
    </p>
   </div>
   <div class='ocr_carea' id='block_1_101' title="bbox 1903 4639 2814 4710">
    <p class='ocr_par' dir='ltr' id='par_1_101' title="bbox 1903 4639 2814 4710">
     <span class='ocr_line' id='line_1_102' title="bbox 1903 4639 2814 4710; baseline -0.002 -16"><span class='ocrx_word' id='word_1_805' title='bbox 1903 4639 2125 4710; x_wconf 86' lang='lat' dir='ltr'><strong>colligat</strong></span> <span class='ocrx_word' id='word_1_806' title='bbox 2159 4645 2214 4694; x_wconf 88' lang='lat' dir='ltr'><strong>et</strong></span> <span class='ocrx_word' id='word_1_807' title='bbox 2244 4639 2483 4696; x_wconf 87' lang='lat' dir='ltr'><strong>adducat</strong></span> <span class='ocrx_word' id='word_1_808' title='bbox 2519 4653 2814 4695; x_wconf 89' lang='lat' dir='ltr'><strong>annonam.</strong></span> 
     </span>
    </p>
   </div>
   <div class='ocr_carea' id='block_1_102' title="bbox 2497 4785 2904 4846">
    <p class='ocr_par' dir='ltr' id='par_1_102' title="bbox 2497 4785 2904 4846">
     <span class='ocr_line' id='line_1_103' title="bbox 2497 4785 2904 4846; baseline -0.002 -4"><span class='ocrx_word' id='word_1_809' title='bbox 2497 4786 2724 4844; x_wconf 77' lang='lat' dir='ltr'><strong>CAPUT</strong></span> <span class='ocrx_word' id='word_1_810' title='bbox 2763 4785 2904 4846; x_wconf 77' lang='lat' dir='ltr'><strong>XIX.</strong></span> 
     </span>
    </p>
   </div>
   <div class='ocr_carea' id='block_1_103' title="bbox 2464 4883 2939 4939">
    <p class='ocr_par' dir='ltr' id='par_1_103' title="bbox 2464 4883 2939 4939">
     <span class='ocr_line' id='line_1_104' title="bbox 2464 4883 2939 4939; baseline -0.008 -1"><span class='ocrx_word' id='word_1_811' title='bbox 2464 4883 2543 4938; x_wconf 80' lang='lat' dir='ltr'><strong>De</strong></span> <span class='ocrx_word' id='word_1_812' title='bbox 2569 4883 2781 4939; x_wconf 79' lang='lat' dir='ltr'><strong>custode</strong></span> <span class='ocrx_word' id='word_1_813' title='bbox 2808 4884 2939 4938; x_wconf 84' lang='lat' dir='ltr'><strong>vini.</strong></span> 
     </span>
    </p>
   </div>
   <div class='ocr_carea' id='block_1_104' title="bbox 1976 4990 3496 5064">
    <p class='ocr_par' dir='ltr' id='par_1_104' title="bbox 1976 4990 3496 5064">
     <span class='ocr_line' id='line_1_105' title="bbox 1976 4990 3496 5064; baseline 0.003 -20"><span class='ocrx_word' id='word_1_814' title='bbox 1976 4990 2193 5047; x_wconf 88' lang='lat' dir='ltr'><strong>Tertius</strong></span> <span class='ocrx_word' id='word_1_815' title='bbox 2238 5003 2322 5049; x_wconf 88' lang='lat' dir='ltr'><strong>est</strong></span> <span class='ocrx_word' id='word_1_816' title='bbox 2355 4993 2746 5064; x_wconf 77' lang='lat' dir='ltr'><strong>suﬂ&#39;raganeus</strong></span> <span class='ocrx_word' id='word_1_817' title='bbox 2799 4994 3041 5062; x_wconf 88' lang='lat' dir='ltr'><strong>ejusdem</strong></span> <span class='ocrx_word' id='word_1_818' title='bbox 3075 4991 3366 5060; x_wconf 87' lang='lat' dir='ltr'><strong>collerarii,</strong></span> <span class='ocrx_word' id='word_1_819' title='bbox 3401 4996 3496 5064; x_wconf 86' lang='lat' dir='ltr'><strong>qui</strong></span> 
     </span>
    </p>
   </div>
   <div class='ocr_carea' id='block_1_105' title="bbox 1943 5085 3469 5110">
    <p class='ocr_par' dir='ltr' id='par_1_105' title="bbox 1943 5085 3469 5110">
     <span class='ocr_line' id='line_1_106' title="bbox 1943 5085 3469 5110; baseline 0 0"><span class='ocrx_word' id='word_1_820' title='bbox 1943 5085 2090 5110; x_wconf 66' lang='lat' dir='ltr'><strong>:-.-In\</strong></span> <span class='ocrx_word' id='word_1_821' title='bbox 2128 5085 2313 5110; x_wconf 55' lang='grc' dir='ltr'><strong>..ηαξ-εξ.</strong></span> <span class='ocrx_word' id='word_1_822' title='bbox 2358 5099 2403 5110; x_wconf 67' lang='grc' dir='ltr'><strong>...Α</strong></span> <span class='ocrx_word' id='word_1_823' title='bbox 2462 5088 2690 5110; x_wconf 53' lang='grc' dir='ltr'><strong>ΑαιΑίΑ-Ιξι</strong></span> <span class='ocrx_word' id='word_1_824' title='bbox 2766 5087 2865 5110; x_wconf 52' lang='grc'><strong>1⁷2-.</strong></span> <span class='ocrx_word' id='word_1_825' title='bbox 2881 5085 3048 5110; x_wconf 57' lang='grc' dir='ltr'><strong>..Ληιζη</strong></span> <span class='ocrx_word' id='word_1_826' title='bbox 3101 5094 3469 5110; x_wconf 56' lang='grc' dir='ltr'><strong>οιΛκο-ιι-ιησνι-δισι</strong></span> 
     </span>
    </p>
   </div>
  </div>
