4040 5298
573 157 676 215 ’ῖῆὂ

1600 175 1772 232 CLDA
1785 175 1916 232 RICI
1954 173 2446 236 CLUNIACENSIS
2492 181 2794 240 MONACHI

3717 199 3826 260 764

571 254 838 310 merarius
867 255 956 312 dat
989 259 1224 331 adipem,
1253 264 1392 318 sicut
1443 267 1604 322 etiam
1639 271 1690 323 in
1720 269 2058 326 dormitorio
2081 280 2138 326 et
2167 275 2212 330 Α
2239 271 2428 328 diebus
2459 289 2658 330 mensae
2701 293 2892 335 omnes
2935 280 3208 338 refectorii
3259 298 3326 340 ex
3359 293 3474 344 toto
3523 301 3650 347 sunt
3693 309 3822 350 cum

567 342 626 398 in
661 345 821 400 domo
841 345 1202 406 inﬁrmorum.
1401 393 1404 396 -

1173 441 1402 498 CAPUT
1441 443 1560 502 XX.

1151 531 1227 584 De
1251 534 1552 590 liomilano.

635 615 704 670 Et
745 617 1064 674 hortulanus
1087 619 1248 676 debet
1276 624 1559 680 cellerario
1602 642 1725 683 esse
1753 627 2048 698 subjectus,
2081 641 2140 686 ut

565 703 612 758 si
649 705 778 774 quid
811 705 975 761 fuerit
999 708 1050 760 in
1072 709 1234 764 horto
1259 713 1402 780 quod
1445 714 1559 782 ipse
1602 718 1856 782 voluerit,
1882 730 1935 773 et
1973 737 2136 791 expe-

563 796 682 849 dire
709 797 922 852 noverit
951 799 1017 852 ad
1069 801 1352 856 servilium
1397 804 1648 872 fratrum,
1679 809 1993 865 obcdientor
2037 813 2137 866 ba-

561 883 688 940 heat
724 887 790 939 ab
820 885 934 954 illo,
986 897 1042 942 et
1095 891 1214 946 sine
1243 907 1413 948 mora.
1447 894 1543 950 Cui
1589 899 1752 952 etiam
1801 900 1948 956 nullo
1977 903 2136 958 modo

557 984 642 1030 est
663 989 979 1034 concessum
1029 989 1306 1054 utcunque
1359 988 1712 1044 meridianam
1741 1006 1978 1060 unquam
2031 994 2132 1048 bo-

559 1079 674 1118 ram
703 1066 1006 1136 regularem
1043 1072 1240 1132 audeat
1280 1078 1658 1144 supersedere,
1704 1077 1809 1132 nisi
1845 1079 2134 1149 aliquando

557 1155 612 1209 in
656 1173 762 1212 uno
795 1158 882 1214 die
921 1161 970 1216 ei
1027 1162 1145 1218 talis
1191 1167 1488 1222 necessitas
1529 1171 1874 1238 remanendi;
1931 1183 2056 1228 tunc
2099 1187 2129 1226 a

555 1247 738 1315 priore
759 1247 1030 1306 licentiam
1061 1255 1277 1324 quaerit.

1139 1344 1366 1401 CAPUT
1403 1347 1546 1403 XXI.

1117 1432 1196 1486 De
1225 1435 1582 1503 refectarario.

553 1575 592 1581 ._
623 1519 702 1574 Ad
737 1519 1080 1578 refectorium
1132 1534 1259 1580 sunt
1303 1527 1421 1582 duae
1458 1528 1660 1595 claves,
1695 1545 1922 1600 quarum
1959 1547 2122 1587 unam

2246 362 2575 422 meusalibus
2597 368 2988 436 coepericndai,
3021 381 3075 424 et
3100 371 3202 428 hoc
3223 383 3305 430 est
3333 379 3548 446 quoties
3576 382 3822 438 universi

2243 446 2438 505 fratres
2469 455 2532 508 ad
2581 456 2838 523 majorem
2871 461 3088 516 missam
3141 463 3278 520 albis
3306 467 3622 537 induuntur,
3663 483 3718 528 et
3761 475 3822 530 in

2242 539 2478 608 quinque
2502 544 2793 602 Dominicis
2822 549 3083 620 (exceptis
3121 567 3257 622 quas
3293 557 3409 626 jam
3441 559 3493 613 in
3544 561 3654 618 alio
3692 563 3824 637 loco

2241 631 2538 704 nominavi)
2580 645 2635 690 et
2670 636 2723 692 in
2755 639 2952 710 vigiliis
2979 643 3217 714 quinque
3257 647 3636 718 principalium
3657 631 3820 708 festi-

2239 723 2492 790 vitatum,
2535 729 2592 782 in
2647 731 2840 800 quibus
2877 742 2932 788 et
2986 751 3197 808 semper
3247 743 3496 809 generale
3535 747 3715 802 datur.
3756 750 3820 805 In

2238 810 2357 866 aliis
2387 829 2514 870 vero
2563 815 2751 874 diebus
2789 836 2894 876 non
2943 824 3046 880 nisi
3075 827 3310 884 dimidiae
3349 841 3545 900 printer
3571 852 3818 894 mensam

2235 904 2586 974 principalem
2619 913 3020 980 cooperiuntur,
3053 925 3107 971 et
3135 917 3210 972 ita
3237 927 3292 974 ut
3323 937 3426 978 nec
3449 926 3688 996 scutellie
3715 945 3821 984 nec

2229 993 2452 1063 jnstitiae
2472 1012 2635 1070 super
2664 1004 2922 1060 mensalia
2955 1019 3247 1076 ponantur.

2805 1157 3034 1217 CAPUT
3069 1164 3230 1222 XXII.

2720 1244 2797 1301 De
2835 1253 3046 1306 custode
3081 1255 3308 1325 hospitii.

2300 1344 2548 1418 Hospites
2575 1353 2664 1422 qui
2695 1365 2823 1410 sunt
2861 1363 3170 1430 peregrini,
3201 1367 3285 1422 vel
3318 1369 3408 1440 qui
3439 1387 3544 1428 non
3576 1391 3676 1446 pro
3705 1379 3812 1440 alia

2229 1450 2390 1489 causa
2438 1453 2598 1508 quam
2651 1445 2952 1502 animarum
2999 1466 3218 1509 suarum
3262 1445 3588 1528 adveniunt,
3625 1479 3810 1524 custos

2228 1524 2448 1594 hospitii
2477 1543 2599 1583 cum
2625 1535 2770 1588 omni
2813 1539 3004 1607 recipit
3041 1542 3393 1614 benignitate.
3426 1524 3694 1623 Quidquid
3729 1561 3810 1615 eis

551 1625 766 1680 semper
789 1614 948 1670 habet
974 1616 1310 1684 cellerarius,
1359 1628 1440 1686 ut,
1487 1622 1531 1676 si
1563 1621 1701 1678 forte
1746 1625 2034 1696 contigerit
2065 1635 2114 1680 ut

2228 1629 2360 1682 opus
2389 1615 2596 1672 fuerita
2625 1622 2904 1679 cellerario
2925 1631 3112 1698 quierit
3131 1672 3148 1696 ,
3179 1644 3232 1688 et
3263 1638 3308 1692 si
3337 1614 3649 1698 cclieraribs
3671 1646 3810 1702 forte

551 1703 746 1774 aliquis
771 1704 940 1762 frater
989 1710 1054 1764 ad
1095 1712 1452 1768 meridianam
1501 1714 1588 1768 vel
1639 1725 1760 1783 post
1821 1718 2122 1787 completo-

552 1795 689 1848 rium
715 1797 1080 1864 superveniat,
1111 1800 1281 1869 possit
1310 1802 1358 1856 ei
1411 1802 1798 1858 humanitatem
1847 1807 2120 1862 exhibere.

545 1884 680 1940 sltem
729 1896 1015 1958 postquam
1069 1890 1217 1958 prior
1258 1901 1312 1947 et
1371 1909 1560 1950 omnes
1613 1912 1670 1951 se
1716 1897 2119 1965 collocaveriut,

545 1975 596 2032 si
647 1975 768 2044 quis
819 1993 919 2048 pro
967 1979 1146 2049 aliqua
1207 1997 1368 2044 causa
1431 1986 1842 2055 completorium
1887 1991 2121 2046 nondum

551 2070 824 2135 cantavit,
885 2071 1158 2143 talemque
1211 2076 1356 2132 sitim
1411 2093 1700 2149 perpessus
1761 2081 1946 2146 fuerit,
1999 2100 2119 2139 cum
2171 2079 2174 2084 ’

547 2159 766 2216 licentia
803 2163 1068 2220 cellerarii
1095 2167 1280 2224 bibere
1301 2177 1516 2240 potest;
1553 2181 1609 2226 at
1653 2173 1695 2227 si
1721 2183 1842 2228 erat
1869 2175 2003 2230 infra
2035 2192 2124 2232 se-

545 2262 636 2320 pta
661 2258 996 2322 monasterii,
1031 2258 1098 2312 ad
1133 2274 1388 2330 vesperas
1409 2263 1582 2328 bibat,
1611 2273 1670 2320 ut
1699 2265 1900 2322 dictum
1932 2277 2035 2333 est,
2073 2271 2116 2324 si

543 2358 680 2414 Opus
707 2346 990 2444 habuepit;
1021 2349 1114 2403 sed
1147 2359 1204 2404 ut
1233 2351 1364 2421 quid
1393 2355 1640 2410 comedat
1666 2365 1787 2424 post
1824 2358 2120 2428 completo-

543 2437 686 2492 rium
727 2439 872 2494 nulla
903 2437 1146 2510 unquam
1171 2446 1382 2500 ratione
1412 2446 1666 2516 cuiquam
1693 2445 1848 2503 fratri
1889 2451 2116 2519 permit-

543 2529 676 2584 titur
707 2531 982 2588 incolumi.
1017 2565 1020 2568 -
1439 2585 1442 2588 Α

615 2620 1030 2686 llefectorarius
1050 2642 1180 2682 vero
1208 2629 1374 2684 habet
1395 2630 1496 2684 sub
1517 2644 1575 2684 se
1601 2637 1710 2686 tres
1739 2631 1872 2686 alios
1895 2633 2113 2701 fratres,

540 2713 630 2782 qui
665 2715 898 2783 primum
933 2720 1079 2773 omni
1113 2719 1200 2774 die
1241 2729 1360 2790 post
1395 2723 1687 2791 capitulum
1737 2725 1917 2780 statim
1965 2742 2117 2782 men-

539 2804 674 2870 salia
701 2816 926 2876 ponunt.
951 2803 1162 2866 Ponunt
1187 2812 1496 2866 cochlearia
1517 2825 1571 2866 et
1593 2817 1910 2884 panes,qui,
1937 2817 1979 2871 si
2003 2820 2112 2874 sint

538 2895 928 2967 aliquantulum
953 2903 1210 2969 ambusti,
1243 2905 1308 2958 ad
1339 2905 1442 2960 hoc
1473 2905 1674 2960 habent
1719 2907 1965 2962 cultellos
1991 2912 2114 2978 qni-

535 2988 640 3044 hus
665 3004 762 3045 eos
789 2993 1002 3058 radant,
1029 3001 1084 3048 et
1127 2996 1194 3049 ad
1220 2996 1324 3052 hoc
1355 2997 1636 3067 mappulas
1688 3014 1822 3068 quas
1851 3000 1999 3068 prius
2045 3004 2110 3056 ad

529 3077 738 3134 collum
773 3085 1133 3153 suspendunt,
1165 3094 1227 3142 ut
1257 3089 1499 3144 radendo
1525 3091 1670 3160 ipsos
1705 3107 1872 3160 panes
1905 3093 2112 3161 possint

538 3171 764 3228 honeSte
799 3186 986 3230 contra
1009 3186 1198 3247 pectus
1231 3180 1524 3237 reclinare.
1551 3181 1721 3238 Lecto
1743 3183 1920 3238 missa:
1949 3186 2112 3254 majo-

535 3262 612 3316 ris
633 3263 926 3336 Evangelio
953 3277 1242 3337 apportant
1267 3273 1454 3328 vinum
1509 3282 1570 3329 ut
1599 3289 1694 3345 per
1731 3276 1972 3345 justitias
1998 3279 2108 3350 (10)

535 3356 855 3422 partiuntur
886 3375 899 3424 ;
933 3375 1122 3416 verum
1171 3363 1432 3434 quidquid
1477 3368 1902 3436 apportaveriut,
1951 3368 2110 3437 quid-

533 3446 662 3513 quid
694 3447 800 3502 tale
849 3449 1094 3518 fecerint,
1157 3469 1374 3525 semper
1405 3465 1581 3512 tanien
1619 3458 1670 3514 id
1692 3468 1883 3514 cavent
1906 3467 1965 3512 ut
1993 3459 2111 3514 nul-

531 3535 616 3592 lus
669 3538 904 3596 famulus
951 3558 1048 3612 pro
1101 3545 1314 3601 illorum
1361 3548 1686 3604 invitatione
1731 3551 1782 3605 in
1822 3551 2110 3608 refectorio

527 3641 866 3696 compareat.
895 3631 1048 3698 Quod
1071 3634 1116 3690 si
1147 3635 1357 3692 duabus
1393 3639 1604 3695 vicibus
1631 3642 1952 3702 comeditur,
1987 3650 2109 3711 post

531 3729 798 3784 vesperas
856 3721 946 3788 qui
987 3721 1178 3778 libram
1230 3742 1382 3782 suam
1439 3737 1606 3784 totam
1661 3731 2009 3787 manducavit
2055 3741 2111 3788 et

534 3805 720 3860 vinum
761 3813 1106 3879 computavit.
1133 3813 1182 3869 ei
1217 3823 1344 3872 tunc
1364 3820 1653 3888 apponitur
1677 3821 1896 3876 dimidia
1929 3822 2104 3888 libra;

531 3894 626 3950 sed
647 3896 934 3966 dejustitia
969 3901 1104 3956 nihil
1141 3905 1420 3972 minuitur,
1451 3924 1572 3979 quae
1615 3917 1671 3966 et
1722 3924 1784 3964 ea
1815 3912 1936 3968 vice
1968 3928 2109 3968 sem-

529 4001 630 4056 per
655 3996 740 4042 est
777 3989 972 4046 danda.
1009 3991 1160 4059 Quod
1191 3995 1235 4051 si
1269 3997 1559 4067 aliquando
1607 4000 1781 4056 denuo
1824 4019 1930 4056 non
1986 4004 2108 4058 reti-

529 4075 702 4142 ciunt,
737 4088 918 4136 tamen
964 4083 1142 4138 denuo
1169 4086 1352 4146 bibere
1381 4105 1652 4160 nunquam
1686 4093 1958 4148 omittunt.
1993 4093 2106 4162 Hoc

528 4177 612 4222 est
639 4178 820 4224 autem
874 4173 1016 4241 quod
1061 4175 1366 4244 specialiter
1413 4183 1644 4251 pertinet
1685 4183 1750 4236 ad
1803 4183 2104 4238 ret‘cctora—

2226 1721 2331 1760 non
2363 1709 2642 1776 habuerit,
2675 1718 2864 1784 quierit
2903 1736 2930 1772 a
2971 1727 3268 1782 camerario
3319 1741 3376 1784 ut
3415 1732 3618 1804 absque
3660 1741 3804 1794 omni

2224 1798 2575 1854 excusatione
2604 1816 2968 1874 comparetur.
2997 1810 3126 1881 Sed,
3155 1823 3214 1870 ut
3257 1820 3490 1888 primum
3527 1798 3708 1881 dicam
3742 1829 3806 1884 de

2226 1885 2472 1953 personis
2495 1889 2656 1960 hujus
2685 1895 2808 1951 vita:
2838 1898 3162 1974 habitusque
3191 1885 3380 1974 nostri,
3419 1913 3462 1968 si
3491 1915 3688 1986 aliquis
3713 1921 3808 1976 ab-

2223 1975 2320 2030 bas
2357 1978 2438 2032 vel
2473 1981 2634 2036 etiam
2657 1985 2904 2054 privatus
2930 1997 3230 2053 monachus
3257 1999 3323 2056 de
3351 1975 3648 2076 longinquo
3689 2009 3806 2066 loco

2223 2075 2521 2142 advenerit,
2546 2089 2599 2135 et
2627 2097 2732 2137 non
2755 2083 2890 2141 bene
2917 2091 3067 2145 novit
3093 2093 3340 2150 ordinem
3363 2075 3631 2168 nostrum,
3659 2104 3804 2162 hunc

2223 2167 2426 2222 inducit
2453 2169 2504 2224 in
2538 2171 2865 2242 claustrum;
2893 2179 2986 2235 sed
3017 2184 3167 2252 prius
3192 2187 3239 2240 ei
3267 2188 3545 2246 humiliter
3567 2198 3806 2252 ostendit

2222 2258 2286 2311 de
2313 2263 2703 2320 consuetudine
2738 2275 2954 2336 nostra,
2990 2273 3196 2330 scilicet
3239 2286 3316 2342 ut,
3344 2279 3388 2334 si
3413 2282 3468 2334 'ei
3497 2281 3696 2351 placet,
3721 2287 3805 2340 iu-

2221 2355 2461 2405 traturus
2480 2353 2762 2410 ecclesiam
2793 2359 2860 2413 ad
2885 2359 3044 2416 limen
3062 2365 3271 2420 veniam
3294 2379 3464 2437 petat,
3487 2381 3542 2426 et
3561 2387 3804 2442 proster-

2219 2449 2314 2493 nat
2341 2455 2400 2494 se
2437 2443 2502 2497 ad
2533 2446 2853 2516 orationem,
2883 2450 3045 2522 etiam
3074 2453 3117 2509 si
3145 2455 3258 2510 dies
3279 2469 3364 2512 est
3391 2460 3580 2518 festus.
3612 2466 3805 2522 Adhae-

2219 2539 2306 2584 rct
2331 2530 2379 2588 ei
2405 2530 2636 2603 jugiter,
2675 2545 2730 2592 et
2775 2519 3064 2597 moris-Irin“
3087 2544 3142 2599 in
3199 2549 3394 2616 quibus
3435 2551 3568 2608 locis
3611 2557 3803 2613 debeat

2218 2635 2404 2688 orare;
2431 2626 2604 2692 primo
2627 2629 2693 2682 ad
2719 2627 2970 2686 Sanctam
2993 2634 3244 2702 Crucem,
3273 2639 3324 2694 in
3350 2643 3516 2698 choro
3535 2645 3604 2700 ad
3636 2647 3803 2704 altare

2215 2713 2533 2784 principale,
2558 2718 2623 2772 ad
2649 2719 2900 2777 Sanctam
2931 2725 3186 2794 Mariam;
3221 2741 3336 2794 aut,
3361 2735 3404 2789 si
3434 2737 3663 2793 ecclesia
3696 2757 3798 2796 non

2216 2815 2300 2862 est
2333 2804 2513 2860 clausa
2536 2848 2548 2868 ,
2597 2818 2650 2864 et
2679 2810 2821 2867 intus
2866 2823 2994 2870 sunt
3041 2818 3204 2888 aliqui
3241 2823 3527 2891 populares
3550 2867 3564 2890 ,
3595 2837 3799 2884 tantum

2216 2895 2281 2952 ad
2313 2897 2485 2954 altare
2516 2899 2574 2955 S.
2610 2900 2868 2970 Joannis,
2919 2909 3062 2976 quod
3105 2920 3187 2966 est
3229 2913 3281 2967 in
3323 2917 3568 2971 membro
3609 2919 3800 2976 dextro

2216 2987 2474 3054 ecclesiae,
2527 3002 2581 3046 et
2623 2994 2689 3048 ad
2741 2993 2798 3050 S.
2839 2997 3081 3054 Mariam.
3123 3001 3255 3056 Cum
3291 3015 3506 3062 ventum
3547 3009 3712 3064 fuerit
3735 3013 3799 3068 ad

2213 3078 2401 3134 horam
2433 3083 2728 3150 reficiendi,
2759 3087 2925 3144 abbas
2954 3091 3104 3146 sedet
3137 3094 3204 3147 ad
3247 3111 3488 3152 mensam
3517 3102 3794 3172 principa-

2215 3167 2342 3233 lem,
2372 3185 2477 3225 non
2511 3181 2688 3230 tamen
2731 3177 2798 3230 ad
2843 3179 3073 3246 scillam,
3105 3196 3204 3251 pro
3243 3201 3308 3240 eo
3349 3167 3605 3257 qiiod,7ut
3633 3167 3792 3262 supra

2215 3261 2457 3325 memini,
2489 3279 2592 3316 non
2617 3267 2964 3325 esteruditos
2995 3273 3164 3326 nostri
3210 3276 3436 3332 ordinis.
3471 3277 3528 3332 In
3565 3261 3794 3339 ecclesia

2211 3366 2340 3406 vero
2369 3351 2608 3410 defertur
2659 3357 2708 3411 ei
2753 3367 2812 3412 ut
2850 3360 2942 3415 det
2982 3360 3206 3419 lecturis
3247 3365 3707 3441 benedictionem,
3745 3385 3798 3430 et

2209 3453 2376 3512 ponat
2415 3445 2694 3502 incensum
2722 3449 2776 3504 in
2818 3451 3108 3509 tburibulo.
3155 3457 3223 3511 At
3251 3458 3294 3511 si
3333 3473 3398 3513 ea
3427 3467 3800 3531 supervenerit

2213 3535 2341 3589 hora
2391 3551 2494 3605 qua
2520 3538 2937 3609 servitoresjam
2960 3543 3026 3598 ad
3053 3545 3400 3604 reficiendum
3417 3552 3794 3618 consederunt,

2214 3630 2339 3677 tunc
2365 3639 2468 3678 non
2497 3626 2650 3680 sedet
2689 3628 2755 3681 ad
2795 3645 3034 3686 mensam
3065 3635 3440 3706 principalem,
3471 3655 3574 3696 nec
3615 3651 3794 3697 tamen

2209 3717 2344 3784 petit
2369 3715 2643 3771 licentiam
2670 3721 2986 3776 comedendi
3013 3725 3079 3778 ad
3101 3727 3323 3796 gradum
3353 3729 3422 3782 ab
3443 3745 3508 3786 eo
3529 3732 3624 3800 qui
3647 3733 3796 3788 sedet

2209 3807 2274 3860 ad
2305 3807 2536 3874 scillam,
2569 3809 2712 3864 sicut
2734 3811 2848 3877 alii,
2877 3813 2974 3869 sed
3007 3823 3211 3870 tantum
3252 3819 3383 3873 dicit
3412 3835 3628 3876 versum
3671 3834 3794 3878 ante

2211 3897 2444 3952 tabulam
2469 3900 2535 3954 ad
2567 3917 2728 3970 quam
2760 3913 2844 3957 est
2898 3918 3168 3962 sessurus.
3217 3909 3281 3962 Et
3309 3911 3434 3978 quia
3473 3913 3680 3968 tardius
3699 3929 3792 3968 ve.

2207 3989 2320 4053 nit,
2353 3991 2710 4046 servituribus
2757 3995 3130 4050 recedentibus
3175 3997 3288 4068 ipse
3315 4011 3582 4067 remanet,
3609 4011 3666 4057 et
3705 4019 3792 4058 se-

2207 4081 2440 4135 cundum
2472 4097 2686 4138 versum
2713 4084 2830 4138 finit
2855 4085 3077 4142 ibidem.
3108 4087 3164 4142 Si
3199 4091 3516 4145 societatem
3545 4101 3789 4148 nostram

2207 4175 2504 4246 quaesierit,
2541 4187 2828 4246 postquam
2871 4180 3202 4250 disputatum
3239 4185 3404 4242 fuerit
3453 4186 3504 4242 in
3555 4187 3793 4257 capitulo

529 4261 670 4316 ιτίιιηι
700 4263 978 4332 τηθίσι-ατη,
1005 4267 1227 4334 Quoties
1271 4271 1601 4341 pigmentum
1635 4275 1814 4341 datur,
1841 4275 1956 4343 ipse
1987 4293 2100 4330 ιηο.
2133 4289 2179 4348 D
2207 4267 2272 4320 de
2299 4267 2489 4322 ordine
2515 4279 2700 4324 nostro
2725 4281 2986 4338 quantum
3007 4273 3173 4342 priori
3201 4289 3387 4330 nostro
3410 4279 3644 4342 videtur,
3673 4279 3794 4332 mito

527 4351 690 4408 diolis
721 4354 974 4424 infundit,
1002 4359 1116 4428 ipse
1145 4360 1350 4416 scillam
1397 4363 1594 4431 pulsat,
1624 4379 1744 4434 qua:
1775 4367 1844 4420 ad
1884 4365 1986 4422 hoc
2021 4383 2100 4422 so-

525 4437 712 4497 lum-in
757 4448 1100 4503 extremitate
1149 4451 1422 4509 refectorii
1471 4457 1688 4524 pendet,
1731 4473 1851 4527 qua:
1889 4458 2100 4514 etiamsi

523 4534 771 4603 pulsatur
799 4539 864 4592 ad
898 4540 1326 4597 benedictionem
1363 4544 1623 4614 pigmenti
1657 4548 1708 4601 in
1738 4549 1977 4618 qualibet
2021 4547 2099 4604 fe-

524 4623 764 4680 stivitate
793 4635 848 4681 et
893 4628 944 4682 in
997 4629 1236 4698 quolibet
1284 4634 1686 4700 anniversario,
1735 4646 1862 4692 tunc
1919 4649 2099 4692 tamen

523 4728 632 4768 non
659 4709 929 4784 pulsatur,
985 4721 1029 4774 si
1075 4722 1410 4790 pigmentum
1453 4724 1628 4789 datur,
1667 4725 1747 4780 vel
1777 4739 1874 4796 pro
1903 4727 2102 4781 domno

523 4803 721 4858 abbate
753 4805 820 4860 de
867 4808 954 4861 via
997 4810 1267 4876 veniente,
1310 4812 1395 4867 vel
1445 4813 1512 4868 de
1555 4814 1716 4870 domo
1760 4815 2098 4870 infirmorum

521 4894 577 4948 in
617 4907 943 4952 conventum
985 4901 1268 4966 redeunte,
1328 4903 1414 4958 vel
1465 4919 1563 4974 pro
1591 4907 1822 4961 adventu
1877 4907 2096 4978 prioris,

523 4986 606 5040 vel
636 5002 731 5056 pro
760 4989 1028 5045 sententia
1073 4993 1366 5060 cellerarii,
1401 4994 1484 5050 vel
1526 4996 1570 5050 si
1600 4997 1722 5066 quis
1774 4997 1912 5052 alius
1938 4997 2099 5052 fami-

521 5077 678 5135 liaris
703 5079 967 5151 impendit
995 5083 1076 5138 eis
1121 5084 1463 5142 charitatem.
1513 5087 1644 5142 ltein
1700 5090 1768 5145 ad
1812 5104 1936 5145 eum
1975 5105 2100 5160 per-

523 5171 658 5226 tinet
679 5181 738 5226 ut
793 5174 940 5227 omni
993 5174 1080 5228 die
1131 5174 1431 5243 Dominica,
1463 5188 1518 5233 et
1546 5181 1689 5234 cinui
1721 5197 1754 5235 v
1785 5181 1944 5248 feria,
1975 5199 2098 5237 mu-

525 5267 598 5298 In!
623 5262 710 5298 “In
736 5263 837 5298 Irin
867 5263 1202 5298 nannnlorn‘n
1257 5279 1375 5298 num
1407 5267 1458 5298 ἓη
1489 5269 1722 5298 ηΙηι-μιιυι
1751 5270 1880 5298 ξηηέι

1891 5287 1946 5298 Δ-..
1969 5287 2068 5298 “An

2208 4367 2349 4414 telur
2371 4375 2466 4429 pro
2492 4375 2578 4414 eo.
2616 4361 2862 4416 Venienti
2907 4365 3146 4434 assurgit
3177 4377 3500 4431 conventus,
3529 4371 3666 4438 petit
3703 4383 3792 4422 ve-

2203 4451 2348 4506 niam
2379 4469 2478 4521 pro
2505 4454 2620 4524 ipsa
2647 4455 2926 4520 societate,
2959 4466 3014 4510 et
3051 4457 3244 4528 recipit
3270 4474 3392 4513 cum
3425 4459 3597 4525 libro,
3629 4474 3790 4530 roga-

2203 4551 2291 4596 tur
2319 4553 2378 4598 ut
2415 4545 2630 4612 sedeat,
2671 4560 2772 4600 nec
2829 4547 3163 4614 permittitur
3201 4557 3260 4604 ut
3304 4550 3534 4620 amplius
3579 4553 3790 4607 veniam

2201 4643 2368 4703 petat.
2411 4634 2556 4690 Socii
2594 4649 2724 4690 vero
2757 4636 2876 4705 ejus
2917 4645 3099 4692 ternas
3137 4647 3325 4708 petunt
3359 4641 3570 4706 venias,
3629 4657 3793 4709 super

2202 4737 2394 4777 manus
2417 4733 2472 4776 et
2490 4738 2666 4793 genua
2689 4733 2879 4779 contra
2909 4725 3172 4796 priorem,
3197 4727 3266 4781 ad
3289 4728 3588 4793 dexteram,
3623 4741 3680 4784 et
3723 4729 3788 4784 ad

2202 4813 2478 4868 sinistram
2503 4815 2766 4871 fratribus
2799 4831 2828 4872 e
2851 4826 3040 4871 contra
3078 4818 3484 4874 inclinantibus.
3513 4821 3588 4874 At
3629 4821 3674 4875 si
3707 4831 3791 4874 est

2203 4903 2326 4957 talis
2350 4904 2509 4958 homo
2537 4905 2628 4974 qui
2659 4919 2780 4959 cum
2823 4905 3172 4975 processione
3203 4907 3516 4978 recipiatur,
3564 4909 3685 4964 sive
3719 4909 3790 4962 sit

2199 4993 2559 5064 professionis
2580 5005 2802 5061 nostrae,
2825 4996 2939 5050 sive
2967 4997 3032 5051 de
3059 4997 3164 5051 alia
3181 5037 3196 5060 ,
3221 5007 3504 5068 postquam
3537 5009 3788 5069 receptus

2201 5084 2382 5150 fuerit,
2411 5086 2606 5157 legitur
2642 5097 2768 5142 ante
2809 5087 2961 5142 illum
3001 5088 3204 5158 aliquid
3237 5089 3303 5145 de
3339 5089 3532 5158 pagina
3580 5091 3784 5143 divina.

2201 5182 2354 5249 Quod
2385 5182 2430 5237 si
2464 5191 2548 5238 est
2575 5183 2786 5238 ordinis
2815 5183 3106 5247 clericalis.
3131 5192 3186 5238 et
3207 5183 3252 5238 si
3279 5183 3492 5238 videtur
3516 5191 3576 5237 ut
3604 5199 3784 5238 corne-

2317 5273 2366 5298 2..
2393 5271 2678 5298 ..ιηΐηιιιιι-ΞΑ
2739 5273 2980 5298 ι...ι.ι......
3023 5287 3234 5298 nun-“4.
3265 5272 3562 5298 AIA—2..-]...n
3609 5274 3756 5298 2-..)“:
