4040 5298
235 355 350 413 765

879 353 1455 412 CONSUETUDINES
1486 344 2028 408 CLUNIACENSES.
2066 376 2136 388 —
2161 347 2362 404 LIBER
2394 349 2716 406 TERTIUS.

3392 344 3498 400 766

235 471 367 525 dum
395 470 671 532 invitetur,
690 478 746 522 ut
777 469 1006 524 domnus
1028 471 1214 533 abbas.
1239 469 1405 532 vel,si
1433 468 1516 522 ille
1533 484 1635 521 non
1657 465 1818 519 atl'uc-
1848 465 1894 521 Α
1919 477 2106 518 omnes
2136 465 2403 534 peregrini
2429 465 2518 532 qui
2553 463 2760 517 faciunt
2812 461 2916 516 iter
2961 458 3274 530 equitando,
3309 458 3500 513 eodem

236 568 332 624 rit,
350 562 494 627 prior
519 561 566 616 ei
592 577 783 628 aquam
803 563 1031 629 przebeat
1060 561 1125 614 ad
1155 576 1366 622 manus,
1388 559 1476 627 qui
1494 567 1548 611 et
1574 557 1816 626 procedit

232 658 300 702 ut
327 647 534 702 scillam
558 649 758 716 pulset,
783 663 890 717 qua
939 650 1122 703 audita
1175 649 1378 703 inducit
1423 649 1689 716 hospitem
1722 662 1816 701 cu-

229 751 350 794 stos
383 739 636 807 hospitii,
688 748 741 793 et
780 740 934 794 sedet
970 740 1037 793 ad
1071 755 1311 793 mensam
1357 737 1730 806 principalem.
1757 737 1814 791 Si

222 840 315 882 cst
349 829 657 896 episc0pus,
703 829 793 882 dat
844 828 1030 883 lectori
1083 829 1534 884 benedictionem.
1591 827 1807 894 Qualis-

219 934 450 994 cunque
498 921 570 974 sit
611 918 837 973 fratrum
889 920 1102 984 victus,
1155 927 1331 972 tamen
1399 917 1596 988 hospiti
1656 915 1816 970 simul

223 1026 353 1062 cum
385 1010 568 1079 priore
617 1011 912 1065 liberaliter
937 1019 1020 1065 est
1060 1012 1427 1066 serviendum.
1460 1009 1594 1067 Cum
1636 1019 1824 1064 autem

220 1099 294 1154 de
325 1116 514 1156 mensa
543 1102 738 1158 fratres
763 1105 1125 1170 surrexerint,
1161 1116 1345 1160 custos
1373 1105 1589 1173 hospitii
1631 1104 1815 1158 novis-

224 1191 406 1246 simus
434 1192 500 1246 de
550 1193 837 1249 refectorio
873 1196 984 1250 exit
1019 1212 1141 1250 cum
1175 1197 1316 1265 ipso;
1349 1213 1469 1252 cum
1516 1211 1621 1265 quo
1649 1197 1812 1250 etiam

226 1281 494 1337 incedens
535 1285 891 1352 pedetentim,
919 1295 973 1339 et
1013 1285 1278 1355 psalmum
1307 1302 1337 1340 ι
1382 1296 1608 1342 cantans
1659 1293 1811 1339 extra

224 1372 434 1425 ostium
477 1373 722 1440 claustri,
776 1373 894 1428 finit
936 1375 1126 1430 eodem
1173 1375 1332 1430 modo
1373 1390 1480 1444 quo
1517 1383 1814 1429 conventus

223 1477 354 1516 cum
390 1479 550 1540 versu
583 1471 635 1517 et
665 1463 1029 1519 inclinatione.

300 1554 359 1607 Si
411 1553 565 1607 laicis
634 1555 717 1608 vel
769 1555 981 1610 clericis
1024 1556 1255 1610 societas
1286 1557 1520 1611 daturin
1551 1556 1808 1622 capitulo.

221 1642 281 1696 Iii
324 1644 538 1696 veniam
601 1660 704 1697 non
742 1654 948 1714 petunt.
985 1646 1040 1700 Si
1075 1648 1259 1701 videre
1294 1648 1530 1716 g"stiuut
1571 1647 1812 1702 oflicinas

221 1735 472 1797 claustri,
499 1737 720 1806 quaesita
751 1753 778 1790 a
804 1739 982 1806 priore
1013 1739 1225 1793 licentia
1254 1740 1318 1792 ad
1347 1739 1660 1794 alterutram
1688 1740 1813 1795 mis-

1918 553 2079 607 modo
2132 561 2393 622 quotquot
2431 555 2636 622 pedites
2669 552 2901 615 vadunt,
2968 551 3036 605 ab
3074 549 3502 618 eleemosynario

1918 650 2043 696 sunt
2096 642 2420 712 recipiendi,
2471 651 2698 713 excepto
2752 642 2796 696 si
2830 641 3037 711 legatus
3068 649 3153 694 est
3194 649 3248 694 et
3291 639 3501 694 litteras

1919 741 2199 801 apportat,
2255 733 2399 786 lumc
2458 732 2662 802 colligit
2717 741 2900 786 custos
2945 731 3184 800 hospitii.
3246 729 3501 798 Receptis

1919 833 2100 878 autem
2133 823 2391 894 singulis,
2424 825 2618 893 quzerit
2641 824 3101 894 eleemosynarius
3129 839 3158 877 a
3185 822 3501 893 granatario

1918 928 2081 968 unam
2136 915 2330 970 libram
2387 916 2574 984 panis,
2621 924 2676 970 et
2729 917 2974 987 sequenti
3017 917 3104 970 die
3157 913 3386 970 abituris
3432 917 3500 969 ad

1917 1007 2203 1076 prandium
2235 1007 2537 1062 dimidiam.
2567 1007 2928 1077 Mensuraque
2961 1008 3121 1062 simili
3162 1008 3500 1063 venientibus

1917 1107 1970 1151 et
1993 1100 2317 1153 abeuntihus
2343 1098 2664 1167 dat'vinum,
2680 1100 2888 1156 scilicet
2906 1099 3173 1168 justitiam
3197 1100 3497 1154 dimidiam.

1918 1186 2058 1257 Ergo
2087 1187 2140 1240 in
2172 1189 2405 1242 adventu
2434 1188 2682 1253 Domini,
2711 1190 2952 1260 exceptis
2979 1191 3064 1245 his
3089 1191 3278 1245 diebus
3303 1190 3500 1259 quibus

1917 1279 2000 1335 bis
2030 1281 2358 1345 comeditur,
2385 1290 2439 1334 et
2493 1283 2545 1336 in
2595 1281 3062 1353 Quadragesima,‘
3095 1283 3334 1351 exceptis
3394 1283 3500 1336 Do-

1919 1370 2151 1436 niinicis,
2185 1380 2239 1427 et
2279 1389 2375 1442 per
2398 1384 2571 1428 totum
2609 1391 2810 1428 annum
2843 1377 3052 1444 quoties
3085 1391 3181 1444 pro
3220 1375 3498 1430 canonicis

1917 1461 2180 1518 institutis
2225 1467 2292 1519 ab
2344 1466 2503 1536 adipe
2548 1467 2874 1531 abstinetur,
2899 1476 2958 1521 ut
3007 1468 3056 1520 in
3091 1465 3495 1538 Ilogationibus,

1917 1551 1972 1604 in
2025 1553 2224 1621 vigiliis
2275 1557 2663 1624 apostolorum,
2710 1559 3011 1611 etaliorum
3062 1569 3403 1620 sanctorum,
3444 1564 3502 1611 et

1917 1641 1968 1694 in
2001 1651 2234 1710 quatuor
2282 1644 2655 1714 Temporibus,
2707 1647 2966 1716 quidquid
3017 1647 3083 1700 de
3131 1647 3255 1699 vino
3309 1629 3500 1716 super-

1915 1727 2081 1786 fuerit
2121 1732 2377 1788 fratribus
2428 1736 2482 1788 in
2537 1736 2855 1800 refcetorio,
2901 1746 3069 1791 totum
3112 1738 3308 1806 accipit
3356 1739 3500 1792 clee.

217 1841 366 1889 satu,
401 1843 522 1880 cutn
569 1827 728 1883 fuerit
771 1839 1068 1885 conventus
1109 1831 1160 1884 in
1210 1831 1459 1895 ecclesia,
1490 1832 1696 1886 inducit
1721 1847 1805 1888 eoa

1919 1823 2281 1893 mosynariuc,
2312 1825 2452 1880 sicut
2481 1827 2642 1881 etiam
2674 1829 2739 1882 de
2785 1844 2944 1898 pane,
2979 1837 3032 1882 et
3063 1843 3158 1896 per
3186 1837 3353 1882 totum
3396 1845 3498 1882 an-

217 1927 409 1972 custus
439 1919 680 1988 hospitii,
709 1920 941 1988 primum
972 1920 1024 1974 in
1048 1920 1266 1975 domum
1300 1921 1806 1990 eleemosynariam,

218 2009 273 2062 in
298 2009 603 2075 cellarium,
632 2009 683 2063 iu
712 2012 1019 2080 coquinam,
1046 2011 1096 2064 in
1132 2011 1495 2076 refectorium,
1534 2011 1586 2065 in
1618 2012 1806 2065 cellam

217 2099 576 2164 novitiorum,
609 2101 661 2154 in
691 2101 1090 2166 dormitorium,
1120 2102 1172 2156 iu
1201 2105 1417 2156 domum
1446 2102 1806 2171 infirmorum,

217 2191 311 2243 ubi
342 2190 543 2246 fratres
573 2208 677 2245 non
719 2193 1034 2263 loquuntur,
1085 2209 1187 2248 nec
1229 2194 1344 2264 ipse
1383 2196 1609 2249 verbum
1652 2194 1804 2251 facit.

217 2281 389 2338 (lavet
415 2293 597 2339 autem
625 2286 770 2339 omni
801 2286 958 2340 modo
988 2302 1054 2340 ne
1077 2287 1198 2357 quis
1229 2287 1516 2356 aliquando
1539 2289 1702 2342 intret
1724 2288 1807 2344 vel

216 2372 456 2426 calcaria
483 2385 728 2441 portans,
753 2375 834 2430 vel
859 2377 970 2430 usis
996 2376 1061 2430 de
1103 2377 1253 2432 corio
1279 2377 1436 2432 factis
1465 2378 1701 2434 indutus.
1739 2378 1808 2434 Ut

217 2473 404 2518 autem
433 2464 622 2520 deesse
667 2481 771 2519 non
823 2462 1031 2534 poSsint
1081 2469 1173 2538 qui
1227 2469 1530 2540 IiOSpitihus
1584 2472 1807 2527 honeste

217 2554 620 2622 obsequuntur,
647 2559 1000 2612 constitutum
1027 2568 1111 2613 est
1137 2569 1199 2612 ut
1220 2561 1403 2614 famuli
1437 2561 1616 2615 domni
1643 2562 1810 2616 abba-

219 2645 291 2700 tis
313 2653 368 2697 et
393 2643 578 2699 famuli
608 2648 805 2716 prioris
841 2657 894 2702 et
915 2651 1223 2715 caruerat—ii,
1256 2651 1345 2720 qui
1375 2667 1494 2705 cum
1524 2653 1603 2707 cis
1633 2643 1810 2708 solent

216 2735 490 2804 equitare,
512 2751 704 2792 omnes
743 2741 1012 2808 accipiant
1039 2741 1232 2795 libram
1260 2757 1433 2807 suam,
1465 2741 1802 2812 etjustitiam

216 2824 284 2880 de
318 2840 483 2879 manu
535 2830 776 2884 custodis
828 2830 1068 2908 hospitii,
1091 2841 1146 2886 et
1185 2833 1425 2901 quotidie
1473 2835 1692 2891 veniant
1735 2835 1802 2890 ad

213 2917 334 2984 ejus
362 2921 728 2987 praesentiam,
762 2929 818 2973 ut
848 2923 988 2990 quod
1019 2923 1369 2993 ipsejusserit
1397 2925 1704 2980 observent.
1736 2926 1803 2982 Et

215 3008 258 3059 si
293 3007 419 3076 quis
448 3007 667 3062 illorum
696 3025 911 3079 quoque
938 3011 1132 3065 abierit
1175 3014 1379 3082 absque
1413 3014 1527 3082 ejus
1563 3015 1798 3081 licentia,

215 3096 310 3151 illo
339 3096 653 3165 diejustitia
683 3101 906 3153 carebit.
925 3101 1192 3167 Praeterea
1216 3105 1282 3155 ad
1315 3104 1485 3171 ipsum
1510 3104 1798 3174 hospitium

1912 1929 2040 1967 num
2074 1916 2139 1969 de
2167 1917 2474 1985 pigmento;
2525 1919 2627 1973 hoc
2672 1920 2855 1974 vinum
2905 1921 3109 1991 colligit
3135 1929 3191 1975 et
3235 1931 3498 1988 reservat,

1909 2013 1968 2059 ut
1994 2007 2261 2075 peregrini
2293 2009 2739 2077 supervenientes
2784 2025 2997 2080 semper
3043 2013 3110 2066 de
3159 2012 3260 2067 hoc
3299 2011 3502 2066 habere

1908 2099 2137 2168 possint.
2186 2099 2283 2154 Illo
2332 2116 2545 2172 quoque
2572 2103 2658 2157 die
2691 2117 2798 2172 quo
2850 2103 2923 2156 ita
2975 2118 3168 2174 panem
3214 2105 3405 2174 recipit
3433 2105 3500 2160 de

1909 2189 2221 2256 refectorio,
2267 2209 2372 2246 non
2425 2203 2632 2254 tantum
2689 2195 2885 2264 quaerit
2934 2212 2965 2250 a
3020 2197 3370 2266 granatario,
3405 2195 3500 2249 sed

1909 2283 1976 2338 de
2007 2283 2124 2353 ipso
2152 2300 2292 2354 pane
2314 2287 2403 2340 dat
2421 2287 2638 2355 quantis
2665 2289 2901 2357 potuerit
2923 2290 3250 2359 peregrinis;
3283 2299 3336 2342 et
3357 2289 3500 2356 quod

1916 2372 2018 2425 sibi
2051 2374 2246 2427 viderit
2270 2375 2485 2439 deesse,
2519 2375 2621 2430 hoc
2672 2391 2701 2429 a
2749 2379 3060 2447 grauatario
3113 2379 3325 2447 quaerit.
3365 2378 3498 2432 Item

1909 2464 2105 2534 accipit
2129 2474 2394 2534 quotquot
2433 2466 2810 2522 defunctorum
2860 2469 3087 2521 fratrum
3115 2477 3199 2523 est
3246 2468 3501 2522 anniver-

1908 2554 2106 2620 sarius,
2140 2555 2458 2623 przehcndas
2493 2557 2654 2609 etiam
2685 2557 2905 2611 totidem
2938 2558 3192 2627 integras,
3237 2557 3289 2610 in
3331 2572 3490 2626 pane,

1907 2645 1960 2700 in
1984 2645 2138 2711 vine,
2167 2646 2221 2699 in
2263 2644 2404 2701 fabis
2437 2656 2492 2701 et
2517 2648 2881 2717 generalibus.
2915 2647 3019 2702 Pro
3048 2647 3288 2717 quolibet
3323 2659 3495 2714 nuper

1906 2735 2161 2790 defuncto
2198 2736 2364 2791 fratre
2384 2777 2397 2800 ,
2423 2738 2512 2806 qui
2551 2739 2826 2806 professus
2859 2747 2940 2792 est
2973 2747 3172 2792 nostra:
3203 2751 3499 2805 congrega-

1907 2826 2090 2890 tionis,
2124 2827 2435 2898 ubicunque
2478 2829 2693 2892 ohierit,
2719 2829 3064 2898 praebendam
3101 2843 3198 2899 per
3221 2843 3326 2882 xxx
3357 2828 3494 2881 dies.

1905 2917 1972 2971 Et
2000 2917 2044 2971 si
2075 2916 2228 2972 fabas
2254 2919 2319 2972 de
2342 2918 2578 2988 regulari
2611 2920 2841 2989 coquina
2893 2920 3093 2974 habere
3139 2934 3244 2974 non
3289 2927 3492 2988 potest,

1904 3023 2092 3063 rursus
2120 3024 2149 3062 a
2179 3011 2492 3080 granatorio
2521 3011 2736 3080 qumrit.
2769 3011 2836 3065 Et
2864 3026 2962 3080 pro
2993 3011 3230 3082 generali
3263 3010 3490 3066 eellera-

1903 3102 2022 3155 rius
2047 3101 2340 3171 aliquando
2363 3102 2456 3156 dat
2501 3117 2743 3158 carnem.
2775 3103 2843 3158 Et
2869 3104 2982 3173 ipse
3008 3119 3224 3173 quoque
3265 3103 3501 3158 elecmo-

216 3189 325 3242 duo
345 3190 484 3247 asini
515 3198 641 3244 sunt
672 3191 932 3262 deputati,
961 3194 1051 3262 qui
1083 3194 1220 3263 ligna
1244 3197 1481 3264 quotidie
1495 3206 1802 3268 apportent,
1831 3195 1876 3257 C
1908 3193 2158 3264 synarius
2185 3202 2472 3262 comparat
2500 3208 2620 3248 cum
2648 3194 2888 3248 denariis
2917 3195 3006 3262 qui
3030 3195 3129 3248 sibi
3162 3209 3259 3263 pro
3279 3195 3490 3248 decima

217 3293 296 3348 ιιι,
335 3299 460 3338 cum
480 3284 724 3355 hospites
739 3287 1170 3355 supervenerint,
1196 3289 1248 3341 iu
1272 3302 1518 3359 promptu
1549 3291 1619 3344 sit
1648 3291 1798 3360 copia

217 3373 579 3444 Iignorum,et
600 3416 614 3442 ,
647 3393 765 3429 cum
803 3378 933 3432 tales
962 3378 1232 3443 affueriu’,
1266 3396 1453 3434 cereus
1487 3381 1538 3435 in
1567 3382 1801 3451 hospitio

215 3481 444 3519 arsurus
473 3483 570 3539 per
594 3477 760 3520 totam
797 3478 1010 3528 noctem
1040 3471 1174 3525 solet
1201 3486 1306 3525 non
1333 3472 1541 3527 deesse.
1575 3473 1727 3539 Quod
1756 3474 1802 3528 si

217 3556 351 3612 tanti
398 3566 523 3610 sunt
575 3558 860 3628 hospites,
912 3559 979 3613 de
1026 3560 1266 3632 reliquiis
1321 3561 1564 3616 ciborum
1621 3574 1804 3620 custos

217 3645 442 3716 hospitii
476 3648 698 3704 famulis
725 3651 837 3704 suis
863 3652 952 3720 qui
982 3652 1289 3706 scriierunt
1317 3653 1548 3722 aliquam
1583 3657 1804 3712 exhibet

215 3739 579 3804 charitatem,
632 3752 688 3795 et
739 3743 882 3811 quod
937 3743 1294 3814 superfuerit,
1344 3747 1806 3820 eleemosyuarius

216 3841 390 3889 totum
432 3835 684 3905 accipere
735 3838 914 3892 debet.
957 3838 1168 3894 Ostium
1209 3840 1431 3896 claustri
1479 3859 1806 3913 unaquaque

214 3935 375 3983 nocte
402 3937 524 3996 post
543 3928 957 3998 completorium
981 3946 1076 4000 per
1113 3933 1284 4002 ipsum
1308 3943 1391 3987 est
1421 3935 1802 4003 claudendum,

212 4027 266 4068 et
307 4027 463 4086 porta
495 4020 744 4075 vestibuli
771 4021 1034 4089 ecclesizc,
1068 4024 1206 4078 sicut
1229 4025 1392 4078 etiam
1427 4043 1521 4095 per
1543 4026 1803 4082 famulum

216 4122 374 4164 suum
403 4111 650 4165 exterior
674 4122 828 4181 porta
880 4129 1180 4168 murorum.
1223 4116 1290 4170 Et
1341 4117 1635 4173 claustrum
1676 4119 1800 4189 qui-

219 4199 339 4252 dem
369 4215 713 4276 nequaquam
739 4211 864 4257 ante
893 4204 1033 4258 diem
1063 4208 1324 4277 aperitur,
1350 4216 1405 4261 et
1439 4211 1654 4277 quando
1694 4211 1805 4264 fra-

219 4295 326 4342 tres
351 4287 402 4343 iu
424 4290 654 4346 meridie
676 4303 930 4361 pausant,
963 4294 1212 4351 similiter
1234 4297 1574 4353 obfirmatur.

781 4426 1010 4482 CAPUT
1050 4429 1238 4483 XXIII.

808 4519 891 4580 De,
905 4520 1212 4574 stabulario.

280 4609 378 4664 Est
407 4609 576 4665 frater
595 4611 682 4665 cui
710 4615 1003 4668 commissa
1033 4622 1116 4669 est
1152 4614 1456 4671 obedientia
1506 4627 1563 4671 ut
1592 4617 1660 4674 de
1711 4634 1798 4675 so-

216 4699 280 4754 lis
310 4717 496 4756 curam
530 4703 729 4758 haheat
752 4705 978 4761 caballis
1013 4717 1066 4761 et
1092 4707 1280 4773 mulis,
1308 4725 1467 4779 quem
1508 4718 1563 4765 et
1609 4711 1795 4766 stabu-

220 4793 412 4846 iarium
471 4794 764 4863 appellant.
836 4796 937 4864 Qui
1006 4813 1128 4852 cum
1193 4799 1389 4854 viderit
1446 4801 1686 4872 hospites
1742 4804 1797 4857 in

215 4881 452 4953 hospitio
485 4901 604 4941 esse
641 4897 909 4957 receptos,
935 4891 1116 4944 statim
1140 4890 1341 4961 cogitat
1363 4893 1428 4946 de
1457 4894 1678 4950 caballis
1707 4910 1800 4950 eo-

216 4988 330 5029 rum
359 4978 486 5046 quid
517 4980 597 5034 eis
630 4979 702 5034 sit
744 4979 1107 5046 tribuendum,
1155 4991 1229 5050 et,
1272 4986 1318 5039 si
1361 4985 1498 5041 forte
1535 4989 1797 5058 defuerit,

217 5070 424 5123 accedit
459 5071 524 5124 ad
551 5073 937 5135 camerarium,
966 5085 1022 5130 ut
1069 5075 1236 5128 faciat
1286 5081 1610 5147 comparari.
1643 5081 1803 5140 Prius

217 5178 428 5232 quoque
481 5180 639 5232 quam
687 5165 784 5232 ipsi
841 5164 1079 5235 hOSpites
1127 5167 1353 5232 abeant,
1402 5180 1664 5236 quotquot
1711 5174 1802 5231 he-

1906 3283 1971 3337 de
2014 3283 2240 3338 ecclesia
2291 3284 2516 3348 dantur;
2564 3284 2751 3352 sicque
2798 3285 3047 3352 providet
3096 3293 3154 3337 ut
3185 3293 3236 3336 et
3273 3299 3491 3338 carnem

1906 3375 2038 3429 dare
2080 3376 2256 3444 possit
2305 3374 2642 3444 frequentius
2669 3376 2992 3444 peregrinis,
3033 3384 3087 3430 et
3118 3375 3496 3429 recedentilus

1905 3465 2134 3536 singulis
2162 3467 2251 3520 dat
2284 3481 2449 3519 unum
2484 3465 2788 3528 denarium,
2814 3467 2857 3520 si
2883 3475 3063 3520 tamen
3086 3466 3366 3520 advertere
3394 3480 3492 3535 po-

1917 3565 2023 3611 test
2048 3558 2189 3626 quod
2237 3557 2468 3627 amplius
2514 3557 2566 3610 in
2613 3557 2733 3612 loco
2773 3567 2960 3613 nostro
3013 3574 3121 3612 non
3156 3559 3378 3622 fuerint,
3404 3567 3500 3614 aut

1907 3647 2047 3702 infra
2080 3663 2244 3702 unum
2270 3664 2376 3702 non
2403 3649 2654 3704 venerint
2680 3664 2904 3721 annum.
2936 3649 3074 3704 Sunt
3104 3657 3160 3704 et
3202 3665 3335 3704 xvtu
3366 3664 3496 3720 pau-
3551 3674 3628 3689 »κ

1913 3753 2073 3809 peres
2115 3740 2508 3810 praebendarii,
2559 3755 2658 3810 pro
2721 3740 2919 3810 quibus
2966 3741 3210 3810 quotidie
3264 3740 3498 3796 famulus

1907 3831 2328 3903 eleemosynarii
2359 3833 2558 3902 accipit
2587 3833 2654 3888 de
2691 3832 2978 3888 eellerario
3010 3833 3234 3889 totidem
3281 3847 3497 3904 quoque

1898 3920 2139 3990 justitias
2182 3923 2324 3986 vini,
2357 3933 2410 3978 et
2459 3939 2489 3978 a
2521 3924 2830 3994 granatario
2866 3926 3086 3992 totidem
3122 3925 3288 3981 libras
3319 3925 3496 3994 panis,

1905 4025 1962 4069 et
2020 4014 2174 4068 fabas
2232 4015 2296 4070 ad
2339 4023 2569 4084 quatuor
2609 4017 2724 4071 dies
2753 4018 3356 4088 septimana-,reliquos
3387 4027 3500 4072 tres

1909 4123 2013 4161 non
2046 4108 2247 4162 habent
2274 4108 2377 4162 nisi
2411 4109 2555 4163 olera
2591 4109 2656 4162 de
2700 4109 2860 4164 horto
2886 4111 2952 4164 ad
2983 4111 3378 4180 cleemosynam
3407 4110 3500 4163 de-
3585 4135 3606 4150 ι

1906 4206 2120 4267 putato.
2156 4198 2264 4252 Sed
2289 4200 2342 4253 in
2369 4200 2666 4269 majoribus
2701 4200 2855 4255 festis
2885 4201 3048 4255 habet
3073 4201 3236 4254 etiam
3274 4214 3494 4254 carnem

1906 4306 2004 4358 pro
2032 4290 2167 4343 fabis
2193 4331 2208 4354 ,
2239 4299 2294 4344 et
2324 4306 2419 4360 per
2449 4307 2650 4344 annum
2694 4300 2854 4346 erunt
2898 4307 3005 4344 xxv
3051 4293 3167 4345 dies
3202 4291 3256 4344 in
3299 4290 3498 4358 quibus

1910 4381 2451 4436 habebuntcarnem.
2485 4381 2650 4451 Igitur
2699 4383 2766 4436 ad
2812 4382 3064 4436 vestitum
3122 4381 3396 4434 annuatim
3444 4382 3499 4434 in

1911 4473 2114 4528 Pascha
2150 4489 2338 4527 novem
2373 4473 2586 4528 cubitos
2618 4473 2756 4526 lauei
2783 4473 2970 4542 panni,
3007 4481 3062 4526 et
3105 4473 3159 4526 in
3202 4471 3498 4526 Nativitate

1830 4549 1879 4607 Ῐ)
1910 4564 2120 4620 Domini
2155 4580 2252 4633 par
2278 4563 2604 4618 calceorum.
2637 4565 2738 4631 Qui
2767 4574 2820 4618 et
2853 4564 2904 4618 in
2937 4579 2998 4618 ea
3031 4572 3158 4618 sunt
3208 4561 3495 4632 disciplina

1905 4666 1964 4711 ut
1994 4655 2153 4710 simul
2181 4655 2234 4708 in
2264 4669 2372 4709 una
2401 4656 2674 4711 dormiant
2695 4653 2928 4719 ofﬁcina,
2952 4667 3050 4708 nec
3074 4666 3307 4707 auaean.
3335 4649 3497 4706 omit-

1903 4757 2020 4803 tere
2067 4747 2320 4802 omnibus
2361 4748 2643 4803 nocturnis
2687 4748 2980 4813 interesse,
3007 4745 3113 4800 nisi
3140 4745 3264 4816 quis
3305 4760 3494 4801 eorum

1905 4842 2040 4895 adeo
2093 4840 2162 4895 sit
2199 4839 2448 4895 infirmus
2477 4847 2536 4893 ut
2564 4839 2632 4893 de
2681 4839 2835 4893 lecto.
2868 4855 2971 4894 non
3032 4838 3206 4908 possit
3250 4853 3494 4908 surgere,

1906 4934 2045 4987 alias
2077 4932 2168 5001 qui
2196 4946 2300 4984 non
2329 4931 2562 4994 venerit,
2585 4946 2650 4985 eo
2674 4931 2760 4985 die
2801 4930 3072 5001 justitiam
3107 4944 3216 4984 non
3255 4929 3497 4985 habebit.

1911 5025 2065 5093 Quod
2095 5025 2183 5078 ille.
2212 5022 2382 5078 frater
2407 5021 2652 5092 explorat
2684 5023 2774 5092 qui
2808 5021 2939 5081 facit
2960 5025 3159 5081 circam
3187 5022 3256 5075 ad
3285 5031 3504 5077 noctur-

1915 5137 2014 5175 nos
2045 5134 2142 5190 per
2178 5116 2369 5170 altaria
2401 5120 2454 5172 in
2489 5119 2725 5171 secundo
2761 5131 3066 5182 nocturno,
3091 5131 3210 5170 eum
3236 5116 3506 5172 absconsa

2066 5212 2130 5236 δι’
2185 5223 2272 5236 ann
2306 5209 2357 5236 :.\
2390 5209 2567 5236 hnII:II\
2605 5210 2845 5236 ΑΑΑΙΛμῖκΑ
2911 5223 2955 5236 ...ι
2987 5209 3273 5236 ..ΙξῘξηΛι-ιΙΛ-
3313 5216 3505 5236 -.θυι-,ο
