4040 5298
579 318 696 373 7.67.

1565 318 1890 394 UDALRIC!
1927 311 2423 376 CLUNIACENSIS
2453 317 2756 376 MONACIII

3747 321 3853 378 768

579 428 866 499 deputata;
894 433 946 482 et
969 426 1040 482 de
1081 425 1184 482 bac
1203 439 1325 496 quae
1353 426 1458 482 sibi
1491 429 1790 498 contingit,-
1817 428 1954 484 solet
1981 437 2036 484 et
2081 427 2157 482 fa-
2187 432 2234 494 Î‘
2256 428 2429 499 jorem
2461 429 2678 485 missam
2707 430 2966 486 interesse
3011 445 3182 502 usque
3225 435 3353 490 dum
3397 433 3746 505 Evangelium
3779 438 3854 494 sit

577 519 740 574 mulis
773 518 888 574 suis
913 518 1163 574 similiter
1183 518 1331 584 dare,
1359 518 1554 590 quibus
1575 527 1632 572 et
1658 521 1934 574 dimidiam
1971 519 2166 576 libram

579 611 734 682 panis
755 611 924 678 addit,
954 619 1180 681 excepto
1199 625 1386 666 eorum
1411 611 1635 681 majore,
1659 611 1706 666 ei
1735 612 1828 666 dat
1853 612 2115 683 integram
2147 631 2160 666 :

583 701 680 756 sed
711 709 768 756 et
793 700 991 774 singuli
1024 701 1226 756 habent
1263 701 1528 770 integram
1561 701 1630 757 de
1659 702 1986 773 granatario.
2029 702 2165 758 Sunt

577 801 760 849 autem
787 808 908 860 sex,
931 809 1093 859 unus,
1117 803 1176 848 ut
1205 794 1334 858 dixi,
1369 793 1568 862 major,
1597 795 1688 864 qui
1729 795 1896 850 servit
1921 796 2164 866 praeben-

579 888 770 950 dariis.
817 897 874 944 et
899 887 1021 942 aliis
1064 886 1390 957 pauperibus
1417 896 1470 942 et
1511 888 1842 957 peregrinis;
1889 888 2025 942 alter
2078 897 2162 944 est

577 978 836 1034 ostiarius
883 976 1332 1050 efeemosynarize
1381 977 1600 1043 domus;
1635 979 1742 1032 duo
1791 978 1991 1032 vadunt
2026 993 2162 1047 quo-

577 1070 710 1126 tidie
743 1083 866 1125 cum
913 1070 1126 1126 duobus
1162 1069 1331 1124 asinis
1365 1084 1465 1136 pro
1495 1068 1656 1140 lignis
1701 1069 1772 1123 ad
1803 1069 2024 1132 silvam;
2056 1071 2160 1124 duo

573 1171 701 1218 sunt
746 1161 1058 1232 provisores
1104 1161 1332 1216 duorum
1380 1160 1699 1226 furnormn,
1739 1161 1806 1216 de
1847 1163 2042 1230 quibus
2067 1177 2162 1232 per

572 1252 721 1308 vices
751 1250 954 1322 aliquid
999 1250 1225 1306 subsidii
1268 1251 1416 1304 venit
1445 1252 1511 1305 ad
1549 1250 1980 1322 eleemosynam,
2005 1252 2160 1322 juxta

575 1356 784 1397 morem
835 1341 1015 1410 gentis
1063 1349 1118 1396 et
1167 1341 1378 1410 patrias.
1419 1340 1688 1396 Prmterea
1735 1342 1896 1395 trium
1929 1340 2158 1396 fratrum

570 1430 876 1501 praehendae
927 1430 1126 1484 dantur
1173 1430 1240 1484 ad
1305 1430 1702 1501 eleemosynam
1731 1471 1745 1494 ,
1790 1431 1997 1488 scilicet
2062 1447 2160 1502 pro

569 1520 887 1576 beatissimo
915 1519 1076 1575 Patre
1109 1520 1256 1574 dom.
1288 1519 1514 1576 0dilone
1539 1561 1555 1586 ,
1585 1538 1685 1591 pro
1715 1522 1949 1578 Henrico
1984 1523 2158 1591 primo

571 1613 920 1682 imperatore,
949 1625 1047 1680 pro
1073 1611 1404 1666 Fredelando
1431 1620 1486 1667 et
1515 1613 1632 1684 ejus
1653 1628 1847 1677 uxore,
1871 1622 1920 1668 et
1945 1613 2158 1684 regibus

572 1700 980 1772 Hispaniarum.
1017 1700 1326 1758 Mandatum
1357 1703 1458 1758 etsi
1493 1718 1596 1757 non
1627 1720 1724 1774 per
1754 1713 1925 1758 totum
1955 1720 2156 1760 annum

570 1801 792 1862 geratur
815 1808 846 1846 a
871 1791 1131 1846 fratribus
1155 1831 1170 1858 ,
1199 1801 1378 1846 tamen
1414 1792 1758 1865 eleemosyna
1787 1810 1890 1848 non
1917 1803 2160 1850 remanet

571 1897 842 1952 unquam;
877 1881 1114 1938 famulus
1137 1885 1282 1937 enim
1307 1882 1718 1954 eleemosynarii
1755 1884 1806 1938 in
1839 1885 2014 1940 hieme
2035 1899 2158 1940 cum

570 1989 711 2044 aqua
761 1973 935 2030 calida
985 1974 1150 2045 pedes
1194 1975 1358 2030 trium
1404 1989 1698 2044 pauperum
1745 1975 1916 2041 lavat,
1959 1975 2160 2045 datque

567 2067 764 2126 libram
811 2079 868 2124 et
903 2067 1174 2136 justitiam
1231 2069 1456 2140 singulis
1505 2071 1572 2126 de
1615 2070 1704 2124 tali
1752 2085 1888 2140 pane
1945 2071 2160 2140 qualem

569 2159 774 2214 habent
801 2158 853 2212 in
887 2157 1178 2214 refectorio
1199 2157 1420 2216 fratres.
1456 2160 1628 2230 Super
1657 2162 1772 2216 hinc
1809 2161 1988 2216 omnia
2019 2177 2154 2232 quo-

569 2248 704 2304 tidie
731 2249 930 2304 dantur
967 2257 1024 2305 et
1067 2265 1145 2304 xu
1179 2257 1354 2316 tortae,
1392 2265 1624 2320 quarum
1670 2267 2008 2322 unaquaeque
2049 2263 2156 2308 tres

568 2336 738 2394 libras
765 2341 1034 2411 appendit.
1083 2341 1176 2396 Ha:
1222 2356 1355 2396 vero
1381 2335 1608 2412 pupillis
1633 2351 1688 2396 et
1717 2344 1914 2408 viduis,
1947 2343 2156 2400 claudis

566 2436 622 2483 et
651 2429 838 2496 caecis,
864 2429 1121 2486 seniculis
1163 2439 1219 2485 et
1259 2431 1488 2487 aniculis
1508 2473 1522 2498 ,
1553 2433 1872 2504 cunctisque
1895 2448 2154 2506 superve-

565 2520 840 2577 nientibus
865 2523 1050 2592 egenis
1078 2531 1202 2578 sunt
1227 2524 1536 2592 erogandae.

637 2612 754 2670 Hoc
783 2613 948 2670 etiam
991 2613 1230 2684 pertinet
1277 2615 1346 2670 ad
1383 2615 1616 2672 officium
1645 2617 2054 2691 eleemosynarii
2095 2625 2155 2673 ut

571 2703 742 2760 sentel
787 2704 840 2758 in
889 2704 1186 2774 septimana
1221 2714 1391 2761 totam
1428 2707 1610 2762 villam
1639 2707 1932 2778 perlustret
1955 2748 1971 2775 ,
2005 2725 2152 2778 quae-

566 2802 696 2850 rens
731 2793 810 2848 sic
833 2792 920 2846 ubi
947 2807 1150 2862 pauper
1164 2793 1363 2864 aliquis
1383 2793 1566 2863 jaceat
1592 2805 1846 2866 :rgrotus,
1877 2809 1934 2853 et
1954 2797 1998 2852 si
2030 2813 2150 2853 ma-

568 2883 753 2940 sculus
783 2893 900 2952 est,
918 2885 1032 2953 ipse
1054 2884 1372 2940 visitaturus
1395 2886 1590 2954 intrat;
1625 2888 1670 2942 si
1697 2887 1926 2956 femina,
1955 2899 2064 2964 stat
2083 2890 2150 2946 ad

565 2975 768 3032 ostium
799 2983 857 3030 et
883 2975 1142 3030 famulum
1175 2993 1332 3032 suum
1375 2978 1542 3034 mittit
1585 2979 1652 3033 ad
1691 2995 1811 3034 eam
1851 2997 1974 3036 cum
2013 2997 2150 3051 pane

567 3075 626 3122 et
651 3067 813 3134 vino,
855 3077 911 3124 et
939 3083 1062 3124 cum
1095 3067 1218 3124 aliis
1252 3070 1536 3139 speciebus
1587 3085 1722 3140 quas
1775 3071 2029 3128 meliores
2053 3087 2152 3144 po-

569 3159 736 3214 tuerit
786 3159 1008 3216 babere.
1043 3160 1247 3216 Juncus
1295 3161 1388 3231 qui
1441 3163 1715 3232 spargitur
1753 3164 1803 3218 in
1841 3163 2070 3219 ectlesia
2099 3173 2154 3219 ct

567 3248 624 3304 in
665 3249 934 3317 claustro,
977 3267 1072 3322 per
1103 3251 1592 3323 eleemosyuarium
1645 3263 1728 3308 est
1769 3255 2150 3324 providentius.

565 3340 672 3396 Sex
695 3343 838 3397 enim
861 3342 1073 3398 vicibus
1103 3357 1204 3413 per
1236 3357 1436 3397 annum
1482 3345 1696 3414 scopari
1735 3345 1868 3400 facit
1901 3352 2151 3414 utraque,

567 3440 850 3502 totumque
893 3447 1016 3488 cum
1049 3433 1215 3504 junco
1243 3447 1435 3489 recens
1456 3435 1727 3504 acquisito
1755 3419 1978 3503 contegi~
2001 3435 2152 3504 pavi-

565 3533 808 3580 mentum
835 3565 850 3590 ,
896 3525 950 3582 id
985 3534 1069 3581 est
1108 3527 1176 3582 ad
1219 3525 1462 3580 Natalem
1503 3527 1749 3592 Domini,
1803 3527 1870 3580 ad
1921 3527 2150 3592 Pascha,

565 3617 634 3671 ad
669 3615 1044 3682 Pentecosten,
1080 3618 1156 3688 ad
1199 3618 1320 3672 Nat.
1353 3618 1411 3672 S.
1455 3617 1712 3682 Joannis,
1751 3619 1817 3672 ad
1869 3618 2148 3688 Assumpt.

569 3706 630 3760 S.
662 3705 844 3762 Mariae
865 3747 880 3773 ,
913 3707 980 3762 ad
1022 3707 1214 3763 festum
1252 3709 1506 3764 Omnium
1549 3708 1896 3764 Sanctorum.
1929 3708 2154 3776 Propter

567 3799 712 3866 quod
759 3797 920 3852 etiam
973 3799 1318 3870 singulariter
1379 3800 1696 3870 priusquam
1773 3801 1884 3870 ipsa
1935 3801 2152 3854 veniant

563 3887 725 3952 festa,
751 3889 949 3944 dantur
994 3891 1044 3944 ei
1093 3905 1188 3946 sex
1237 3900 1390 3946 torta:
1432 3893 1484 3946 in
1517 3893 1694 3946 hieme
1717 3907 1814 3962 per
1845 3901 1956 3946 tres
1986 3902 2152 3960 srptt-

569 3994 801 4046 manas,
845 3981 900 4036 in
947 3989 1138 4037 aestate
1171 3999 1266 4054 per
1291 3984 1453 4048 duas,
1497 3999 1564 4040 eo
1611 3985 1754 4053 quod
1778 3983 1976 4052 juncus
2025 3991 2151 4041 tunc

563 4069 782 4130 facilius
807 4071 950 4128 valet
975 4075 1206 4144 acquiri.
1246 4075 1352 4130 Sed
1371 4085 1426 4130 et
1455 4077 1508 4130 in
1539 4077 1746 4131 cunctis
1769 4076 2154 4132 festivitatibus

563 4162 846 4234 inquibus
871 4165 980 4220 duo
1003 4197 1006 4201 -
1031 4174 1088 4220 et
1124 4166 1232 4222 duo
1277 4177 1563 4222 cantamus
1616 4168 1978 4238 responsuris,
2009 4169 2150 4225 sicut

563 4254 620 4314 in
651 4256 980 4325 supradictis
1023 4271 1143 4324 sex,
1197 4267 1364 4314 totam
1411 4260 1694 4315 ecclesiam
1742 4269 1796 4313 et
1850 4260 2146 4316 claustrum

563 4347 770 4406 recenti
798 4351 1108 4421 conspergit
1129 4350 1330 4422 junco;
1357 4352 1410 4406 in
1452 4354 1660 4408 cteteris
1689 4367 1816 4406 vero
1839 4353 2150 4408 solemnita-
2178 4359 2193 4379 Â°

2267 519 2493 586 lectum;
2527 522 2787 577 recedunt
2814 523 2880 576 ad
2911 522 2969 578 S.
3007 522 3230 580 Mariam
3259 535 3318 580 ut
3357 537 3577 582 cantent
3613 539 3852 595 sexta'u,

2266 627 2368 668 nec
2399 612 2625 667 ulterius
2655 629 2722 668 c1
2757 628 2906 670 more
2931 616 3195 684 pramlere
3223 626 3522 671 morantur.
3547 619 3616 673 At
3647 620 3692 674 si
3721 633 3856 674 con-

2265 713 2460 758 ventus
2486 718 2658 772 usque
2701 704 2770 758 ad
2799 719 2995 760 nonam
3021 703 3371 774 jejunaverit,
3412 707 3508 777 ipsi
3537 717 3658 778 post
3695 710 3854 778 capi-

2268 791 2460 858 tulum,
2485 793 2568 847 vel
2599 794 2642 847 si
2669 793 2963 862 capitulum
2987 805 3070 850 est
3089 805 3214 850 ante
3241 795 3479 860 tertiam,
3501 805 3561 850 ut
3583 797 3652 852 ab
3673 797 3855 854 ldihus

2265 883 2602 954 Septembris
2655 899 2826 953 usque
2871 886 2936 940 ad
2985 885 3104 940 Kal.
3154 885 3421 948 Octobris,
3450 893 3572 955 post
3631 888 3852 942 tertiam

2263 975 2449 1029 statim
2475 984 2692 1029 cantant
2725 985 2957 1042 sextam,
2979 987 3035 1032 et
3063 977 3332 1032 reficiunt.
3363 979 3506 1049 Ergo
3535 980 3853 1050 quicunque

2267 1082 2488 1122 carnem
2516 1070 2877 1136 comederint,
2909 1071 2975 1126 ad
3029 1073 3313 1144 prandium
3365 1074 3466 1128 tria
3506 1063 3709 1128 habent
3747 1073 3854 1127 fer-

2265 1156 2408 1222 cula,
2441 1157 2507 1212 ad
2526 1172 2737 1212 coenam
2767 1175 2968 1224 unum,
3004 1169 3057 1214 et
3088 1161 3152 1214 ad
3193 1175 3402 1214 caenam
3433 1161 3650 1230 quidem
3693 1175 3854 1216 acce-

2262 1245 2389 1300 dere
2414 1247 2558 1301 omni
2585 1256 2823 1318 tempore
2855 1249 2934 1304 sic
2963 1249 3272 1304 accelerant
3307 1260 3365 1305 ut
3389 1265 3492 1304 non
3524 1251 3594 1304 sit
3627 1263 3856 1306 necesse

2263 1335 2367 1388 ulla
2399 1336 2516 1393 vice
2541 1337 2896 1406 supersedere
2944 1337 3322 1403 collationem;
3377 1341 3468 1409 qui
3507 1341 3715 1410 absque
3753 1355 3852 1396 co-

2262 1429 2524 1484 mestione
2569 1431 2748 1487 carnis
2780 1441 2958 1487 tamen
3001 1443 3289 1488 morantur
3331 1433 3384 1488 in
3415 1435 3576 1490 domo
3605 1435 3852 1489 infirmo-

2261 1537 2401 1586 rum,
2450 1538 2549 1577 nee
2600 1531 2727 1578 sunt
2775 1523 2934 1592 hujus
2975 1525 3300 1580 valetudinis
3343 1533 3405 1578 ut
3451 1541 3573 1580 cum
3617 1526 3740 1580 aliis
3791 1527 3848 1582 in

2261 1610 2550 1666 refectorio
2572 1615 2858 1670 comedere
2879 1616 3110 1685 possint,
3136 1616 3336 1672 eisdem
3360 1633 3575 1688 quoque
3599 1619 3847 1674 reficiunt

2261 1707 2570 1761 momentis.
2630 1705 2686 1760 In
2749 1706 3175 1778 Quadragesima
3229 1725 3357 1764 vero
3399 1725 3589 1765 omnes
3645 1709 3848 1764 infirmi

2263 1803 2385 1864 post
2413 1811 2610 1850 nonam
2649 1797 2831 1851 statim
2861 1809 3084 1854 cantant
3109 1815 3366 1870 vesperas
3417 1810 3472 1855 et
3503 1811 3700 1855 uetera
3731 1817 3850 1868 qua:

2263 1895 2564 1954 sequuntur
2585 1927 2600 1951 ,
2638 1896 2694 1942 et
2727 1888 2845 1943 sine
2878 1904 3038 1942 mora
3059 1889 3321 1944 accedunt
3352 1891 3418 1945 ad
3443 1904 3708 1944 mensam.
3737 1889 3846 1944 Ex-

2264 1983 2342 2029 tra
2372 1975 2853 2048 Quadragesimam
2891 1980 2934 2032 si
2983 1979 3226 2034 evenerit
3270 1980 3521 2050 generale
3550 1979 3843 2049 jejunium,

2260 2073 2320 2118 ut
2350 2065 2401 2119 in
2447 2063 2690 2132 Quatuor
2717 2065 3106 2138 Temporibus,
3151 2067 3344 2123 iterum
3376 2077 3496 2138 post
3525 2069 3710 2124 missm
3736 2085 3848 2123 ma-

2253 2155 2389 2226 joris
2410 2155 2758 2227 Evangelium
2809 2165 3031 2211 cantant
3058 2172 3255 2211 neniam
3293 2166 3347 2212 et
3383 2157 3655 2213 reficiunt.
3693 2157 3848 2212 Tales

2259 2257 2385 2302 sunt
2420 2247 2709 2316 aliquando
2755 2248 2952 2302 infirmi
2979 2249 3067 2316 qui
3099 2264 3196 2317 per
3219 2265 3418 2304 annum
3451 2249 3724 2320 integrum
3767 2250 3846 2305 vel

2259 2333 2490 2404 amplius
2517 2349 2624 2388 non
2655 2345 2853 2390 exeunt
2883 2337 2947 2391 de
2977 2335 3306 2401 infirmaria;
3341 2347 3396 2392 et
3419 2337 3530 2398 his,
3565 2338 3610 2392 si
3637 2346 3846 2391 tantmn

2257 2425 2546 2491 valuerint,
2577 2426 2894 2480 conceditur
2945 2435 3004 2480 ut
3033 2443 3192 2502 mane
3224 2429 3446 2481 sedeant
3471 2427 3523 2481 in
3548 2436 3842 2492 conventu,

2255 2523 2312 2570 et
2345 2515 2412 2570 ad
2450 2517 2744 2572 matutinas
2785 2518 3004 2572 missam
3051 2517 3309 2582 offerant,
3339 2519 3559 2573 veniant
3608 2518 3664 2572 iu
3707 2519 3845 2588 capiâ€”

2256 2603 2453 2670 tulum,
2482 2617 2537 2662 et
2577 2607 2644 2662 ad
2688 2607 3054 2675 collationem,
3101 2618 3155 2663 et
3191 2618 3370 2663 tamen
3407 2608 3698 2664 comedunt
3724 2624 3842 2662 cum

2255 2695 2377 2751 aliis
2404 2696 2654 2752 infirmis.
2705 2697 2762 2754 Si
2809 2713 2937 2753 vero
2986 2701 3276 2756 manifeste
3321 2701 3446 2760 talis
3484 2709 3568 2756 est
3620 2701 3844 2770 alicujus

2253 2785 2439 2841 fratris
2463 2786 2751 2844 infirmitas
2795 2805 2914 2859 qua:
2941 2805 3049 2846 non
3087 2791 3313 2850 multum
3347 2791 3566 2861 impedit
3587 2792 3840 2846 virtutem

2249 2873 2553 2948 jejunandi,
2583 2887 2639 2932 ut
2665 2887 2778 2944 est,
2811 2881 2963 2935 verbi
2999 2882 3198 2951 gratia,
3251 2882 3468 2938 luminis
3506 2884 3764 2950 amissio,
3791 2891 3842 2938 et

2257 2967 2460 3024 orbitas
2485 2970 2792 3036 oculorum,
2829 2980 3095 3026 conventu
3139 2971 3304 3028 semel
3333 2973 3683 3040 comedente,
3731 2975 3841 3044 ipse

2181 3101 2226 3164 C
2256 3065 2470 3129 quoque
2497 3060 2662 3115 semel
2687 3061 2972 3116 comedere
3003 3077 3108 3116 non
3137 3062 3478 3130 prohibetur.

2334 3151 2464 3218 Sed,
2489 3161 2547 3206 ut
2577 3155 2755 3208 adhuc
2788 3154 3038 3208 redierim
3065 3155 3130 3209 ad
3165 3155 3340 3224 ipsum
3369 3155 3842 3218 inlirmarium,ad

2262 3251 2560 3300 nocturnos
2613 3244 2772 3300 factis
2818 3245 3154 3301 orationibus
3179 3247 3378 3316 accipit
3405 3247 3754 3314 absconsum,
3789 3255 3842 3301 et

2260 3336 2452 3392 circuit
2497 3337 2636 3392 lecta
2669 3337 2912 3392 omnium
2959 3337 3316 3402 infirmorum,
3351 3348 3411 3393 ut
3441 3348 3763 3407 cognoscat,
3795 3339 3840 3394 si

2259 3428 2383 3497 quis
2428 3443 2614 3483 eorum
2657 3429 2893 3484 nondum
2941 3430 3196 3495 surrexit,
3228 3439 3448 3498 prapter
3469 3428 3598 3498 quid
3625 3443 3838 3482 reman-

2258 3521 2414 3575 serit.
2465 3521 2549 3576 Ad
2608 3535 2730 3576 eum
2765 3535 2980 3592 quoque
3000 3521 3238 3592 pertinet
3262 3529 3339 3586 ut,
3373 3521 3416 3575 si
3445 3521 3570 3590 quis
3599 3520 3668 3574 de
3703 3519 3838 3574 lecto

2257 3629 2482 3684 surgere
2505 3629 2612 3670 non
2645 3623 2846 3683 potest,
2880 3628 3092 3670 summo
3145 3613 3379 3668 diluculo
3407 3628 3528 3668 cum
3557 3611 3838 3667 cellcrario

2254 3710 2436 3764 veniat
2462 3709 2629 3780 (sicut
2670 3717 2723 3763 et
2769 3708 2823 3762 in
2872 3707 2978 3762 alio
3007 3707 3128 3762 loco
3159 3705 3274 3776 jam
3301 3705 3588 3777 prmmisi),
3625 3715 3686 3759 ut
3717 3721 3837 3759 cum

2255 3823 2320 3864 eo
2347 3806 2639 3863 concordet
2659 3805 2800 3875 quod
2823 3812 3158 3874 praeparetur
3184 3804 3247 3858 ad
3270 3801 3386 3871 ejus
3411 3801 3834 3861 recreationeat.

2253 3897 2335 3952 Ad
2361 3897 2550 3951 horam
2578 3903 2974 3966 competentem
3010 3894 3246 3948 accurrit
3269 3894 3334 3948 ad
3361 3892 3653 3962 coquinum
3677 3889 3835 3944 officii

2255 3987 2360 4054 sui,
2398 3995 2457 4041 ut
2491 4002 2681 4042 cocum
2715 3985 2877 4041 faciat
2904 4001 3023 4056 qua:
3067 3987 3420 4055 prmparanda
3467 3993 3598 4040 sunt
3628 3998 3836 4052 praepa-

2255 4092 2399 4133 rare.
2450 4080 2534 4135 Ad
2581 4080 2772 4134 horam
2820 4085 3214 4148 competentem
3265 4077 3459 4131 invitat
3495 4076 3749 4130 infirmos
3771 4075 3836 4128 ad

2253 4173 2629 4242 reficiendum,
2657 4172 2860 4228 fercula
2883 4187 3004 4243 qua:
3025 4171 3340 4242 apponenda
3372 4177 3496 4224 sunt
3529 4169 3646 4238 ipse
3675 4183 3839 4237 appoâ€”

2255 4265 2336 4318 nit
2371 4281 2386 4318 :
2421 4265 2681 4336 quidquid
2728 4280 2835 4319 non
2890 4263 3254 4327 comederint,
3309 4261 3354 4316 si
3398 4270 3481 4316 est
3525 4258 3836 4329 hujusmodi

2259 4357 2597 4425 quantitatis,
2633 4357 2746 4426 ipse
2785 4369 2891 4409 non
2929 4355 3170 4423 reponit;
3211 4353 3370 4407 habet
3399 4351 3542 4405 enim
3570 4351 3837 4404 armario-

563 4435 731 4502 tibus,
759 4446 818 4494 ut
841 4449 928 4496 est
952 4440 1254 4498 Translatio
1279 4444 1338 4498 S.
1361 4443 1634 4499 Benedicti
1657 4485 1672 4510 ,
1704 4460 1840 4514 quas
1879 4446 1930 4500 in
1965 4447 2148 4516 cappis
2179 4437 2225 4494 Î™)
2255 4443 2366 4498 lum
2426 4443 2478 4497 in
2535 4459 2642 4512 quo
2699 4443 2825 4498 talia
2877 4442 3141 4506 recondit,
3199 4451 3256 4495 et
3277 4442 3454 4494 adhuc
3485 4439 3765 4500 candelas,
3789 4449 3839 4490 ct

566 4527 802 4596 agimus,
843 4531 938 4586 sed
967 4539 1022 4585 et
1051 4533 1102 4586 in
1133 4534 1218 4589 his
1257 4550 1392 4604 quas
1419 4536 1470 4589 in
1498 4535 1662 4600 albis,
1693 4552 1788 4592 seu
1819 4552 1916 4608 per
1965 4553 2151 4593 omnes

566 4616 876 4680 Dominicas
921 4621 1362 4694 Quadragesimm
1409 4641 1506 4696 per
1557 4627 1878 4693 ecclesiam,
1944 4639 1998 4683 et
2060 4629 2150 4684 ubi

567 4708 753 4764 schola
783 4713 957 4796 sedet,
982 4723 1036 4768 et
1065 4713 1116 4768 in
1139 4715 1397 4782 claustro,
1425 4727 1478 4772 et
1501 4717 1554 4772 in
1586 4720 1763 4774 medio
1786 4720 2020 4791 capitulo
2045 4736 2150 4776 non

567 4797 790 4876 negligit
811 4798 1036 4870 juncum
1067 4818 1448 4876 conspergere.

1133 4960 1362 5018 CAPUT
1404 4962 1570 5018 XXV.

1130 5051 1210 5108 De
1271 5053 1581 5124 inï¬rmario.

646 5155 976 5218 lnflrmarlus
1019 5159 1088 5214 ad
1122 5161 1438 5232 obsequium
1476 5164 1818 5220 infirmorum
1861 5167 2150 5237 separatim

570 5245 739 5298 habet
766 5261 954 5298 cocum
999 5259 1055 5298 ÎµÎ¹
1081 5253 1366 5298 cnnuinnm
1394 5273 1406 5284 '
1440 5263 1494 5298 nt
1536 5257 1651 5298 inea
1692 5274 1905 5298 nnnnnn
1947 5275 2052 5298 nnn
2086 5260 2153 5298 qh

2256 4549 2448 4604 poma;
2483 4547 2716 4602 raroque
2751 4543 2844 4586 aut
2877 4545 3152 4600 nunquam
3187 4529 3457 4584 defuerint
3485 4528 3538 4582 in
3564 4541 3632 4581 eo
3661 4529 3837 4596 piper,

2254 4626 2682 4689 cinnamomum,
2706 4623 3036 4694 gingibrum,
3062 4621 3289 4690 aliaeque
3317 4621 3529 4674 radices
3563 4634 3688 4688 qua:
3715 4627 3840 4672 sunt

2254 4715 2610 4780 salubres,ut
2655 4714 2728 4770 sit
2783 4727 3000 4782 semper
3055 4713 3116 4768 in
3167 4721 3417 4781 promptu
3461 4711 3606 4778 quod
3659 4709 3842 4762 valeat

2253 4807 2504 4870 infirmo,
2563 4804 2816 4860 fortassis
2871 4813 2930 4859 ut
2981 4804 3270 4874 aliquando
3312 4802 3608 4872 contigerit
3657 4801 3838 4856 subita

2253 4895 2508 4967 passione
2550 4907 2834 4964 percusso,
2858 4893 2965 4960 vel,
3001 4894 3046 4948 si
3081 4893 3322 4962 expedit,
3351 4903 3406 4946 ut
3430 4893 3768 4961 pigmentum
3789 4889 3838 4944 ei

2254 4987 2596 5045 conï¬ciatur.
2649 4986 2996 5041 Camerarius
3041 4983 3187 5039 enim
3238 4998 3346 5038 non
3391 4983 3590 5036 invitus
3635 4982 3842 5052 praebet

2254 5079 2556 5136 infirmario
2611 5077 2920 5149 hujusmodi
2969 5075 3304 5130 facultatem.
3362 5073 3604 5129 Famulis
3651 5085 3838 5128 autem

2252 5171 2346 5240 qui
2413 5169 2640 5224 infirmis
2685 5167 3071 5236 obsequuntur,
3101 5165 3166 5220 de
3208 5162 3450 5232 reliquiis
3479 5163 3730 5217 ciborum
3754 5163 3836 5230 pi-

2256 5260 2482 5298 mminm
2534 5258 2818 5298 imnpmliL
2891 5256 2956 5298 dp.
3021 5253 3226 5298 relinnn
3297 5253 3474 5298 reddit
3521 5252 3837 5298 nmmum-in
