4040 5298
206 320 309 374 769

848 319 1414 380 CONSUETUDINES
1449 318 1984 376 CLUNIACENSES.
2009 349 2081 362 —
2118 317 2315 377 LIBER
2345 321 2660 382 TERTIUS.

3338 327 3437 390 770

195 430 484 501 pletorium
531 437 781 500 apportat
808 445 1002 498 aquam
1053 430 1413 495 henedictam,
1448 437 1504 482 et
1528 430 1767 499 aspergit
1798 439 1844 498 Α
1873 432 2146 497 maluerit,
2198 434 2339 487 vadit
2392 436 2458 488 ad
2511 436 2773 505 capellam
2826 435 2886 492 S.
2942 437 3282 496 Diarimzubi
3315 458 3438 497 rur-

197 539 298 592 per
321 524 502 576 omnia
527 523 664 578 lecta
691 522 1049 577 inﬁrmorum.
1092 522 1304 576 Etcum
1338 524 1466 575 hora
1515 522 1679 576 fuerit
1709 533 1768 578 ιιι

195 628 387 667 omnes
401 614 515 683 jam
547 628 607 667 se
637 613 868 666 debeant
908 612 1220 675 collocasse,
1251 625 1372 664 cum
1396 611 1656 666 absconsa
1688 611 1770 667 di-

193 703 782 774 ligenterneeessarias
808 701 1119 770 perlustrat.

765 813 991 870 CAPUT
1019 812 1204 867 XXVI.

265 905 346 961 De
365 905 582 976 famulis
601 906 670 958 ad
713 904 925 957 domum
957 903 1282 971 inﬁrmorum
1305 901 1696 971 pertinentibus.

264 1019 616 1074 Famulorum
647 1015 738 1087 qui
764 1014 831 1068 ad
859 1015 1073 1069 domum
1102 1013 1437 1066 inﬁrmorum
1467 1010 1765 1081 pertinent,

193 1112 321 1180 quia
345 1109 596 1178 superius
629 1105 867 1167 memini,
923 1113 982 1158 ιιι
1009 1104 1074 1181 de
1103 1103 1188 1158 his
1215 1117 1429 1174 quoque
1461 1102 1627 1170 magis
1664 1100 1764 1154 ali-

194 1200 518 1270 quantulum
537 1199 733 1261 dicam,
761 1205 869 1249 tres
884 1204 1007 1250 sunt
1033 1210 1096 1249 ex
1122 1208 1304 1258 more;
1338 1193 1444 1246 duo
1472 1192 1560 1261 qui
1585 1207 1766 1245 coram

193 1294 275 1346 eis
314 1290 590 1344 dormiant
631 1297 686 1344 et
714 1287 780 1342 ad
809 1300 1053 1340 mensam
1105 1285 1365 1339 serviant.
1393 1282 1492 1348 Qui
1524 1291 1578 1336 et
1609 1281 1770 1348 hujus

194 1391 319 1436 sunt
345 1379 645 1450 disciplinze
673 1385 751 1441 ut,
774 1375 1012 1446 quandiu
1053 1374 1342 1429 comedunt
1377 1371 1597 1435 inﬁrmi,
1636 1386 1770 1424 nun-

194 1489 356 1543 quam
405 1486 588 1526 coram
627 1471 704 1524 eis
743 1469 965 1523 sedeant
1017 1475 1111 1519 aut
1153 1465 1469 1526 consistant,
1525 1478 1593 1516 ne
1631 1461 1770 1516 forte

195 1563 414 1616 audiant
460 1561 504 1616 si
555 1559 675 1628 quis
729 1573 914 1612 eorum
964 1556 1068 1610 tale
1111 1554 1240 1624 quid
1280 1553 1499 1615 dixerit,
1535 1564 1592 1605 ut
1645 1559 1771 1605 sunt

193 1651 447 1704 homines
488 1649 631 1702 inter
687 1645 1100 1708 comedendum,
1151 1641 1293 1712 quod
1329 1656 1433 1695 non
1464 1639 1766 1708 expediata

195 1740 411 1795 famulis
432 1740 560 1794 sciri
613 1737 695 1792 vel
719 1753 813 1807 per
836 1751 928 1791 eos
952 1735 1241 1806 propalari.
1271 1733 1525 1803 Quisquis
1556 1732 1770 1788 illorum

198 1832 332 1885 foris
363 1838 474 1885 stat
521 1827 730 1899 procul,
776 1837 869 1882 aut
897 1829 1065 1890 sedet,
1101 1838 1173 1890 et,
1207 1841 1327 1880 cum
1367 1839 1500 1893 opus
1536 1823 1716 1886 fuerit,
1741 1837 1770 1875 a

193 1920 436 1990 quolibet
469 1921 694 1974 inﬁrmo
747 1934 868 1972 cum
919 1917 1099 1972 sonitu
1138 1924 1380 1971 vocatur.
1411 1912 1544 1970 Cum
1585 1912 1776 1968 fecerit

196 2019 422 2080 propter
480 2007 622 2078 quod
670 2015 890 2061 vocatus
940 2015 1044 2072 est,
1087 2020 1276 2060 rursus
1322 2002 1576 2058 celeriter
1637 2000 1768 2056 exit.

195 2098 416 2154 Tertius
458 2096 694 2152 famulus
746 2097 812 2151 ad
858 2097 961 2151 hoc
1010 2103 1092 2150 est
1121 2095 1354 2149 maxime
1385 2093 1775 2163 deputatus,ut

192 2189 334 2242 lavet
362 2203 572 2258 pannos
600 2189 666 2244 ad
694 2199 944 2244 cocturas
969 2187 1233 2251 omnium,
1268 2194 1329 2240 ut
1351 2184 1519 2249 aiunt,
1544 2181 1771 2237 fratrum

197 2290 478 2333 coctorum
543 2278 918 2340 necessarias,
978 2274 1156 2330 focum
1205 2273 1410 2338 faciat,
1469 2279 1525 2327 et
1571 2285 1768 2342 aquam

193 2369 484 2424 calefaciat
533 2384 639 2438 qua
695 2366 935 2423 scutellze
964 2375 1088 2421 sunt
1135 2365 1393 2419 lavandae.
1421 2363 1621 2419 Omnes
1677 2378 1774 2416 au-

195 2471 302 2513 tem
349 2460 641 2529 aliquando
692 2458 919 2526 pariter,
953 2456 1241 2524 aliquando
1277 2455 1512 2509 vicissim
1540 2460 1772 2523 pergunt

195 2549 261 2602 ad
276 2549 494 2612 silvam,
517 2547 760 2602 incidunt
785 2547 958 2616 ligna;
985 2561 1108 2602 cum
1137 2559 1242 2600 uno
1265 2544 1416 2598 asino
1443 2542 1771 2606 afferuntur,

198 2646 255 2688 ut
285 2637 511 2701 inﬁrmi,
541 2651 666 2690 cum
709 2635 994 2701 voluerint,
1027 2634 1204 2688 focmn
1232 2633 1432 2688 habere
1460 2631 1687 2701 possint,
1713 2637 1770 2684 et

194 2729 261 2781 ad
309 2729 414 2787 hoc
451 2727 629 2782 solum
681 2727 863 2780 asinus
889 2726 1125 2795 optimus
1155 2738 1367 2792 semper
1404 2733 1487 2778 est
1515 2739 1542 2777 a
1573 2736 1770 2792 grana-

196 2817 336 2872 tario
363 2818 690 2888 pascendos,
712 2831 815 2873 nec
844 2815 980 2872 alius
1009 2814 1241 2871 famulus
1267 2814 1436 2870 minat
1457 2826 1579 2868 eum
1602 2825 1768 2883 quam

196 2923 334 2963 unus
364 2910 429 2963 de
458 2908 802 2979 supradictis.

741 3040 968 3098 CAPUT
1007 3031 1217 3095 XXVII.

795 3130 872 3184 De
914 3129 1161 3198 inﬁrmis.

263 3243 461 3298 Frater
484 3243 576 3312 qui
615 3241 1006 3312 incmperit'ita
1053 3239 1314 3296 inﬁrmari
1351 3247 1408 3293 ut
1432 3247 1758 3293 conventum

199 3344 382 3392 tenere
437 3350 542 3389 non
595 3334 806 3402 possit,
863 3332 997 3401 petit
1045 3330 1258 3385 veniam
1312 3330 1365 3383 in
1419 3328 1671 3398 capitulo,
1711 3339 1768 3383 et

202 3434 472 3479 monstrat
517 3425 660 3493 quod
691 3424 760 3479 sit
794 3423 1061 3476 inﬁrmus.
1107 3419 1332 3475 Jubctur
1379 3418 1509 3473 foris
1543 3419 1767 3474 chorum

201 3526 368 3581 stare,
416 3525 474 3568 ut
520 3530 620 3586 pro
646 3526 768 3570 voto
791 3530 888 3569 suo
922 3512 1095 3583 possit
1121 3511 1334 3575 sedere,
1365 3519 1420 3565 et
1450 3509 1768 3565 cellerarius

199 3615 350 3662 Curat
398 3615 456 3658 ut
488 3606 540 3659 in
581 3605 864 3660 refectorio
914 3618 1018 3659 non
1048 3602 1250 3670 absque
1283 3601 1506 3669 pitantia
1538 3615 1659 3653 eum
1688 3599 1768 3653 die

203 3696 400 3748 mittat.
456 3694 587 3748 Cum
643 3693 715 3747 ita
752 3691 970 3746 biduum
1000 3689 1085 3744 vel
1133 3690 1364 3744 triduum
1396 3687 1692 3749 transierit,
1720 3686 1768 3740 si

202 3799 304 3837 non
335 3785 442 3838 erit
469 3784 657 3838 melior
681 3783 796 3851 ejus
842 3780 1112 3846 valetudo,
1164 3780 1356 3834 invitat
1380 3793 1502 3834 eum
1533 3778 1681 3848 prior
1701 3777 1768 3832 ad

201 3874 416 3925 domum
451 3872 806 3927 inﬁrmorum.
840 3870 1088 3926 Secundo
1125 3869 1210 3925 die
1233 3869 1314 3924 vel
1351 3867 1530 3930 tertio,
1561 3868 1604 3921 si
1637 3882 1765 3921 nec-

202 3962 327 4013 dum
348 3962 513 4014 etiam
554 3959 942 4030 aliquantulum
990 3957 1283 4022 convaluit,
1309 3971 1494 4010 rursus
1514 3955 1662 4026 prior
1699 3953 1768 4008 ad

201 4053 390 4108 horam
434 4049 644 4123 prandii
681 4069 803 4108 eum
830 4051 1031 4115 invisit,
1067 4063 1284 4105 carnem
1315 4048 1444 4103 facit
1471 4045 1765 4116 apportari,

199 4144 446 4212 praecipit
493 4151 553 4197 ut
597 4143 860 4197 comedat.
903 4141 987 4196 Ab
1024 4153 1086 4194 ca
1117 4139 1232 4192 vice
1263 4150 1526 4204 nusquam
1563 4134 1768 4202 absque

201 4231 394 4286 baculo
430 4231 651 4295 incedit,
677 4239 728 4285 et
749 4230 852 4284 nisi
892 4236 1051 4298 caput
1089 4225 1296 4294 capello
1321 4232 1658 4291 coopertum.
1682 4220 1767 4275 Ad

202 4329 488 4388 utramque
544 4319 762 4374 missam
815 4318 1184 4373 matutinalem
1240 4328 1295 4370 et
1336 4314 1592 4384 majorem
1621 4313 1768 4368 venit

200 4411 264 4464 ad
289 4409 602 4474 ecclesiam,
625 4424 930 4478 quanquam
947 4410 1012 4462 ad
1041 4406 1302 4476 majorem
1333 4421 1439 4462 non
1461 4404 1566 4459 nisi
1596 4417 1768 4474 usque

199 4507 317 4567 post
389 4497 739 4568 Evangelium
793 4498 1028 4552 intersit.
1085 4495 1142 4552 Si
1198 4495 1253 4550 in
1306 4493 1604 4564 capitulum
1658 4507 1762 4546 non

199 4591 388 4654 intrat,
443 4600 624 4644 tamen
673 4590 816 4658 quod
862 4591 915 4644 in
961 4587 1198 4658 capitulo
1242 4585 1438 4656 legitur
1477 4583 1762 4647 auscultat,

198 4679 403 4732 scilicet
439 4677 765 4732 sententiam
824 4676 1036 4747 regular,
1072 4676 1154 4730 vel
1184 4676 1249 4730 de
1279 4672 1591 4743 Evangelio,
1618 4679 1672 4724 et
1696 4670 1766 4724 ad

198 4767 566 4821 collationem.
619 4765 675 4819 Si
725 4776 1044 4820 conventum
1101 4763 1263 4818 fuerit
1287 4773 1344 4818 ut
1373 4769 1566 4832 agatur
1589 4760 1654 4814 de
1681 4772 1768 4812 ne—

197 4856 466 4927 gligentiis
494 4855 748 4918 fratrum,
775 4854 838 4906 ad
866 4853 967 4906 hoc
990 4852 1312 4906 audiendum
1340 4866 1446 4905 non
1468 4850 1624 4904 debet
1647 4861 1767 4903 esse

197 4949 466 5002 curiosus.
495 4944 620 4999 Mox
650 4945 792 4999 enim
829 4945 894 4999 de
923 4944 1060 4998 ostio
1109 4943 1317 4997 recedit
1367 4942 1456 4998 ubi
1496 4941 1766 4996 accubans

197 5038 573 5098 auscultator;
628 5035 753 5090 silet
803 5043 977 5087 tamen
1006 5048 1070 5088 ex
1099 5046 1247 5087 more
1277 5047 1446 5102 usque
1475 5031 1599 5086 dum
1621 5028 1762 5098 capi-

198 5127 362 5182 tulum
385 5127 455 5182 sit
500 5132 802 5195 peractum.
841 5122 1160 5193 Priusquam
1187 5124 1370 5176 sedeat
1393 5124 1460 5176 ad
1501 5133 1766 5186 mensam,

193 5216 337 5272 lavat
367 5232 567 5272 manus
594 5216 661 5270 ad
688 5213 1004 5269 lavatorium
1028 5213 1388 5269 inﬁrmorum.
1412 5214 1557 5267 Inter
1583 5226 1766 5267 come-

1791 4467 1844 4526 D

1865 533 1962 578 sus
1988 532 2108 592 post
2137 538 2344 579 cmnam
2391 529 2543 580 sedet
2581 536 2673 580 aut
2701 529 2865 596 jacet,
2893 532 3110 599 quando
3138 529 3358 589 Fratres
3385 536 3440 589 in

1867 610 2105 666 claustro
2152 614 2390 667 sederint
2432 615 2498 667 ad
2548 616 2854 671 lectionem.
2908 619 3217 675 Circatores
3257 633 3438 678 autem

1868 701 2183 770 frequenter
2209 705 2433 758 visitant
2469 707 2686 762 domum
2733 710 3090 775 inﬁrmorum,
3123 722 3178 768 et
3216 716 3441 786 diligen-

1870 800 1953 844 ter
1991 793 2269 860 explorant
2319 797 2590 862 quomodo
2618 797 2714 867 ipsi
2771 813 2829 852 se
2860 799 3093 855 habeant
3123 802 3343 858 inﬁrmi.
3373 805 3440 860 Et

1867 883 2060 937 itermn
2107 884 2438 940 inﬁrmarius
2485 886 2529 940 si
2591 903 2752 956 quam
2798 889 2990 944 viderit
3033 893 3434 962 negligentiam,

1866 974 2103 1028 maxime
2144 975 2197 1028 in
2228 975 2575 1045 loquacitate,
2634 979 2890 1034 reclamat
2922 982 2975 1035 in
3005 984 3256 1053 capitulo.
3287 984 3443 1041 Prior

1866 1073 2044 1119 autem
2076 1063 2144 1118 de
2173 1066 2410 1135 capitulo
2440 1069 2606 1124 mittit
2631 1071 2697 1124 ad
2735 1085 2852 1134 eos,
2882 1082 2936 1126 et
2959 1073 3072 1142 ipse
3095 1075 3438 1144 postmodum

1866 1155 2016 1208 venit
2062 1156 2229 1209 semel
2277 1156 2344 1209 ad
2390 1170 2504 1223 eos,
2537 1169 2593 1212 et
2618 1162 2855 1215 secundo
2881 1163 3182 1234 castigans;
3213 1167 3405 1236 talisqu

1869 1246 2116 1300 inﬁrmus
2129 1260 2249 1300 esse
2275 1255 2454 1315 potest
2476 1259 2556 1313 ut,
2584 1249 2629 1303 si
2657 1265 2760 1304 non
2786 1254 3173 1316 emendaverit,
3197 1256 3411 1325 aliquan

1868 1337 1937 1392 do
1965 1338 2129 1391 etiam
2175 1338 2382 1408 virgam
2413 1341 2745 1409 experiatur.
2783 1341 2979 1398 Verum
3010 1345 3101 1414 qui
3142 1346 3213 1401 ita
3239 1363 3431 1402 conva-

1869 1424 2031 1480 luerit
2082 1436 2144 1482 ιιι
2198 1429 2378 1483 redire
2437 1431 2609 1498 possit
2655 1431 2723 1486 ad
2769 1443 3125 1501 conventum,
3181 1429 3438 1496 redeundi

1871 1513 2144 1569 licentiam
2167 1517 2362 1585 quaerit
2387 1533 2414 1570 a
2440 1519 2638 1586 priore.
2669 1519 2948 1594 Unguntur
2970 1524 3136 1579 calcei
3157 1525 3274 1595 ejus
3293 1527 3440 1581 diur.

1869 1605 2042 1670 nales,
2071 1616 2126 1660 et
2151 1609 2398 1675 sequenti
2421 1611 2509 1664 die
2537 1610 2711 1666 induit
2735 1627 2828 1666 eos
2851 1615 3137 1670 rediturus.
3164 1616 3296 1672 Cum
3323 1619 3438 1687 pri-

1870 1711 1960 1751 mo
1995 1697 2208 1768 signum
2240 1699 2486 1768 pulsatur
2529 1702 2596 1755 ad
2626 1703 2876 1771 primam,
2911 1705 2993 1758 vel
3037 1707 3080 1761 si
3108 1716 3282 1764 esteo
3308 1718 3461 1764 tem--

1803 1784 2004 1858 Bpore
2045 1802 2216 1857 eaque
2267 1789 2355 1844 die
2405 1805 2508 1858 qua
2559 1792 2716 1846 tertia
2767 1802 3017 1848 cantatur
3074 1806 3198 1852 ante
3228 1797 3439 1868 capitu-

1876 1875 2008 1941 lum,
2055 1885 2165 1932 stat
2213 1892 2379 1949 prope
2423 1881 2623 1935 ostium
2680 1883 2744 1938 ad
2799 1882 2858 1938 S.
2905 1883 3152 1950 Mariam,
3207 1895 3261 1942 et
3304 1901 3438 1958 pne-

1871 1982 1964 2024 ros
1985 1969 2362 2036 praestolatur:
2392 1985 2529 2040 quos
2559 1987 2680 2025 cum
2735 1974 2929 2029 viderit
2963 1984 3323 2044 transeuntes,
3355 1994 3440 2036 se-

1876 2056 2060 2124 quitur
2109 2073 2202 2112 eos
2260 2058 2312 2112 in
2361 2059 2666 2126 ecclesiam,
2721 2069 2776 2115 et
2825 2062 2897 2114 ita
2930 2077 2988 2117 se
3026 2065 3294 2120 coadunat
3313 2082 3441 2121 eon-

1872 2145 2076 2198 ventui.
2132 2145 2266 2200 Cum
2307 2148 2517 2201 venerit
2559 2148 2613 2201 in
2660 2149 2971 2218 capitulum,
3010 2160 3064 2206 et
3096 2162 3216 2222 post
3257 2153 3438 2210 lectio-

1873 2250 1996 2289 nem
2050 2235 2198 2304 prior
2234 2235 2458 2303 jusserit
2510 2247 2568 2291 ut
2592 2238 2657 2292 de
2685 2240 2873 2294 ordine
2919 2241 3226 2309 loquantur,
3254 2247 3437 2299 statim

1874 2323 2063 2394 surgit,
2086 2333 2139 2378 et
2169 2325 2382 2378 veniam
2411 2333 2620 2393 petens,
2662 2328 2734 2380 ita
2772 2329 3116 2396 persequitur
3147 2348 3160 2384 :
3193 2329 3259 2385 In
3285 2332 3438 2386 domo

1871 2431 2014 2468 eram
2064 2414 2414 2481 inﬁrmorum,
2473 2416 2707 2470 ordinem
2767 2428 3018 2480 nostrum,
3057 2429 3112 2471 ut
3134 2420 3310 2484 debui,
3335 2437 3439 2474 non

1871 2503 1946 2556 ita
1992 2504 2264 2557 custodiri.
2304 2503 2368 2557 Et
2397 2503 2548 2572 prior
2599 2508 2886 2574 respondet
2932 2525 2944 2559 :
2985 2506 3126 2561 Deus
3170 2508 3438 2578 indulgeat

1871 2592 2031 2651 uobis.
2093 2592 2316 2646 Inclinat
2376 2592 2637 2649 altissime
2687 2605 2876 2650 contra
2920 2598 3189 2665 priorem,
3245 2607 3434 2653 contra

1907 2689 2118 2734 extram
2147 2687 2202 2732 et
2223 2681 2518 2746 sinistram,
2548 2691 2604 2737 et
2634 2682 2683 2736 ei
2711 2683 2960 2739 similiter
2985 2699 3015 2738 a
3050 2685 3277 2756 singulis
3308 2699 3435 2754 par-

1872 2770 2016 2824 tibus
2075 2769 2404 2836 inclinatur;
2459 2781 2585 2826 tunc
2635 2772 2836 2828 inloco
2863 2773 3194 2843 pamitentiw
3214 2774 3437 2846 injungi'

1871 2859 1944 2916 illi
1974 2869 2032 2913 ut
2075 2868 2258 2914 cantet
2303 2869 2504 2928 septem
2537 2860 2793 2931 psalmos,
2831 2863 2913 2917 vel
2951 2863 2994 2918 si
3023 2865 3215 2931 nescit,
3238 2865 3440 2935 septie.

1870 2951 2184 3007 Orationem
2234 2951 2589 3008 Dominjcam.
2639 2953 2696 3008 Si
2736 2955 2860 3023 quis
2880 2964 2965 3010 est
3006 2955 3140 3010 adeo
3164 2955 3438 3022 inﬁrmus,

1872 3043 1925 3096 iu
1953 3043 2067 3111 ipso
2094 3042 2340 3098 Adventu
2372 3043 2604 3108 Domini,
2633 3059 2726 3100 seu
2777 3045 2830 3099 in
2877 3045 3300 3114 Septuagesima.
3329 3060 3437 3100 non

1793 3135 1838 3197 (ζ
1871 3132 2206 3200 permittitur
2257 3147 2288 3185 a
2345 3147 2512 3188 carne
2554 3133 2849 3191 abstinere.
2902 3134 2966 3189 Et
3011 3137 3439 3205 quandocunque

1871 3223 2238 3287 convaluerit,
2286 3223 2502 3278 etiamsi
2565 3223 2637 3277 sit
2678 3224 2732 3278 in
2773 3224 2948 3279 media
2987 3225 3433 3297 Quadragesima,

1869 3314 1954 3367 vel
1987 3315 2039 3368 in
2068 3313 2254 3368 Ramis
2301 3313 2628 3383 palmarum,
2668 3314 2804 3384 petit
2837 3316 3048 3371 veniam
3091 3317 3144 3371 in
3177 3317 3435 3388 capitulo,

1870 3404 2010 3460 sicut
2032 3404 2150 3462 ﬁeri
2173 3403 2310 3460 solet
2343 3418 2442 3473 pro
2469 3407 2802 3461 comestione
2825 3407 3026 3462 carnis.

2404 3560 2628 3617 CAPUT
2669 3561 2899 3618 XXVIII.

2214 3648 2292 3705 De
2331 3652 2570 3705 unctione
2606 3653 2855 3724 cujusque
2883 3655 3082 3724 fratris.

1893 3815 1896 3824 ι
1939 3778 2132 3833 Frater
2167 3777 2258 3847 qui
2306 3793 2366 3832 se
2409 3777 2722 3835 inﬁrmitate
2764 3780 3175 3852 ingravescente
3203 3788 3438 3844 senserit

1869 3868 1922 3923 in
1969 3867 2216 3938 proximo
2261 3867 2329 3923 ab
2368 3868 2471 3923 hoc
2516 3869 2715 3923 saeculo
2773 3871 3148 3942 migraturum,
3199 3876 3265 3929 dc
3287 3893 3435 3932 omni

1868 3957 2195 4014 conscientia
2220 3971 2318 4012 sua
2349 3959 2547 4013 domno
2577 3959 2794 4026 abbati,
2823 3960 2906 4016 vel
2931 3963 3097 4031 priori
3123 3967 3436 4034 conﬁtetur,

1867 4057 1924 4104 et
1968 4057 2122 4119 rogat
2163 4057 2224 4102 ut
2275 4047 2395 4106 oleo
2453 4048 2788 4106 inﬁrmorum
2847 4063 3096 4123 ungatur.
3143 4055 3437 4113 Adducunt

1867 4152 1990 4194 eum
2013 4139 2164 4208 prius
2184 4139 2238 4193 in
2273 4139 2566 4208 capitulum
2593 4140 2699 4195 duo
2721 4139 2919 4197 fratres
2962 4143 3106 4196 inter
3141 4159 3354 4213 manus,
3386 4151 3433 4203 si

1868 4239 1950 4286 est
1994 4231 2132 4285 adeo
2186 4229 2452 4296 inﬁrmus,
2503 4237 2558 4283 et
2581 4230 2716 4297 petit
2741 4231 2972 4295 veniam,
2996 4247 3255 4300 reumque
3283 4249 3342 4289 se
3368 4237 3434 4290 de

1867 4322 2055 4376 multis
2117 4321 2460 4391 negligentiis
2497 4329 2685 4374 contra
2728 4319 2932 4383 Deum,
2973 4331 3029 4376 et
3074 4332 3265 4377 contra
3312 4325 3432 4380 illos

1868 4411 2172 4466 conﬁtetur.
2193 4411 2524 4479 Imprecatur
2547 4408 2594 4463 ei
2612 4408 2762 4477 prior
2781 4408 3194 4478 absolutionem,
3221 4415 3430 4470 cunctis

1870 4500 2340 4570 respondentibus,
2388 4499 2574 4562 Amen,
2602 4507 2658 4553 et
2699 4499 2812 4567 ipse
2841 4499 2919 4554 eis
2947 4499 3216 4555 similiter.
3255 4502 3430 4558 Redu-

1870 4590 2030 4653 citur,
2058 4598 2111 4643 et
2137 4587 2504 4642 collocaturin
2533 4587 2674 4643 lecto
2697 4589 2786 4642 tali
2814 4590 3102 4657 submisso,
3125 4591 3212 4646 ubi
3238 4593 3431 4657 fratris

1797 4692 1820 4748 τε
1869 4682 2082 4751 possint
2099 4679 2333 4748 undique
2348 4680 2722 4736 circumstare.
2735 4679 3166 4750 Postcapitulum
3181 4686 3404 4740 sacerdo

1795 4776 1826 4820 ,ξι
1871 4766 2323 4822 hebdomadarius
2377 4766 2594 4822 indutus
2637 4767 2757 4822 alba
2781 4776 2834 4821 et
2859 4769 3016 4833 stola,
3046 4772 3287 4838 procedit
3312 4789 3429 4836 cur;

1871 4857 1990 4913 oleo
2036 4855 2393 4922 inﬁrmorum,
2451 4872 2572 4912 cum
2619 4873 2758 4928 aqua
2782 4858 3083 4924 benedicta,
3111 4876 3418 4923 cumcrnce

1870 4956 2067 5003 etcum
2099 4945 2305 5000 duobus
2358 4946 2534 5001 cereis
2565 4947 2617 5000 in
2658 4949 3018 5016 candelabris,
3066 4957 3439 5019 ctconventus

1873 5038 2150 5108 sequitur;
2181 5051 2211 5087 ι,
2239 5034 2450 5102 psalmo
2479 5036 2992 5104 imposito,diceuda
3017 5049 3100 5095 est
3124 5042 3300 5108 primo
3329 5047 3447 5105 Itale

1872 5128 2096 5185 collecta
2132 5141 2159 5179 a
2205 5127 2529 5181 sacerdote:
2575 5126 2911 5198 Omnipotens
2939 5131 3247 5200 sentpiterne
3277 5133 3445 5203 Deus,

1873 5219 1963 5288 qui
1987 5230 2079 5286 per
2116 5212 2179 5265 Β.
2208 5215 2502 5279 apostolum
2543 5221 2690 5269 tuum
2721 5218 2901 5298 dixisti
2927 5237 2947 5276 :
2986 5220 3302 5288 Inﬁrmatur
3329 5228 3447 5294 quis
