4040 5298
565 285 660 340 77l

1502 239 1820 334 uestium
1863 273 2365 332 CLUNIACENSIS
2399 273 2707 332 MONACIII

3729 281 3832 334 772

567 401 784 460 tritum;
831 393 965 461 psal.
1013 393 1294 454 Miserere;
1343 390 1553 460 antiplt.
1609 389 1845 454 Domine,
1871 387 2157 449 descende;
2188 393 2232 448 Α
2263 394 2317 440 et
2341 387 2576 442 venienti
2615 391 2680 442 ad
2715 397 2959 446 extrema
2991 390 3464 463 legatpassiones.
3488 395 3699 452 Famuli
3733 415 3832 455 au-

567 485 704 556 psal.
758 483 1005 546 Domine,
1055 482 1287 544 exaudi;
1338 480 1549 549 amipli.
1615 479 1834 530 Domine
1883 493 1988 530 non
2037 491 2156 529 sitm

567 575 789 644 dignus;
816 572 950 642 psal.
977 570 1054 624 De
1075 569 1384 640 profundis;
1418 576 1533 620 ant.
1556 565 1686 620 Cum
1711 566 1788 620 sol
1815 575 1988 618 autent
2019 565 2154 618 orci-

568 667 768 728 disset;
792 661 928 732 psal.
970 661 1217 722 Domine,
1267 659 1481 712 exaudi.
1515 657 1736 712 Interim
1766 656 2024 710 sacerdos
2055 655 2156 708 hoc

567 755 732 812 modo
787 754 918 808 facit
960 752 1296 815 unctionem,
1329 748 1580 818 pollicem
1603 749 1724 802 oleo
1747 747 1930 810 illinit,
1955 757 2152 801 etcum

569 844 764 914 pollice
798 842 1008 911 signum
1041 839 1220 894 crucis
1247 837 1690 906 imprimitsuper
1720 843 2006 904 utrumque
2026 849 2154 888 ocu-

567 933 680 996 lum
721 932 794 984 ita
845 929 1074 984 dicendo
1113 942 1128 979 :
1169 924 1272 982 Per
1321 927 1478 980 istam
1537 926 1854 986 unctionem,
1899 935 1949 978 et
2002 940 2153 978 suam

565 1025 854 1091 piissimam
877 1020 1311 1084 misericordiam,
1333 1016 1600 1087 indulgeat
1619 1017 1710 1070 tibi
1730 1016 1985 1070 Dominus
1999 1016 2154 1086 quid-

567 1115 692 1187 quid
705 1115 933 1184 peccasti
952 1129 1044 1182 per
1065 1113 1252 1166 visum.
1277 1111 1427 1176 Item,
1452 1124 1612 1179 super
1633 1120 1916 1178 utramque
1939 1123 2150 1172 aurem,

569 1205 676 1259 Per
721 1205 1001 1268 auditum;
1051 1217 1215 1271 super
1262 1211 1491 1270 utraque
1539 1199 1706 1266 labia,
1763 1199 1869 1254 Per
1895 1209 2150 1269 gustum;

569 1309 736 1364 super
794 1307 1006 1358 nasum,
1069 1291 1176 1346 Per
1233 1291 1550 1356 odoratum;
1601 1305 1765 1360 super
1801 1305 2012 1355 manus,
2045 1287 2152 1342 Per

569 1397 766 1440 tactum
795 1385 872 1450 (et
893 1385 1206 1440 sacerdotes
1227 1383 1617 1453 extrinsecus);
1651 1397 1816 1452 super
1834 1385 2019 1452 pedes,
2051 1381 2152 1438 l’e'r

569 1478 873 1540 incessum;
931 1476 997 1530 de
1039 1475 1229 1530 subtus
1269 1489 1434 1545 super
1463 1475 1729 1544 inguines,
1781 1471 1880 1528 Per
1908 1475 2149 1528 ardorem

569 1565 826 1618 libidinis.
877 1565 1044 1618 Lavat
1079 1580 1304 1630 manus;
1362 1573 1416 1619 et
1441 1565 1642 1620 lavatio
1673 1579 1778 1621 non
1818 1565 1918 1620 nisi
1947 1564 2002 1620 in
2031 1563 2150 1620 loco

573 1655 776 1710 tnundo
803 1665 860 1710 et
888 1655 1070 1710 abdito
1099 1655 1236 1710 solet
1269 1654 1490 1710 eﬂ‘undi.
1522 1655 1672 1710 Tunc
1695 1655 1741 1708 si
1767 1655 2014 1712 inﬁrmus
2039 1671 2146 1710 non

573 1748 1031 1812 communicatur,
1083 1747 1340 1803 sacerdos
1369 1747 1482 1818 ipse
1531 1747 1804 1817 subjungit
1832 1748 1932 1802 bas
1959 1763 2154 1804 omnes
2185 1733 2228 1792 Β

573 1836 848 1902 collectas,
890 1838 976 1892 bis
1017 1838 1268 1894 versibus
1294 1837 1628 1907 prietnissis:
1661 1837 1878 1892 Saluum
1913 1837 2018 1906 fac,
2041 1848 2148 1894 etc.

575 1930 727 1986 Mitte
749 1931 824 1996 ei,
851 1939 959 1986 etc.
995 1929 1146 1984 Nihil
1165 1931 1428 2001 proficiat,
1467 1940 1576 1986 etc.
1608 1930 1734 1984 Esto
1763 1930 1831 1996 ei,
1855 1938 1962 1985 etc.
1997 1930 2148 1986 Orat.

570 2023 736 2090 Deus,
757 2023 847 2094 qui
875 2022 1075 2093 famulo
1104 2033 1193 2076 tuo
1223 2022 1486 2087 Ezechite,
1509 2031 1616 2077 etc.
1646 2021 1882 2092 Respice,
1911 2019 2148 2091 Domine,

573 2113 832 2182 famulum
859 2125 1005 2167 tuum
1037 2113 1114 2178 in,
1153 2123 1259 2168 etc.
1292 2113 1437 2178 Alia,
1463 2113 1626 2180 Deus,
1656 2114 1744 2184 qui
1773 2113 1995 2182 factum
2023 2123 2156 2180 tuae,

569 2213 679 2258 etc.
697 2204 854 2270 Deus,
882 2206 975 2275 qui
995 2211 1225 2258 humano
1244 2206 1558 2274 generi,etc.
1595 2203 1852 2258 Virtutum
1869 2203 2152 2258 caelestium

569 2294 734 2358 Deus,
765 2303 868 2348 etc.
903 2293 1123 2348 Domine
1164 2305 1362 2360 sancte,
1413 2293 1574 2348 Pater
1593 2296 1936 2363 omnipotens,
1965 2304 2154 2349 (uterne

575 2384 736 2450 Deus,
759 2385 849 2454 qui
890 2384 1253 2454 fragilitatem,
1297 2395 1405 2440 etc.
1439 2383 1672 2449 Exaudi,
1701 2384 1944 2448 Domine,
1975 2399 2152 2453 preces

571 2485 800 2542 nostras,
831 2484 937 2531 etc.
993 2474 1287 2531 Prwueniat
1317 2479 1456 2532 hunc
1488 2477 1766 2546 famulum,
1793 2487 1898 2532 etc.
1931 2477 2155 2532 Domine

571 2567 713 2620 Deus
760 2576 953 2632 noster,
1009 2568 1100 2636 qui
1139 2567 1476 2636 offensionem
1507 2579 1763 2632 nostram,
1802 2577 1906 2622 etc.
1937 2567 2152 2633 Adesto,

571 2657 815 2722 Domine,
859 2657 1346 2726 supplicationibus,
1397 2666 1504 2712 etc.
1557 2655 1783 2723 Prresta,
1831 2673 2151 2727 quwsumus,

573 2746 820 2811 Domine,
850 2747 972 2800 huic
1012 2747 1212 2815 famulo
1239 2759 1350 2811 tuo,
1386 2757 1494 2802 etc.
1519 2748 1662 2802 Deus
1692 2749 1908 2802 humani
1931 2749 2160 2815 generis,

573 2844 681 2890 etc.
727 2835 787 2890 Si
836 2845 1018 2891 autem
1057 2838 1492 2891 communionem
1543 2851 1753 2893 sacram
1803 2845 2156 2907 percepturus

573 2934 676 2988 est,
704 2933 831 2979 tunc
860 2925 928 2978 ab
957 2925 1064 2980 alio
1109 2925 1366 2979 dicuntur
1393 2926 1631 2996 pra:le
1661 2927 1930 2993 collectaa;
1961 2936 2014 2984 et
2041 2927 2156 2996 ipse

574 3016 794 3070 interim
841 3016 1118 3082 sacerdos,
1163 3031 1325 3072 cruce
1375 3026 1430 3070 et
1453 3033 1590 3086 aqua
1635 3017 1918 3074 benedicta
1971 3031 2152 3074 remst--

576 3110 852 3176 nentibns,
901 3111 1039 3166 redit
1098 3125 1220 3164 cmn
1265 3110 1492 3181 geminis
1529 3110 1866 3166 candelabris
1894 3113 1959 3166 ad
1981 3112 2154 3168 eccle-

574 3203 734 3264 siam,
757 3209 820 3256 ut
845 3215 1042 3272 corpus
1080 3201 1293 3255 Domini
1344 3211 1622 3270 apportet;
1656 3204 1800 3271 quod
1830 3211 2153 3272 accepturus

572 3293 726 3362 prius
778 3291 994 3346 veniam
1039 3292 1194 3360 petit,
1255 3299 1310 3346 et
1363 3292 1516 3362 prius
1555 3291 1824 3358 incensat,
1851 3291 2074 3364 frangit,
2099 3303 2155 3350 et

575 3395 788 3453 partem
835 3398 998 3453 quam
1028 3384 1292 3438 aliaturus
1321 3393 1423 3450 est,
1453 3399 1618 3455 super
1649 3383 1872 3439 calicem
1909 3394 2073 3451 tenet,
2101 3396 2156 3442 et

577 3485 688 3528 tam
740 3476 854 3544 ipse
899 3475 1066 3541 calix,
1117 3490 1277 3544 quam
1331 3491 1526 3532 manus
1572 3476 1892 3542 sacerdotis,
1933 3476 2156 3532 linteolo

575 3567 958 3622 candidissimo
983 3568 1310 3636 cooperitur.
1342 3567 1664 3636 Quicunque
1690 3567 1766 3621 illi
1796 3567 2152 3633 obviaverint,

573 3657 790 3710 veniam
857 3665 1066 3730 petunt.
1108 3655 1320 3710 Interea
1378 3665 1602 3710 curatur
1653 3667 1708 3711 ut
1757 3657 1954 3711 inlirmi
1985 3658 2153 3713 bucca

577 3748 808 3812 lavetur,
831 3749 1106 3818 recepturi
1137 3750 1314 3818 ipsum
1333 3765 1530 3818 corpus
1545 3749 1778 3812 Domini,
1797 3750 1940 3820 quod
1963 3751 2156 3819 recipit

577 3842 704 3895 vino
751 3841 1071 3906 intinctam;
1123 3857 1232 3910 quo
1277 3850 1514 3910 cpotato,
1569 3841 1735 3896 ebibit
1763 3857 1978 3912 quoque
2007 3841 2156 3898 ablu-

487 3959 490 3962 ι
578 3931 776 3984 tionem
833 3931 1040 3996 calicis,
1093 3939 1149 3984 et
1205 3932 1442 3986 secundo
1499 3930 1828 3987 ablutionem
1863 3932 2156 4002 digitorum

577 4019 897 4085 sacerdotis,
940 4031 997 4075 et
1050 4021 1228 4076 adhuc
1281 4020 1442 4075 tertio
1491 4019 1695 4075 calicis.
1739 4020 2039 4075 Adhibetur
2079 4019 2154 4075 illi

576 4125 710 4164 crux
740 4121 797 4166 ut
835 4125 954 4164 eam
985 4110 1289 4176 osculetur;
1322 4110 1600 4165 osculatur
1625 4111 1814 4176 etiam,
1841 4112 1998 4180 quasi
2029 4111 2156 4165 ulti-

575 4217 722 4256 mum
741 4202 858 4256 vale
883 4201 1144 4268 facturus,
1170 4202 1346 4270 primo
1369 4201 1728 4267 sacerdotem,
1753 4201 1944 4256 deinde
1967 4217 2156 4256 omnes

575 4295 800 4360 fratres,
819 4295 964 4363 ipsos
979 4309 1192 4364 quoque
1223 4306 1439 4363 pueros.
1461 4291 1622 4347 Redit
1641 4300 1938 4346 conventus
1969 4305 2156 4347 rursus

575 4387 830 4458 imposito
861 4401 892 4439 ι.
927 4385 1162 4441 Psalnto.

1144 4495 1370 4552 CAPUT
1397 4495 1586 4550 XXIX.

887 4589 1026 4656 Quid
1053 4589 1312 4658 agendum
1341 4597 1414 4640 est
1445 4587 1500 4639 in
1525 4587 1630 4654 ﬁne
1655 4586 1846 4640 exitus.

645 4703 936 4770 Postquam
961 4712 1140 4756 autem
1194 4699 1362 4754 frater
1401 4699 1467 4753 ad
1500 4697 1809 4765 huiusmodi
1835 4700 2042 4754 venerit
2075 4701 2158 4754 in-

580 4795 916 4860 firmitatem,
970 4795 1286 4864 providetur
1328 4793 1380 4849 ei
1433 4809 1574 4848 unus
1621 4793 1873 4858 famulus,
1921 4794 2014 4864 qui
2048 4809 2154 4848 non

580 4888 746 4943 habet
765 4885 910 4940 aliud
967 4885 1168 4948 facere,
1203 4885 1305 4939 nisi
1340 4893 1398 4938 ut
1425 4885 1757 4953 obsequatur
1785 4884 2021 4939 inﬁrmo.
2049 4883 2158 4940 Sed

579 4985 634 5030 et
679 4977 736 5030 in
792 4987 952 5030 nocte
991 4974 1180 5028 famuli
1237 4975 1330 5044 qui
1375 4975 1580 5030 suntin
1609 4975 1768 5029 domo
1795 4975 2154 5038 inﬁrmorum,

581 5080 772 5120 omnes
789 5065 1071 5134 diligenter
1084 5064 1380 5130 excubant,
1407 5077 1475 5120 ne
1489 5065 1668 5120 obitus
1692 5065 1808 5134 ejus
1831 5063 2160 5133 improvisus

581 5155 750 5226 possit
783 5155 1018 5210 evenire.
1043 5153 1188 5207 Crux
1215 5163 1297 5208 est
1323 5163 1509 5209 contra
1535 5156 1730 5211 faciem
1761 5155 1874 5224 ejus
1903 5154 2078 5220 allisa,
2102 5163 2160 5208 et

583 5250 763 5298 lumen
795 5246 942 5298 cerei
971 5258 1141 5298 usuue
1187 5244 1252 5298 ad
1280 5245 1486 5298 clarum
1527 5249 1669 5298 diem
1695 5263 1801 5298 non
1827 5247 2076 5298 defuerit.
2098 5247 2160 5298 Si

2259 483 2364 530 tem
2395 479 2486 546 qui
2555 488 2682 534 sunt
2741 481 2797 536 in
2851 483 3054 540 talibus
3105 487 3332 541 multum
3363 491 3672 554 exercitati,
3697 493 3833 546 mul-

2259 579 2478 641 tumque
2507 573 2686 640 periti,
2722 589 2845 627 cum
2871 575 3113 632 viderint
3149 577 3264 647 jam
3285 578 3408 648 ejus
3433 583 3616 636 exitus
3641 583 3830 638 horam

2255 660 2571 725 imminere,
2615 662 2852 717 cilicium
2909 669 3258 736 cxpandunt,
3310 669 3546 726 cinerem
3601 672 3835 742 desuper

2255 759 2572 821 aSpergunt,
2604 760 2660 806 et
2687 752 2960 810 inﬁrmum
2989 757 3058 813 de
3091 757 3230 812 lecto
3254 758 3488 814 levatum
3516 762 3570 815 in
3595 761 3833 817 cilicium

2253 846 2606 914 submittunt;
2657 846 2726 902 ab
2749 861 2857 902 uno
2895 858 3082 902 eorum
3112 849 3414 917 percutitur
3440 851 3619 906 tabula
3643 860 3832 906 contra

2251 939 2448 994 ostium
2471 939 2691 994 claustri
2717 939 2908 994 crebra
2926 947 2980 994 et
2999 940 3152 1008 quasi
3181 940 3436 995 continua
3461 943 3828 1010 percussione.

2253 1029 2408 1097 Quod
2451 1046 2572 1085 cum
2623 1029 2838 1098 signum
2879 1029 2950 1084 sit
2995 1029 3219 1096 abituri,
3266 1029 3412 1084 illico
3463 1039 3524 1085 ut
3587 1033 3829 1087 auditum

2253 1120 2438 1186 fuerit,
2500 1120 2696 1175 fratres
2721 1135 2910 1176 omnes
2943 1129 3234 1174 accurrunt
3262 1137 3277 1186 ;
3311 1136 3434 1175 nam
3457 1107 3709 1191 quamvis
3731 1123 3828 1178 lio-

2251 1213 2384 1268 mini
2424 1213 2594 1267 nostri
2619 1213 2827 1268 ordinis
2861 1213 3084 1268 omnino
3122 1213 3188 1268 sit
3219 1213 3550 1283 probibitum
3583 1224 3642 1269 ut
3671 1215 3831 1273 uliius

2253 1305 2329 1357 rei
2359 1305 2531 1374 gratia
2554 1319 2770 1372 gravem
2783 1313 2836 1358 et
2876 1313 3231 1374 temperatum
3249 1306 3517 1362 incessum
3540 1307 3832 1376 aliquando

2252 1394 2500 1458 excedat,
2527 1403 2704 1448 tamen
2729 1393 2796 1446 ad
2819 1397 3138 1450 morientem
3163 1403 3218 1450 et
3241 1395 3308 1450 ad
3331 1397 3639 1452 incendium
3669 1403 3832 1454 etiam

2250 1495 2579 1555 praeceptum
2611 1496 2670 1540 ut
2707 1497 2913 1541 currat.
2947 1487 3053 1542 Sed
3101 1489 3148 1558 si
3175 1489 3292 1544 inec
3322 1485 3516 1545 tabulae
3549 1494 3832 1562 percussio

2250 1578 2492 1632 evenerit
2527 1577 2610 1631 vel
2656 1578 2874 1647 quando
2927 1579 3189 1634 alterutra
3241 1582 3430 1648 missa,
3478 1584 3562 1636 vel
3615 1587 3832 1653 quando

2253 1673 2515 1745 regularis
2541 1675 2674 1730 liora
2699 1683 2968 1742 cantatur,
2983 1686 3246 1746 quotquot
3271 1685 3417 1732 stant
3444 1679 3576 1733 foris
3605 1681 3832 1734 chorum

2253 1775 2569 1831 accurrunt,
2600 1766 2691 1836 qui
2720 1766 2774 1820 in
2823 1767 3014 1832 choro,
3046 1767 3287 1832 minime,
3317 1767 3420 1824 nisi
3448 1769 3650 1838 quibus
3685 1771 3835 1839 prior

2251 1855 2506 1923 innuerit,
2553 1867 2610 1914 et
2663 1858 3040 1914 obedientiarii
3071 1860 3162 1928 qui
3211 1859 3280 1914 ad
3315 1861 3602 1930 exsequias
3627 1861 3838 1930 aliquid

2251 1953 2380 2002 sunt
2431 1945 2646 2001 facturi.
2696 1945 2850 2014 Quod
2895 1947 2942 2002 si
2997 1948 3052 2002 in
3099 1947 3387 2004 refectorio
3413 1948 3592 2004 adhuc
3620 1952 3831 2016 sedent,

2251 2049 2304 2096 et
2343 2039 2506 2094 lectio
2533 2039 2759 2094 necdum
2783 2047 2868 2094 est.
2897 2038 3068 2103 ﬁnita,
3095 2038 3257 2093 iidem
3280 2053 3492 2110 quoque
3519 2039 3832 2108 prosiliunt,

2250 2143 2581 2198 quanquam,
2631 2127 2868 2182 defuncti
2897 2143 3122 2197 corpore
3145 2127 3346 2193 lavato,
3387 2130 3517 2182 etin
3543 2130 3836 2186 ecclesiam

2253 2223 2556 2288 deportato,
2585 2219 2761 2274 denuo
2784 2219 2854 2274 sit
2885 2217 3010 2274 illuc
3025 2219 3378 2284 redeundum,
3403 2228 3464 2273 ut
3495 2219 3660 2274 lectio
3681 2220 3838 2276 linia-

2255 2321 2366 2376 tur,
2413 2320 2469 2366 et
2517 2311 2758 2382 psalmus
2826 2321 3136 2366 consuetus.
3165 2321 3432 2368 cantetur.
3468 2313 3836 2370 Accurreates

2253 2413 2432 2458 autem
2489 2415 2712 2460 cantant
2761 2413 2816 2464 et
2871 2413 3158 2460 recantant
3199 2405 3460 2476 majorem
3515 2407 3837 2478 Symbolum

2253 2495 2566 2561 ﬁdei,utfra
2577 2507 2728 2550 terna
2743 2496 2876 2552 ﬁdes
2903 2495 3219 2568 suffragium
3241 2499 3484 2554 conferat
3511 2501 3832 2571 migratum.

2255 2584 2364 2641 Sed
2413 2586 2460 2640 si
2531 2587 2710 2642 exitus
2765 2585 2884 2654 ejus
2939 2589 3145 2644 tardior
3198 2589 3596 2658 aliquantulum
3645 2591 3833 2655 fuerit,

2253 2679 2460 2747 agenda
2479 2687 2558 2732 est
2575 2677 2690 2746 ipso
2705 2677 2901 2732 domno
2921 2677 3116 2732 abbate
3142 2678 3226 2732 vel
3243 2679 3424 2748 priore
3445 2681 3838 2749 pronuntiante

2255 2767 2478 2834 litania;
2509 2778 2565 2822 et
2605 2769 2896 2838 unicuique
2931 2771 3132 2824 nomini
3175 2783 3488 2826 sanctorum
3509 2772 3838 2844 subjungen-

2255 2858 2390 2913 dunt
2411 2871 2518 2922 est,
2553 2857 2660 2912 Ora
2694 2876 2788 2928 pro
2820 2875 2900 2912 eo.
2933 2860 3024 2914 Est
3051 2869 3231 2916 autem
3258 2861 3649 2932 prolongauda,
3677 2871 3836 2933 prout

2253 2950 2564 3020 permiserit
2608 2950 2865 3019 temporis
2913 2951 3081 3018 ratio,
3133 2960 3188 3006 et
3234 2952 3530 3026 secundum
3587 2955 3735 3023 quod
3781 2956 3833 3010 in

2257 3057 2418 3096 causa
2477 3042 2761 3112 migraturi
2830 3043 3064 3112 prospici
3121 3043 3358 3112 potuerit
3413 3044 3498 3098 vel
3549 3045 3832 3102 aestimari.

2255 3134 2447 3188 Finitis
2497 3149 2624 3189 vero
2662 3141 2970 3189 sanctorum
3005 3119 3311 3191 nominibus
3337 3138 3618 3192 confestim
3645 3139 3834 3194 subin-
3905 3125 3908 3128 ’

2253 3226 2427 3279 fertur
2455 3243 2469 3278 :
2505 3223 2772 3294 Propitius
2798 3235 2931 3290 esto,
2965 3223 3136 3280 Parce
3161 3228 3229 3290 ei,
3272 3227 3512 3282 Domine.
3544 3227 3832 3298 Propitius,

2253 3323 2360 3370 ctc.
2415 3313 2620 3378 Libera,
2673 3324 2780 3369 etc.
2832 3315 2910 3368 De
2949 3315 3127 3385 gladio
3165 3317 3415 3388 maligno,
3467 3318 3660 3374 Libera
3693 3335 3832 3384 eum,

2253 3405 2496 3460 Domine.
2530 3406 2572 3457 A
2617 3415 2783 3460 ntorte
2819 3417 3088 3476 perpetua,
3137 3407 3350 3476 Libera,
3387 3421 3493 3466 etc.
3523 3414 3568 3464 Α
3601 3413 3834 3482 pondere

2251 3506 2606 3567 peccatorum,
2655 3495 2869 3563 Libera,
2924 3507 3030 3554 etc.
3073 3497 3118 3550 .4
3166 3509 3298 3554 tetra
3348 3501 3594 3572 caligine,
3623 3501 3830 3569 Libera,

2254 3595 2360 3639 etc.
2393 3585 2500 3640 Per
2536 3602 2738 3640 crucem
2769 3597 2938 3652 tuam,
2983 3587 3196 3656 Libera,
3230 3599 3334 3646 etc.
3369 3589 3475 3645 Per
3495 3593 3832 3648 intercessit»-

2256 3693 2371 3730 nem
2398 3677 2626 3730 omnium
2655 3689 2977 3745 sanctorum,
3032 3679 3241 3746 Libera,
3265 3691 3373 3736 etc.
3398 3680 3736 3746 Peccatores,
3765 3683 3833 3738 Te

2255 3784 2520 3839 rogamus,
2567 3769 2696 3822 audi
2745 3787 2860 3824 nos.
2897 3769 2962 3825 Ut
2985 3773 3276 3828 iracundia:
3307 3784 3412 3828 tua:
3438 3775 3652 3844 ﬂagella
3677 3777 3742 3828 ab
3773 3791 3832 3828 eo

2254 3875 2516 3922 amoveas,
2568 3857 2640 3912 Te
2685 3877 2792 3930 rog.
2834 3858 2902 3914 Ut
2940 3861 3184 3930 spiritum
3215 3861 3328 3931 ejus
3359 3881 3392 3917 a
3430 3861 3545 3916 loco
3577 3865 3834 3934 angustia!

2255 3949 2456 4015 liberes,
2495 3949 2564 4004 Te
2595 3967 2704 4022 rog.
2735 3950 2800 4006 Ut
2821 3969 2936 4006 cum
2958 3953 3154 4018 ﬁducia
3177 3953 3312 4007 diem
3329 3955 3524 4021 judicii
3554 3967 3832 4026 exspectet,

2257 4041 2327 4095 Te
2350 4050 2458 4112 rog'.
2492 4041 2560 4096 Ut
2602 4059 2720 4096 eum
2766 4045 2820 4097 in
2861 4061 3076 4098 numero
3108 4045 3427 4114 placentium
3455 4045 3552 4099 tibi
3579 4049 3836 4101 recenseri

2255 4131 2443 4201 facias,
2477 4132 2548 4187 Te
2589 4149 2700 4204 rog.
2733 4131 2799 4186 Ut
2829 4151 2947 4188 eum
2973 4152 3003 4187 a
3031 4151 3244 4189 numero
3270 4135 3495 4188 discerni
3519 4135 3696 4204 facias
3723 4154 3839 4190 ma-

2254 4223 2444 4288 lorum,
2495 4222 2564 4277 Te
2613 4240 2724 4294 rog.
2777 4223 2844 4278 Ut
2881 4241 2998 4279 eum
3026 4227 3078 4278 in
3123 4227 3329 4294 regione
3364 4227 3598 4280 uiuorum
3627 4230 3837 4282 (uternis

2254 4314 2459 4381 gaudiis
2489 4312 2647 4381 foreri
2675 4313 2873 4378 iubeas,
2907 4311 2976 4367 Te
2999 4330 3108 4384 rog.
3147 4313 3214 4368 Ut
3239 4331 3356 4367 eum
3377 4316 3598 4384 precaria
3629 4325 3840 4370 aeterna:

2179 4426 2234 4485 D
2260 4406 2376 4458 vita:
2395 4405 2618 4473 adipisci
2637 4405 2830 4474 facias,
2863 4404 2931 4460 Te
2953 4423 3064 4476 rog.
3094 4405 3162 4460 Ut
3183 4425 3298 4462 eum
3319 4424 3348 4460 a
3370 4409 3640 4477 mortifero
3663 4421 3840 4464 vasta-

2257 4506 2366 4550 tore
2393 4497 2668 4566 defendere
2703 4499 2956 4566 digneris,
3002 4497 3070 4552 Te
3105 4515 3212 4568 rog.
3267 4501 3464 4569 Agnus,
3502 4510 3608 4554 etc.
3643 4498 3836 4553 Parce.

2254 4593 2454 4659 Agnus.
2484 4589 2636 4644 Dona
2663 4590 2710 4642 ei
2738 4591 2984 4660 requirat.
3009 4590 3205 4659 Agnus.
3243 4591 3492 4646 Miserere
3515 4591 3656 4660 ejus.
3683 4591 3839 4659 Quod

2253 4681 2299 4735 si
2329 4682 2558 4736 necdum
2609 4681 2821 4745 ﬁnivit,
2867 4667 3163 4736 conventus
3211 4683 3438 4746 recedit,
3477 4693 3534 4737 et
3571 4683 3838 4752 aliquanti

2253 4773 2346 4844 qui
2379 4781 2656 4828 remanent
2684 4773 3004 4828 Psalterium
3054 4773 3335 4842 incipiunt.
3358 4773 3490 4827 Cum
3516 4783 3701 4827 autem
3723 4771 3836 4840 jam

2259 4881 2382 4922 eum
2423 4883 2528 4922 non
2565 4867 2929 4920 dubitaverint
2958 4867 3181 4932 obiisse,
3215 4866 3469 4920 dicuntur
3495 4882 3526 4920 a
3551 4867 3840 4920 sacerdote

2257 4960 2343 5014 hae
2373 4957 2608 5014 collectm
2633 4975 2646 5012 :
2675 4955 2789 5012 Pia:
2818 4959 3193 5012 recordationis
3215 4959 3429 5028 a/i'ectu,
3455 4957 3672 5028 fratres.
3695 4957 3834 5021 Alia,

2263 5050 2402 5103 Deus
2459 5049 2542 5101 cui
2576 5050 2753 5102 omnia
2809 5049 3006 5102 vivunt.
3058 5047 3293 5118 Suscipe,
3332 5047 3574 5114 Domine,
3603 5049 3836 5101 animum

2261 5145 2392 5198 serui
2409 5143 2500 5196 lui.
2523 5141 2828 5196 Conventus
2850 5141 3036 5196 exiens
3057 5149 3116 5195 ut
3131 5141 3408 5196 consident
3433 5149 3558 5194 ante
3571 5141 3835 5209 capellam

2264 5235 2321 5290 S.
2353 5235 2553 5298 Mariae,
2595 5241 2779 5288 cantat
2825 5247 3076 5298 vesperas
3121 5247 3219 5298 pro
3263 5229 3551 5294 defunctis,
3600 5229 3836 5284 cilicium
