4040 5298
223 300 326 357 775

935 292 1513 353 εοΝειἘτυοιΝΕε
1548 295 2089 357 CLUNIACENSES.
2119 332 2152 342 -ο
2214 300 2414 360 LIBER
2455 301 2781 361 TERTIUS.

3387 305 3487 360 ΤΗ

222 413 389 476 venit,
429 411 522 466 sed
559 409 842 467 moderato
874 411 1108 476 incessu,
1141 421 1194 466 et
1230 411 1500 466 cantando
1529 426 1678 482 vesp.
1709 412 1799 468 de-
1831 423 1877 476 Α
1900 416 2197 485 sepelitur;
2239 419 2372 472 alias
2393 420 2634 473 minime.
2666 420 2733 473 Et
2757 396 2864 474 nox
2897 417 3003 473 alia
3037 419 3088 473 in
3132 427 3243 474 tres
3275 418 3492 490 vigilias

223 504 557 558 functorum.

293 594 418 649 Mox
447 607 630 648 autem
669 601 729 648 ut
753 594 967 660 obierit,
1011 594 1154 649 ultro
1180 607 1506 664 procurrunt
1550 597 1802 651 conversi

226 696 286 741 nt
333 686 550 755 pulsent
585 686 766 741 omnia
814 687 991 756 signa,
1041 695 1097 741 et
1138 687 1368 756 prolixe,
1416 697 1475 742 ut
1519 695 1806 758 apporteut

223 783 400 836 adhuc
425 781 589 835 aliam
612 797 852 857 crucem,
893 793 948 837 et
979 799 1168 837 rursus
1205 798 1398 853 aquam
1440 784 1802 851 benedictam,

221 870 552 925 candelabra
581 879 636 925 et
666 871 996 925 thuribulum
1023 887 1036 936 ;
1067 887 1186 941 qua:
1214 888 1336 927 cum
1385 874 1582 929 fuerint
1609 891 1806 945 appor-

224 969 360 1024 tata,
393 962 616 1015 incenso
640 977 803 1032 super
825 962 1141 1017 defunctqu
1169 965 1311 1018 facto
1327 968 1628 1036 aspergitur
1640 970 1806 1023 etiam

224 1066 364 1120 aqua
387 1053 695 1106 benedicta.
727 1053 856 1107 Post
878 1054 1173 1118 modicum,
1199 1056 1358 1110 simul
1381 1073 1503 1111 cum
1536 1058 1665 1127 ipsis
1688 1075 1808 1129 qua:

226 1151 514 1213 apportata
565 1151 693 1195 sunt
723 1142 944 1196 effertur
974 1143 1026 1196 in
1053 1144 1306 1200 atriolum
1335 1145 1423 1200 ubi
1452 1146 1676 1202 lavetur.
1701 1148 1807 1202 Sed

223 1248 350 1287 eum
381 1231 478 1286 nec
509 1243 747 1302 portant,
781 1250 881 1289 nec
917 1234 1120 1301 lavant,
1151 1251 1252 1291 nec
1284 1237 1336 1291 in
1381 1239 1685 1308 sepulcrum
1715 1255 1811 1310 po—

222 1336 364 1380 nunt
388 1328 478 1382 alii
508 1326 704 1383 fratres
732 1343 893 1398 quam
933 1331 1024 1398 qui
1053 1328 1169 1397 ejus
1209 1339 1334 1383 sunt
1380 1329 1586 1384 similes
1623 1331 1704 1384 vel
1754 1333 1809 1386 in

223 1420 420 1474 ordine
475 1420 557 1474 vel
618 1421 734 1474 sine
783 1420 995 1475 ordine.
1043 1420 1122 1474 Ad
1174 1421 1528 1474 intirmarium
1576 1423 1811 1490 pertinet

221 1523 426 1578 aquam
455 1508 686 1564 calidam
719 1509 1039 1579 providere;
1067 1510 1137 1578 ad
1189 1509 1548 1564 eamerarium
1587 1525 1648 1563 ea
1692 1511 1812 1579 qui-

221 1601 326 1655 bus
355 1610 439 1655 est
468 1601 792 1657 induendus.
843 1601 1069 1657 Ponitur
1112 1616 1274 1671 super
1323 1602 1556 1657 tabulam
1593 1606 1658 1658 ad
1711 1605 1809 1660 hoc

221 1692 400 1746 solum
429 1691 774 1757 destinatam,
801 1694 1056 1757 nttdatur,
1087 1692 1302 1747 lavatur
1346 1709 1376 1747 a
1408 1694 1613 1749 vertice
1639 1710 1808 1764 usque

1907 518 1990 562 est
2023 509 2213 574 divisa,
2241 526 2468 579 quarum
2512 513 2740 581 primam
2766 514 2966 567 chorus
3008 513 3117 581 agit
3146 513 3355 578 dexter,
3403 526 3492 568 se-

1906 597 2135 651 cundam
2177 598 2420 662 sinister,
2454 600 2809 655 novissimam
2837 609 2962 671 post
3008 602 3304 656 matutinas
3334 604 3489 672 pueri

1907 705 2031 744 cum
2063 692 2358 761 magistris.
2395 691 2451 746 Si
2483 701 2563 746 est
2596 707 2700 746 nox
2733 693 3006 759 hiemalis,
3062 704 3120 748 ut
3163 707 3193 747 a
3236 693 3494 750 Kalendis

1907 779 2098 836 Octob.
2132 798 2302 852 usque
2328 784 2393 838 ad
2427 784 2648 838 Cinnam
2692 784 2926 848 Domini,
2955 786 3020 838 ad
3049 801 3490 855 unamquamque

1907 870 2146 939 vigiliam
2195 871 2519 926 Psalterium
2555 887 2621 925 ex
2670 882 2786 927 toto
2824 883 2909 927 est
2937 873 3251 940 dicendum,
3280 877 3494 944 vesperi

1907 962 1999 1014 oti".
2049 970 2103 1015 et
2143 970 2274 1016 mat.
2327 961 2516 1016 laudes
2555 976 2653 1031 pro
2695 962 2988 1029 defunctis,
3035 964 3220 1018 addito
3280 980 3496 1034 semper

1918 1051 2086 1106 Verba
2124 1069 2259 1106 mea.
2297 1055 2366 1106 At
2396 1053 2439 1106 si
2469 1064 2551 1107 est
2577 1054 2784 1120 aestiva,
2817 1065 2942 1109 tunc
2971 1058 3038 1108 de
3084 1055 3349 1111 Psalterio
3382 1073 3490 1111 non

1911 1144 2012 1197 nisi
2045 1153 2262 1198 centum
2307 1144 2441 1213 psal.
2479 1154 2603 1198 sunt
2643 1146 2876 1200 dicendi.
2905 1147 2968 1200 Et
2996 1147 3039 1200 si
3086 1157 3207 1215 post
3252 1147 3489 1216 comple-

1911 1235 2110 1285 torium
2139 1233 2322 1288 obitus
2354 1233 2540 1286 fratris
2577 1235 2882 1304 contigerit,
2925 1235 3248 1290 Psalterium
3278 1255 3382 1291 non
3409 1247 3494 1292 est

1911 1324 2299 1393 incipiendum,
2331 1324 2434 1380 nisi
2468 1324 2618 1393 prius
2644 1340 2712 1378 ex
2749 1337 2864 1383 toto
2900 1327 3267 1396 sintexpleta,
3305 1338 3492 1397 postea

1910 1429 2074 1483 quam
2101 1414 2270 1469 frater
2300 1417 2454 1480 obiit,
2485 1427 2537 1470 et
2573 1431 2724 1485 vesp.
2757 1432 2854 1486 pro
2897 1417 3193 1484 defunctis,
3224 1429 3278 1474 et
3305 1419 3396 1472 oti.
3438 1428 3496 1474 et

1912 1514 2106 1559 matut.
2147 1506 2292 1560 laud.
2331 1517 2384 1561 et
2426 1506 2592 1560 Verba
2623 1524 2758 1561 mea.
2793 1508 2956 1562 Missa
3003 1519 3192 1563 matut.
3240 1520 3496 1564 cantatur

1911 1610 2010 1665 pro
2054 1610 2143 1659 eo,
2188 1597 2255 1648 ad
2286 1610 2450 1665 quam
2504 1612 2694 1651 omnes
2731 1606 2790 1652 ut
2817 1597 3051 1653 otIerant
3090 1600 3288 1653 debent
3331 1599 3496 1653 inter-

1909 1700 2051 1742 esse.
2099 1687 2369 1742 Diaconus
2409 1698 2694 1757 postquam
2742 1689 3105 1744 incensaverit
3159 1690 3374 1754 altaria,
3411 1691 3498 1744 in-

219 1787 289 1839 ad
342 1785 587 1855 plantam
638 1787 808 1857 pedis.
858 1785 983 1842 Sola
1033 1788 1267 1843 verenda
1318 1788 1486 1842 veteri
1541 1787 1808 1842 stamiueo
1839 1787 2102 1846 Bcensat
2127 1788 2184 1834 et
2228 1778 2562 1836 defunctum.
2613 1779 2932 1851 Sepulcrum
2983 1796 3107 1837 cum
3151 1781 3352 1836 factmn
3386 1782 3498 1836 fue-

219 1886 355 1932 sunt
400 1887 678 1947 cooperta.
732 1879 974 1934 Vestitur
1019 1879 1303 1944 stannneo,
1362 1880 1588 1941 euculla,
1623 1879 1811 1947 caligis

219 1969 661 2034 nocturnalibus,
687 1979 744 2025 et
786 1970 1006 2051 sudario
1033 1971 1174 2040 quod
1203 1981 1284 2026 est
1310 1971 1375 2027 de
1415 1972 1604 2026 eodem
1632 1987 1811 2040 panno

218 2060 290 2114 de
328 2076 440 2130 quo
466 2069 549 2117 est
579 2062 925 2128 stamineum,
963 2063 1104 2118 sicut
1131 2074 1187 2118 et
1215 2063 1424 2135 caligae,
1460 2079 1579 2133 qua:
1615 2073 1668 2118 ot
1697 2063 1812 2118 lon-

218 2153 404 2222 giores
451 2161 578 2207 sunt
621 2167 783 2223 quant
837 2153 955 2208 aliae
998 2155 1206 2225 caligae,
1239 2170 1338 2211 nec
1378 2155 1431 2210 in
1463 2156 1811 2210 extremitate

219 2243 424 2313 patulae
479 2253 606 2298 sunt
658 2254 917 2300 consulas.
974 2245 1249 2316 Capellutn
1306 2245 1531 2304 cuculla:
1580 2247 1812 2316 desuper

221 2330 424 2390 faciem
448 2352 514 2389 ex
554 2345 785 2406 utraque
816 2347 971 2408 parte
1018 2339 1300 2394 consuitur
1353 2349 1543 2395 contra
1599 2349 1810 2408 pectus,

221 2441 390 2496 super
436 2427 581 2495 quod
627 2427 788 2481 etiam
822 2443 1013 2484 manus
1043 2426 1203 2499 supra
1260 2430 1526 2486 cucullam
1585 2432 1814 2501 compli-

221 2527 443 2582 cantur,
471 2518 694 2588 ipsaque
717 2519 925 2575 cuculla
956 2535 1052 2590 per
1083 2520 1199 2576 loca
1237 2523 1547 2577 eonsuendo
1580 2523 1653 2576 ita
1684 2539 1815 2578 con-

221 2610 542 2679 stringitur,
574 2619 632 2664 ut
662 2611 714 2664 in
763 2611 904 2666 nulla
938 2596 1091 2682 parte
1120 2613 1189 2667 sit
1230 2613 1372 2667 laxa.
1415 2614 1546 2668 ltem
1593 2624 1814 2669 noctur-

221 2704 371 2758 nalia
402 2713 744 2759 consuuntur
765 2705 830 2758 ad
864 2705 1116 2759 invicem.
1148 2706 1294 2760 Inter
1341 2705 1628 2760 lavandum
1669 2706 1814 2760 lava-

224 2805 375 2850 tores
399 2804 666 2866 quotquot
699 2797 872 2852 sciunt
902 2799 1160 2870 psalmos,
1204 2814 1308 2853 non
1355 2808 1570 2854 cessant
1612 2815 1640 2853 a
1671 2800 1814 2870 psal-

222 2886 437 2950 modia,
476 2895 532 2941 et
569 2889 822 2944 sacerdos
854 2890 984 2944 dicit
1014 2890 1155 2944 lianc
1183 2890 1467 2945 collectam
1505 2909 1517 2944 :
1571 2891 1809 2960 Suscipe,

224 2972 470 3042 Domine,
503 2978 733 3031 animam
759 2981 892 3032 servi
917 2980 1015 3033 tui.
1045 2979 1340 3049 Postquam
1371 2981 1599 3035 vestitus
1627 2980 1811 3048 fuerit,

225 3067 537 3134 incensum,
595 3070 736 3138 quod
794 3069 1009 3124 interim
1062 3087 1278 3140 semper
1310 3080 1426 3126 erat
1474 3073 1808 3139 continuum,

225 3160 466 3214 mittitur
515 3176 677 3230 super
726 3176 880 3227 eum,
930 3171 984 3216 et
1039 3139 1294 3232 aspersus
1340 3179 1477 3231 aqua
1527 3163 1810 3218 benedicta
1841 3139 1883 3199 (ἶ

226 3252 449 3320 potiitur
480 3252 532 3305 in
562 3252 840 3315 feretrum,
881 3261 936 3306 et
959 3251 1192 3322 desuper
1221 3253 1553 3322 opertorium
1581 3252 1811 3317 levatur,

227 3351 483 3412 portatur
525 3357 692 3412 usque
747 3344 812 3397 ad
857 3343 1054 3398 ostium
1089 3353 1279 3398 contra
1319 3353 1674 3407 conventum;
1720 3343 1812 3412 qui

227 3448 354 3486 eum
378 3431 592 3485 venerit
612 3433 680 3486 ad
713 3431 872 3487 finem
903 3432 1126 3501 alicujus
1153 3432 1369 3502 psalmi,
1406 3433 1507 3487 hoc
1543 3433 1692 3502 prior
1719 3433 1814 3487 ob-

227 3532 438 3588 servat,
481 3532 538 3578 et
582 3525 813 3593 percutit
859 3524 1094 3578 tabulam
1123 3524 1288 3579 semel
1322 3533 1552 3579 tantum.
1587 3525 1813 3579 Dimissa

226 3613 560 3684 psalmodia,
609 3615 677 3670 ab
737 3617 990 3671 onmibns
1039 3617 1314 3671 inclinatis
1375 3617 1572 3671 dicitur
1631 3615 1815 3671 Oratio

229 3708 538 3770 Dominica,
566 3717 620 3762 et
654 3707 822 3778 prior,
855 3706 923 3760 Et
953 3724 1014 3761 ne
1045 3724 1136 3761 nos
1163 3708 1404 3772 inducas,
1434 3715 1537 3760 etc.
1583 3706 1627 3757 A
1664 3715 1814 3776 porta

228 3800 413 3867 inferi.
459 3798 612 3854 Orat.
663 3799 803 3853 Deus
854 3800 972 3875 vitae
1015 3801 1206 3864 dator,
1255 3809 1360 3853 etc.
1419 3800 1574 3862 Alia,
1638 3798 1812 3864 Deus,

229 3893 318 3961 qui
351 3893 708 3944 humanarum
743 3891 1042 3944 animarum
1067 3900 1291 3944 aeternus
1338 3901 1546 3942 amator
1590 3905 1664 3942 es.
1713 3889 1814 3942 lut-

231 3980 457 4049 ponitur
481 3993 725 4048 respons.
761 3978 1062 4034 Subvenite.
1098 3977 1251 4044 Item,
1279 3977 1395 4032 Heu
1419 3979 1567 4043 nti/ti,
1604 3988 1710 4033 etc.
1758 3978 1816 4035 lu

230 4069 586 4140 processione
609 4085 824 4124 crucem
855 4079 1156 4139 sequuntur
1177 4070 1350 4140 pueri,
1375 4078 1559 4139 postea
1581 4070 1814 4140 priores,

232 4168 419 4228 postea
460 4159 739 4222 conversi,
786 4167 841 4212 et
892 4159 1129 4214 defuncti
1180 4161 1468 4228 portitores
1514 4161 1816 4226 novissimi,

237 4248 463 4317 ipseque
490 4247 778 4303 defunctus
819 4260 946 4304 ante
975 4249 1144 4303 altare
1177 4249 1235 4304 S.
1278 4250 1462 4304 Maria:
1497 4251 1815 4316 collocatur,

236 4352 407 4406 usque
437 4337 564 4390 dum
593 4351 691 4405 pro
718 4352 782 4391 eo
813 4338 925 4392 hmc
957 4337 1178 4393 collecta
1207 4339 1439 4404 dicatur,
1467 4338 1632 4405 Deus,
1658 4342 1820 4393 venite

237 4427 482 4497 largitor.
534 4428 747 4482 Rursus
791 4429 1044 4499 imposito
1086 4445 1227 4499 resp.
1281 4429 1364 4484 Ne
1413 4432 1723 4496 recorderis,
1764 4440 1818 4486 et

237 4528 450 4587 postea,
470 4518 778 4574 Peccantem
793 4537 872 4576 me
887 4522 1140 4592 quotidie,
1166 4533 1220 4576 et
1246 4523 1550 4591 pulsatione
1575 4525 1815 4580 omnium

239 4611 518 4680 signorum
541 4609 653 4678 jam
687 4611 942 4681 incoepta,
975 4622 1221 4682 portatur
1249 4614 1300 4667 in
1334 4613 1623 4668 ecclesiam
1655 4612 1818 4681 majo-

242 4715 377 4765 rem,
409 4700 631 4770 ponitur
654 4716 818 4769 super
846 4702 1065 4757 formas.
1111 4703 1258 4758 Crux
1307 4719 1428 4758 eum
1477 4704 1820 4760 caudelabris

241 4790 306 4844 ad
330 4797 494 4858 caput
525 4788 641 4857 ejus
673 4791 926 4861 afﬁgitnr.
955 4794 1036 4848 Ab
1061 4793 1148 4847 illa
1191 4794 1345 4859 liora,
1380 4810 1662 4864 quousque
1692 4810 1837 4864 por-

243 4886 385 4934 tetur
407 4881 472 4933 ad
502 4881 831 4950 sepulcrum,
849 4897 952 4936 non
975 4883 1247 4938 omittitur
1267 4886 1471 4954 absque
1497 4885 1818 4954 psalmodia,

243 4969 343 5024 nisi
365 4969 531 5024 missa
555 4971 822 5040 generalis
844 4981 936 5026 aut
963 4974 1096 5029 hora
1125 4973 1388 5042 regularis
1430 4984 1715 5040 cantetur;
1749 4977 1815 5031 ad

241 5077 406 5130 quam
449 5077 572 5116 cum
611 5063 844 5132 primum
887 5064 1135 5132 pulsatur
1187 5063 1418 5133 signum,
1463 5075 1641 5121 cessat
1675 5068 1818 5134 psal-

241 5155 442 5220 modia,
503 5165 699 5226 praeter
747 5155 814 5209 ad
858 5156 998 5214 solos
1048 5163 1364 5223 nocturnos,
1425 5167 1550 5216 tunc
1605 5167 1819 5214 tenetur

240 5261 412 5298 usaue
455 5247 523 5298 ad
555 5246 828 5298 introitum
881 5261 1198 5298 utier-orum.
1253 5247 1477 5298 Ouamln
1513 5261 1818 5298 mnventm

1908 1869 2002 1935 rit,
2025 1869 2253 1925 dicenda
2279 1878 2364 1924 est
2394 1871 2511 1925 hac
2533 1870 2758 1926 collecta
2805 1887 2966 1942 super
3013 1872 3143 1928 illud
3170 1891 3183 1926 :
3217 1873 3377 1937 Deus,
3405 1873 3499 1942 qui

1909 1959 2164 2028 fundasti.
2195 1960 2396 2030 Maiore
2422 1962 2587 2017 missa
2632 1962 2807 2028 finita,
2838 1964 2924 2020 vel
2968 1965 3013 2019 si
3057 1973 3140 2019 est
3181 1963 3497 2034 Quadrage-

1909 2050 2067 2116 sima,
2117 2051 2269 2116 scilla
2327 2051 2396 2104 ad
2447 2067 2598 2121 vesp.
2653 2053 2885 2121 pulsata,
2936 2063 2991 2108 et
3045 2054 3292 2108 oratione
3341 2067 3492 2121 vesp.

1909 2143 2211 2210 prtemissa,
2241 2143 2390 2212 prior
2418 2159 2584 2197 unmn
2613 2145 2678 2199 de
2717 2144 3010 2212 majoribus
3044 2147 3211 2216 signis
3249 2145 3496 2215 aliquan-

1911 2233 2080 2288 tulum
2117 2235 2293 2304 pulsat
2331 2251 2428 2305 per
2474 2244 2588 2290 tres
2619 2237 2784 2292 vices.
2819 2239 3160 2292 Conveniunt
3187 2239 3406 2303 fratres,
3437 2250 3496 2295 et

1911 2327 2056 2384 cet-isi
2089 2340 2187 2395 per
2214 2327 2467 2382 custodes
2495 2327 2737 2382 ecclesiae
2763 2329 3179 2382 distribuuntur.
3216 2329 3488 2387 Sacerdos

1912 2416 2224 2473 defunctum
2249 2417 2575 2486 sepulturus,
2603 2419 2820 2474 indutus
2841 2429 2924 2474 est
2951 2421 3071 2474 alba
3104 2431 3160 2475 et
3194 2423 3355 2476 stola.
3385 2425 3491 2478 Ar-

1912 2509 2120 2564 marius
2146 2509 2354 2564 adscito
2402 2509 2508 2564 alio
2559 2510 2726 2564 fratre
2776 2511 2982 2579 incipit,
3030 2510 3213 2581 It'yn'e,
3275 2512 3491 2582 eleison,

1913 2601 2138 2668 Christe,
2170 2602 2388 2667 eleison,
2431 2603 2614 2672 Kyrie,
2655 2612 2760 2657 etc.
2800 2605 2881 2658 Ad
2931 2606 3073 2674 quod
3127 2621 3249 2660 cum
3302 2623 3494 2665 omnes

1912 2693 2073 2749 simul
2120 2693 2523 2762 responderint,
2555 2694 2880 2748 submittunt
2926 2710 2984 2750 se
3030 2695 3276 2763 inclines,
3323 2708 3377 2753 et
3406 2715 3495 2754 sa-

1914 2788 2105 2843 cerdos
2139 2789 2344 2856 absque
2369 2787 2703 2842 salutatione
2732 2789 2988 2843 dicit‘bas
3016 2789 3272 2845 collectas
3310 2809 3322 2844 :
3368 2791 3514 2846 Non-

1913 2885 2094 2937 intres.
2131 2879 2244 2934 Fac
2270 2921 2284 2946 ,
2323 2898 2640 2951 qua'sumus,
2666 2881 2909 2935 Domine.
2959 2881 3200 2946 Inclina,
3249 2882 3492 2936 Domine.

1914 2972 2122 3040 Quibus
2147 2973 2512 3041 interponitur
2538 2987 2680 3041 resp.
2712 2973 2734 3025 1
2770 2971 2968 3026 Induta
3007 2983 3104 3025 est.
3137 2972 3173 3026 2
3204 2971 3349 3038 Scio,
3378 2973 3510 3027 Do-~

1915 3064 2072 3118 mine.
2117 3064 2151 3118 '5
2192 3063 2379 3117 Libera
2421 3081 2530 3127 me,
2577 3065 2816 3118 Domine.
2871 3065 3093 3130 Versus,
3141 3075 3249 3120 etc.
3308 3066 3495 3133 Toties

1914 3168 2128 3224 quoque
2158 3155 2412 3210 sacerdos
2440 3155 2870 3210 incensataltare
2900 3155 3196 3224 principale
3219 3165 3269 3210 et
3295 3172 3496 3224 corpus

1915 3247 2176 3312 defuncti,
2223 3246 2518 3316 imponitur
2573 3247 2782 3315 antiph.
2843 3247 2908 3299 In
2961 3245 3326 3310 Pwradisum,
3370 3264 3495 3302 cum

1914 3335 2048 3406 psal.
2080 3352 2245 3390 cxvu.
2267 3335 2379 3390 Hoc
2403 3345 2642 3389 mutatur
2665 3337 2714 3389 in
2741 3337 3264 3406 processione,quod
3293 3352 3495 3406 pueros

1914 3436 2213 3496 sequantur
2260 3427 2448 3482 novitii
2493 3436 2548 3480 et
2589 3427 2860 3492 conversi,
2909 3437 2964 3482 et
3019 3435 3204 3495 postea
3258 3427 3492 3496 priores.

1917 3517 2072 3571 Stant
2097 3517 2259 3570 etiam
2290 3517 2342 3570 in
2365 3515 2592 3570 ecclesia
2622 3516 2677 3568 S.
2708 3514 2888 3568 Marize
2915 3530 3038 3568 cum
3065 3516 3238 3570 cereis
3263 3516 3489 3570 infirmi.

1915 3610 2223 3664 Conventus
2252 3616 2430 3662 autem
2477 3607 2812 3676 praeveniens
2858 3606 2909 3660 in
2961 3608 3351 3674 cauneteriutn,
3400 3621 3493 3661 ex-

1914 3702 2104 3771 pandit
2130 3717 2187 3755 se
2223 3702 2275 3754 in
2305 3700 2523 3754 modum
2557 3713 2790 3763 coronae,
2827 3707 2879 3753 et
2935 3698 3077 3752 inter
3124 3699 3496 3767 sepeliendum

1917 3807 1978 3847 ea
2015 3791 2306 3861 psalmodia
2336 3806 2456 3845 cum
2483 3788 2691 3858 antiplt.
2724 3796 2977 3842 cantatur
3030 3787 3097 3841 ab
3144 3803 3229 3842 eo.
3280 3789 3494 3857 antipli.

1917 3882 2155 3952 Aperite;
2197 3882 2334 3951 psal.
2363 3879 2694 3948 Cou/itemini
2720 3896 2738 3943 ,'
2767 3880 2976 3948 antipli.
3012 3876 3327 3948 Ingrediar;
3356 3878 3494 3946 psal.

1920 3976 2403 4043 Quemadmodum;
2434 3984 2547 4030 aut.
2582 3974 2711 4029 Haec
2742 3976 2984 4044 requies;
3022 3982 3138 4028 ant.
3190 3973 3496 4038 Memento;

1919 4075 2029 4120 ant.
2056 4066 2132 4120 De
2159 4076 2350 4126 terrae;
2382 4065 2513 4134 psal.
2547 4065 2792 4128 Domine,
2821 4064 3052 4132 probasti
3079 4080 3193 4128 me;
3225 4072 3338 4117 ant.
3372 4063 3497 4117 Non

1923 4155 2117 4219 intres;
2163 4156 2299 4225 psal.
2331 4155 2574 4219 Domine,
2615 4154 2843 4217 exaudi;
2869 4162 2981 4205 ant.
3025 4151 3209 4206 Omnis
3237 4169 3278 4219 ει
3298 4152 3496 4214 iritus;

1921 4244 2052 4312 psal.
2085 4243 2352 4306 Laudate;
2384 4254 2493 4296 aut.
2526 4241 2767 4306 Absolve,
2807 4241 3059 4303 Domine;
3102 4248 3245 4293 cant.
3274 4239 3498 4296 Benedi-

1920 4344 2053 4386 ctus.
2094 4334 2361 4388 Sacerdos
2409 4347 2530 4385 eutn
2563 4331 2798 4400 primum
2839 4329 3047 4382 venerit
3075 4331 3137 4380 ad
3164 4327 3496 4396 sepulcrum,

1923 4427 2022 4479 has
2048 4425 2177 4479 dicit
2205 4423 2460 4478 collectas
2486 4440 2497 4475 :
2537 4422 2880 4474 Obsecramus
2903 4416 3496 4480 misericordiam.Alia,

1922 4515 2064 4570 Deus
2085 4514 2225 4584 apud
2252 4529 2422 4584 quem.
2456 4511 2770 4580 Sepulcrum
2807 4520 2863 4564 et
2887 4511 3036 4580 prius
3061 4517 3119 4560 et
3141 4515 3500 4576 posteaquam

1923 4606 2237 4662 defunctum
2288 4605 2574 4674 receperit,
2609 4603 2946 4665 incensatur,
2977 4609 3030 4654 et
3047 4613 3187 4666 aqua
3215 4597 3498 4651 benedicta

1923 4697 2248 4768 aspergitur.
2281 4695 2588 4751 Colloeatur
2615 4691 2926 4764 operculum
2949 4692 3183 4760 ligneum
3207 4703 3371 4758 super
3406 4688 3496 4741 de-

1924 4788 2190 4850 functum,
2222 4794 2276 4839 et
2303 4785 2559 4840 sacerdos
2591 4785 2823 4853 primum
2846 4782 2967 4851 pata
2993 4780 3218 4835 mittens
3252 4782 3501 4850 aliquan-

1926 4879 2094 4932 tolum
2143 4873 2299 4931 terrae
2341 4891 2505 4946 super
2553 4875 2721 4936 illum,
2747 4873 3026 4944 subjungit
3073 4871 3172 4924 lias
3199 4871 3501 4926 collectas:

1927 4971 2148 5025 Oremus
2178 4982 2195 5020 :
2228 4966 2449 5020 Fratres
2478 4964 2794 5024 charissimi.
2831 4964 2998 5030 Deus,
3049 4961 3139 5031 qui
3179 4961 3342 5030 justis
3383 4974 3508 5027 sup-

1922 5064 2101 5132 plicia.
2121 5061 2366 5114 Debitum
2391 5061 2608 5112 humani
2627 5059 2883 5126 corporis.
2916 5056 3244 5115 Temeritatis
3276 5053 3507 5125 quidem.

1924 5157 2132 5224 Quibus
2154 5153 2311 5206 factis
2343 5151 2548 5206 recedit
2568 5167 2598 5204 a
2631 5150 2884 5218 sepulcro
2907 5149 3074 5209 simul
3094 5164 3216 5203 cum
3245 5159 3432 5208 cruce,
3455 5149 3512 5196 et.

1925 5245 2171 5298 procedit
2199 5243 2250 5296 in
2277 5242 2510 5296 medium
2531 5243 2930 5298 cmmeterium.
2956 5247 3011 5298 in
3027 5254 3136 5298 uno
3158 5247 3306 5293 stant
3332 5233 3508 5298 pueri.
