4040 5298
494 355 598 413 ’ῖῖιῖ

495 490 617 530 cum
655 473 914 530 Oratione
961 469 1238 525 Dominica
1267 482 1414 524 vers.
1465 466 1507 519 Α
1557 473 1708 536 porta
1746 463 1934 533 inferi;
1967 461 2077 516 eol-
2103 465 2151 523 Α

493 565 655 628 lecta,
706 559 872 630 Deus,
923 563 1075 630 cujus
1126 560 1495 622 miseratione,
1532 557 1672 612 facta
1726 555 2072 612 inclinatione

495 666 777 719 consueta,
807 661 861 707 et
887 668 962 705 vn
999 650 1220 721 psalmis
1269 648 1558 719 impositis,
1609 647 1855 702 redditur
1887 645 1964 700 ita
2014 652 2074 699 ut

491 760 611 820 post
636 762 841 819 pueros.
866 747 1074 816 priores
1119 759 1179 798 ea
1226 743 1344 798 vice
1370 743 1480 798 sint
1503 740 1842 806 anteriores;
1881 754 1947 794 en
1975 737 2071 793 de-

492 841 657 910 nique
684 839 873 894 ordine
901 852 1021 892 cum
1062 836 1406 905 pervenerint
1442 834 1496 887 in
1541 833 1786 896 chorum,
1835 838 2092 900 proster-A

494 939 625 987 nent
644 945 702 985 se
730 945 854 984 cum
879 927 1008 997 ipsis
1039 926 1282 996 psalmis,
1311 938 1447 993 quos
1477 923 1730 978 sacerdos
1754 920 1864 989 jam
1896 919 2071 974 albam

494 1033 549 1078 et
569 1023 760 1078 stolam
793 1027 986 1074 exutus
1015 1016 1218 1072 claudit
1263 1015 1368 1070 hac
1395 1011 1640 1076 collecta,
1691 1010 1931 1075 Absolve,
1963 1006 2074 1063 Do-

492 1105 650 1177 mine,
683 1112 915 1164 animum
962 1108 1148 1178 [amuli
1194 1106 1291 1160 tui.
1343 1104 1507 1174 Signa
1534 1144 1548 1170 ,
1605 1118 1724 1172 qua:
1765 1103 2074 1158 defunctum

493 1201 762 1258 eﬂ‘erendo
811 1199 993 1255 statim
1045 1197 1246 1267 pulsari
1282 1204 1410 1252 sunt
1461 1195 1735 1256 inchoata,
1770 1207 1876 1246 non
1923 1191 2074 1262 prius

493 1292 749 1346 omittunt
769 1303 932 1358 quam
963 1287 1217 1342 sacerdos
1243 1282 1531 1340 recesserit
1559 1297 1590 1335 a
1623 1280 1896 1350 sepulcro.

480 1439 482 1447 ,
563 1384 682 1455 Ipso
719 1382 804 1437 die
849 1394 956 1450 quo
1002 1377 1287 1433 defunctus
1331 1373 1608 1444 sepelitur,
1659 1384 1847 1425 omnes
1890 1382 2075 1423 sacer-

493 1481 644 1536 dotes
689 1483 914 1532 cantant
955 1474 1178 1528 missam
1212 1485 1310 1540 pro
1340 1484 1425 1525 eo.
1474 1468 1530 1522 In
1585 1473 1846 1535 sequente
1895 1471 2075 1516 autem

492 1569 580 1623 die
621 1563 881 1637 quidquid
927 1563 993 1615 ad
1039 1576 1250 1616 cuinam
1282 1560 1438 1629 panis
1469 1565 1559 1612 aut
1586 1555 1694 1610 vini
1725 1550 2075 1614 remanserit,

492 1663 559 1717 ad
589 1663 986 1730 elccmosynam
1022 1673 1118 1727 pro
1143 1671 1208 1709 eo
1233 1656 1411 1709 datur.
1451 1652 1742 1706 luchoatur
1787 1656 1843 1703 et
1897 1653 2074 1716 septe-

494 1753 679 1808 narius
709 1750 825 1819 ejus
853 1759 907 1804 et
953 1747 1296 1803 tricenarius.
1340 1744 1692 1814 Septenarius
1739 1741 1834 1804 ita,
1869 1747 1930 1792 ut
1979 1751 2090 1806 per.

493 1853 697 1914 septem
728 1843 844 1897 dies
882 1839 1112 1896 ollicium
1141 1847 1197 1893 et
1240 1839 1406 1892 missa
1451 1819 1706 1890 cantetur
1745 1848 1774 1886 a
1807 1838 2073 1887 conventu
2109 1833 2152 1891 Β

490 1949 590 2004 pro
626 1948 690 1989 eo
722 1931 1068 2002 generaliter.
1106 1928 1455 1984 Tricenarins
1484 1939 1613 1980 vero
1644 1925 1718 1978 ita
1747 1929 1807 1977 ut
1844 1936 1941 1991 per
1976 1919 2076 1973 tri-

495 2025 643 2096 ginta
695 2024 812 2079 dies
860 2023 1017 2078 detur
1065 2021 1140 2074 ad
1173 2021 1572 2089 elcemosynam
1631 2015 1747 2085 ejus
1790 2010 2075 2083 praebenda

490 2121 652 2191 plena
681 2134 800 2173 cum
831 2117 970 2172 fabis
994 2125 1048 2170 et
1081 2095 1358 2184 generali";
1389 2120 1444 2166 et
1479 2107 1776 2179 psalmodia
1809 2120 1928 2175 qua:
1971 2100 2077 2157 dici

494 2212 632 2267 solet
658 2218 781 2280 post
817 2216 1038 2273 matnt.,
1077 2217 1132 2260 ct
1177 2205 1418 2276 psalmus
1452 2200 1583 2255 Voce
1628 2215 1765 2262 mea,
1797 2196 1890 2267 qui
1941 2192 2078 2247 solet

493 2304 596 2359 dici
631 2303 692 2357 ad
727 2315 918 2356 omnes
959 2301 1148 2364 horas;
1198 2306 1322 2351 tunc
1364 2308 1462 2364 pro
1492 2307 1557 2348 eo
1584 2291 1796 2346 dicatur
1818 2296 1874 2342 et
1909 2283 2087 2339 Verba.

491 2412 627 2457 mea,
653 2402 708 2449 et
738 2409 840 2446 xxx
867 2391 1060 2446 missas
1084 2405 1183 2460 pro
1213 2403 1278 2442 eo
1309 2385 1603 2440 cantandas
1627 2398 1656 2434 τι
1687 2395 1782 2435 sex
1821 2376 2075 2434 sacerdo-

493 2489 659 2550 tibus,
695 2487 877 2556 priore
918 2482 1232 2551 incipiente,
1275 2491 1502 2548 quorum
1551 2471 1925 2541 unusquisque
1951 2482 2075 2522 cum

493 2592 621 2630 suas
649 2575 848 2629 finierit
881 2574 932 2626 in
961 2570 1196 2641 capitulo
1232 2567 1572 2638 pronuntiat,
1598 2572 1664 2616 ut
1689 2562 1829 2615 alius
1858 2558 2078 2628 incipiat

494 2667 545 2719 in
570 2666 829 2729 crastino,
853 2662 994 2733 quod
1016 2673 1288 2729 nunquam
1313 2654 1692 2710 intermittitur
1713 2665 1813 2720 pro
1839 2648 2078 2718 qualibet

493 2756 811 2819 festivitate,
841 2752 1082 2821 exceptis
1124 2765 1221 2821 per
1253 2761 1452 2803 annum
1489 2744 1728 2814 quinque
1762 2739 1976 2802 diebus,
2024 2735 2078 2790 id

493 2855 573 2901 est
607 2847 658 2900 in
693 2844 987 2899 Nativitatc
1017 2839 1255 2904 Domini,
1299 2838 1352 2892 in
1399 2834 1516 2903 ejus
1553 2830 1988 2891 Resurrectione,
2021 2833 2080 2879 et

492 2937 598 2992 illis
633 2938 802 2992 tribus
852 2935 1042 2990 diebus
1083 2931 1175 3002 qui
1210 2927 1458 2984 eamdem
1517 2922 1850 2979 Dominicam
1898 2933 2077 2974 resur-

494 3027 792 3083 rectionem
825 3023 1170 3080 antecedunt.
1203 3019 1312 3075 Sua
1343 3023 1558 3088 quoque
1600 3014 1922 3069 vestimenta
1950 3023 2076 3064 cum

490 3119 727 3189 primum
767 3115 946 3170 abluta
984 3127 1105 3167 esse
1153 3117 1464 3181 potuerunt,
1509 3105 1691 3161 omnia
1718 3110 1944 3172 excepto
1990 3115 2078 3156 co-

493 3209 770 3282 opertorio
808 3213 1092 3278 portantur
1122 3203 1175 3257 in
1220 3199 1538 3270 capitulum,
1596 3205 1656 3249 ut
1699 3192 1974 3255 fratribus,
2029 3206 2054 3244 s

493 3315 628 3369 opus
649 3295 960 3359 habuerint,
989 3293 1330 3355 dividantur;
1361 3297 1416 3344 et
1437 3286 1528 3357 qui
1557 3285 1624 3340 de
1650 3284 1730 3340 eis
1756 3282 1882 3353 quid
1917 3295 2074 3336 acce-

498 3391 660 3461 perit,
698 3387 1011 3460 prtecipitur
1063 3399 1093 3439 a
1135 3382 1317 3453 priore
1364 3389 1426 3436 ut
1465 3376 1702 3434 defuncti
1760 3373 2075 3430 recordetur

497 3495 618 3535 cum
650 3475 954 3548 hujusmodi
1004 3471 1326 3544 psalmodia,
1371 3469 1457 3524 vel
1491 3483 1614 3525 cum
1661 3474 1736 3522 tot
1793 3463 1974 3520 missis
2030 3462 2076 3516 si

495 3579 579 3624 cst
605 3569 878 3631 sacerdos,
921 3563 1214 3620 secundum
1267 3559 1410 3630 quod
1455 3568 1584 3613 tunc
1619 3555 1955 3626 praecipienti
2000 3551 2077 3606 vi-

496 3661 730 3715 debitur.
784 3655 1198 3727 Coopertorium
1258 3653 1378 3707 ideo
1431 3667 1534 3706 non
1589 3655 1925 3719 apponatur,
1978 3659 2078 3698 uec

497 3750 570 3803 ibi
606 3749 786 3810 datur,
818 3748 942 3815 quia
985 3747 1036 3800 id
1073 3744 1245 3813 magis
1285 3741 1484 3796 habent
1522 3740 1720 3793 fratres
1747 3751 1844 3805 pro
1869 3734 2082 3789 miseri-

497 3838 704 3901 cordia,
735 3853 896 3906 quam
929 3850 1026 3904 pro
1069 3834 1156 3887 illa
1188 3829 1423 3901 regulari
1467 3826 1873 3886 constitutione,
1925 3823 2079 3892 cujus

499 3942 599 3981 nec
622 3925 872 3980 meminit
899 3923 957 3978 S.
994 3921 1332 3976 Benedictus.
1371 3918 1566 3973 Finitis
1589 3915 1858 3979 omnibus,
1893 3927 2078 3967 rursus

499 4021 548 4074 ei
595 4018 742 4087 prior
789 4017 1119 4085 imprecatur
1148 4012 1561 4068 absolutionem.
1619 4010 1686 4064 Et
1734 4009 1801 4064 de
1858 4018 2077 4073 caetero,

499 4110 712 4181 quoties
760 4107 969 4163 venerit
1023 4104 1426 4160 anniversarias
1479 4102 1634 4172 ejus,
1689 4100 1885 4155 iterum
1944 4114 2081 4168 pne-

499 4202 675 4257 henda
700 4215 794 4255 sua
826 4197 1042 4252 dabitur
1069 4195 1136 4250 ad
1170 4194 1590 4263 eleemosynam.
1621 4191 1780 4245 Missa
1811 4203 1938 4243 vero
1961 4203 2080 4258 qua:

501 4297 629 4344 tunc
649 4287 916 4343 cantanda
959 4292 1044 4339 est
1069 4299 1166 4353 pro
1203 4283 1316 4348 illo,
1357 4281 1642 4353 aliquando
1687 4280 1865 4348 aliqua
1909 4279 2080 4346 impe-

500 4381 646 4436 ditur
674 4379 985 4434 festivitate.
1038 4375 1382 4444 Quaecunque
1425 4382 1601 4428 tamen
1651 4371 1894 4441 proxime
1945 4383 2079 4423 can-

504 4478 684 4523 tantur
707 4483 804 4537 pro
831 4465 1118 4529 defunctis,
1155 4479 1260 4520 non
1289 4462 1468 4517 minus
1499 4475 1595 4531 pro
1643 4460 1754 4525 illo,
1783 4474 1944 4528 quam
1983 4473 2080 4527 pro

502 4559 622 4613 aliis
647 4567 960 4621 cantantur,
990 4555 1084 4610 sed
1113 4569 1183 4626 ea
1224 4552 1546 4621 psalmodia,
1588 4550 1754 4605 Verba
1804 4566 1919 4603 mea
1973 4563 2080 4603 non
2113 4539 2160 4598 D

504 4647 768 4703 differtur.

1076 4792 1302 4849 CAPUT
1337 4789 1483 4848 XXX
1495 4831 1508 4844 .

853 4885 909 4941 Si
929 4891 1042 4957 quis
1076 4888 1257 4941 abierit
1287 4886 1339 4940 in
1368 4886 1543 4956 aliqua
1576 4883 1726 4937 cella.

578 5015 768 5075 Frater
813 5020 902 5088 qui
947 5021 1014 5074 ad
1060 5020 1292 5089 aliquam
1319 5017 1510 5073 cellam
1553 5015 1824 5086 propriam
1863 5013 2081 5078 missus,

507 5111 580 5168 ibi
610 5110 828 5175 abierit,
854 5109 940 5179 ibi
969 5123 1184 5178 quoque
1212 5108 1432 5163 habebit
1458 5123 1564 5161 xxx
1597 5105 1814 5167 missas,
1851 5118 2081 5172 quarum

509 5217 660 5240 «nm-nn
719 5200 936 5240 momini
993 5199 1058 5240 Et
1095 5214 1218 5240 num
1255 5199 1316 5240 ml
1358 5214 1457 5240 nne
1494 5197 1702 5240 venerit
1733 5195 1914 5240 lirpvis
1967 5194 2083 5240 eius

757 353 1082 412 l'DALItICl
1127 350 1628 410 CLUNIACENSIS
1679 346 1986 406 MONACIII
2019 341 2573 404 CORSUETUDINIS
2607 342 3222 400 CLUNIACENSES.—
3254 341 3380 397 LIB.
3417 342 3502 398 Ill.

2139 2994 2398 3051 -quoque
2446 2979 2851 3033 anniversarius
2902 2978 3005 3032 huc
3061 2977 3220 3032 modo
3277 2977 3460 3048 agitur
3501 2993 3515 3030 :

3648 342 3758 398 776

2735 472 2963 530 CAPUT
3002 471 3193 529 XXXI.

2177 569 2318 637 Quid
2343 577 2534 639 agatur
2551 582 2646 636 pro
2659 564 2885 636 quolibet
2906 565 3069 634 fratre
3090 564 3145 617 in
3168 561 3390 632 singulis
3417 558 3752 616 obedientiis.

2250 681 2322 737 Ut
2359 689 2539 737 autem
2590 679 2767 734 fatear
2803 679 2944 749 quod
2995 691 3184 733 verum
3227 683 3331 739 est,
3377 673 3505 745 quid
3547 673 3642 729 Iiat
3695 673 3759 729 in

2175 774 2329 830 cellis
2372 772 2573 828 nostris
2627 785 2723 841 pro
2761 770 2999 839 quolibet
3031 768 3199 824 fratre
3237 766 3329 837 qui
3360 766 3501 837 apud
3542 780 3640 822 nos
3666 764 3761 820 vel

2177 864 2303 919 alibi
2333 863 2550 928 obierit,
2593 877 2699 916 non
2735 861 2895 915 facile
2931 859 3182 924 dixerim,
3234 857 3336 912 nisi
3371 855 3589 926 quando
3626 857 3761 911 bre-

2179 955 2260 1008 vis
2288 953 2552 1017 evenerit,
2590 951 2768 1021 agitur
2809 950 3064 1013 alliciunt,
3110 957 3164 1003 et
3216 948 3524 1018 quicunque
3573 960 3762 1002 sacer-

2177 1042 2278 1097 dos
2301 1051 2384 1095 est
2413 1049 2600 1094 cantat
2622 1040 2840 1093 missam
2869 1032 2965 1106 pro
2994 1051 3076 1101 eo,
3106 1043 3161 1090 et
3196 1035 3288 1106 qui
3328 1050 3433 1088 non
3469 1044 3551 1090 est
3575 1049 3765 1088 sacerd-

2179 1135 2294 1198 dos,
2340 1133 2729 1204 quinquaginta
2781 1131 3041 1200 psalmos,
3099 1137 3192 1182 aut
3245 1126 3406 1182 toties
3441 1124 3760 1181 Orationem

2178 1222 2533 1278 Dominicam.
2581 1219 2781 1274 Tamen
2813 1233 2937 1272 rara
2968 1225 3096 1272 sunt
3139 1217 3257 1272 loca
3315 1215 3405 1270 illa
3464 1215 3515 1269 in
3563 1214 3761 1284 quibus

2181 1311 2468 1382 praebenda
2513 1325 2616 1364 non
2649 1310 2806 1363 detur
2830 1323 2930 1378 pro
2967 1321 3066 1374 eo;
3096 1322 3220 1362 nam
3249 1313 3304 1362 et
3346 1306 3399 1360 in
3437 1304 3762 1375 quibusdam

2178 1402 2338 1455 datur
2361 1416 2434 1454 vn
2461 1400 2671 1465 diebus,
2704 1399 2758 1452 in
2791 1398 3111 1467 quibusdam
3151 1399 3316 1452 etiam
3342 1411 3449 1450 xxx
3495 1403 3551 1449 et
3603 1409 3755 1449 sem-

2186 1506 2282 1562 per
2315 1493 2368 1544 in
2397 1490 2770 1545 anniversario
2795 1488 2943 1558 ejus;
2970 1489 3092 1544 'hoc
3123 1495 3294 1542 totum
3321 1486 3635 1556 dispositum
3674 1493 3766 1541 est

2181 1590 2234 1635 et
2255 1580 2562 1635 ordinatum
2589 1593 2685 1647 per
2721 1578 2976 1632 domuum
2999 1578 3273 1643 abbatem,
3301 1575 3594 1631 secundum
3617 1573 3765 1644 quod

2182 1671 2298 1740 ipse
2327 1669 2575 1740 cognovit
2606 1667 3022 1739 possibilitatem
3059 1676 3114 1722 et
3155 1666 3466 1722 facultatem
3497 1665 3766 1738 cujusque

2181 1759 2302 1814 loci.
2671 1754 2840 1759 “m—
2979 1754 2984 1758 -

2737 1867 2966 1924 CAPUT
2995 1867 3209 1924 XXXII.

2598 1955 2677 2013 De
2717 1959 2859 2012 obitu
2895 1960 3072 2012 damni
3106 1959 3332 2014 abbatis.

2249 2069 2422 2142 Super
2462 2069 2578 2125 haec
2608 2070 2789 2124 omnia
2823 2069 3026 2125 domno
3058 2071 3242 2125 abbati
3289 2073 3356 2126 ab
3397 2068 3501 2126 hac
3523 2070 3638 2127 vita
3668 2072 3769 2128 de-

2177 2164 2388 2219 cedenti
2422 2163 2523 2217 ista
2559 2170 2682 2217 sunt
2706 2161 2971 2217 addenda.
3010 2162 3366 2232 Deponendus
3390 2163 3441 2216 in
3468 2163 3764 2228 tumulum,

2177 2255 2408 2308 vestitur
2451 2251 2703 2308 omnibus
2751 2251 3181 2307 sacerdotalibus
3217 2252 3582 2308 vestimentis.
3615 2253 3770 2320 Quas

2181 2353 2303 2398 tuor
2347 2345 2546 2399 fratres
2587 2342 2677 2413 qui
2717 2350 2939 2397 cantant
2968 2358 3158 2397 versus
3197 2342 3411 2397 illorum
3464 2342 3632 2398 trium
3680 2357 3770 2397 re.

2177 2435 2604 2504 sponsoriorum,
2635 2433 2812 2488 vestiti
2850 2443 2978 2487 sunt
3031 2433 3238 2503 cappis,
3289 2443 3344 2488 et
3397 2441 3633 2504 quatuor
3671 2433 3768 2504 qui

2181 2527 2482 2596 portabunt
2509 2538 2631 2580 cum
2662 2525 2728 2578 ad
2757 2525 3040 2590 tumulum,
3074 2525 3231 2581 albis.
3254 2527 3368 2596 .Per
3397 2541 3598 2581 annum
3627 2526 3772 2582 intc-

2181 2633 2335 2688 grum
2361 2617 2592 2670 addatur
2630 2617 2696 2671 ad
2725 2616 3120 2688 eleemosynam
3150 2617 3266 2688 ejus
3301 2617 3613 2688 praebenda,
3651 2632 3767 2672 non

2180 2708 2354 2763 solum
2385 2707 2525 2777 apud
2575 2722 2696 2772 nos,
2728 2708 2820 2761 sed
2851 2707 3014 2762 etiam
3051 2706 3102 2760 in
3133 2707 3384 2763 omnibus
3414 2707 3765 2763 monasteriis

2176 2808 2232 2854 et
2253 2799 2402 2854 cellis
2435 2798 2656 2862 nostris,
2687 2806 2743 2852 et
2769 2813 2876 2851 xxx
2907 2797 3084 2852 missa:
3126 2805 3420 2852 cantantur
3461 2811 3560 2868 pro
3597 2811 3682 2861 eo,
3715 2799 3766 2853 si

2179 2890 2316 2946 tanti
2349 2897 2474 2944 sunt
2505 2887 2817 2944 sacerdotes
2855 2887 2945 2957 qui
2987 2888 3197 2956 possint
3226 2888 3331 2942 hoc
3363 2887 3604 2958 explere.
3631 2887 3767 2957 Ejus

3573 2975 3767 3032 Primo

2181 3071 2365 3125 omnia
2422 3070 2575 3140 signa
2619 3068 2906 3139 pulsantur
2953 3066 3217 3136 prolixius
3259 3067 3326 3121 ad
3371 3075 3628 3138 vesperas
3666 3081 3770 3137 pro

2058 3189 2072 3242 ί
2104 3193 2147 3254 C
2180 3161 2470 3224 defunctis,
2497 3159 2587 3228 qui
2615 3173 2677 3213 ea
2707 3157 2824 3212 vice
2852 3166 3141 3212 cantantur
3164 3157 3216 3211 in
3246 3157 3416 3212 choro
3446 3157 3766 3226 priusquam

2178 3249 2456 3319 processio
2513 3249 2605 3302 ﬁat
2642 3247 2709 3301 ad
2745 3246 2804 3301 S.
2836 3246 3080 3301 Mariam.
3128 3247 3258 3301 Item
3313 3247 3381 3301 ad
3427 3245 3661 3304 ofﬁcium
3712 3254 3770 3301 et

2177 3341 2243 3394 ad
2274 3339 2519 3402 missam,
2543 3352 2664 3406 quae
2689 3345 2743 3390 et
2777 3335 2965 3391 festive
2994 3351 3094 3391 nec
3122 3337 3326 3406 absque
3360 3344 3534 3392 tractu
3568 3347 3603 3391 a
3629 3335 3766 3391 duo-

2177 3430 2277 3485 bus
2300 3430 2569 3485 cantaudo
2597 3428 2937 3494 celebratur;
2972 3427 3086 3497 ipso
3115 3427 3203 3482 die
3238 3427 3514 3482 habebunt
3562 3423 3765 3481 fratres

2179 3521 2232 3574 in
2260 3517 2551 3574 refectorio
2580 3516 2833 3587 generale
2881 3516 3134 3586 piscium,
3184 3515 3228 3570 si
3261 3513 3403 3570 valet
3442 3514 3675 3584 acquiri,
3708 3521 3768 3566 et

2178 3612 2532 3680 pigmentum,
2564 3617 2618 3663 et
2649 3608 2927 3662 duodecim
2955 3621 3224 3677 pauperes
3253 3607 3308 3660 in
3343 3605 3594 3676 hospitali
3630 3605 3760 3669 reli-

2178 3699 2414 3764 ciuntur,
2446 3713 2551 3751 non
2587 3698 2760 3752 solum
2799 3711 2939 3767 pane
2964 3705 3018 3750 et
3047 3696 3194 3758 vino,
3236 3695 3330 3750 sed
3366 3695 3528 3750 etiam
3569 3708 3758 3758 carne,

2179 3790 2222 3844 si
2255 3798 2432 3842 tamen
2464 3796 2546 3841 est
2581 3802 2643 3842 ea
2676 3788 2791 3841 dies
2817 3801 3038 3842 carnem
3079 3785 3395 3840 comedendi
3422 3801 3437 3851 ;
3467 3783 3601 3840 alias
3642 3797 3766 3854 pro-

2180 3879 2393 3934 videtur
2416 3879 2556 3948 quod
2582 3878 2916 3932 tantumdem
2949 3877 3113 3932 valet.

2719 4029 2948 4087 CAPUT
2990 4030 3226 4085 XXXIII.

2181 4125 2259 4178 De
2279 4141 2338 4179 eo
2367 4125 2454 4195 qui
2485 4124 2537 4176 in
2562 4121 2974 4194 Quadragesima
3007 4125 3211 4195 abierit,
3246 4133 3294 4176 et
3330 4121 3659 4192 sepeliendus
3690 4129 3768 4175 est

2712 4195 2768 4247 in
2797 4209 2870 4247 xu
2908 4194 3239 4247 lectionibus.

2253 4305 2309 4359 Si
2339 4304 2460 4372 quis
2510 4303 2736 4358 fratrum
2788 4304 2842 4358 in
2885 4303 3305 4372 Quadragesima
3359 4303 3580 4370 abierit,
3623 4313 3679 4358 et
3711 4304 3766 4358 in

2185 4394 2273 4449 tali
2298 4394 2386 4447 die
2414 4402 2494 4447 est
2521 4393 2870 4462 sepeliendus
2897 4392 2990 4462 qui
3019 4407 3140 4447 cum
3178 4407 3252 4446 xu
3285 4391 3606 4447 lectionibus
3646 4390 3766 4446 fue-

2185 4486 2255 4539 rit
2282 4484 2558 4547 solemnis,
2594 4499 2693 4552 pro
2738 4483 2830 4540 illo
2869 4491 2992 4554 post
3019 4484 3250 4554 primam
3299 4490 3550 4539 cantatur
3593 4483 3764 4538 missa

2188 4574 2584 4637 defunctorum,
2615 4581 2670 4628 et
2696 4588 2820 4629 cum
2853 4575 3025 4630 tribus
3066 4583 3276 4628 tantum
3317 4572 3600 4630 collectis:
3635 4572 3764 4627 0m-

2191 4670 2422 4739 nipoteus
2451 4668 2754 4738 sempiterna
2782 4666 2946 4721 Deus.
2977 4667 3140 4732 Deus,
3169 4667 3331 4722 venia:
3349 4667 3589 4737 largitor.
3609 4664 3764 4720 Fide-

2189 4757 2339 4821 lium,
2383 4759 2542 4812 Deus.
2580 4757 2806 4827 Propter
2833 4758 2974 4827 quod
3003 4767 3178 4813 tamen
3222 4774 3322 4814 nec
3354 4759 3444 4813 illa
3493 4759 3656 4815 missa
3695 4760 3763 4813 de

2173 4846 2482 4901 ~festivitate
2512 4855 2632 4916 post
2655 4847 2893 4911 tertiam,
2925 4862 3025 4903 nec
3053 4847 3143 4901 illa
3176 4847 3243 4902 de
3281 4847 3485 4918 jejunio
3513 4857 3636 4919 post
3663 4862 3763 4902 no-

2192 4951 2317 4991 nam
2361 4937 2697 5001 remanebit;
2735 4936 2828 4991 sed
2871 4937 2916 4992 si
2962 4936 3017 4991 in
3058 4938 3145 4992 die
3181 4937 3458 4993 Dominica
3486 4937 3761 5008 sepultura

2190 5029 2451 5092 evenerit,
2484 5029 2699 5082 additur
2725 5038 2780 5084 et
2816 5036 3008 5098 quarta
3030 5029 3273 5094 collecta,
3317 5029 3370 5084 id
3407 5037 3510 5094 est,
3541 5026 3761 5083 Sancto-

2187 5135 2303 5171 rum
2330 5129 2558 5172 tuorum.
2592 5119 2723 5174 Item
2767 5119 2812 5173 si
2844 5119 2965 5189 quis
3011 5119 3349 5189 sepeliendus
3377 5126 3463 5173 est
3497 5119 3548 5172 in
3585 5116 3760 5186 quoli-

2188 5211 2275 5240 ιιι..
2309 5211 2392 5240 Ain
2420 5213 2582 5240 ...ἵ-ιω
2639 5211 2725 5240 ηυξ

2446 5213 2582 5240 ..ἶ-ιω
2639 5211 2725 5240 ηιιῖ
2758 5212 3000 5240 ηηΑοῖσκΛ
3032 5211 3237 5240 Πηθιιιιη
3287 5209 3604 5240 ιιι-ιιιιηΛιιηηο
3675 5223 3758 5240 eo-
