4040 5298
517 411 629 464 ’ΞΗ

511 535 1038 561 Ἐ-ἰ--υ-σ-ηο-,κ

567 550 864 561 οσον-ησ-...η-ο--ο-σ
895 552 916 555 -.
931 551 1023 556 ._--.-

567 550 864 561 "—M-
895 551 1023 556 ..φ-η.-

1351 401 1692 459 WiLLELMl
1722 399 2012 456 CALCULI
2056 393 2612 452 GEMMETICENSIS
2653 392 2956 448 MONAClll

1187 635 2186 835 WILLELMI
2299 660 3092 822 CALCULI

1177 530 3276 554 Ψ

1047 514 3466 542 MM”

1646 980 1652 986 .
1709 933 2266 1014 GEMMETICENSIS
2305 931 2615 1011 MONACIII

763 1110 1688 1232 HISTORIE
1761 1099 3492 1222 NORTHMANNOBUM

1717 1343 2092 1458 LIBRI
2161 1337 2580 1456 OCTO.

531 1558 770 1614 Andreus
799 1557 1152 1618 DUCHESNIUS,
1171 1550 1424 1622 Historire
1457 1547 1946 1622 Neri/amaritiem»:
1982 1539 2276 1622 Scriptores
2305 1537 2622 1622 antiquin'es
2643 1537 2706 1622 ob
2737 1536 2841 1618 illis
2861 1552 2954 1622 pe:
2973 1531 3509 1622 GalliamAnpl‘igm;
3525 1531 3694 1600 Apuli.
3721 1549 3798 1595 ιη,

1362 1602 1601 1676 Siciliam
1636 1627 1680 1669 rt
1713 1612 1976 1668 Orientem
2006 1602 2178 1682 gesias
2197 1602 2536 1678 explicantes.
2561 1638 2627 1647 —
2653 1602 2880 1663 Lutetiae
2911 1606 3266 1670 Parisiorum,
3292 1602 3448 1670 1619,
3482 1602 3598 1674 fol.)

2049 1746 2262 1762 "——

1889 1865 2474 1960 EPISTOLA

1223 2053 1310 2106 an
1350 2023 2282 2104 th..LEl.MUMORTIIUDOXUM
2321 2035 2704 2093 ANGLonuu
2751 2037 2986 2092 ascen

1673 2181 1748 2236 De
1777 2179 2274 2235 Northmannorum
2303 2175 2496 2230 ducum
2528 2175 2716 2245 gestis.

599 2457 718 2526 Pio,
765 2455 1056 2514 victorioso
1108 2459 1267 2520 atque
1317 2443 1657 2505 orthodoxe,
1707 2439 1900 2496 summi
1955 2435 2117 2508 Regis
2151 2425 2190 2479 Α
2222 2435 2573 2507 plurimorum
2603 2435 2669 2492 ad
2697 2437 3156 2492 corroboraudum
3189 2434 3346 2490 iidem
3391 2449 3543 2504 asque
3585 2435 3814 2490 idoneo-

533 2566 666 2610 nutu
696 2550 991 2619 Anglorum
1023 2545 1159 2613 regi,
1185 2537 1504 2598 WILLsLuo,
1533 2531 1982 2588 Gcmmcticensis
2005 2543 2114 2582 ca:-

533 2645 718 2698 nehita
767 2616 1008 2694 manium
1060 2629 1454 2687 t-oenobitarum
1511 2620 1916 2693 indignissimus
1965 2616 2116 2670 WIL-

537 2747 776 2794 tristes,
825 2729 892 2782 ad
943 2719 1302 2780 conterendos
1346 2718 1529 2772 hostes
1576 2711 1856 2767 Samsonis
1907 2707 2123 2762 fortitu—

539 2825 718 2876 dinem
783 2828 838 2873 et
890 2817 958 2872 ad
1017 2807 1436 2869 discernendum
1480 2802 1747 2873 judicium
1818 2796 2122 2854 Salomonis

539 2917 818 2984 abyssum.

613 3007 760 3075 Opus
793 3003 914 3062 hoc,
947 2993 1366 3069 prudentissime
1417 3005 1512 3044 rex
1559 2995 1614 3043 et
1661 2983 2036 3046 serenissime,
2069 2980 2120 3033 in

545 3097 1040 3150 Northmannorum
1063 3089 1260 3143 ducum
1283 3084 1464 3154 gestis,
1480 3081 1546 3135 de
1567 3078 1794 3134 diversis
1811 3082 2124 3144 excerptum

547 3187 865 3250 codicibus,
905 3183 1059 3253 juxta
1105 3194 1240 3234 mem
1277 3174 1628 3245 exiguitatem
1667 3169 1944 3224 industria:
1996 3183 2127 3220 eon-

547 3278 730 3342 texui;
767 3285 1067 3343 veslrtequc
1105 3271 1294 3326 dicans
1329 3267 1472 3320 idem
1514 3259 1846 3324 celsitudini,
1873 3259 1942 3314 ob
1969 3271 2127 3312 reco-

543 3373 702 3428 lenda
731 3370 1033 3442 priscorum
1075 3372 1310 3436 patrum,
1344 3360 1486 3414 inter
1527 3353 1827 3428 praecipuas
1873 3349 2129 3405 laicarum

541 3465 866 3538 dignitatum
911 3454 1438 3516 administrationes,
1489 3447 1861 3520 piissimorum
1914 3451 2130 3498 actuum

543 3536 820 3625 exempla,
853 3551 1235 3608 chrunicorum
1281 3543 1622 3600 bibliothecae
1650 3537 2003 3609 delegandum
2040 3536 2138 3590 de-

545 3651 715 3704 crevi.
743 3645 894 3714 Quod
921 3659 1026 3698 non
1063 3641 1342 3695 rhetorum
1379 3641 1608 3690 venusta
1651 3635 1974 3686 exomatum
2005 3640 2130 3696 gra-

541 3743 734 3804 vitate,
761 3752 870 3792 non
900 3732 1053 3805 politi
1080 3728 1348 3786 sermonis
1374 3723 1548 3781 venali
1573 3723 1756 3792 lepore
1797 3735 1892 3774 seu
1924 3719 2132 3782 nitore;
2164 3763 2211 3825 Β

547 3831 644 3885 sed
669 3828 947 3884 inelimato
969 3822 1132 3893 style,
1178 3818 1328 3873 tenui
1371 3815 1624 3871 oratione
1650 3827 1746 3881 per
1783 3810 1940 3878 plana
1968 3805 2136 3862 dedu-

548 3931 698 3975 ctum
727 3915 948 3973 cuilibet
978 3909 1168 3967 lectori
1197 3909 1262 3963 ad
1287 3905 1548 3977 liquidum
1577 3900 1872 3958 elaboravi.
1903 3897 2134 3953 Vestra:—

550 4025 658 4080 que
689 4006 904 4078 quidem
933 3999 1232 4070 Majestatis
1263 3997 1432 4049 latera
1457 3993 1703 4048 ambiunt
1738 3988 1980 4060 przeclari
2011 3985 2131 4050 viri,

547 4076 854 4154 litterarum
903 4091 1098 4164 peritia
1147 4087 1436 4142 admodum
1487 4081 1733 4146 eruditi,
1787 4079 1878 4149 qui
1929 4076 2136 4131 strictis

547 4189 744 4262 gladiis
781 4185 1057 4244 civitatem
1083 4181 1502 4242 circumeuntes,
1529 4172 1824 4230 eliminatis
1847 4182 2136 4242 pravorum

550 4259 799 4346 insidiis,
855 4287 1056 4334 tectum
1105 4269 1414 4328 Salomonis
1463 4267 1662 4323 divina:
1713 4265 1848 4338 legis
1891 4259 2137 4333 pervigili

549 4379 855 4435 munimine
905 4381 1161 4444 satagunt
1209 4367 1366 4424 tueri.
1419 4361 1768 4422 Subtilissimi
1819 4371 2032 4430 quoque
2059 4355 2140 4410 in-

550 4473 696 4542 genii
734 4469 973 4540 vigorem
1015 4462 1189 4520 coelici
1223 4457 1615 4529 dispensatoris
1664 4450 2018 4525 prmrogativa
2045 4463 2140 4502 vo—

551 4565 639 4618 his
680 4562 890 4621 collati,
945 4557 1182 4628 qualiter
1225 4554 1278 4605 in
1327 4563 1601 4604 armorqu
1659 4543 1948 4616 regimine,
1977 4540 2140 4595 sicin

556 4655 788 4715 cunctis,
829 4649 1024 4720 quibus
1059 4645 1364 4704 intendere,
1414 4653 1534 4708 qua:
1581 4637 1916 4707 perpendere
1947 4645 2142 4702 propo-

555 4743 710 4806 nitis,
734 4742 872 4796 mira
899 4739 1082 4795 valere
1107 4733 1366 4794 ellicacia,
1414 4727 1568 4783 multi
1605 4724 1918 4780 multimode
1947 4724 2142 4792 proha-

557 4840 776 4886 verunt.
817 4828 1194 4884 Munusculunt
1243 4824 1410 4894 igitur
1469 4815 1658 4872 tuntilli
1723 4812 1893 4868 nostri
1941 4809 2143 4864 laboris

553 4923 768 4994 placida
799 4935 958 4974 manu
983 4919 1202 4980 sumite,
1235 4911 1573 4970 nobilissima
1615 4915 1765 4978 gesta
1794 4902 1995 4959 celebri
2031 4915 2143 4956 me—

559 4992 738 5066 inoria
767 5009 1103 5080 dignissima,
1131 5013 1309 5061 vestra
1336 5011 1391 5057 et
1415 4998 1638 5068 antiqua
1663 5010 1760 5065 per
1787 4995 1886 5048 has
1915 4992 2142 5062 paginas

2223 2545 2338 2582 rum
2361 2527 2520 2582 annis
2545 2534 2600 2580 et
2627 2542 2808 2580 rerum
2843 2526 3248 2596 experimentis,
3277 2526 3469 2594 partim
3500 2527 3814 2580 certissimo

2215 2618 2397 2687 judice
2453 2617 2672 2686 pr0prio
2735 2616 2852 2670 visu
2907 2617 3101 2681 didici;
3165 2615 3419 2685 privatim
3471 2629 3588 2668 mea
3643 2613 3811 2669 dono.

2225 2709 2446 2774 Verum,
2487 2711 2578 2779 qui
2627 2709 2800 2764 sacris
2841 2708 3200 2778 mancipatum
3250 2707 3450 2762 scholis
3484 2706 3624 2762 forte
3665 2722 3814 2776 pra:-

2224 2801 2548 2872 sumptionis
2600 2809 2694 2854 aut
2741 2799 2844 2852 alia
2896 2799 3136 2867 qualibet
3178 2797 3332 2866 culpa
3384 2795 3472 2848 tali
3503 2810 3602 2865 pro
3627 2794 3818 2848 studio

2225 2894 2537 2955 notaverit,
2591 2892 2730 2946 hanc
2782 2891 2940 2961 hujus
2989 2888 3232 2958 opusculi
3292 2889 3506 2942 noverit
3559 2900 3818 2949 causam,

2227 3001 2388 3054 quam
2449 2999 2555 3037 non
2626 2997 3082 3052 supervacaneam
3141 2980 3426 3044 arbitror;
3475 2987 3536 3032 ut
3581 2977 3820 3032 virtutes

2225 3076 2550 3146 eptimorum
2577 3074 2814 3128 virorum
2847 3083 2957 3128 tum
2997 3063 3054 3127 in
3097 3071 3446 3127 saecularibus
3496 3077 3608 3124 tum
3647 3068 3702 3122 in
3732 3067 3822 3121 di-

2231 3167 2370 3222 vinis
2414 3165 2906 3230 cxcellentissimaa,
2950 3179 3072 3234 quae
3125 3163 3358 3219 feliciter
3405 3163 3459 3216 in
3495 3141 3668 3216 oculis
3715 3157 3820 3212 Dei

2228 3261 2441 3321 vivunt,
2473 3257 2782 3338 utiliter._et
2817 3257 2870 3312 in
2921 3254 3198 3311 hominum
3231 3253 3422 3310 notitia
3462 3252 3664 3306 vivant.
3695 3249 3822 3303 Non

2231 3352 2376 3408 enim
2432 3349 2676 3420 populari
2737 3364 2870 3403 aura
2927 3347 3036 3402 leni
3118 3345 3214 3402 sed
3277 3343 3582 3415 pernicioso
3637 3341 3820 3396 arrisu

2233 3441 2544 3497 blandiente
2573 3438 2854 3505 delectari,
2890 3447 3050 3508 atque
3099 3437 3352 3491 illecehra
3401 3435 3606 3488 tnundo
3639 3431 3822 3500 impli-

2236 3533 2347 3590 cari
2400 3531 2700 3596 condecet,
2746 3546 2906 3600 quem
2959 3529 3223 3600 angustiae
3269 3527 3626 3582 maceriarum
3653 3565 3672 3588 ,
3719 3537 3827 3592 pro

2238 3637 2468 3693 superna
2514 3619 2812 3676 Jerusalem
2862 3619 3212 3690 amplitudine
3263 3617 3615 3672 devotissimo
3655 3611 3826 3668 corde

2242 3714 2643 3786 amplectendam,
2685 3711 2995 3780 includunt;
3033 3727 3196 3782 quem
3243 3720 3353 3765 tam
3401 3709 3614 3764 habitus
3663 3719 3822 3760 reve-

2243 3808 2440 3870 rentia,
2471 3821 2631 3877 quam
2660 3807 2785 3860 vitae
2813 3803 3077 3876 professio
3098 3820 3126 3858 a
3169 3803 3368 3858 mundo
3397 3799 3702 3856 secludunt.
3741 3795 3826 3850 En

2243 3897 2456 3953 habetis
2481 3906 2740 3959 vestram,
2786 3895 3189 3966 sapientissime
3233 3907 3519 3964 regnorum
3577 3889 3828 3944 domina-

2245 4000 2350 4054 tor,
2377 4000 2430 4045 et
2452 4005 2660 4061 pacem,
2677 4000 2732 4044 et
2753 3990 2888 4044 bella
2914 3988 3094 4054 simul,
3118 3986 3344 4058 piissimi
3372 3981 3630 4057 genitoris
3653 3978 3826 4033 vestri

2243 4082 2616 4154 gloriosissimi
2645 4082 2799 4136 ducis
2843 4079 3086 4145 Roberti,
3143 4076 3590 4147 superioremque
3631 4085 3829 4140 paren-

2246 4183 2398 4238 tum;
2461 4182 2694 4228 terrenae
2755 4172 2962 4227 militia:
3021 4165 3439 4224 nominatissimi
3509 4161 3826 4234 principes,

2244 4267 2607 4321 sincerissima
2638 4275 2814 4320 tamen
2849 4264 2972 4331 ﬁde,
3012 4261 3331 4316 alacerrima
3357 4271 3487 4328 spe,
3537 4250 3832 4308 ferventis-

2244 4357 2381 4412 sima
2414 4357 2680 4411 charitate
2705 4355 3023 4410 adtoelcstia
3049 4352 3352 4416 tendentes,
3367 4344 3566 4403 Christi
3591 4341 3830 4396 maxime

2245 4450 2449 4503 strenui
2481 4449 2681 4502 milites
2706 4463 2769 4502 ac
2799 4445 3182 4502 studiosissimi
3208 4445 3448 4500 cultores
3473 4437 3826 4493 exstiterunt.

2245 4540 2544 4610 Imperator
2572 4549 2780 4595 aeterno
2803 4537 3097 4609 prresidens
3145 4535 3372 4607 imperio
3390 4577 3404 4600 ,
3437 4515 3489 4586 in
3519 4543 3630 4599 quo
3657 4525 3832 4578 conli-

2246 4635 2380 4691 dens
2406 4636 2632 4705 plurima
2670 4633 3089 4698 szevissimornm
3136 4629 3498 4701 periculorum
3546 4625 3830 4680 obstacula

2247 4729 2580 4783 admirandis
2639 4727 2991 4797 proventibus
3041 4722 3394 4786 ovantissime
3441 4719 3831 4788 triumphaudo

2245 4821 2575 4892 protrivistis
2601 4837 2614 4872 :
2661 4805 2773 4888 ipse
2813 4816 3222 4888 potentissimus
3251 4821 3395 4866 tutor
3419 4811 3471 4865 in
3501 4809 3718 4865 cunctis
3740 4824 3834 4878 ge-

2247 4915 2430 4972 rendis
2457 4928 2549 4966 vos
2573 4919 2805 4976 tutetur;
2861 4907 3161 4979 prudentia:
3187 4912 3400 4967 vestrm,
3440 4917 3602 4972 quam
3640 4911 3836 4954 contu-

2248 5006 2330 5072 lit,
2347 5003 2694 5078 guberuando
2714 4999 3086 5070 patrociuetur
3109 5011 3124 5049 :
3147 4994 3495 5064 quoadusque
3519 4989 3834 5044 felicissimo
