4040 5298
295 128 391 181 781

862 111 1208 172 ΙΙΙΞΤΟΝΑΞ
1243 99 1874 168 NORTllMANNORUM
1914 98 2091 158 LIBRI
2143 97 2348 158 OC'I'O.
2372 129 2439 140 —
2467 93 2669 156 LIBER.
2698 93 2980 152 PRIMUS.

3445 83 3551 144 τες

338 233 3553 288 ____________________———————-

942 393 1667 516 HISTORUE
1751 385 2952 509 NORTMANNORUM

1511 634 1871 725 LIBER
1938 628 2435 723 PRIMUS.

771 827 1096 914 Quomodo
1129 831 1476 909 Hastingus
1509 826 1819 908 oppressit
1850 823 2208 887 Neustrt'am
2237 829 2378 882 ante
2411 819 2739 882 adventum
2775 816 3056 880 Rollom‘s

820 1127 1045 1184 CAPUT
1086 1124 1378 1181 PRIMUM.

311 1225 584 1293 Quomodo
624 1221 880 1292 fortitudo
909 1218 1278 1293 Francorum,
1329 1231 1446 1293 qua:
1494 1216 1586 1267 diu
1632 1214 1887 1291 uiguerat,

380 1283 658 1351 inmmtafa
680 1296 770 1356 sit,
808 1292 946 1345 unde
974 1300 1021 1343 et
1051 1289 1151 1359 ipsi
1180 1283 1380 1357 feritati
1413 1301 1740 1356 paganorum
1784 1283 1888 1335 mi-

382 1384 480 1422 nus
507 1366 740 1419 resistere
770 1361 1065 1416 valuerunt.

387 1459 466 1512 Ex
518 1467 628 1525 quo
668 1451 1003 1508 Francorum
1047 1463 1179 1518 gens
1225 1445 1519 1518 resumptis
1554 1445 1760 1500 viribus
1788 1441 1896 1497 Ro-

313 1565 488 1606 manae
531 1545 766 1602 feritatis
791 1544 981 1614 jugum
1005 1555 1037 1594 a
1069 1539 1283 1595 cervice
1310 1537 1525 1608 propria
1561 1535 1787 1606 depulit,
1820 1531 1898 1586 fe-

312 1643 544 1709 rinaque
572 1637 710 1692 colla
739 1635 840 1690 sub
869 1649 1054 1705 regum
1081 1631 1322 1687 dominio
1352 1629 1523 1694 flexit,
1553 1626 1754 1682 Christi
1797 1624 1900 1679 Ec—

314 1732 480 1788 clesia
512 1729 865 1784 vehementer
887 1723 1091 1787 adulta,
1121 1719 1425 1776 odoriferos
1456 1719 1665 1774 fructus
1695 1714 1898 1778 ferens,

317 1824 384 1876 ad
412 1834 584 1890 usque
615 1817 870 1873 occiduos
901 1814 1102 1869 limites
1127 1811 1325 1867 ﬁoruit.
1350 1812 1467 1878 Qua
1502 1808 1733 1878 denique
1768 1815 1900 1860 tem-

317 1922 529 1984 pestate
580 1911 682 1980 ipsi
739 1923 896 1979 reges
948 1907 1110 1961 rebus
1163 1903 1370 1960 bellicis
1407 1902 1635 1966 strenui,
1671 1915 1734 1954 ac
1756 1898 1902 1954 chri-

319 2006 510 2060 stiante
562 2002 683 2057 ﬁdei
733 2001 918 2072 vigore
949 1997 1090 2062 fulti,
1118 1997 1542 2064 circumquaque
1576 1994 1642 2048 de
1670 1991 1906 2046 inimicis

321 2095 688 2152 validissimos
736 2105 950 2162 semper
1000 2088 1351 2158 reportabant
1403 2085 1722 2156 triumphos.
1795 2081 1907 2138 Sub

323 2208 560 2264 quorum
626 2186 999 2244 moderamine
1066 2184 1268 2240 Christi
1335 2185 1491 2236 vinea
1557 2195 1909 2236 succrescens

325 2288 646 2343 innumeros
680 2281 917 2337 ﬁdelium
952 2277 1177 2349 protulit
1204 2289 1404 2330 ramos.
1457 2273 1534 2327 Ex
1584 2271 1684 2326 liae
1715 2270 1911 2341 quippe

327 2375 727 2458 quamplurima
761 2373 1157 2427 monachorum
1185 2373 1550 2437 proruperunt
1579 2361 1764 2426 ovilia,
1793 2374 1912 2431 quae

328 2449 476 2524 velut
507 2481 638 2538 apes
671 2479 737 2519 ex
765 2463 880 2517 suis
913 2457 1169 2515 alveariis
1205 2454 1561 2518 multimodis,
1591 2467 1654 2507 ex
1685 2449 1912 2505 divesis
1947 2472 1991 2532 Β

331 2561 520 2618 mundi
569 2557 732 2613 violis
769 2557 822 2610 in
855 2551 1170 2608 coelestibus
1217 2548 1441 2604 sedibus
1487 2544 1786 2600 intulerunt
1839 2539 1917 2594 fa-

335 2668 453 2707 vos.
523 2649 598 2704 De
657 2647 744 2702 bis
795 2644 999 2700 etenim
1061 2638 1316 2711 perennis
1365 2634 1665 2691 Jerusalem
1713 2630 1917 2686 fabrica

334 2754 539 2808 erecta,
567 2755 748 2795 coram
781 2737 924 2807 regis
953 2733 1138 2789 aeterni
1196 2730 1474 2787 obtutibus
1520 2737 1581 2782 ut
1629 2724 1797 2781 stellae
1839 2723 1920 2776 lu-

333 2836 467 2891 cid.e
495 2832 700 2903 fulgent
729 2831 782 2883 in
814 2835 1098 2897 perpetuas
1126 2823 1478 2878 :etcrnitates.
1511 2820 1641 2886 Quae
1663 2815 1917 2871 videlicet

336 2926 571 2982 ecclesia
594 2922 778 2978 multis
804 2920 1138 2974 Francorum
1197 2914 1528 2984 temporibus
1564 2911 1665 2966 sub
1696 2909 1923 2964 diversis

338 3017 556 3088 regibus
603 3013 777 3067 valida
817 3011 1016 3064 virtute
1052 3007 1268 3078 pollens
1298 3005 1486 3075 viguit,
1528 3003 1700 3057 donec
1728 3016 1759 3055 a
1788 3013 1924 3070 pace

342 3119 584 3182 quatuor
635 3103 891 3160 Ludovici
951 3099 1296 3172 imperatoris
1359 3097 1486 3152 ﬁliis
1539 3091 1925 3151 dissidentibus

342 3180 408 3256 ex
458 3212 652 3270 magna
699 3193 868 3267 gloria
912 3205 1138 3262 regnum
1180 3187 1512 3242 Francorum
1539 3184 1687 3254 quati
1725 3180 1922 3252 CCBpll:

347 3291 403 3344 in
431 3299 645 3344 tantum
678 3294 760 3352 ut,
787 3282 1033 3339 collectis
1072 3278 1431 3347 undequaque
1467 3274 1691 3338 viribus,
1733 3271 1787 3325 in
1821 3280 1930 3325 ter-

350 3381 540 3435 ritorio
593 3371 1026 3432 Autisiodorensi
1083 3369 1227 3440 apud
1287 3364 1701 3422 Fontaneticum
1751 3361 1929 3416 vicum

351 3475 456 3527 duo
512 3471 775 3526 adversus
825 3468 960 3519 duos
1000 3461 1214 3516 diabolo
1245 3459 1536 3527 instigante
1561 3451 1929 3523 conﬁigentes,

351 3561 735 3619 cruentissima
782 3555 1206 3612 cltristianorum
1240 3550 1384 3604 inter
1411 3561 1469 3602 se
1494 3545 1640 3600 caede
1672 3540 1936 3597 infelicis-

353 3659 494 3713 simo
531 3653 915 3710 satisfacerent
969 3647 1113 3702 odio.
1163 3643 1263 3710 Qui
1325 3638 1556 3711 patriam
1604 3649 1738 3707 pene
1787 3631 1934 3689 omni

353 3746 652 3803 munimine
717 3741 948 3796 militum
1019 3733 1321 3805 frequentia
1380 3721 1686 3800 prmliorum
1767 3723 1934 3780 desti-

356 3846 591 3902 tuentes,
645 3832 941 3888 invalidam
989 3836 1044 3882 et
1097 3827 1455 3880 barbarorum
1505 3833 1600 3875 seu
1643 3815 1936 3886 cujuslibet
1966 3834 2012 3896 ρ

357 3933 529 3986 hostis
572 3925 839 3982 invasioni
883 3929 1244 3993 opportunam
1275 3931 1397 3972 eam
1439 3914 1793 3982 reliquerunt.
1823 3909 1940 3975 Quo

359 4033 602 4093 tempore
645 4017 862 4091 pagani,
898 4030 1019 4070 cum
1056 4009 1306 4067 Lothroci
1354 4007 1496 4077 regis
1553 4005 1686 4068 ﬁlio,
1722 4002 1940 4057 nomine

359 4119 505 4182 Bier,
538 4125 702 4173 costte
729 4113 946 4183 quidem
981 4108 1196 4172 ferreae,
1230 4108 1555 4174 procurante
1579 4098 1695 4167 ejus
1723 4094 1942 4166 expedia-

364 4213 564 4264 tionetn
613 4204 877 4272 Hastingo
915 4199 1156 4254 omnium
1204 4206 1537 4265 paganorum
1591 4185 1941 4256 nequissimo,

363 4319 391 4355 a
427 4297 639 4353 Noricis
674 4309 773 4350 seu
816 4291 1034 4348 Danicis
1071 4287 1268 4342 ﬁnibus
1293 4288 1628 4344 eructantes,
1660 4275 1943 4331 maritima

364 4395 551 4450 littora
574 4387 876 4446 incolentes
914 4379 1186 4438 continuis
1213 4374 1456 4430 cladibus
1481 4373 1835 4430 vexaverunt,
1869 4362 1946 4418 ci-

363 4489 564 4541 vitates
626 4481 948 4540 diruentes,
1001 4483 1164 4540 atque
1219 4465 1465 4521 abbatias
1514 4465 1945 4516 concremantes.

365 4579 500 4646 Quis
532 4588 662 4628 vero
692 4571 798 4626 iste
833 4567 1154 4624 Lothrocns,
1180 4558 1261 4613 vel
1285 4572 1352 4610 ex
1381 4552 1533 4623 cujus
1568 4551 1736 4619 stirpe
1764 4545 1949 4601 oriun-

365 4638 469 4725 dus
492 4664 783 4723 exstiterit.
811 4659 950 4714 infra
975 4656 1236 4711 dicemus.
1270 4649 1378 4704 Sed
1402 4646 1559 4702 modo
1579 4643 1728 4716 prius
1747 4639 1816 4695 de
1842 4638 1950 4694 situ

366 4764 546 4820 Daciae
573 4772 748 4831 pauca
779 4754 1044 4810 dicamus.
1261 4757 1288 4766 ἰ
1737 4769 1740 4772 .
1931 4752 1933 4754 η

995 4835 1227 4898 CAPUT
1260 4833 1326 4888 ll.

369 4949 450 5002 De
501 4945 667 4999 tribus
709 4936 951 5013 partibus
995 4933 1131 5013 orbis
1171 4941 1344 5013 (errat,
1378 4933 1424 5005 et
1458 4940 1511 4977 νη
1539 4939 1642 4994 qua
1672 4933 1838 4974 eartm
1888 4919 1954 4973 sit

823 5008 987 5061 Dacia
1017 5015 1062 5058 et
1088 5004 1152 5057 de
1185 5004 1292 5054 situ
1324 5004 1510 5062 ipsius.

449 5108 633 5160 Totius
659 5114 900 5170 namque
927 5097 1081 5152 molis
1119 5091 1254 5148 orbe
1297 5087 1592 5157 descripto,
1641 5081 1957 5152 ambituque

368 5211 427 5255 ct
453 5199 735 5269 superﬁcie
773 5202 930 5247 terra:
952 5189 1222 5259 sagaciter
1255 5193 1564 5250 permenso,
1593 5188 1809 5234 omnem
1845 5185 1957 5232 ter-

826 5281 864 5298 Α

1139 5277 1234 5298 ,1.,ι
1280 5270 1516 5298 ιιηιιῖη--Λ
1543 5284 1696 5298 ’.ΛΑ-ιε·
1729 5266 1932 5298 (ﬁn-num

1918 1105 1966 1162 Α
1995 1123 2083 1178 hic
2111 1124 2440 1179 mentionem
2469 1122 2533 1177 de
2565 1121 2808 1192 partibus
2842 1128 3001 1176 terrae
3029 1118 3279 1185 fecimus,
3319 1133 3425 1175 non
3449 1120 3572 1175 inu-

2004 1213 2098 1268 tile
2146 1213 2364 1268 videtur
2411 1212 2456 1267 si
2505 1211 2744 1266 breviter
2792 1224 3282 1266 commemoremus
3331 1212 3461 1280 quid
3505 1213 3574 1267 de

1995 1303 2104 1358 illis
2152 1304 2344 1359 beatus
2387 1301 2727 1372 Augustinus
2760 1300 2813 1354 in
2840 1315 2930 1354 xvi
2958 1299 3096 1355 libro
3126 1300 3202 1356 De
3229 1301 3448 1357 civitate
3477 1302 3574 1357 Dei

1996 1393 2180 1450 dicat:
2226 1413 2243 1446 ι
2265 1395 2414 1460 Asia,
2446 1393 2641 1462 inquit,
2673 1408 2702 1448 a
2730 1392 2954 1446 meridie
2977 1407 3075 1462 per
3098 1391 3364 1449 orientem
3399 1410 3573 1464 usque

2000 1487 2069 1540 ad
2098 1486 2527 1556 septentrionem
2557 1482 2804 1553 pervenit
2831 1499 2845 1536 :
2881 1482 3095 1553 Europa
3127 1497 3255 1539 vero
3284 1498 3318 1538 ~a
3360 1493 3579 1554 septeno

2001 1577 2183 1631 trione
2213 1591 2386 1646 usque
2417 1577 2484 1630 ad
2512 1574 2876 1639 occidentem,
2923 1582 3085 1644 atque
3125 1574 3249 1630 inde
3287 1573 3471 1632 Africa
3505 1577 3577 1631 ab

2001 1665 2294 1723 Occidente
2317 1681 2488 1736 usque
2511 1665 2578 1720 ad
2610 1665 2912 1720 meridiem.
2947 1664 3096 1721 Unde
3117 1665 3372 1720 videntur
3392 1667 3579 1721 orbem

2004 1758 2288 1815 dimidium
2325 1758 2446 1814 dua:
2474 1767 2678 1824 tenere,
2713 1757 2925 1828 Europa
2955 1764 3011 1812 et
3037 1755 3246 1826 Africa,
3278 1757 3423 1814 aliud
3451 1773 3585 1814 vero

2005 1851 2288 1906 dimidium
2316 1850 2430 1907 sola
2453 1849 2602 1905 Asia.
2639 1849 2744 1906 Sed
2775 1849 2896 1904 ideo
2929 1847 3034 1904 illa:
3059 1849 3178 1903 duae
3214 1860 3398 1920 partes
3426 1849 3586 1906 facta:

2005 1953 2154 2009 sunt,
2182 1945 2308 2014 quia
2339 1946 2483 1999 inter
2512 1952 2800 2014 utramque
2846 1943 3012 1998 intrat
3053 1942 3121 1997 ab
3166 1943 3384 2000 Oceano
3423 1945 3587 2014 quid-

2008 2035 2137 2105 quid
2174 2051 2438 2106 aquarum
2475 2043 2647 2088 terras
2675 2033 2919 2088 interluit
2948 2043 3003 2087 et
3029 2035 3130 2089 boc
3156 2050 3306 2110 mare
3336 2052 3589 2106 magnum

2009 2126 2168 2182 nobis
2219 2125 2370 2180 facit.
2415 2124 2759 2196 Quapropter
2805 2125 2851 2180 si
2882 2124 2937 2178 in
2989 2125 3125 2180 duas
3174 2135 3359 2196 partes
3399 2125 3592 2183 orbem

2010 2216 2241 2281 dividas,
2271 2215 2512 2272 Orientis
2537 2225 2592 2271 et
2633 2215 2963 2282 Occidentis,
3000 2216 3130 2270 Asia
3161 2217 3263 2272 erit
3292 2218 3343 2271 in
3377 2233 3504 2284 una,
3537 2219 3590 2272 in

2013 2311 2184 2365 altera
2207 2325 2336 2366 vero
2356 2309 2571 2380 Eur0pa
2593 2318 2650 2364 et
2667 2308 2870 2364 Africa.
2908 2327 2926 2360 ι
2954 2307 3050 2364 llis
3071 2310 3348 2366 succincte
3371 2310 3592 2364 intima-

2020 2402 2112 2467 tis,
2140 2401 2208 2457 ad
2233 2400 2570 2471 propositum
2596 2399 2898 2455 redeamus.
2932 2397 3147 2469 Europa
3175 2399 3596 2471 quampluritnis

2019 2492 2300 2547 ﬂuminum
2328 2491 2498 2548 alveis
2525 2491 2878 2558 interrivata,
2905 2491 3482 2561 variisqueprovinciis
3511 2494 3599 2548 de-

2017 2585 2314 2649 nominata,
2369 2582 2602 2640 termino
2649 2581 3026 2651 diremptionis
3067 2581 3337 2635 limitatur
3378 2581 3597 2652 patriis.

2021 2677 2224 2733 llarum
2256 2678 2503 2747 quaedam
2538 2675 2930 2746 spatiosissima
2964 2674 3248 2745 multiplici
3287 2674 3600 2730 innumera-

2019 2768 2209 2824 bilium
2233 2766 2515 2822 hominum
2536 2763 2841 2834 frequentia
2862 2774 3180 2819 crater-arum
3202 2761 3601 2832 copiosissima,

2023 2868 2366 2931 nuncupatur
2421 2858 2734 2914 Germania.
2786 2856 2844 2912 ln
2899 2871 3007 2926 qua
3058 2855 3243 2912 Hister
3289 2855 3486 2912 ﬂuvius
3539 2857 3608 2912 de

2027 2954 2311 3009 cacumine
2354 2954 2556 3009 montis
2587 2951 2799 3005 Athnoe
2828 2958 3010 3013 ortus,
3059 2949 3115 3004 in
3161 2948 3442 3019 sexaginta
3483 2963 3608 3002 am-

2031 3047 2190 3102 nibus
2228 3053 2611 3116 augmentatus
2639 3041 2914 3112 profusius
2939 3049 2996 3096 et
3020 3055 3050 3095 a
3081 3040 3310 3096 meridie
3333 3040 3401 3096 ad
3431 3042 3612 3096 orien-

2032 3149 2140 3194 tem
2192 3153 2381 3194 means
2431 3136 2784 3207 procellosus,
2829 3134 3179 3191 Germaniam
3226 3143 3284 3189 et
3327 3133 3607 3204 Scytbiatn

2031 3245 2204 3298 usque
2229 3242 2317 3292 co,
2347 3243 2455 3296 quo
2491 3237 2657 3295 ponto
2687 3225 2950 3296 Scythico
2979 3224 3238 3294 recipitur
3270 3223 3612 3278 discrimina-

2035 3330 2143 3386 tus,
2200 3321 2472 3375 vocitatur
2517 3317 2816 3373 Danubius.
2872 3316 2931 3370 ln
2979 3316 3195 3384 copiosa
3250 3315 3417 3386 igitur
3447 3314 3616 3370 inter-

2034 3413 2298 3484 capedine
2326 3429 2354 3466 a
2379 3411 2626 3466 Danubio
2679 3409 2747 3465 ad
2795 3408 3037 3481 Scythici
3073 3407 3224 3477 ponti
3252 3423 3424 3478 usque
3449 3407 3617 3462 conﬁ-

2038 3505 2186 3560 nium
2219 3501 2424 3558 diffusa:
2449 3508 2858 3558 commorantur
2885 3500 3014 3556 fera:
3044 3508 3232 3570 gentes
3262 3507 3318 3556 et
3344 3499 3617 3562 barbarae,

2038 3614 2158 3668 qua:
2194 3613 2259 3653 ex
2293 3595 2503 3651 Scanza
2551 3594 2724 3651 insula
2765 3593 3011 3658 Oceano,
3053 3592 3180 3648 hinc
3219 3591 3342 3648 inde
3386 3591 3624 3648 circum-

2039 3701 2226 3762 septa,
2265 3689 2412 3744 velut
2439 3703 2668 3743 exatnen
2702 3701 2863 3756 apum
2892 3701 2960 3742 ex
2991 3685 3255 3751 canistro,
3287 3699 3383 3742 seu
3405 3684 3622 3756 gladius

2040 3795 2072 3838 e
2100 3779 2314 3851 vagina,
2342 3779 2661 3835 diversitate
2685 3778 3005 3834 multimoda
3032 3777 3285 3834 dicuntur
3308 3777 3628 3849 prosiluisse

2043 3873 2441 3931 consuetudine
2487 3871 2801 3928 barbarica.
2861 3870 2958 3925 Est
3003 3884 3240 3940 namque
3296 3870 3370 3924 ibi
3418 3878 3627 3925 tractus

2044 3964 2478 4035 quamplurimus
2530 3961 2758 4028 Alanite,
2808 3961 3052 4029 situsque
3099 3960 3328 4013 nimium
3373 3959 3629 4028 cepiosus

2044 4053 2268 4118 Daciae,
2326 4061 2490 4120 atque
2544 4060 2757 4104 meatus
2803 4047 3033 4102 multum
3087 4056 3380 4117 protensus
3435 4046 3627 4103 Getize.

2047 4148 2288 4216 Quarum
2310 4144 2476 4199 Dacia
2495 4151 2673 4198 exstat
2696 4140 3044 4205 medioxima,
3065 4139 3121 4194 in
3148 4138 3365 4194 modum
3387 4153 3626 4202 coronae.

2047 4240 2329 4306 instarque
2347 4234 2584 4290 civitatis
2605 4232 2927 4304 praemagnis
2950 4229 3176 4301 Alpibus
3195 4229 3457 4284 emunita.
3483 4228 3632 4297 Quos

2045 4339 2316 4402 protenta:
2361 4325 2644 4381 anfractus
2695 4321 3070 4400 amplitudinis
3108 4319 3352 4375 furentes
3388 4319 3634 4374 incolunt

2048 4423 2252 4496 populi,
2293 4427 2664 4491 praemonente
2706 4425 2880 4471 marte
2914 4412 3184 4477 bellicosi;
3217 4411 3423 4467 scilicet
3456 4411 3630 4478 Getie,

2050 4517 2141 4588 qui
2174 4527 2229 4572 et
2255 4513 2448 4579 Gothi,
2491 4511 2760 4568 Sarmatae
2786 4517 2840 4563 et
2869 4504 3177 4568 Amaxobii,
3228 4503 3534 4575 Tragoditae
3578 4512 3636 4559 et

2049 4610 2241 4674 Alani,
2279 4604 2800 4678 quamplurimaaque
2839 4608 3030 4670 gentes
3065 4593 3392 4652 Meotidibus
3424 4595 3639 4669 paludi-

2051 4705 2156 4762 bus
2175 4700 2472 4759 excolendo
2501 4685 2922 4756 commorantes.

2668 4782 2898 4842 CAPUT
2939 4781 3027 4838 Ill.

2069 4937 2074 4942 .
2111 4885 2186 4940 De
2208 4882 2406 4952 origine
2429 4878 2742 4944 Gothorum,
2767 4885 2813 4930 et
2843 4873 2931 4928 ubi
2957 4873 3183 4946 primum
3204 4870 3594 4928 habitaverunt.

2134 4975 2270 5030 Tres
2310 4971 2512 5026 etenim
2549 4967 2664 5023 Noe
2701 4967 2841 5023 ﬁlios
2865 4963 3144 5024 habuisse,
3178 4974 3349 5015 sacra:
3382 4963 3450 5015 ad
3496 4954 3653 5028 liqui-

2061 5073 2196 5130 dum
2221 5072 2490 5120 testantur
2513 5057 2992 5134 paginm.Quarum
3010 5051 3196 5126 junior
3218 5051 3440 5108 nomine
3460 5052 3657 5120 Japbct

2065 5163 2240 5222 ﬁlium
2268 5155 2472 5227 genuit,
2501 5167 2664 5225 quem
2689 5148 2916 5226 proprio
2953 5144 3219 5206 vocabulo
3260 5143 3452 5215 Magog
3483 5139 3658 5198 nomi-

2067 5251 2242 5298 nnvil.
2277 5247 2440 5298 Cuius
2475 5244 2708 5298 Gothica
2744 5240 2962 5298 soboles
2984 5241 3052 5296 de
3076 5234 3432 5293 similitudine
3459 5233 3661 5289 ultimae
