4040 5298
483 285 587 341 7δῖ

1302 283 1647 340 WILLELMI
1678 282 1965 338 CALCL'Ll
2001 281 2241 337 GEMME
2261 283 2273 334 i
2293 283 2551 340 lCENSIS
2575 283 2882 342 MONACHI

3651 293 3750 346 785

487 403 634 456 intra
662 399 832 456 maris
869 399 1066 454 fretum
1096 399 1196 454 sibi
1227 399 1546 456 vindicaret.
1579 399 1640 458 in
1663 415 1769 467 qua
1810 414 1905 466 per
1945 411 2065 450 suc-
2093 404 2140 462 Α
2171 397 2284 458 bat,
2315 407 2512 465 praeter
2539 415 2731 468 unum,
2767 417 2926 472 quem
2963 399 3230 454 ha‘redcm
3275 401 3355 456 sui
3399 400 3540 470 juris
3593 407 3752 458 relin-

482 492 729 546 cedeutia
796 503 1098 560 temporum
1144 488 1414 544 curricula
1463 490 1750 543 admodum
1803 488 2060 558 multipli-

478 595 602 641 cata
624 625 639 650 ,
686 584 820 640 duos
855 599 922 639 ex
957 599 1015 639 se
1054 584 1106 637 in
1149 583 1318 638 armis
1355 582 1761 638 rol‘iustissimos
1789 573 2064 653 produxit

473 681 784 736 Gothorum
832 677 1077 748 populos.
1115 675 1194 730 Ex
1234 675 1432 746 quibus
1465 691 1606 730 unus
1637 691 1760 730 cum
1797 690 1924 744 rege
1964 691 2062 730 suo

473 772 772 826 Thanause
811 770 878 825 de
907 769 1098 840 vagina
1132 784 1228 824 sua
1256 783 1526 839 egressus,
1565 769 1879 824 ulteriorem
1927 767 2064 840 Scy-

471 865 650 920 thiam
684 863 898 926 invasit,
927 861 1139 932 sibique
1167 861 1448 931 usurpavit
1477 880 1489 916 :
1533 861 1760 916 multum
1795 869 1918 931 post
1961 861 2058 916 ad-

467 973 696 1014 versum
719 955 978 1011 Vesosem
1015 955 1388 1027 Egyptiorum
1418 970 1598 1024 regem
1626 964 1815 1010 contra
1839 970 1896 1010 se
1923 953 2060 1010 bella

468 1057 856 1116 attentantem,
887 1049 1191 1104 diutissime
1222 1063 1281 1104 se
1308 1050 1478 1105 armis
1515 1059 1570 1105 et
1620 1049 1823 1121 praeliis
1874 1061 2060 1105 cxten-

475 1139 630 1194 dens.
669 1139 910 1206 Quorum
949 1154 1146 1193 uxores
1193 1139 1536 1207 postmodum
1585 1149 1790 1196 vocatae
1827 1140 2062 1196 Amazo-

477 1246 594 1292 nes,
643 1229 954 1284 diuturnam
1007 1242 1196 1282 eorum
1243 1243 1450 1282 moram
1507 1229 1734 1284 moleste
1779 1229 2056 1298 ferentes,

475 1321 754 1390 repudiata
809 1321 1052 1376 virorum
1103 1318 1293 1388 copula
1339 1334 1492 1374 arma
1544 1331 1836 1388 capessunt
1875 1339 1889 1376 :
1925 1323 2059 1379 duas

473 1411 690 1482 reginas
723 1408 986 1478 Lampeto
1027 1407 1238 1464 scilicet
1275 1417 1440 1478 atque
1473 1409 1804 1479 Marpessam
1841 1413 2058 1467 cmteris

472 1501 798 1558 audaciores
853 1501 1182 1572 principatui
1235 1502 1616 1572 subrogantcs.
1669 1501 1800 1570 Qua:
1854 1504 2058 1560 dextris

469 1595 726 1650 mamillis
757 1595 828 1650 ob
879 1593 1110 1648 telorum
1143 1592 1322 1663 jactus
1367 1594 1604 1656 adustis,
1663 1603 1828 1650 totam
1869 1597 2056 1651 Asiam

471 1703 761 1760 aggressa},
791 1703 892 1759 per
930 1697 1144 1742 centum
1187 1686 1302 1742 fere
1339 1703 1604 1740 annorum
1633 1687 1906 1744 volumina
1935 1705 2058 1760 gra-

2161 487 2381 558 quebat.

2237 576 2241 578 ’
2791 580 3018 636 CAPUT
3061 583 3125 636 γ.

2165 690 2438 764 Quomodo
2471 691 2618 757 Bier,
2655 693 2797 760 ﬁlius
2833 692 3079 747 Lolliroci
3129 695 3262 762 regis
3304 693 3482 747 Dacia.“
3505 695 3752 764 expulsus

2229 773 2303 815 est
2337 761 2400 817 de
2427 765 2600 834 patria
2635 779 2779 818 more
2809 765 2985 828 solito,
3017 779 3132 818 cum
3167 761 3430 819 Hastinao
3461 761 3751 837 pmdugogo

2237 849 2354 886 ειιο.

2235 947 2366 1014 Qnre
2393 949 2624 1020 denique
2665 949 2750 1005 lex
2799 965 2897 1021 per
2942 951 3231 1007 multorum
3275 961 3518 1024 tempora
3557 970 3748 1025 regum

2159 1037 2474 1094 inconvulsa
2534 1041 2760 1108 mansit,
2787 1044 2964 1110 quoad
2995 1057 3166 1112 usque
3202 1042 3508 1099 Lothrocus
3539 1061 3656 1110 rex,
3685 1047 3752 1100 de

2159 1144 2270 1200 quo
2323 1147 2483 1202 supra
2528 1133 2949 1204 pratlibavimus,
2977 1136 3116 1204 patri
3164 1135 3218 1190 in
3265 1151 3430 1206 regno
3454 1139 3743 1192 successit.

2159 1220 2208 1276 ls
2235 1224 2401 1276 etiam
2446 1239 2537 1277 rex
2587 1232 2803 1292 patrum
2851 1224 3061 1296 legibus
3112 1225 3343 1291 excitus,
3376 1240 3499 1280 cum
3541 1227 3747 1298 ingenti

2153 1315 2414 1386 juvenem
2449 1319 2667 1390 agmine
2695 1331 2842 1376 sorte
2867 1328 3094 1392 cogente
3125 1320 3292 1376 lilium
3316 1363 3329 1386 ,
3361 1323 3580 1376 nomine
3625 1304 3776 1378 ΙέἰίιιἸ

2159 1405 2336 1463 Costa:
2359 1407 2593 1476 Ferrete,
2625 1426 2656 1467 a
2680 1427 2777 1467 suo
2805 1413 3022 1470 abdicat
3051 1429 3236 1484 regno,
3279 1431 3402 1469 cum
3427 1416 3545 1484 ejus
3567 1417 3748 1486 predu-

2158 1511 2294 1568 gogo
2321 1498 2583 1572 llastingo
2606 1502 2903 1572 peremnia
2933 1501 3461 1572 fraudulentissimo;
3489 1515 3571 1570 ut,
3601 1521 3750 1576 pere-

2157 1588 2312 1657 grina
2367 1606 2535 1660 regna
2585 1601 2807 1662 petens,
2850 1601 3070 1649 exteras
3105 1593 3205 1650 sibi
3235 1596 3402 1650 armis
3437 1597 3750 1666 acquireret

2160 1679 2337 1734 sedes.
2361 1679 2464 1745 Qui
2495 1681 2616 1738 ideo
2647 1681 2809 1738 Costa
2833 1683 3038 1739 Ferrea
3077 1686 3388 1752 vocabatur,
3413 1686 3538 1755 quia
3567 1701 3676 1740 non
3699 1686 3750 1740 ei

463 1781 703 1836 vissimte
733 1777 1120 1834 dominationis
1140 1776 1274 1847 jugo
1300 1793 1420 1832 eam
1447 1777 1800 1834 domuerunt.
1838 1778 1944 1834 Sed
1987 1779 2053 1834 de
2085 1804 2128 1862 Β
2157 1767 2380 1840 “ille”
2406 1769 2492 1840 0U
2523 1779 2760 1840 οενθιυνν
2789 1774 2884 1830 5υά
2913 1774 3140 1830 inermis
3169 1776 3220 1829 in
3243 1775 3360 1830 θεῖε
3381 1784 3550 1836 51³118.
3569 1791 3750 1830 armo-

467 1873 557 1927 his
594 1874 894 1941 hucusque.
929 1871 1030 1938 Qui
1056 1886 1184 1926 vero
1216 1871 1356 1926 scire
1387 1881 1580 1926 cuneta
1621 1872 1912 1935 desiderat,
1941 1871 2046 1928 Gn-

467 1967 684 2021 thorum
715 1976 863 2037 gesta
895 1975 1197 2037 percurrat,
1226 1976 1282 2022 et
1307 1976 1494 2022 noster
1520 1967 1692 2038 stylus
1719 1975 1964 2022 vertatnr
1981 1966 2052 2021 ad

466 2059 762 2130 proposita.

1073 2171 1308 2228 CAPUT
1351 2171 1439 2228 IV.

467 2285 622 2354 Quod
673 2287 810 2342 Doni
857 2287 922 2342 de
977 2285 1264 2342 Gothorum

533 2376 695 2428 quare
733 2360 979 2412 dicantur
1005 2359 1146 2412 Doni
1189 2358 1267 2412 vel

501 2469 504 2472 .
533 2433 650 2484 dum
680 2447 802 2501 gens
835 2430 910 2483 sic
943 2429 1340 2500 multiplicetur.

529 2522 698 2592 Igitur
725 2522 863 2577 alter
887 2521 1188 2578 Gothorum
1217 2537 1425 2577 cuneus
1479 2537 1546 2578 ex
1599 2522 1810 2580 Scanza
1853 2522 2050 2586 insula,

461 2629 582 2682 quze
615 2621 736 2666 erat
782 2613 935 2684 quasi
981 2610 1194 2668 ollieiua
1232 2613 1492 2682 gentium,
1531 2621 1627 2668 aut
1669 2613 1816 2668 velut
1859 2613 2053 2682 vagina

463 2705 766 2769 nationum,
809 2719 930 2759 eum
977 2718 1102 2774 rege
1149 2719 1248 2759 suo
1297 2705 1517 2760 nomine
1571 2705 1729 2777 Berig
1775 2721 2049 2776 egressus,

462 2811 584 2849 mox
621 2805 681 2849 ut
707 2810 737 2849 e
776 2795 1008 2850 navibus
1053 2803 1315 2848 exeuntes
1353 2803 1527 2850 terras
1572 2795 1906 2866 attigerunt,
1947 2811 2051 2850 no-

456 2903 582 2941 men
611 2887 730 2941 loco
751 2885 1420 2956 dederunt,Scanzamque
1441 2888 1511 2942 ob
1536 2887 1679 2942 illius
1703 2888 2046 2952 memoriam,

457 2979 526 3031 de
557 2991 666 3046 quo
689 2984 1003 3046 eruperant,
1049 2975 1198 3030 illum
1244 2985 1594 3032 vocaverunt.
1635 2977 1768 3033 inde
1817 2979 2052 3050 denique

456 3069 722 3139 prolixius
783 3069 1069 3123 tendentes
1109 3067 1252 3122 intra
1287 3067 1646 3124 Germanicos
1691 3068 1866 3134 sinus,
1905 3067 2052 3122 Meo-

1359 2304 1564 2356 rogcme
1615 2286 1961 2346 descendam.
2003 2295 2052 2339 et

1366 2359 1688 2424 orrhmanni,
1721 2371 1780 2412 et
1823 2375 1918 2412 cur
1963 2375 2048 2412 ea-

2156 1877 2276 1916 rnm
2303 1862 2412 1916 vim
2439 1879 2826 1936 quamcunque
2873 1875 3156 1936 sperneret
3187 1866 3418 1932 illaesos;
3449 1869 3745 1922 vehemen-

2162 1956 2392 2011 tissimis
2420 1955 2611 2012 matris
2640 1956 2760 2026 ejus
2785 1959 3010 2014 venenis
3033 1957 3599 2031 infectus.Hastingus
3619 1975 3748 2014 Vcl‘o

2155 2067 2185 2106 a
2228 2051 2405 2122 patria
2454 2067 2580 2106 cum
2639 2067 2738 2108 suo
2773 2052 3118 2108 adolescente
3175 2051 3328 2108 exsul
3381 2057 3743 2124 proscriptus,

2153 2150 2318 2205 missa
2347 2147 2613 2221 legatione
2639 2149 2838 2206 milites
2865 2149 2931 2205 de
2955 2149 3199 2204 finitimis
3225 2152 3523 2222 provinciis
3555 2153 3748 2205 animo

2156 2239 2335 2306 leves,
2369 2240 2602 2310 bellique
2629 2241 2884 2311 cupidos,
2923 2242 2989 2296 ad
3033 2241 3176 2295 hanc
3219 2242 3619 2312 expeditionem
3668 2242 3746 2296 in-

2153 2332 2363 2398 vitans,
2419 2332 2870 2388 innut‘uerabilem
2908 2331 3262 2404 pugnauiium
3309 2332 3547 2388 tironum
3611 2349 3745 2388 con-

2154 2419 2402 2496 gregavit
2435 2425 2760 2479 exercitum.
2789 2424 2926 2492 Quid
2957 2424 3107 2494 plura
3131 2423 3155 2477 ?
3191 2422 3528 2478 fabricantur
3550 2439 3744 2486 naves,

2155 2515 2486 2572 iunovautur
2515 2526 2668 2572 scuta
2693 2559 2706 2584 ,
2738 2519 3115 2572 resarciuntur
3148 2517 3419 2579 thoraces,
3467 2517 3748 2587 poliuntur

2153 2604 2336 2662 loricre
2357 2617 2412 2662 et
2441 2608 2632 2680 galeae,
2657 2617 2929 2663 acuuntur
2957 2622 3116 2663 enses
3155 2615 3206 2662 et
3231 2607 3448 2670 lancem,
3484 2607 3690 2676 omniq'
3714 2621 3747 2660 ο

2159 2699 2389 2754 telorum
2423 2711 2684 2772 apparatu
2711 2709 2967 2756 accurate
3005 2699 3247 2756 munitur
3286 2701 3582 2756 exercitus.
3619 2699 3746 2755 Inde

2155 2806 2284 2846 vero
2310 2799 2516 2846 statuto
2566 2793 2654 2848 die
2693 2794 2886 2864 pelago
2935 2792 3282 2862 impelluntur
3332 2807 3518 2857 nates,
3553 2795 3748 2848 adeas

2152 2898 2386 2952 propere
2415 2881 2671 2940 festinant
2700 2883 2927 2962 milites,
2958 2885 3241 2940 elevantur
3287 2885 3504 2947 vexilla,
3545 2885 3746 2939 lilii-ant

2155 2975 2330 3030 ventis
2352 2979 2616 3042 carbasa;
2645 2977 2915 3032 vehuntur
2946 2977 3054 3047 lupi
3089 2977 3338 3046 pernices
3386 2977 3452 3030 ad
3486 2977 3744 3031 laceran-

2153 3065 2252 3121 das
2281 3067 2580 3123 dominicas
2605 3083 2754 3136 oves,
2797 3067 2898 3124 deo
2953 3083 3054 3124 suo
3095 3065 3250 3122 Thur
3286 3068 3586 3122 humanum
3620 3083 3745 3122 san-

456 3161 600 3216 tidas
633 3169 1035 3232 occupaverunt
1073 3159 1320 3230 paludes,
1350 3159 1614 3230 plurimas
1656 3160 1910 3231 regiones
1943 3160 2046 3216 dif-
2078 3165 2124 3230 ο
2155 3157 2370 3230 guinem
2404 3157 2660 3214 libantes.

455 3254 578 3308 fuse
607 3261 894 3308 metantes.
921 3252 1160 3321 Quarum
1199 3253 1254 3308 in
1290 3253 1527 3308 secunda
1555 3254 1687 3310 sede
1713 3254 1900 3322 Dacia,
1925 3271 2048 3326 quae

399 3421 402 3424 ἢ
454 3353 508 3398 et
543 3345 943 3410 Danamarclia,
971 3343 1192 3408 sistens,
1229 3359 1384 3414 reges
1415 3333 1608 3400 habuit
1634 3345 1856 3411 multos,
1887 3348 2044 3403 mira:

452 3437 814 3508 philosophiae
841 3437 1148 3494 eruditione
1173 3437 1524 3493 vehementer
1551 3437 1810 3504 imbutos,
1835 3439 2043 3495 Zeutau

455 3519 702 3597 scilicet,
765 3540 929 3600 atque
1003 3530 1284 3585 Dicineum
1315 3569 1331 3598 ,
1403 3545 1618 3588 necnon
1684 3531 2041 3598 Zalmoxcm,

454 3623 698 3692 aliosque
761 3621 963 3692 plures.
1045 3621 1200 3677 Unde
1267 3631 1322 3677 et
1393 3637 1532 3692 pene
1595 3625 1846 3678 omnibus
1915 3623 2044 3678 bar.-

453 3715 604 3768 baris
647 3713 810 3769 Gothi
858 3727 1076 3783 semper
1097 3713 1429 3768 exstiterunt
1477 3714 1852 3784 sapientiores,
1897 3714 2044 3770 Grie-

453 3807 646 3872 cisque
674 3803 848 3857 ferme
875 3803 1208 3857 consimiles.
1249 3803 1384 3858 Nam
1413 3803 1642 3860 Martem
1689 3805 1848 3860 deum
1903 3805 2044 3873 apud

455 3911 516 3949 se
543 3903 827 3949 autumant
851 3893 1022 3950 fuisse
1067 3906 1340 3960 exortum,
1383 3909 1544 3965 quem
1592 3895 1817 3951 humani
1862 3897 2046 3967 placa-

452 3987 586 4040 bunt
615 3981 878 4039 effusione
911 3985 1216 4054 sanguinis.
1247 3982 1464 4040 lactant
1497 3985 1644 4041 enim
1676 3985 1946 4056 Trojanos
1975 4001 2042 4042 ex

451 4092 550 4133 sua
578 4077 752 4148 stirpe
787 4078 1138 4146 processisse,
1173 4075 1615 4148 Antenor-eraque
1663 4079 1734 4134 ab
1764 4079 1915 4134 urbis
1945 4093 2044 4134 θι-

455 4171 716 4226 terminio
775 4183 902 4225 eum
955 4168 1166 4226 (luobus
1207 4171 1454 4226 millibus
1505 4171 1734 4226 militum
1785 4184 1838 4228 et
1885 4174 2044 4244 quin-

454 4265 634 4332 gentis
651 4265 806 4330 viris,
821 4265 892 4320 ob
913 4264 1278 4335 proditionem
1303 4265 1447 4320 illius
1471 4266 1540 4321 ab
1559 4281 1624 4321 eo
1651 4275 2040 4338 perpetratum,

455 4357 720 4423 evasisse;
761 4371 826 4412 ac
873 4371 970 4427 per
1019 4357 1370 4413 multimodos
1415 4359 1562 4428 ponti
1601 4359 1882 4414 anfractus
1907 4359 2043 4416 Ger-

455 4443 692 4498 maniam
725 4447 1020 4516 appulisse,
1061 4456 1224 4517 atque
1274 4449 1618 4517 postmodum
1659 4450 1714 4504 in
1757 4449 1920 4505 Dacia
1955 4465 2042 4505 re-

431 4553 670 4608 furasse,
705 4553 938 4610 eamque
968 4555 999 4595 ι
1027 4543 1258 4610 quodam
1299 4542 1486 4596 Danao
1520 4557 1631 4598 suae
1675 4543 1860 4613 stirpis
1913 4557 2042 4614 rege
2068 4521 2115 4582 Ῑ)

451 4629 886 4684 Danamareham
945 4645 1308 4701 nuncupasse.
1369 4632 1489 4687 llae
1541 4633 1706 4702 igitur
1757 4635 1828 4689 de
1877 4648 2040 4688 causa

453 4721 585 4774 Daci
618 4729 1004 4792 nuncupantur
1054 4737 1086 4776 ιι
1131 4722 1247 4778 suis
1293 4723 1464 4778 Danai
1511 4723 1594 4779 vel
1635 4725 1796 4780 Daui.
1841 4725 2040 4780 North-

453 4813 638 4867 manni
669 4821 850 4868 autem
873 4813 1156 4880 dicuntur,
1203 4814 1330 4884 quia
1370 4815 1552 4887 lingua
1597 4830 1790 4872 eorum
1838 4815 2046 4872 Boreas

456 4901 632 4958 North
667 4911 914 4969 vocatur,
947 4904 1112 4960 homo
1140 4919 1272 4960 vero
1309 4905 1430 4959 Man
1458 4922 1471 4958 :
1507 4905 1632 4960 inde
1657 4905 2040 4971 Northmanui,

451 4993 508 5047 id
565 5004 688 5058 est,
748 4994 996 5050 homines
1052 4993 1338 5062 boreales,
1391 5012 1489 5066 per
1541 4996 2036 5051 denominationem

452 5096 858 5155 nuncupantur.
918 5085 1024 5142 Sed
1085 5089 1200 5144 sive
1247 5090 1351 5145 hoe
1401 5091 1518 5146 sive
1563 5089 1693 5144 illud
1741 5090 2036 5158 exstiterit,

2765 3247 2994 3306 CAPUT
3033 3249 3122 3304 Vl.

2149 3339 2426 3408 Quomodo
2451 3351 2696 3397 venerunt
2725 3343 2779 3397 in
2805 3359 3023 3412 regnum
3057 3339 3386 3395 Francorum
3411 3349 3460 3395 et
3490 3339 3740 3396 Ver-man-

2219 3413 2432 3468 densem
2457 3429 2646 3483 pagunt
2677 3415 2821 3482 prius
2857 3412 3158 3484 depopulati
3187 3423 3333 3467 sunt.

2218 3525 2386 3598 Cujus
2411 3542 2606 3582 cruore
2657 3525 2932 3582 libaminis
2975 3529 3310 3583 unanimiter
3334 3528 3506 3598 putati
3533 3570 3546 3594 ,
3577 3539 3742 3584 vento

2147 3620 2311 3678 flante
2362 3620 2630 3683 secundo,
2661 3621 3122 3677 Vermandensem
3173 3621 3574 3694 aggrediuntur
3617 3637 3741 3693 por-

2147 3721 2286 3780 tum,
2315 3729 2458 3769 anno
2509 3713 2577 3768 ab
2621 3713 2997 3770 incarnatione
3047 3714 3258 3769 Domini
3311 3713 3432 3769 85L
3469 3715 3728 3768 Exsilien-

2148 3815 2336 3880 tesque
2368 3823 2400 3862 e
2427 3806 2682 3872 navibus,
2707 3814 2882 3862 totum
2921 3805 3066 3862 illico
3095 3806 3336 3864 Vulcano
3383 3806 3604 3862 tradunt
3651 3824 3739 3862 co-

2146 3899 2419 3954 mitatum.
2489 3898 2676 3954 Sancti
2743 3913 2959 3970 quoque
3021 3898 3268 3968 Quintini
3343 3900 3736 3955 monasterium

2143 3991 2301 4047 ferali
2331 3991 2480 4048 rabie
2506 3992 2855 4058 comburunt,
2885 3994 2954 4052 de
2981 3992 3283 4048 christiano
3333 3993 3534 4064 populo
3581 3994 3738 4049 nefa-

2146 4085 2291 4140 rium
2345 4093 2668 4140 exercentes
2723 4084 3035 4140 ludibrium.
3085 4083 3467 4140 Noviomensis
3515 4101 3738 4156 quoque

2145 4178 2340 4232 Emme
2373 4178 2662 4250 episcOpus
2689 4193 2810 4234 cum
2841 4177 2956 4232 suis
2987 4177 3306 4233 diaconibus
3335 4192 3524 4232 eorum
3555 4179 3742 4248 gladio

2143 4273 2532 4337 obtruncatur;
2568 4271 2734 4342 fitque
2767 4271 2942 4328 caedes
2991 4271 3044 4325 in
3088 4269 3244 4340 plebe
3275 4270 3496 4340 proprio
3543 4271 3736 4325 orbata

2145 4377 2386 4438 pastore.
2439 4365 2644 4420 Dehinc
2705 4363 3012 4434 Sequanica
3063 4377 3158 4418 ora
3227 4361 3620 4432 aggrediuntur
3682 4371 3736 4416 et

2145 4457 2285 4528 apud
2353 4457 2752 4512 Gemmeticum
2811 4455 3042 4511 classica
3107 4454 3344 4510 statione
3397 4453 3734 4508 obsidionem

2142 4555 2492 4619 componunt.
2537 4546 2638 4615 Qui
2689 4547 2842 4600 locus
2873 4544 2998 4611 jure
3047 4542 3419 4600 Gemmetieus
3465 4552 3732 4606 vocatur,

2143 4641 2270 4710 quia
2300 4655 2396 4710 pro
2425 4639 2536 4694 suis
2563 4637 2787 4702 offensis
2817 4635 2943 4692 illuc
2970 4645 3216 4709 gemunt,
3261 4637 3352 4706 qui
3396 4636 3450 4690 in
3499 4633 3736 4690 ﬂammis

2144 4733 2434 4789 ultricibus
2467 4731 2724 4804 gemituri
2755 4745 2862 4786 non
2887 4738 3066 4786 erunt.
3099 4729 3330 4798 Quidam
3363 4743 3493 4784 vero
3521 4745 3552 4782 a
3585 4745 3732 4800 geni-

2143 4843 2230 4884 ma
2263 4825 2416 4880 illum
2459 4834 2709 4879 vocatum
2743 4824 3107 4887 arbitrantur,
3151 4821 3302 4893 quia,
3330 4830 3388 4875 ut
3425 4835 3638 4892 gemma
3675 4822 3730 4874 in

2143 4921 2364 4985 annulo,
2396 4919 2582 4974 rutilat
2609 4919 2716 4973 situ
2742 4927 2795 4974 et
2815 4919 3062 4972 ubertate
3087 4916 3382 4970 fructuum.
3414 4915 3510 4970 llic
3535 4931 3730 4988 nempe

2141 5011 2396 5067 Clodovei
2421 5009 2760 5066 Francorum
2801 5011 2964 5081 regis
2990 5017 3254 5079 tempore,
3300 5024 3329 5062 a
3366 5009 3526 5064 beato
3553 5007 3725 5064 Phili-

2139 5104 2329 5162 berto.
2379 5105 2678 5162 onitulante
2727 5104 2912 5162 regina
2963 5101 3191 5158 Baltilde
3247 5109 3621 5162 constructus.
3672 5103 3726 5156 in
