4040 5298
257 431 365 486 783

897 427 1242 486 ΙΙΙὸῚὈΗΙᾸΞ
1283 425 1910 482 ΝΟΙὶΤΙΙλΙᾹΝΝυὶἰυΜ
1939 421 2342 488 ΙΛΒΠΠΟΩἸὍ.
2369 453 2434 462 -—
2459 421 2664 475 LIBER
2705 417 2980 474 PRIMUS.

3411 411 3516 466 78:3

259 545 428 614 lapsi,
461 545 708 612 quaedam
737 557 956 599 suarum
991 558 1168 596 rerum
1201 543 1300 596 sub
1323 553 1462 596 terra
1487 541 1798 596 occulentcs
1821 581 1836 604 ,
1871 547 1914 602 Α
1943 537 2289 592 stantissimae
2317 537 2514 590 urbes?
2551 535 2685 588 Num
2717 543 2772 586 ct
2817 533 2942 602 ipsa:
2971 535 3286 585 eormndem
3333 531 3530 583 barba-

257 635 510 704 quadam
557 649 742 690 secum
791 627 1164 704 asper-tantes,
1215 633 1324 687 Deo
1364 634 1611 703 juvante,
1649 647 1838 687 evase-

261 733 414 780 runt.
455 725 682 794 Pagani,
717 723 894 780 locum
945 740 1174 778 vacuum
1223 726 1590 794 reperientes,
1649 739 1838 778 mona-

255 816 488 870 sterium
531 817 744 870 Sanctae
793 816 972 870 Mari-e
1023 816 1320 886 Sanctique
1367 816 1515 870 Petri
1553 825 1606 870 et
1647 827 1840 870 cuncta

253 905 488 960 aediﬁcia
521 907 644 975 igne
667 906 868 977 injecto
897 908 1155 972 adurunt,
1183 909 1234 963 in
1267 907 1614 962 solitudinem
1657 907 1840 962 omnia

261 999 594 1068 redigentes.
621 997 733 1054 [lac
775 999 956 1068 itaque
983 1008 1192 1068 patrata
1223 1001 1534 1064 eversione,
1565 999 1716 1056 locus
1747 1000 1842 1070 qui

253 1099 414 1142 tanto
459 1091 682 1146 honoris
725 1089 1012 1160 splendore
1065 1093 1152 1146 diu
1207 1091 1452 1163 viguere:
1479 1134 1494 1156 ,
1541 1093 1842 1150 exturbatis

249 1178 512 1234 omnibus
549 1193 612 1234 ac
659 1181 934 1238 subversis
977 1181 1244 1246 domibus,
1275 1185 1441 1252 Cthil
1483 1200 1604 1239 esse
1660 1187 1842 1242 cubile

239 1267 498 1332 (ferarum
541 1279 598 1324 ct
635 1271 912 1326 volucrum
939 1291 950 1324 :
983 1275 1232 1328 maceriis
1265 1275 1318 1328 in
1349 1291 1448 1330 sua
1479 1277 1749 1333 soiditate
1787 1279 1838 1334 in

254 1362 492 1416 sublime
519 1365 808 1433 porrectis,
843 1367 1188 1436 arbustisque
1219 1369 1580 1435 densissimis,
1603 1381 1658 1425 et
1684 1373 1842 1428 arbo-

253 1470 372 1506 rum
399 1456 648 1524 virgultis
681 1471 778 1528 per
823 1459 1042 1526 triginta
1075 1459 1246 1518 ferme
1269 1477 1537 1518 astiterunt
1569 1464 1840 1520 curricula

249 1546 454 1617 ubique
473 1563 508 1604 θ
537 1556 678 1606 terra
709 1550 1006 1620 productis.

883 1683 1109 1742 CAPUT
1151 1687 1262 1743 VII.

249 1795 330 1849 De
357 1797 564 1850 excidio
615 1793 898 1872 Nettstria',
945 1818 1064 1868 qum
1092 1803 1156 1856 ab
1186 1801 1556 1872 Aurelianensi
1585 1807 1712 1858 urbe
1751 1821 1844 1872 per

321 1879 678 1922 transversarii
707 1867 966 1924 Lutetiam
995 1889 1154 1942 usque
1180 1871 1510 1927 Parisiorum
1533 1867 1798 1945 pertingit.

321 1982 538 2036 Abhinc
566 1983 800 2053 denique
851 1981 1114 2052 Sequanae
1161 1985 1434 2040 sulcantes
1459 1987 1692 2052 alvemn,
1725 1989 1834 2043 lio-

251 2077 569 2146 lb01n3gttln
593 2079 810 2141 adeunt,
851 2079 1082 2148 igneque
1109 2079 1469 2146 comburunt;
1504 2082 1836 2138 horrendum

247 2164 318 2220 de
347 2165 660 2222 Christiano
712 2169 908 2238 populo
961 2179 1283 2226 exercentes
1335 2172 1648 2228 ludibrium.
1681 2175 1836 2229 Etim

249 2271 383 2310 vero
415 2255 660 2314 Francia:
691 2257 946 2314 interiora
985 2272 1260 2332 petentes,
1307 2265 1572 2333 prolixius
1619 2281 1836 2320 onmem

249 2349 369 2404 fere
399 2347 727 2416 Neustriam,
754 2368 873 2423 qua:
900 2371 928 2408 a
956 2355 1263 2414 Genabcnsi
1319 2359 1453 2416 urbe
1507 2375 1602 2430 per
1653 2370 1835 2418 trans-

249 2455 470 2494 versum
501 2441 768 2497 Lutetiam
817 2461 987 2516 usque
1019 2447 1352 2504 Parisiorum
1383 2451 1673 2523 pertingit,
1705 2453 1836 2508 Nur-

252 2534 570 2589 tlnnannica
621 2535 834 2592 feritate
897 2540 1178 2596 invadunt.
1229 2541 1624 2612 lrruptionibus
1685 2561 1835 2600 nam-

249 2639 360 2692 que
418 2625 768 2680 creberrimis
821 2641 1014 2683 cuncta
1065 2632 1331 2686 vastando
1397 2633 1832 2702 circumeuntes,

248 2717 432 2785 primo
479 2717 696 2787 quidem
751 2720 978 2789 pedites,
1019 2737 1084 2776 eo
1137 2723 1279 2794 quod
1318 2727 1590 2796 equitandi
1643 2730 1836 2797 peritia

250 2811 469 2866 deesset
500 2829 514 2866 :
543 2812 736 2870 deinde
799 2817 954 2886 equis
1011 2818 1152 2872 vecti
1205 2833 1364 2874 more
1407 2831 1709 2876 nostratutn
1743 2837 1838 2893 per

249 2903 432 2957 onmia
463 2915 746 2974 vagantur.
777 2905 986 2962 interea
1015 2911 1303 2966 stationem
1338 2913 1556 2966 navium
1587 2929 1832 2980 suarum,

253 3009 318 3048 ac
347 2996 391 3048 si
415 2995 626 3067 asylum
650 2999 888 3052 omnium
911 3001 1294 3070 periculorum,
1321 3005 1374 3058 in
1405 3005 1574 3060 insula
1605 3007 1834 3076 quadam

255 3087 509 3140 cretioliio
561 3085 748 3142 Sancti
781 3089 1040 3146 Florentii
1085 3095 1362 3164 supposita
1415 3109 1830 3167 componentes,

255 3177 484 3246 magalia
523 3178 696 3234 instar
723 3181 1128 3239 estedilicavcre
1155 3185 1330 3255 burgi,
1361 3201 1466 3256 quo
1495 3189 1832 3257 captivorum

1941 641 2123 682 rornm
2157 625 2543 695 irruptionibns
2574 633 2736 692 atque
2767 622 2946 677 hostili
2979 621 3158 693 gladio
3195 621 3482 674 concidere
3507 621 3536 674 τ

1939 721 2090 792 Piget
2113 719 2318 774 referre
2349 717 2804 773 nobilissimorum
2829 715 3222 776 ctenobinrum,
3251 721 3358 766 tam
3383 712 3532 766 vivo-

1941 829 2058 867 rum
2085 827 2244 880 quam
2277 812 2602 866 feminarum
2633 807 2740 862 Deo
2773 811 2964 863 devote
2995 805 3348 862 servientium
3382 803 3533 858 exci-

1939 905 2049 970 dia,
2082 917 2396 976 stragesque
2425 919 2530 958 non
2563 901 2874 974 ignobilium
2897 899 3156 970 plebium,
3187 897 3532 968 captivitatcs

1941 1009 2335 1054 matronarum,
2399 993 2671 1065 virginum
2725 991 2988 1054 ludibria,
3039 1001 3104 1044 ac
3167 999 3362 1043 cuncta
3413 1002 3536 1056 qua:

1941 1087 2102 1141 victis
2144 1087 2379 1140 victores
2411 1083 2616 1138 inferre
2643 1081 2824 1136 valent
2873 1079 3090 1134 infanda
3139 1086 3528 1132 IOl‘ﬂlt‘lli-ll‘lll“

1939 1183 2158 1250 genera.
2184 1177 2322 1246 Quid
2347 1177 2682 1246 Aquitanicae
2701 1173 2874 1246 gentis
2903 1173 3174 1244 ingentem
3201 1171 3428 1226 referam
3454 1171 3538 1222 al-

1939 1267 2260 1334 llictionem,
2280 1282 2400 1338 qua:
2423 1266 2552 1320 olim
2589 1263 2848 1320 bellorum
2877 1263 3092 1327 nutrix,
3113 1275 3256 1315 nunc
3281 1259 3527 1328 frigidam

1941 1360 2084 1416 bello
2137 1359 2460 1429 praeferebat
2513 1357 2806 1412 dextram?
2861 1355 3072 1409 Etenim
3133 1353 3247 1422 ipsa
3297 1352 3532 1421 Optimos

1941 1465 2187 1522 quosque
2217 1448 2468 1520 genitalis
2501 1448 2602 1502 soli
2657 1449 2709 1502 in
2765 1459 2883 1502 sese
2909 1443 3138 1508 elidens,
3190 1453 3316 1496 tunc
3361 1443 3534 1511 patuit

1940 1539 2119 1611 praeda
2143 1539 2394 1610 gentibus
2417 1537 2632 1592 alienis.
2659 1536 2740 1590 Ab
2759 1535 2875 1606 ipso
2889 1527 3108 1603 quippe,
3133 1541 3192 1585 ut
3219 1533 3290 1584 itu
3319 1531 3528 1598 loquar,

1939 1629 2146 1686 Oceani
2177 1627 2356 1682 littore
2387 1641 2574 1680 versus
2605 1625 2869 1680 orientem
2901 1637 3072 1690 usque
3099 1621 3396 1674 Arvernum
3421 1621 3532 1672 cla-

1943 1721 2212 1775 rissimam
2255 1719 2424 1773 veteri
2460 1727 2702 1786 tempore
2731 1713 3034 1784 Aquitaniae
3061 1713 3271 1774 urbem,
3327 1711 3530 1765 nullum

1944 1811 2250 1868 libertatem
2290 1813 2526 1868 retinere
2577 1810 2746 1864 valuit
2801 1809 2968 1880 regio,
2999 1825 3106 1864 non
3155 1806 3406 1876 oppidum
3439 1819 3534 1856 aut.

1867 1911 1911 1970 Β
1940 1903 2112 1968 vicus,
2161 1918 2269 1958 non
2313 1903 2548 1973 denique
2591 1901 2804 1965 civitas,
2845 1915 2965 1970 qua:
3005 1915 3110 1954 non
3147 1907 3328 1966 strage
3377 1897 3530 1950 ferali

1941 1995 2238 2050 conciderit
2277 1993 2468 2048 borum
2511 2007 2867 2064 paganorum.
2899 1992 3154 2045 Testatur
3197 1989 3250 2044 id
3297 1988 3540 2044 l’ictavis

1943 2087 2323 2143 fecundissima
2360 2087 2488 2142 urbs
2536 2085 2864 2156 Aquitaniae,
2895 2085 2996 2140 hoc
3029 2083 3396 2145 Sanctonnm,
3431 2081 3536 2134 hoc.

1943 2180 2276 2248 Engolisma,
2301 2179 2403 2234 boc
2449 2177 2880 2248 Petragoricum,
2911 2177 3010 2228 boc
3042 2173 3382 2237 Lemovices,
3434 2171 3554 2226 boe-

1941 2283 2090 2328 certe
2132 2275 2440 2338 Arvernus,
2485 2273 2770 2344 ipsumque
2813 2269 3106 2324 Avaricum
3164 2275 3328 2336 caput
3379 2265 3550 2336 regni:

1939 2365 2276 2438 Aquitanicis

2554 2491 2782 2549 CAPUT
2833 2493 2924 2548 ΠΧ.

1939 2589 2093 2653 Quod
2123 2597 2398 2656 postquam
2431 2583 2664 2639 Francia
2690 2600 3017 2656 paganorum
3048 2581 3373 2656 oppressique
3404 2581 3534 2650 nﬂli-

2009 2671 2091 2712 ειη
2119 2650 2190 2712 est
2214 2650 2321 2728 {ire
2353 2674 2458 2711 xxx
2481 2657 2666 2728 anuis;
2690 2650 2984 2728 Hortinae:
3011 2650 3262 2722 aurigam
3289 2650 3550 2714 Rontum‘

2011 2740 2063 2782 ut
2099 2726 2222 2782 cant
2243 2728 2482 2784 subdcrct
2513 2726 2634 2780 Bier
2675 2726 2886 2794 domino
2913 2741 3030 2788 suo,
3061 2731 3361 2794 tentpestate
3387 2737 3534 2774 cout~

2007 2799 2208 2870 pulsus,
2233 2797 2432 2868 appulit
2456 2796 2618 2851 Lunis
2642 2796 2819 2850 urbem
2845 2793 3042 2848 Italitt'.

2009 2913 2104 2968 llis
2127 2909 2674 2982 atquelm’usccmmli
2697 2907 3064 2964 calamitatum
3079 2905 3256 2966 malis,
3274 2913 3330 2956 ut
3355 2918 3534 2972 praui-

1937 3005 2203 3068 bavimus,
2257 3003 2448 3058 Galliis
2493 3018 2598 3055 non
2647 2999 2852 3068 absque
2899 2997 3110 3067 piaculo
3165 2995 3544 3064 quorumliln-t

1937 3113 2031 3166 per
2051 3113 2157 3151 xxx
2185 3096 2295 3150 fere
2332 3109 2597 3148 annorum
2629 3093 2860 3162 spatium
2911 3089 3136 3160 lugubre
3159 3088 3394 3148 detritis.
3421 3087 3530 3140 lla-

1937 3189 2145 3258 stingus
2167 3187 2442 3242 dominum
2469 3197 2625 3238 suum
2647 3183 2716 3236 ad
2763 3179 2954 3234 altiora
2976 3173 3198 3249 Cupiens
3228 3179 3534 3252 provehere

253 3281 442 3340 greges
471 3271 682 3326 catenis
735 3275 988 3328 astrictos
1039 3285 1378 3330 asscrvarent
1403 3317 1416 3341 ,
1477 3279 1686 3348 ipsique
1739 3295 1836 3347 pro
1863 3286 1907 3346 C
1941 3281 2006 3335 de
2035 3278 2300 3350 imperiali
2331 3277 2636 3331 diademate
2663 3287 2784 3328 cum
2831 3271 3044 3340 agmine
3073 3269 3396 3339 complicum
3425 3285 3540 3322 cm-

257 3364 500 3428 tempore
525 3375 752 3430 corpora
799 3377 828 3416 a
883 3363 1066 3418 labore
1107 3367 1390 3422 reﬁcerent
1420 3369 1746 3438 expeditioni
1775 3371 1838 3424 il-

253 3449 358 3505 lico
391 3451 682 3506 scrvitura.
714 3453 792 3507 Ex
822 3469 924 3524 qua
955 3455 1262 3526 inopinatos
1307 3458 1582 3514 discursus
1625 3463 1836 3529 agitan-

255 3549 360 3608 tes,
391 3543 552 3598 modo
589 3545 835 3610 navibus,
887 3547 1046 3602 modo
1077 3549 1232 3618 equis
1282 3549 1466 3614 delati,
1521 3559 1685 3605 totam
1733 3553 1840 3606 cir-

257 3636 529 3690 cumcirca
571 3637 816 3695 delevere
873 3642 1229 3710 provinciam.
1277 3643 1343 3698 Et
1393 3645 1566 3720 primo
1622 3643 1836 3714 quidem

257 3727 490 3781 adventu
545 3730 735 3785 urbem
791 3729 1145 3788 Nanneticam
1200 3735 1448 3790 inccndio
1505 3749 1836 3790 cremavere.

257 3816 387 3870 Dein
415 3818 860 3887 Andegavenscm
898 3832 1278 3893 percurrentes
1327 3826 1622 3896 regionem,
1667 3825 1838 3894 ipsam

255 3907 476 3976 quidem
539 3911 814 3966 civitatem
869 3923 1237 3969 concremant.
1305 3913 1650 3972 Pictavorum
1711 3931 1839 3970 vero

253 4002 480 4057 castella
529 4011 692 4074 atque
733 4006 912 4072 vicos,
959 4023 1286 4080 omnemque
1335 4013 1563 4080 patriam
1621 4027 1646 4063 a
1704 4011 1838 4064 mari

255 4108 430 4164 usque
462 4094 530 4150 ad
556 4097 802 4152 eamdem
845 4098 1217 4156 Pictavensem
1269 4103 1454 4156 urbem
1496 4101 1837 4172 populantur,

255 4197 498 4254 vastant,
531 4191 768 4246 caedibus
797 4193 1068 4262 rcplentcs
1087 4195 1291 4250 omnia.
1320 4195 1581 4266 Sequenti
1612 4210 1842 4264 namque

257 4289 524 4350 tempore,
555 4287 770 4354 navigio
798 4286 1074 4343 Turonum
1125 4291 1325 4344 adeunt
1367 4281 1662 4354 civitatem,
1697 4305 1842 4345 eam-

253 4387 359 4440 que
387 4374 456 4427 de
511 4389 662 4430 more
706 4378 978 4446 stragibus
1029 4381 1343 4449 opplentes.
1401 4380 1467 4435 ad
1508 4389 1842 4448 postremum

255 4465 472 4534 ignibus
515 4470 754 4534 tradunt,
804 4471 1059 4540 populata
1101 4471 1246 4526 omni
1285 4472 1706 4543 circumquaque
1760 4489 1842 4529 re-

253 4559 432 4627 gione.
477 4557 630 4614 Ilaud
682 4560 838 4631 longe
891 4573 1032 4632 post,
1075 4564 1352 4632 superiora
1401 4563 1610 4633 Ligeris
1668 4566 1841 4619 amnis

1937 3373 2017 3441 pit
2047 3370 2308 3424 attentius
2329 3377 2588 3422 tractare.
2619 3363 2921 3426 Postremo,
2973 3361 3106 3416 inito
3147 3359 3372 3414 consilio
3401 3359 3534 3412 veli-

1939 3463 2115 3518 volum
2143 3465 2484 3530 permeantes
2535 3470 2704 3518 mare,
2755 3453 2984 3507 Romam
3033 3449 3335 3506 deliberant
3381 3449 3534 3501 clan-

1939 3555 2150 3610 destina
2177 3551 2475 3620 irruptione
2504 3548 2768 3604 obtinere.
2811 3545 2914 3599 Sed
2962 3543 3124 3597 nimia
3157 3552 3342 3598 exorta
3395 3549 3532 3594 tem-

1937 3655 2146 3717 pestate
2173 3685 2187 3710 ,
2217 3645 2282 3697 ad
2321 3641 2507 3696 urbem
2551 3637 2717 3694 Lunis
2745 3635 3123 3698 devolvuntur,
3161 3643 3321 3687 vento
3349 3631 3537 3701 impel-

1937 3739 2104 3800 lente,
2149 3752 2269 3805 qna:
2317 3749 2416 3804 pro
2460 3731 2542 3786 sui
2592 3731 2787 3784 decore
2821 3729 2922 3782 hoc
2948 3725 3246 3780 vocabatur
3293 3724 3532 3778 nomine.

1937 3809 2110 3886 Porro
2145 3827 2292 3881 cives
2334 3833 2482 3880 tanta
2514 3822 2726 3878 attoniti
2771 3821 2963 3884 classe,
2995 3819 3233 3872 civitatis
3279 3814 3546 3884 repagula.

1939 3917 2112 3991 portis
2161 3918 2444 3980 inducunt,
2485 3911 2887 3983 propugnacula
2928 3917 2984 3963 et
3022 3908 3217 3980 jaculis
3265 3907 3534 3966 muniunt,

1943 4021 2106 4082 atque
2129 4009 2449 4065 semetinsos
2478 4007 2766 4060 hortantur
2795 4003 2862 4058 ad
2887 4002 3267 4057 resistendum.
3293 4001 3534 4066 Quorum

1941 4104 2225 4156 audaciam
2253 4100 2547 4168 llastingus
2573 4107 2630 4152 ut
2649 4101 2937 4168 comperit,
2965 4107 3113 4150 ratus
3138 4095 3278 4149 hanc
3303 4093 3533 4146 Ruinam

1940 4193 2078 4260 fore,
2105 4193 2250 4249 omni
2279 4200 2475 4247 conatu
2507 4189 2670 4259 coepit
2711 4199 2983 4244 attentare
3020 4201 3127 4256 quo
3165 4191 3322 4254 pacto
3366 4181 3540 4250 possit

1941 4301 2060 4340 eam
2105 4285 2228 4338 dolo
2259 4283 2532 4337 invadere.
2576 4281 2816 4350 Denique
2841 4278 3096 4347 episcopo
3127 4285 3180 4328 et
3206 4273 3389 4326 comiti
3419 4287 3534 4323 sua!

1941 4375 2180 4446 perﬁdiae
2203 4372 2480 4425 ministros
2518 4369 2726 4438 dirigit,
2765 4367 3029 4422 mandans
3073 4379 3178 4420 non
3215 4375 3311 4416 sua
3340 4367 3534 4428 sponte

1941 4465 2070 4530 illuc
2096 4462 2389 4532 appulisse,
2420 4461 2516 4515 sed
2549 4473 2702 4514 suam
2731 4467 2980 4527 repetere
2999 4455 3230 4526 patriam
3257 4451 3533 4506 voluisse:

1941 4559 2196 4628 pacilicos
2235 4570 2292 4610 se
2337 4567 2477 4617 esse,
2522 4566 2712 4622 pacem
2761 4551 3016 4618 deinceps
3049 4559 3315 4616 quierere,
3371 4551 3428 4596 et
3478 4553 3537 4594 se

253 4647 484 4702 navibus
527 4660 864 4720 expetentes,
899 4654 1204 4708 Aurelianis
1239 4656 1580 4723 perveniunt,
1605 4665 1848 4726 captam-
1876 4663 1920 4719 ι)
1949 4648 2132 4703 letliali
2157 4661 2404 4716 pressum
2434 4644 2759 4714 langore,ab
2782 4642 2864 4696 eis
2885 4640 3255 4696 Christianum
3277 4636 3392 4690 ﬁeri
3419 4649 3539 4702 sup-

252 4753 357 4806 que
389 4739 579 4794 urbem
609 4757 745 4795 auro
769 4742 1104 4810 distrahunt;
1133 4745 1319 4814 sicque
1342 4747 1408 4799 ad
1455 4757 1664 4816 tempus
1695 4763 1842 4801 rece-

253 4827 464 4895 dentes,
500 4833 739 4888 secundo
767 4834 998 4889 adventu
1033 4837 1280 4890 eamdem
1315 4837 1690 4892 combustionc
1735 4839 1843 4893 dis-

255 4919 458 4989 sipant.
494 4921 634 4989 Quid
659 4923 893 4993 denique
924 4927 1093 4980 solius
1125 4927 1391 4982 Neustrize
1420 4927 1602 4984 clades
1640 4945 1842 4984 memo-

253 5011 441 5077 rando,
469 5013 669 5085 stylum
696 5017 1012 5084 protrabam
1039 5019 1178 5072 ?aut
1211 5019 1340 5074 solre
1393 5020 1632 5092 quinqbe
1677 5037 1842 5092 supra

255 5115 570 5161 memoratae
598 5109 763 5164 urbes
791 5105 986 5162 excidii
1014 5111 1208 5164 damna
1241 5113 1502 5166 sensere?

853 5197 926 5226 DA
947 5199 1078 5226 num
1113 5201 1222 5226 will

1944 4741 2067 4810 plici
2099 4753 2258 4808 prece
2287 4739 2600 4808 deposcere.
2651 4735 2745 4790 llis
2773 4735 3058 4804 episcopus
3097 4738 3153 4783 et
3179 4743 3361 4783 comes
3382 4725 3538 4781 audi-

1948 4834 2038 4897 tis,
2105 4823 2300 4898 g‘audio
2353 4828 2666 4893 exbilarati,
2731 4841 2922 4894 pacem
2968 4838 3090 4880 cum
3151 4819 3544 4875 nei'andissimo

1945 4926 2096 4994 pacis
2123 4923 2342 4976 inimico
2373 4924 2588 4975 lirmant
2610 4961 2623 4983 ,
2669 4920 2832 4988 [itque
2855 4913 3166 4976 communis
3197 4915 3414 4984 utrique
3451 4925 3545 4979 po-

1947 5016 2072 5086 pulo
2097 5015 2250 5068 urbis
2271 5013 2568 5082 ingressus.

2573 5139 2808 5200 CAPUT
2855 5146 2929 5205 Χ.
