4040 5298
449 199 555 256 787
1298 194 1639 254 WHLELMI
1662 199 1744 253 CA
1754 198 1837 254 LC
1849 196 1955 254 CLI
1979 196 2081 254 ΟΕ]

2182 196 2864 256 ΕΤΙΟΕΝΞΙΒΜΟΝΑΟΙΙΙ
3611 199 3715 257 788

451 319 653 368 feretro
687 331 699 366 :
732 312 961 367 innuens
997 310 1209 366 czeteris
1245 320 1306 367 ut
1342 327 1472 366 suas
1518 312 1804 366 induerent
1845 312 2042 368 loricas
2076 318 2120 374 Α
2146 311 2553 381 rientespagani
2581 326 2640 365 se
2659 311 2883 366 Romam
2908 310 3212 367 nullatenus
3232 311 3458 381 cepisse,
3473 313 3631 371 veriti
3658 329 3721 368 ne

450 407 551 461 θυι)
574 405 790 459 tunicis.
817 403 1049 458 Proinde
1068 402 1155 457 Fit
1179 403 1533 458 intolerabilis
1558 404 1733 457 luctus
1754 419 1847 473 per
1870 419 2032 459 exer-
2136 402 2864 475 ulterius[naud]quidquam
2888 404 3441 476 proficerent,quippe
3467 421 3589 460 cum
3614 406 3721 461 Ro-

449 498 638 560 citum,
668 494 984 563 llastingum
1013 493 1195 550 obisse
1221 494 1555 561 ncophitum.
1606 494 1844 549 Resonet
1871 494 2037 549 maris
2137 511 2326 551 manas
2353 497 2695 565 aures,fama
2719 497 2954 565 volante,
2970 513 3156 554 eorum
3178 498 3405 570 profana
3426 514 3592 570 opera
3610 500 3724 569 jam

450 588 603 641 litaus
643 586 774 640 tanti
804 585 955 640 ducis
993 600 1240 639 excessu.
1298 584 1502 639 Dehinc
1534 584 1653 639 navi
1685 582 1938 652 cll‘crtur,
1969 584 2039 641 ad
2075 612 2087 625 -
2138 598 2518 658 occupassent,
2553 590 2687 645 inito
2724 590 2953 645 consilio
2984 590 3051 646 de
3099 604 3352 662 regressu
3407 592 3724 663 disponunt.

448 677 747 732 Ecclesiam
794 673 1079 744 bajulatus.
1120 673 1291 730 Sacra
1334 677 1566 729 vestitur
1606 674 1833 729 antistes
1878 675 2038 729 iudu-
2141 679 2275 736 Nam
2306 682 2427 737 Bier
2452 682 2614 738 totius
2637 683 2833 738 excidii
2862 682 3102 755 signifer,
3133 685 3583 755 exercituumque
3610 700 3726 748 rex,

450 778 654 833 menta,
695 775 1096 823 sacrosanctam
1144 783 1242 838 pro
1287 766 1537 822 defuncto
1568 777 1903 823 mactaturus
1937 769 2040 824 ho-
2142 773 2267 829 dum
2302 774 2540 830 nativum
2586 775 2759 831 solum
2796 784 3085 846 repeteret,
3126 774 3472 847 naufragium
3514 791 3727 845 passus,

455 860 638 914 stiam.
671 858 757 913 Fit
781 860 1185 915 commendatio
1212 861 1430 925 animae,
1460 868 1519 914 ut
1555 875 1751 930 corpus
1775 859 2042 915 scelerum
2143 866 2233 921 vix
2262 868 2401 937 apud
2426 865 2629 939 Anglos
2674 876 2889 938 portum
2940 869 3192 933 obtinuit,
3224 868 3639 939 quampluribus
3666 868 3733 923 de

452 961 508 1006 ⁴¹ι
531 952 850 1021 Ρθτάίῑίοηίε
876 952 932 1007 in
959 950 1181 1009 bim!th
1185 968 1216 1008 0
1234 951 1349 1021 iam
1378 952 1648 1021 εθρυηυῐῐι
1680 952 1925 1006 "adulti?
1955 966 2043 1006 56-
2143 959 2257 1015 suis
2285 961 2509 1016 navibus
2537 961 2855 1017 submersis.
2899 961 3134 1031 indeque
3176 961 3407 1017 Frisiam
3454 971 3729 1032 repetens,

454 1040 704 1111 pulturze.
758 1041 864 1098 Sed
892 1056 1019 1097 ecce
1066 1041 1277 1112 prosilit
1314 1042 1380 1097 de
1410 1040 1629 1106 feretro,
1657 1041 2046 1111 episc0pusque

2182 1052 2344 1108 )idem
2371 1053 2507 1110 obiit
2531 1062 2777 1109 mortem.
2811 1053 3103 1124 Hastingus
3125 1069 3256 1110 vero
3281 1053 3538 1110 Carolum
3565 1052 3735 1107 Frau-

455 1141 511 1185 et
554 1131 809 1186 comitem
852 1130 1141 1186 obtruncat
1188 1132 1388 1200 gladio.
1428 1131 1635 1186 Dehinc
1665 1131 1847 1202 lupina
1896 1132 2046 1188 rabie
2147 1162 2335 1204 eorum
2360 1162 2539 1217 regem
2564 1147 2773 1213 adiens,
2797 1161 2982 1218 pacem
3008 1147 3183 1217 petiit,
3214 1161 3377 1217 quam
3404 1144 3735 1215 admiscens

458 1239 581 1278 cum
605 1224 719 1279 suis
734 1236 1010 1294 grassatur
1033 1226 1085 1278 in
1104 1224 1279 1294 plebe.
1298 1225 1392 1279 His
1418 1241 1448 1279 a
1469 1223 1680 1279 funesto
1703 1224 2047 1295 perpetratis,
2149 1240 2339 1297 urbem
2372 1241 2760 1297 επηοιρηεειη
2794 1240 3047 1309 stipendii
3082 1254 3305 1294 munere
3335 1239 3402 1293 ab
3431 1237 3550 1307 ipso
3576 1251 3738 1291 accc-

460 1316 730 1369 theatrum
776 1315 1008 1371 eliicitur
1050 1316 1143 1370 Dei
1184 1317 1395 1381 domus,
1443 1314 1761 1387 iugulantur
1798 1315 2049 1385 juvenes,

2182 1334 2249 1389 nit.
2292 1335 2359 1388 Et
2389 1334 2470 1390 sic
2497 1333 2724 1389 Francia
2757 1348 2786 1387 a
2820 1332 3145 1387 tumultuum
3166 1330 3471 1402 fragoribus
3492 1328 3744 1397 aliquan-

462 1405 801 1460 trucidantur
828 1420 1008 1473 senes,
1056 1405 1413 1476 depopulatur
1446 1406 1663 1473 civitas,
1702 1405 1990 1460 diruuntur
2020 1421 2049 1460 a

461 1496 833 1551 fundamentis
859 1498 1081 1553 muenia.

1088 1589 1315 1647 CAPUT
1339 1592 1428 1647 XI.

2153 1426 2246 1480 diu
2283 1426 2575 1497 reSpiravit
2608 1443 2621 1480 :
2672 1426 2943 1480 sententia
2991 1424 3214 1479 ultionis
3241 1424 3310 1480 ob
3355 1420 3743 1477 enormitatem

2156 1518 2420 1574 scelerum
2448 1517 2644 1573 debitae
2668 1532 2946 1586 suspensa,
2972 1517 3260 1586 propitiata
3283 1513 3510 1584 piissimi
3536 1511 3744 1567 Christi

2159 1610 2467 1676 clementia,
2519 1625 2641 1665 cum
2692 1608 2853 1663 Patre
2885 1618 2941 1663 et
2987 1607 3195 1678 Spiritu
3239 1615 3427 1664 sancto
3484 1604 3745 1661 mundum

465 1677 620 1773 Quod
641 1682 1254 1773 paganincomperientlfs
1290 1684 1437 1773 illam
1464 1685 1646 1773 urbem
1667 1699 1797 1773 nonn
1796 1700 1906 1737 esse
1942 1682 2047 1738 Ro-
2083 1676 2124 1734 Β
2159 1702 2507 1759 inerrabiliter
2537 1701 2770 1773 regentis
2799 1716 2895 1772 per
2924 1676 3143 1757 sagula.

534 1767 695 1813 mam,
726 1753 876 1806 divisi
912 1764 1055 1819 sunt,
1096 1764 1141 1808 et
1180 1753 1303 1807 Bier
1334 1753 1506 1808 volens
1535 1755 1705 1807 redire
1750 1754 2053 1808 Danamar-

535 1821 685 1874 cltum
708 1826 851 1894 apud
876 1821 1105 1878 Frisium
1123 1824 1246 1877 obiit
1270 1842 1281 1872 τ
1308 1824 1597 1894 Hastingus
1619 1842 1733 1878 rcro
1749 1824 2054 1893 paciﬁcatus

537 1908 653 1964 qun
673 1891 881 1964 Carolo
910 1911 1048 1963 rege,
1077 1897 1274 1961 accepit.
1295 1895 1358 1948 ab
1381 1912 1440 1951 eo
1466 1891 1580 1949 loco
1607 1891 1850 1964 stipendii
1876 1896 2056 1949 urbem

536 1959 729 2027 Cattis,
761 1965 815 2017 in
840 1981 944 2034 qua
967 1959 1014 2019 et
1052 1959 1327 2021 habitavit.

539 2052 711 2122 Hujus
753 2054 937 2126 itaque
979 2064 1199 2127 peracta
1252 2055 1404 2113 urbis
1430 2055 1810 2125 subversione,
1840 2070 2059 2127 compe-

478 2175 3740 2214 ._________________________________________.._..

953 2390 957 2392 έ
1034 2309 1764 2427 HISTORIA]
1825 2307 3139 2471 NORTHMANNORUM

1600 2526 1961 2616 LIBER
2029 2522 2680 2617 SECUNDUS.

1114 2717 1448 2779 Continens
1478 2720 1650 2794 gesta
1685 2712 1991 2783 Rollonis,
2020 2711 2220 2793 primi
2260 2709 2438 2772 ducis
2480 2707 2973 2778 Norlhmanniw,

1001 2945 1228 3002 CAPUT
1269 2943 1562 3000 PRIMUM.

486 3038 561 3094 De
590 3038 857 3093 nobilitate
900 3047 947 3091 et
977 3038 1165 3091 virtute
1200 3038 1365 3103 patris
1414 3034 1672 3095 Ral/onis,
1722 3042 1770 3086 et
1813 3031 2071 3103 quomodo

548 3109 762 3181 juvenes
795 3109 996 3170 Ducite,
1022 3110 1111 3177 qui
1161 3108 1416 3181 descrin
1435 3114 1586 3181 erant
1636 3106 1787 3181 jussit
1839 3104 1984 3181 regis
2015 3110 2073 3155 ut

557 3172 957 3249 expellerentur,
987 3172 1231 3249 verterunt
1373 3175 1647 3249 Rollone‘m
1673 3185 1720 3228 et
1745 3173 1931 3229 Gurim
1956 3172 2072 3242 [ra-

559 3244 687 3305 trém
730 3267 905 3316 suum,
963 3259 1017 3303 ut
1048 3248 1242 3319 ferrent
1278 3247 1383 3301 illis
1433 3244 1695 3301 auxilium
1748 3253 1934 3299 contra
1988 3258 2073 3296 re-

560 3339 697 3391 gem.

561 3411 692 3467 Post
729 3410 966 3467 emensis
1010 3408 1397 3481 plurimorum‘
1425 3420 1692 3462 annorum
1743 3401 2074 3469 interstitiis,

486 3502 720 3557 Francia
749 3502 817 3556 ab
855 3501 940 3555 his
973 3500 1297 3554 tumultuum
1335 3497 1646 3567 fragoribus
1687 3495 1960 3565 paulisper
1988 3507 2079 3547 so-

498 3598 627 3664 pita,
660 3595 854 3647 iterum
904 3593 1279 3647 Danamarcha
1325 3589 1720 3643 ﬂammivomos
1768 3585 2079 3643 exterminii

494 3686 613 3751 jure
655 3684 878 3737 titiones
905 3697 1183 3752 spargens,
1229 3681 1493 3749 plurimos
1541 3680 1747 3734 tirones
1779 3694 1809 3731 a
1840 3692 1900 3732 se
1925 3676 2080 3746 juve-

498 3776 593 3831 nili
644 3775 777 3829 llore
798 3783 1113 3838 vernantes,
1136 3772 1439 3842 priscorum
1467 3781 1681 3841 patrum
1712 3771 1851 3841 lege,
1877 3786 1905 3824 a
1938 3768 2083 3839 geni-

502 3866 597 3920 tali
625 3864 739 3920 solo
762 3864 1122 3919 eliminandos
1164 3863 1426 3919 decernit.
1465 3861 1575 3917 Illis
1613 3876 1744 3916 vero
1794 3861 1847 3915 in
1893 3860 2083 3915 diebus

506 3973 676 4014 senex
708 3956 930 4026 quidam
982 3967 1101 4011 erat
1130 3955 1183 4009 in
1215 3954 1459 4025 partibus
1504 3953 1681 4009 Dacize
1724 3952 1964 4006 omnium
2001 3964 2085 4005 re-

505 4065 625 4105 rum
672 4047 945 4103 afﬂuentia
977 4046 1452 4116 locupletissimus,
1495 4043 2086 4113 innumerabiliumque

507 4150 740 4206 militum
782 4148 1087 4218 frequentia
1135 4148 1531 4217 undiquesecus
1589 4146 1943 4217 constipatus,
1993 4144 2086 4214 qui

505 4257 784 4310 nunquam
815 4240 953 4296 colla
994 4255 1106 4295 sure
1144 4240 1377 4295 cervicis
1406 4240 1639 4309 cuipiam
1684 4238 1798 4308 regi
1850 4236 2084 4308 subegit,

504 4349 608 4389 nec
638 4331 924 4401 cujuslibet
952 4332 1202 4386 manibus
1231 4333 1404 4401 gratia
1455 4331 1661 4386 servitii
1714 4346 1911 4385 manus
1958 4343 2081 4384 suas

2191 4308 2401 4372 intulit,
2442 4304 2816 4367 reminiscens,

505 4424 940 4479 commendando
987 4423 1281 4478 commisit.
1321 4421 1421 4489 Qui
1451 4422 1649 4486 Daciae,
1687 4436 1912 4493 regnum
1949 4434 2089 4490 pene

504 4513 820 4566 universum
848 4500 1153 4582 possidens,
1186 4512 1377 4568 aftines
1404 4514 1581 4568 Ducite
1606 4522 1661 4567 et
1681 4512 1885 4568 Alanis:
1913 4523 2089 4566 terras

506 4605 610 4661 sibi
648 4605 963 4670 vindicavit,
990 4606 1325 4675 populosque
1365 4606 1468 4661 sibi
1517 4605 1719 4675 praeliis
1757 4603 2095 4674 quampluri-

508 4697 615 4752 tuis
645 4695 699 4751 vi
752 4704 807 4750 et
836 4704 1107 4765 potestate
1154 4695 1478 4764 subjugavit.
1508 4695 1643 4751 Erat
1673 4694 1817 4750 enim
1849 4694 2094 4747 omnium

510 4788 870 4845 Orientaliqu
923 4789 1301 4854 praestantiore
1348 4788 1549 4843 virtute
1593 4787 2095 4858 praestantissimus,

511 4887 947 4947 cunctorumque
994 4887 1324 4948 exaggerato
1385 4880 1627 4935 omnium
1686 4880 1949 4934 virtutum
2004 4895 2100 4933 cu—

514 4969 661 5023 mulo
684 4969 1241 5039 praacellentissimus.
1284 4969 1548 5026 Defuncto
1575 4987 1705 5026 vero
1750 4971 1863 5033 illo,
1912 4984 2101 5039 super-

518 5062 781 5145 stitorunt
822 5062 930 5115 duo
962 5060 1057 5115 lllii
1088 5060 1206 5128 ejus
1249 5063 1418 5116 armis
1456 5065 1687 5127 strenui,
1713 5063 1869 5117 bellis
1897 5063 2100 5128 edocti,

520 5167 747 5224 corpore
766 5152 1139 5228 pulcherrimi,
1169 5153 1515 5208 animositate
1546 5155 1928 5209 robustissimi.
1960 5153 2105 5224 Quo-

524 5261 643 5298 rum
674 5248 849 5298 maior
879 5252 1006 5296 natu
1046 5241 1200 5294 Rollo
1228 5241 1366 5295 alter
1395 5257 1520 5298 vero
1547 5243 1724 5298 iunior
1748 5244 1937 5298 Gurim
1970 5260 2108 5298 nun-

2097 2920 2143 2983 Ο
2176 2937 2359 2992 venite
2394 2935 2553 2992 nobis
2583 2935 2637 2989 in
2681 2910 3031 3005 adjutoritim.
3075 2930 3187 2987 Sub
3220 2930 3387 2985 tutela
3412 2940 3613 2985 vestra:
3641 2944 3764 3001 pro:

2183 3029 2435 3084 tectionis
2484 3027 2838 3090 morabimur,
2886 3033 3237 3093 vestrumque
3267 3023 3549 3077 servitium
3584 3023 3765 3077 inces-

2182 3131 2370 3177 santer
2402 3120 2681 3174 faciemus.
2718 3119 2827 3173 Rex
2852 3125 3029 3172 autem
3054 3124 3237 3171 noster
3263 3114 3378 3170 vult
3411 3129 3512 3169 nos
3541 3130 3569 3168 a
3598 3114 3761 3168 Dat-ia

2178 3212 2569 3275 exterminare,
2607 3208 2893 3279 fundisque
2925 3207 3128 3263 nostris
3157 3214 3321 3275 atque
3356 3204 3641 3261 beneflciis
3666 3220 3761 3259 nos

2178 3318 2275 3374 per
2306 3300 2490 3357 omnia
2535 3300 2769 3371 privare.
2805 3317 2822 3350 ι
2860 3297 3011 3373 Tunc
3039 3297 3142 3352 duo
3181 3294 3257 3351 illi
3288 3297 3484 3349 fratres
3510 3293 3767 3363 supplici-

2181 3406 2264 3452 ter
2289 3394 2637 3467 precantibus
2660 3391 3076 3461 responderunt,
3113 3389 3356 3445 dicentes
3390 3404 3404 3440 :
3450 3404 3471 3439 α
3513 3384 3763 3439 Auxilia-

2174 3489 2361 3561 .bimur
2388 3480 2592 3557 optime
2620 3484 2794 3548 vobis,
2826 3495 3031 3552 vosque
3067 3480 3326 3549 regalium
3374 3478 3649 3532 minarum
3678 3491 3769 3529 se;

2182 3596 2343 3637 curos
2372 3578 2573 3633 morari
2601 3578 2654 3631 in
2690 3576 2873 3640 Dacia,
2892 3583 3056 3643 atque
3080 3588 3166 3627 res
3197 3580 3388 3627 vestra:
3407 3568 3758 3640 proprietatis

2181 3670 2446 3727 faciemus
2476 3669 2657 3738 quiete
2689 3678 2892 3722 tenere.
2927 3683 2945 3717 ι
2980 3663 3057 3719 illi
3098 3672 3276 3718 autem
3306 3661 3420 3715 lucc
3446 3660 3727 3714 audientes
3748 3700 3763 3723 ,

2182 3762 2426 3818 Rollonis
2452 3770 2506 3815 et
2530 3759 2719 3815 Gurim
2755 3756 2939 3813 osculo
2967 3755 3345 3826 expetiverunt
3375 3752 3563 3822 pedes,
3599 3760 3764 3819 atque

2188 3844 2334 3912 illiue
2358 3869 2521 3924 super
2550 3853 2709 3909 dictis
2736 3850 3038 3921 principum
3067 3856 3379 3903 remearunt
3408 3842 3768 3915 gratulantes.

2189 3947 2400 4003 Interea
2424 3943 2682 4000 veridica:
2702 3939 2974 4011 opinionis
3001 3936 3375 4008 promulgatur
3414 3934 3583 3998 fama,
3632 3933 3773 4004 regis

2190 4038 2369 4094 Daciae
2391 4051 2552 4090 aures
2583 4034 2823 4104 pulsans,
2872 4030 3013 4101 quod
3063 4029 3169 4083 dux
3228 4024 3773 4097 prrepotentissimus,

2192 4139 2350 4201 pater
2376 4127 2586 4183 scilicet
2637 4122 2879 4178 Rollonis
2905 4131 2960 4174 et
2985 4118 3177 4175 Gurim
3203 4125 3351 4173 sortc
3380 4115 3661 4168 frueretur
3686 4127 3775 4166 su-

2189 4233 2398 4289 prema.
2428 4215 2579 4270 Tunc
2610 4229 2703 4268 rex
2735 4223 2860 4266 ante
2909 4209 3200 4273 malorum,
3235 4221 3354 4276 quae
3393 4204 3494 4260 sibi
3540 4203 3632 4258 ille
3668 4203 3776 4254 dux

2865 4300 3075 4354 cunctis
3121 4297 3203 4352 sui
3242 4294 3452 4365 imperii
3494 4291 3780 4347 accersitis

2191 4396 2528 4469 principibus
2558 4393 2735 4464 inquit
2767 4409 2780 4446 :
2819 4410 2839 4443 ι
2873 4391 2983 4448 Vos
3009 4405 3116 4445 non
3142 4388 3276 4443 latet
3296 4395 3503 4456 patrem
3535 4382 3779 4438 llollonis

2192 4502 2246 4549 et
2272 4491 2460 4548 Gurim
2492 4503 2614 4544 esse
2651 4485 2985 4541 defunctum.
3012 4480 3312 4553 Aggrediar
3336 4493 3468 4548 ergo
3491 4473 3780 4542 fines_illo-

2196 4599 2337 4649 rum,
2368 4590 2423 4637 et
2450 4580 2662 4650 capiam
2703 4577 2867 4631 urbes
2905 4582 2962 4628 et
2996 4584 3176 4628 castra
3217 4580 3380 4639 atque
3416 4566 3778 4621 munitissima

2197 4675 2337 4739 loca,
2373 4672 2712 4741 ulciscarque
2748 4669 2890 4723 facta
2927 4666 3101 4736 patris
3142 4663 3196 4718 iu
3232 4662 3393 4723 Iilios,
3416 4674 3622 4728 eosque
3648 4672 3779 4712 con-

2199 4767 2425 4824 terendo
2441 4763 2685 4821 satiabor
2710 4774 2875 4831 super
2888 4757 3041 4813 malis
3053 4756 3295 4811 illorum.
3313 4752 3422 4807 Vos
3441 4761 3769 4820 vestrosun
3790 4810 3793 4817 Ἰ

2198 4873 2412 4932 precor,
2443 4862 2742 4926 prteparate
2767 4851 2834 4906 ad
2874 4850 3001 4904 talia
3031 4847 3245 4916 negotia
3273 4842 3641 4912 adimplenda.
3679 4840 3768 4894 De-

2203 4951 2540 5009 nominativo
2570 4948 2735 5019 igitur
2758 4944 2991 5000 termino
3006 4937 3389 5013 profectionis,
3424 4934 3772 4999 undecunun

2204 5053 2470 5103 venerant
2511 5044 2840 5113 repedarunt
2868 5052 2991 5092 cum
3038 5035 3171 5089 suis.
3222 5030 3347 5086 Mox
3392 5026 3559 5083 effera
3607 5025 3780 5079 Dacia:

2200 5143 2459 5212 juventus
2509 5135 2680 5190 nimio
2732 5145 2989 5188 curarum
3030 5127 3245 5182 inhians
3292 5121 3467 5187 aestui,
3493 5133 3617 5190 qua:
3643 5131 3782 5171 com-

2209 5210 2365 5285 moda
2389 5234 2516 5281 sunt
2540 5230 2808 5294 praeparat
2832 5222 2885 5275 in
2910 5220 2999 5274 illo
3020 5217 3290 5288 profectu.
3315 5214 3378 5267 Hi
3407 5213 3553 5267 leves
3573 5210 3786 5280 clypeos
