4040 5298
273 320 377 375 789

839 305 1186 364 HISTORIEE
1226 296 1864 362 NORTHMANNOIKUM

1984 292 2080 348 snt
2125 287 2326 348 OCTO.
2361 317 2426 326 -ρ
2455 283 2653 339 ιλιιιιάιι
2695 273 3028 334 SECUDUS.

3413 223 3530 319 I790

269 439 568 490 convocata
607 431 824 497 copiosa
867 441 1056 488 manu,
1095 419 1526 492 congruentique
1565 415 1850 486 pubertate
1879 415 1926 474 Α
1955 407 2195 464 Rollouis
2229 399 2656 472 quamplurihus.
2693 393 2890 446 rrtzitlil
2921 389 3108 444 Gurim
3143 386 3307 438 frater
3335 381 3451 448 ejus
3473 382 3548 434 ἱιι.

267 525 604 586 lim-entiam,
643 525 1086 588 eougregataque
1128 511 1470 568 multitudine
1502 507 1692 562 mediae
1719 513 1850 560 aata-

273 619 362 679 tis,
395 627 610 676 senum,
642 619 804 680 atque
829 607 896 662 ad
921 601 1392 662 exterminandum
1417 599 1838 668 descriptorum,

269 706 430 763 elatis
449 701 680 768 dextris,
709 698 966 754 insudant
999 695 1292 750 silentium.

899 828 1130 884 CAPUT
1167 827 1230 882 ll.

277 929 562 998 Quomodo
601 923 820 980 Bellone
870 921 1146 998 rebellante
1171 925 1350 972 contra
1383 929 1550 998 regent
1583 928 1674 998 per
1699 911 1856 982 quin-

411 998 728 1070 quennium,
778 1009 870 1048 rex
905 993 970 1044 ab
1001 1007 1060 1044 eo
1083 1005 1262 1060 pacem
1292 989 1482 1054 expetit
1515 983 1716 1036 dolose.

345 1091 768 1148 Tumultuantes
823 1083 1026 1155 populi,
1077 1095 1354 1136 murmure
1391 1077 1606 1148 penitus
1649 1074 1861 1138 sedato,

278 1187 538 1253 sedisque
565 1179 804 1236 decentis
837 1185 1090 1244 suggestu
1133 1171 1436 1227 sublimiter
1485 1169 1708 1224 ltollone
1753 1165 1864 1222 suf-

281 1279 444 1338 l'ecto.
494 1273 615 1328 iullt
641 1287 736 1326 ore
787 1269 1082 1324 mellilluo:
1113 1285 1132 1316 ι
1171 1266 1298 1326 Vos,
1339 1263 1536 1332 quibus
1587 1257 1868 1314 incalescit

277 1368 535 1440 juvenilis
563 1365 750 1431 ardor,
783 1361 980 1430 quique
1015 1359 1146 1412 ﬂore
1173 1355 1573 1426 prazslatttiorcs
1596 1351 1726 1405 estis
1755 1349 1866 1403 vir-

283 1462 412 1516 tutis
462 1459 730 1527 alloquor.
779 1451 974 1510 Solerti
1019 1449 1296 1520 proposito
1337 1445 1662 1502 reverendus
1688 1453 1869 1512 patres

281 1567 522 1622 avosque
541 1559 596 1606 et
619 1562 848 1620 proavos
869 1543 1218 1602 imitamlnor.
1243 1537 1620 1596 Convalescite
1637 1535 1872 1592 viriliter

265 1655 336 1704 ει
365 1641 818 1706 conl'ortaminor,
841 1649 898 1694 et
929 1653 997 1693 ne
1023 1634 1312 1706 mquiperis
1325 1632 1536 1688 vicibus
1561 1629 1668 1684 illis
1693 1627 1871 1682 valea-

285 1739 354 1792 tis
383 1743 747 1808 congruenter
781 1731 1072 1810 coqvenire
1101 1727 1531 1798 dedignaminor.
1557 1723 1669 1779 Rex
1705 1720 1872 1790 siqui-

283 1829 407 1883 dem
439 1826 600 1894 hujus
623 1824 786 1894 'regni-
814 1822 1030 1878 molitur
1053 1835 1152 1874 nos
1181 1816 1518 1888 supergredi,
1564 1821 1871 1880 nostraeque

287 1920 666 1976 intonarrbiam
701 1915 922 1972 ditionis
948 1913 1226 1976 invadere,
1254 1924 1460 1980 nosque
1485 1915 1540 1962 et
1567 1921 1664 1962 vos
1685 1918 1874 1962 omnes

283 2013 540 2084 perdere,
561 2017 636 2076 et,
661 2015 952 2077 antequam
975 2003 1376 2060 hereditariam
1403 2011 1604 2058 nostrte
1625 1997 1869 2054 domina-

277 2106 450 2160 tionis
479 2112 684 2158 terram
729 2099 1024 2168 mancipet,
1055 2097 1138 2152 sui
1171 2095 1449 2167 regiminis
1488 2101 1690 2148 terram
1730 2089 1874 2146 anti-

287 2197 524 2268 cipando
547 2205 1008 2266 praeoccupemus,
1043 2189 1312 2246 hostiliter
1345 2185 1646 2244 resistendo
1675 2185 1876 2239 adven-

291 2291 364 2343 tui
387 2288 529 2356 ejus.
553 2307 571 2338 ι
591 2285 738 2342 Illico
749 2299 938 2342 omnes
965 2283 1049 2340 his
1061 2283 1222 2338 dictis
1239 2279 1526 2336 exhilarati
1551 2277 1754 2349 regiam
1771 2285 1878 2332 ter-

295 2395 406 2434 ram
449 2377 790 2448 conglobatis
833 2373 1164 2430 exercitibus
1219 2375 1564 2433 invaserunt,
1598 2377 1877 2438 totamque

291 2471 550 2528 aeviente
573 2467 814 2524 Vulcano
843 2466 1256 2536 depopularunt.
1289 2463 1412 2520 llaec
1441 2471 1622 2516 autem
1653 2476 1746 2514 rex
1777 2475 1878 2514 au-

293 2563 468 2625 diens,
509 2567 700 2624 contra
731 2556 1010 2612 Rollonem
1039 2563 1096 2610 et
1139 2554 1358 2610 fratrem
1383 2551 1500 2621 ejus
1530 2551 1718 2606 Gurim
1759 2565 1880 2621 per-

297 2655 374 2724 git
399 2653 468 2708 ad
497 2651 766 2721 praelium,
787 2649 988 2720 diuque
1013 2647 1322 2704 dimicando
1376 2654 1528 2715 terga
1569 2643 1758 2708 vertit,
1797 2641 1882 2698 l'u-

295 2745 448 2814 gions
473 2744 544 2798 ad
575 2742 826 2814 prtesidia
859 2740 1094 2795 urbium.
1126 2740 1280 2796 Tunc
1305 2737 1460 2794 Rollo
1499 2735 1580 2793 sui
1609 2735 1883 2792 exercitus

299 2846 548 2892 mortuos
575 2835 842 2906 sepelivit,
872 2833 1018 2903 regis
1056 2841 1236 2888 autem
1295 2831 1608 2886 inhumatos
1643 2827 1881 2896 reliquit.

301 2928 476 2984 Unius
501 2941 632 2982 vero
655 2926 810 2982 lustri
837 2925 1014 2996 spatio
1039 2933 1424 2993 perseverante
1451 2923 1590 2978 inter
1617 2935 1798 2994 regem
1829 2927 1886 2976 et

301 3019 584 3073 Rollonem
611 3015 808 3080 duello,
853 3015 1002 3070 misit
1031 3029 1126 3068 rex
1156 3013 1400 3083 pacilicis
1435 3013 1616 3078 verbis
1659 3013 1726 3066 ad
1757 3025 1884 3066 eum

303 3109 612 3182 ltujusmodi
663 3110 722 3164 in
763 3108 904 3164 dolo.
961 3126 979 3158 «
1009 3105 1155 3160 Nihil
1200 3105 1332 3160 mihi
1355 3113 1411 3160 et
1437 3103 1555 3168 tibi,
1587 3102 1692 3158 nisi
1714 3101 1884 3172 gratia

303 3201 744 3274 propinquitatis.
771 3199 842 3256 Ut
866 3198 1170 3268 requiescat
1194 3195 1888 3266 respublica,precor,per-

305 3293 484 3356 mitte,
521 3299 584 3346 ut
609 3290 752 3360 quod
773 3361 776 3364 _
795 3289 900 3344 mei
921 3287 1060 3358 juris
1087 3295 1194 3352 est,
1220 3297 1478 3354 meusque
1509 3293 1666 3354 pater
1691 3281 1889 3346 tenuit,

305 3381 470 3438 liceat
509 3397 595 3437 me
623 3381 898 3452 sapienter
931 3378 1240 3449 possidere;
1274 3377 1374 3432 tibi
1410 3385 1592 3431 autem
1629 3374 1774 3444 quod
1816 3373 1892 3427 tui

303 3473 442 3540 juris
466 3482 574 3538 est,
597 3473 848 3544 quodque
880 3482 1022 3526 tuus.
1041 3469 1238 3545 Sitque
1262 3469 1403 3524 inter
1433 3483 1517 3523 me
1546 3478 1602 3522 ct
1630 3476 1681 3522 te
1705 3482 1806 3538 pax
1839 3475 1895 3520 et

309 3565 598 3620 concordia
615 3563 974 3618 inextricabili
991 3561 1194 3616 laedere
1204 3567 1482 3628 compacta
1497 3559 1514 3630 [
1523 3557 1848 3629 paciﬁcate].
1869 3578 1888 3610 ι

312 3655 464 3711 Tunc
489 3656 642 3711 llollo
665 3664 720 3710 et
739 3653 948 3716 Gurim,
975 3653 1296 3721 illorumque
1319 3651 1551 3714 milites,
1600 3658 1764 3718 atque
1802 3649 1896 3704 de-

313 3747 502 3818 scripti
541 3747 610 3802 ad
653 3745 1154 3809 exterminandum,
1189 3757 1374 3814 pacem
1429 3741 1890 3796 collaudaverunt.

315 3838 690 3896 Detertninato
734 3839 900 3909 igitur
945 3835 1292 3906 conjurauda:
1334 3833 1586 3888 amicitiae
1628 3840 1895 3900 tempore,

313 3941 544 4000 uterque
569 3931 718 3984 venit
744 3929 810 3984 ad
833 3927 1110 4000 placitum,
1133 3925 1442 3996 mutuisque
1465 3922 1779 3980 muneribus
1814 3921 1894 3976 di-

317 4024 411 4078 tati
434 4022 684 4078 foederati
721 4031 868 4077 sunt.

933 4136 1160 4194 CAPUT
1199 4136 1280 4191 lli.

320 4229 594 4294 Quomodo
637 4246 732 4283 rea:
758 4246 1032 4299 aggressus
1075 4238 1148 4282 est
1190 4237 1345 4299 noctu
1374 4225 1604 4299 ciuitates
1639 4219 1894 4299 Ralla-uis.

385 4302 520 4353 etde
553 4312 717 4353 morte
743 4289 928 4355 δῆν-ἔπη
968 4299 1149 4366 fratris
1190 4297 1305 4365 ejus
1335 4304 1382 4349 et
1415 4295 1479 4346 de
1507 4295 1733 4366 adventu
1775 4289 1900 4342 Rol-

385 4370 520 4424 louis
543 4371 597 4423 in
623 4369 884 4424 Scauzam
919 4363 1143 4424 insulam
1172 4363 1290 4420 cum
1313 4381 1406 4419 sex
1426 4363 1660 4416 navibus.

393 4457 636 4528 Denique
670 4459 910 4528 perﬁdus
947 4475 1042 4512 rex
1080 4455 1421 4512 dolositatem
1449 4459 1722 4519 concepta:
1753 4447 1898 4501 frau-

325 4553 406 4610 tlis
421 4552 617 4608 infesto
640 4553 802 4608 corde
816 4552 1114 4616 ruminans,
1134 4556 1435 4604 convocato
1449 4546 1720 4614 quondam
1744 4555 1901 4595 exer-

323 4646 430 4700 citu
461 4659 582 4709 suo,
610 4653 666 4698 et
689 4653 848 4700 nocte
877 4658 1106 4713 pergens
1131 4649 1322 4698 contra
1367 4638 1506 4702 illos,
1535 4635 1903 4702 iuvadeusque

325 4735 459 4791 lines
487 4737 726 4803 illorum,
756 4735 1096 4791 abscondens
1137 4733 1360 4788 insidias
1392 4743 1556 4799 prope
1597 4726 1796 4781 ntoenia
1824 4725 1902 4779 ci-

329 4828 528 4895 vitatis,
561 4843 872 4902 oppugnare
888 4827 1072 4896 cmpit.
1095 4826 1245 4880 Tunc
1265 4823 1418 4878 llollo
1445 4832 1498 4876 et
1525 4820 1713 4876 Gurim
1737 4817 1904 4874 frater

326 4918 438 4986 ejus
459 4929 513 4972 et
534 4913 770 4990 quicum
801 4933 864 4972 eo
891 4914 1394 4982 erant,exsilientes
1423 4913 1487 4968 de
1511 4911 1751 4970 civitate,
1783 4923 1904 4977 per-

329 5010 695 5080 sequebantur
727 5023 905 5078 regem
943 5016 1091 5078 terga
1141 5012 1462 5068 vertentem,
1517 5002 1804 5074 fugamque
1829 4999 1901 5054 si-

331 5097 619 5136 nmlnnlnm
702 5098 1065 5136 'l'r-anearncen
1127 5094 1294 5136 igitur
1355 5092 1528 5136 lnmtm
1585 5089 1902 5136 insidiarum

1929 4509 1976 4567 D

1951 496 2158 570 prmlio.
2183 493 2384 549 Videtis
2411 497 2589 542 autem
2623 483 2776 538 llollo
2806 499 2864 536 se
2905 481 3046 534 inter
3068 487 3356 544 utrumque
3375 487 3536 526 exer-

1953 590 2142 651 citum,
2177 599 2338 640 unum
2372 581 2549 652 fugam
2607 559 2982 637 simulantem,
3033 569 3260 624 alterum
3315 564 3538 618 latebris

1955 695 2252 750 egressura,
2287 675 2616 740 fratremque
2647 675 2948 728 mortuum;
2993 664 3080 716 vix
3125 660 3387 715 livoribus
3416 657 3538 726 plu-

1959 771 2111 826 rimis
2155 766 2446 826 laceratus,
2499 777 2620 814 cum
2649 756 2834 827 paucis
2865 751 3088 808 divertit
3139 750 3208 806 ab
3249 749 3349 802 eis.
3387 745 3538 800 Tunc

1961 878 2052 916 rex
2083 858 2335 914 obsidens
2361 863 2414 909 et
2444 857 2668 920 capiens
2717 847 2896 910 urbes,
2950 841 3202 912 populum
3250 845 3438 892 contra
3483 851 3543 888 se

1960 955 2332 1024 ol-tjurgantem
2371 947 2468 1002 sibi
2503 940 2832 1010 subjugavit.
2863 935 3016 989 llollo
3055 945 3184 984 vero
3209 927 3410 982 morari
3435 941 3542 978 non

1963 1018 2149 1098 valens
2173 1044 2224 1097 in
2256 1039 2412 1094 Dacia
2445 1043 2664 1108 propter
2703 1045 2906 1098 regem,
2951 1024 3204 1080 diffidens
3250 1021 3332 1074 sui
3366 1018 3543 1072 Scau-

1965 1153 2084 1191 zant
2113 1133 2343 1188 insulam
2375 1145 2498 1184 cum
2546 1141 2636 1180 sex
2687 1121 2914 1175 navibus
2950 1127 3234 1184 aggressus
3255 1119 3356 1165 est.
3392 1108 3546 1191 Tupo

1969 1228 2126 1284 Dacia
2161 1225 2248 1293 pio
2279 1223 2434 1282 duce,
2459 1215 2792 1289 patricioque
2823 1199 2985 1276 atque
3029 1201 3408 1260 rnbustissimo
3443 1177 3546 1250 a'd-
3604 1213 3606 1216 ν

1969 1327 2162 1375 vorato
2205 1315 2436 1387 privata,
2469 1323 2662 1380 magno
2715 1302 2915 1372 cjulatu
2947 1311 3210 1355 concussa
3259 1293 3424 1364 coepit
3464 1291 3548 1345 ni-

1971 1415 2138 1470 tniunt
2175 1407 2326 1465 ﬂere.

2590 1551 2818 1618 CAPUT
2855 1547 2944 1603 IV.

1977 1659 2052 1714 De
2072 1655 2424 1712 admonitione
2469 1650 2608 1720 facta
2664 1648 2718 1720 in
2750 1643 2944 1720 somnis
2983 1637 3192 1720 Rolloui
3222 1645 3284 1720 ,ζει
3311 1631 3554 1703 Angliam

2224 1706 2434 1796 peteret,
2460 1706 2507 1775 et
2539 1721 2602 1773 de
2629 1716 2841 1772 victoria
2867 1711 2980 1781 ejus
3007 1712 3070 1762 de
3101 1706 3324 1776 Anglis-

2067 1836 2292 1908 Ittmque
2323 1835 2414 1890 diu
2453 1831 2662 1887 Scanza
2716 1823 2892 1881 insula
2941 1827 3171 1876 maestus
3225 1823 3578 1876 moraretur,

1974 1905 2310 1999 sollicitoque
2357 1919 2770 1992 contorqnentis
2817 1910 3180 1969 animositatis
3221 1905 3554 1978 cogitatione

1975 2036 2232 2088 mstuans,
2264 2019 2548 2076 moliretur
2577 2021 2628 2068 ut
2657 2010 2961 2066 vindicaret
2987 2020 3047 2060 se
3075 2005 3142 2056 de
3164 1997 3399 2054 inimicis
3423 1995 3570 2056 suis,

1979 2114 2312 2187 plurimique
2350 2121 2488 2179 quos
2527 2105 2740 2174 fugarat
2765 2101 2832 2154 de
2875 2095 3038 2150 Dacia
3076 2089 3272 2162 regalis
3313 2084 3564 2142 immani-.-

1981 2177 2096 2270 tas,
2145 2177 2383 2258 ad‘eumi
2401 2201 2841 2255 reverterentur,
2875 2187 3034 2243 leSsis
3075 2185 3262 2238 labore
3301 2177 3552 2234 artubus,

1979 2311 2172 2368 sopore
2219 2305 2502 2365 opprcsus,
2557 2303 2658 2342 vox
2715 2284 2895 2340 divina
2951 2277 3028 2334 illi
3079 2274 3282 2336 sonuit,
3329 2271 3560 2326 dicens:

1985 2409 2004 2443 s
2043 2357 2228 2451 Iltollo,
2256 2357 2512 2439 velociter
2540 2391 2724 2448 surge,
2743 2381 2966 2446 pontum
3001 2357 3574 2430 festinanter-navigio

1983 2449 2323 2538 transttteans
2353 2477 2420 2531 ad
2445 2471 2647 2544 Anglos
2681 2480 2843 2538 perge
2877 2479 2890 2517 :
2940 2462 3014 2517 ibi
3061 2457 3248 2513 audies
3295 2451 3438 2544 quod
3495 2449 3566 2503 ad

1979 2573 2214 2644 patriam
2259 2581 2446 2636 sospes
2465 2543 2796 2622 'reverteris,
2841 2561 3209 2626 perpetuaque
3243 2560 3377 2617 pace
3415 2543 3468 2596 iu
3501 2557 3576 2594 ea

1983 2663 2100 2718 sine
2124 2633 2450 2714 detrimento
2476 2651 2693 2708 frueris.
2723 2669 2740 2700 ›
2769 2647 2880 2702 lloc
2907 2643 3176 2700 somnium
3197 2651 3321 2694 cum
3351 2633 3572 2690 cuidam

1985 2751 2213 2824 sapienti
2272 2748 2389 2802 viro
2435 2753 2490 2801 et
2534 2738 2871 2798 Cbristicolm
2931 2733 3225 2794 retulisset,
3261 2722 3570 2796 lmjusmodi

1986 2814 2235 2902 sermone
2282 2841 2670 2908 interpretatum
2715 2839 2800 2885 est
2838 2849 2852 2883 ι
2888 2846 2917 2880 ι
2943 2827 3020 2880 Tu
3047 2829 3302 2893 vergente
3355 2814 3570 2870 venturi

1989 2935 2250 3008 temporis
2301 2947 2484 2996 cursu,
2509 2932 2866 2984 sacrosancto
2894 2919 3218 2988 baptismate
3244 2907 3570 2984 puriﬁeahes

1991 3031 2088 3092 ris,
2119 3027 2532 3097 prtedignusque
2551 3013 2875 3075 Cbristicola
2904 3006 3178 3070 elﬁcieris,
3209 3013 3263 3057 et
3289 3000 3356 3055 ab
3377 3013 3578 3054 errore

1915 3143 1960 3205 ς
1993 3096 2304 3175 ﬂuctuantis
2335 3113 2516 3172 saeculi
2545 3112 2610 3166 ad
2637 3108 2852 3179 Anglos,
2879 3101 3112 3174 Angelos
3143 3096 3372 3156 scilicet,
3405 3102 3586 3205 usque

1993 3213 2124 3267 olim
2155 3206 2461 3279 pervenies,
2491 3213 2789 3272 pacemque
2813 3191 3069 3266 perennis
3099 3187 3282 3258 gloria:
3303 3197 3427 3238 cum
3463 3180 3572 3232 illis

1993 3302 2238 3358 habebis.
2277 3320 2294 3352 ι
2325 3299 2474 3354 Illico
2507 3294 2622 3348 vela
2652 3289 2880 3346 navibus
2909 3296 3120 3354 aptans,
3157 3277 3428 3344 remisque
3479 3283 3578 3323 cas

1992 3405 2294 3452 emrnans,
2339 3397 2501 3457 atque
2536 3385 2838 3443 frumento,
2882 3378 3028 3438 vino,
3093 3371 3366 3440 tergisque
3415 3377 3572 3417 suum
3619 3393 3634 3402 .

1993 3501 2086 3541 eas
2121 3497 2394 3544 onerans,
2431 3473 2720 3530 velivolum
2767 3481 2916 3522 mare
2965 3461 3216 3518 celeriter
3261 3466 3572 3528 permeans,

1997 3575 2200 3646 Anglos
2233 3541 2566 3642 aggreditur,
2599 3564 2780 3630 illique
2817 3557 3014 3612 morari
3054 3553 3236 3624 quiete
3272 3547 3360 3602 ditt
3400 3541 3580 3610 suspi-

1998 3676 2176 3721 ratur.
2223 3638 2520 3717 Audientes
2561 3664 2739 3708 autem
2789 3649 2934 3704 illius
2994 3638 3254 3699 territorii
3313 3645 3580 3707 pagenses

1995 3755 2136 3826 quod
2166 3751 2321 3808 Rollo
2349 3750 2524 3803 Dacus
2547 3742 2851 3804 adveniret,
2891 3737 3064 3791 aciem
3103 3743 3354 3801 magnam
3389 3733 3580 3780 contra

1998 3850 2144 3904 illum
2183 3847 2628 3902 construxerunt,
2651 3847 2884 3903 eumque
2916 3831 2982 3886 ab
3013 3827 3122 3882 illis
3169 3823 3364 3878 ﬁnibus
3392 3817 3594 3886 fugare

1999 3939 2178 3996 conati
2201 3945 2343 3992 sunt.
2377 3931 2478 3999 Qui
2498 3943 2648 3985 more
2673 3925 2832 3982 solito
2855 3919 3226 3976 indubitanter
3251 3923 3479 3984 pergulis
3509 3905 3582 3958 ad-

1997 4032 2258 4103 praelium,
2286 4026 2391 4081 illis
2415 4021 2672 4082 occurrit,
2697 4016 3068 4088 plurimosque
3094 4006 3306 4062 illorum
3333 4007 3580 4070 prostra-.

1999 4125 2096 4186 vit,
2113 4129 2272 4190 atque
2299 4123 2624 4172 cteterorum
2649 4087 2772 4179 fuga
2785 4103 3110 4160 vertentium
3133 4097 3294 4151 dorsa
3315 4091 3472 4146 basta
3489 4087 3539 4140 la
3555 4113 3582 4127 -

2003 4215 2109 4286 liga
2117 4213 2210 4266 vit.
2229 4209 2358 4264 Deni
2369 4223 2472 4277 quc
2487 4217 2749 4276 pageuses
2762 4196 3034 4268 prioribus
3057 4191 3236 4261 plures
3249 4195 3578 4241 coacervatio

2003 4279 2106 4370 tes,
2131 4311 2318 4358 contra
2341 4297 2626 4352 Rollouem
2656 4293 2850 4346 iterum
2873 4285 3042 4338 aciem
3067 4279 3325 4346 dirigunt,
3342 4283 3586 4337 eumque

2000 4361 2274 4456 occidere,
2295 4397 2387 4443 aut
2412 4390 2534 4456 fuga
2557 4382 2662 4436 labi
2691 4378 2755 4450 [f.
2780 4373 3125 4444 supplendum
3149 4361 3354 4456 facere]
3379 4371 3592 4415 conans

2007 4497 2112 4541 tur.
2135 4484 2229 4537 Ille
2255 4453 2382 4535 vero
2405 4453 2599 4533 studiis
2627 4470 2751 4526 belli
2780 4469 3025 4526 edoctus,
3045 4453 3470 4520 certaminisque
3493 4461 3590 4502 ne-

2004 4577 2256 4635 cessitate
2272 4562 2778 4640 asperrimus,galea
2809 4571 2941 4611 auro
2962 4551 3192 4608 miriﬁce
3210 4551 3450 4612 compta,
3480 4537 3594 4593 tri-.

2005 4667 2234 4740 plicique
2263 4630 2475 4734 [trilici]
2504 4630 2670 4709 lorica
2706 4650 2945 4712 indutus,
2971 4630 3592 4705 contraobjurgautinm.

2005 4721 2062 4818 et
2095 4753 2560 4828 proﬁciscentium
2593 4748 2647 4801 in
2681 4759 2738 4800 se
2767 4751 2977 4795 turmas
2999 4731 3302 4801 armigeras
3327 4721 3597 4778 velociten

2008 4813 2172 4918 atq-ue
2195 4843 2566 4898 indubitanter
2593 4831 2854 4905 perrexit,
2887 4826 3164 4890 milli-aque
3185 4817 3399 4890 illorum
3425 4813 3600 4865 intuta.

2010 4941 2151 4998 uiter
2185 4931 2478 5006 prostravit
2507 4925 2734 4980 victrice
2755 4935 2918 4974 manu
2937 4959 2952 4983 ,
2992 4910 3266 4979 celerique
3295 4917 3460 4984 cursu
3494 4911 3602 4967 pro

2013 5031 2167 5098 logos
2186 4988 2540 5094 persequens,
2556 5013 2862 5078 multosque
2881 5004 3184 5080 principum
3203 4997 3454 5066 capiens.
3470 4988 3610 5042 ludo

2145 5133 2152 5135 μ
2179 5092 2282 5136 .—.--.-
2315 5111 2483 5136 ..ι-.-.ιιι
2519 5115 2794 5136 ιιιιιηιηΙΔΙὶα
2851 5102 3158 5136 Ληηῖωηνιιηὶ
3185 5102 3420 5136 nnrnnra
3452 5092 3598 5135 terra
