4040 5298
3691 258 3788 316 792

2139 356 2187 415 Α
2217 345 2380 423 igitur
2402 358 2732 414 mirabilium
2755 361 3256 432 interpretationum
3276 369 3618 426 sermonibus
3637 368 3788 426 Rolio

2212 447 2566 514 exhilaratus,
2616 453 2844 508 visionis
2887 469 3000 510 suae
3039 457 3398 528 interpretem
3452 473 3788 534 ceterosque

2209 553 2343 608 quos
2374 541 2513 596 bello
2541 553 2777 613 ceperat,
2811 547 3041 603 vinculis
3061 550 3244 616 solvit,
3269 556 3440 609 variis
3469 558 3784 614 muneribus

2206 637 2261 684 et
2292 629 2447 685 donis
2476 631 2702 689 diversis
2727 635 2928 692 ditatos
2951 639 3016 692 ad
3047 655 3142 694 sua
3169 640 3320 698 lmtos
3350 645 3578 700 remisit.

2818 759 3044 818 CAPUT
3082 762 3168 816 Vl.

1357 235 1704 292 WlLl.ELMl
1733 235 2026 293 dALCULl
2057 236 2611 300 GEMMETICENSIS
2639 245 2943 306 MONAClll

1158 349 1380 405 CAPUT
1421 351 1482 406 V.

521 431 607 496 De
629 440 832 490 somnio
871 439 984 506 ejus
1012 449 1060 493 et
1085 439 1151 516 de
1171 444 1489 516 erpnsitfoue
1516 444 1678 511 ipsius
1707 445 1897 499 somnii
1926 462 1956 498 a
1984 461 2113 516 quo-

953 518 1073 563 dam
1111 510 1410 565 Christiano
1450 510 1612 582 facta.

537 213 636 280 7M

598 616 730 670 Cum
747 628 924 674 autem
941 621 1304 691 hujuscemodi
1327 625 1824 692 pcrturhationilms
1849 627 2108 684 sollicitus

513 705 774 776 lueret-et,
800 710 1154 780 hominesque
1188 713 1422 783 regionis
1449 713 1593 769 illius
1621 715 1808 769 ditioui
1835 730 1947 771 sua:
1975 717 2109 772 [ideo

521 795 692 853 litatis
721 802 894 870 gratia
925 802 1248 874 vinculoque
1291 819 1411 858 sese
1451 805 1820 875 subjugarent,
1869 808 2104 877 quadam

519 897 680 942 nocte
732 890 1053 958 soporifera,
1092 892 1289 949 lethete
1319 895 1475 951 molis
1518 898 1700 965 quiete
1731 913 1828 968 per
1859 899 2100 954 membra
2187 943 2194 948 .

519 975 712 1034 leviter
762 992 1040 1051 serpente,
1095 983 1280 1042 videre
1334 987 1622 1042 videbatur
1671 989 2100 1058 praecellentissi-

514 1081 640 1124 nius
663 1072 892 1136 quodam
924 1075 1264 1142 praecelsiore
1285 1076 1526 1133 Francius
1549 1079 1898 1136 habitationis
1918 1091 2100 1137 monte

511 1171 570 1210 se
623 1159 876 1226 positum,
933 1164 1156 1236 ejusque
1220 1173 1417 1222 montis
1470 1175 1520 1224 in
1569 1173 1848 1227 cacumine
1894 1173 2094 1227 fontem

507 1244 772 1314 liquidum
803 1261 858 1305 ct
881 1254 1211 1310 odoriferam
1232 1299 1245 1322 ,
1270 1274 1434 1328 seque
1462 1261 1514 1314 in
1543 1277 1607 1316 eo
1633 1263 1778 1318 ablui
1831 1273 1886 1318 et
1923 1265 1991 1318 ab
2029 1280 2094 1320 eo

504 1341 713 1408 expiari
743 1345 1066 1413 contagione
1117 1349 1280 1418 leprac
1338 1362 1391 1407 et
1420 1355 1698 1426 prurigine
1745 1358 2092 1412 contamina-

503 1439 638 1484 tmn.
679 1433 920 1506 Denique
959 1439 1100 1496 illius
1130 1445 1328 1499 montis
1363 1448 1646 1503 cacumlne
1675 1449 1852 1504 adhuc
1891 1465 2087 1522 super-

501 1529 634 1585 Stes,
681 1521 826 1577 circa
879 1526 1050 1582 basim
1115 1530 1258 1586 illius
1305 1534 1432 1589 hinc
1481 1535 1606 1592 inde
1663 1546 1728 1598 et.
1765 1539 2086 1595 altrinsecus

495 1611 664 1668 multa
695 1613 864 1670 millia
889 1618 1069 1674 avium
1097 1621 1436 1680 diversorum
1469 1643 1730 1697 generum
1764 1631 1900 1686 varii
1933 1635 2084 1688 colo-

2205 845 2283 900 De
2307 845 2682 931 Alsientonrege
2711 850 3496 931 {inmoriturChristianissimo.
3531 877 3650 914 cum
3681 853 3786 931 quo

2385 919 2502 972 iniit
2532 918 2681 974 Ralla
2709 923 2878 991 [trdus
2905 924 3282 982 indissolubilis
3312 929 3580 984 amicitirc.

2273 1007 2350 1062 Eo
2381 1021 2614 1080 namque
2639 1019 2902 1081 tempore,
2927 1028 3024 1068 rex
3052 1015 3346 1086 Anglorum
3383 1019 3782 1077 christianissi-

2197 1101 2614 1164 mus,-nomine
2662 1103 2968 1170 Alstemus,
3019 1108 3264 1162 omnium
3313 1107 3578 1166 bonorum
3612 1113 3780 1168 titulis

2198 1200 2514 1258 exornatus,
2559 1205 2922 1252 sacrosancta:
2963 1197 3224 1256 Ecclesiae
3279 1203 3590 1274 praedignus
3617 1205 3779 1260 advo-

2196 1293 2372 1348 catus,
2399 1285 2637 1342 habenas
2659 1290 2810 1358 regni
2825 1289 3119 1359 Anglorum
3143 1293 3458 1350 moderabat
3471 1297 3774 1366 piissimus.

2181 1374 2291 1430 ‘Cui
2316 1377 2575 1431 continuo
2603 1377 2760 1432 Rollo
2795 1380 3000 1450 legatos
3037 1397 3166 1440 suos
3197 1384 3346 1438 misit
3375 1394 3428 1440 et
3463 1388 3598 1456 quid
3626 1389 3776 1443 dice-

2191 1476 2313 1522 rent
2357 1470 2579 1525 auribus
2627 1470 2842 1526 illorum
2889 1473 3179 1529 intimavit.
3229 1475 3332 1543 Qui
3380 1478 3664 1534 venientes
3711 1483 3775 1535 ad

2185 1577 2332 1628 cum,
2359 1564 2448 1634 pio
2481 1565 2632 1620 vocis
2660 1565 2854 1620 affectu
2881 1568 3166 1624 submissis
3193 1570 3428 1626 vultibus
3455 1571 3717 1626 dixerunt
3745 1589 3764 1627 τη

2193 1673 2210 1703 ι
2261 1653 2511 1709 Omnium
2581 1658 3102 1724 pra‘potentissimns
3160 1660 3469 1730 patricius,
3551 1663 3774 1731 duxque

499 1701 595 1762 ris,
622 1701 870 1759 sinistras
893 1707 1008 1762 alas
1047 1710 1340 1779 quinetiam
1367 1717 1695 1798 rubicundus
1743 1721 2073 1788 habentium,

499 1805 720 1818 ηιιο-η-η.
766 1794 965 1818 ANV.--“
1003 1798 1081 1818 1-"
1110 1817 1113 1818 ,
1146 1817 1150 1818 ,
1187 1801 1199 1818 l
1244 1813 1254 1818 -
1528 1807 1582 1818 .,.
1671 1810 1700 1818 ..
1749 1811 1761 1818 .
1826 1813 1836 1818 _
1955 1815 1966 1818 _

2198 1701 2209 1703 -
2581 1701 3102 1724 ,,.,,,ν.ν....υ.,......-
3162 1701 3424 1730 ,,.....ν.ι...
3456 1701 3469 1727 ,
3552 1701 3771 1731 ...ων-τ.

2153 1738 2158 1786 ὶ
2189 1743 2458 1801 Dacorum
2500 1749 3033 1817 prmcellentissimus
3071 1750 3250 1818 Rquo,
3283 1761 3471 1808 noster
3493 1755 3680 1809 senior
3717 1765 3771 1810 et

487 1805 722 1856 quarum
763 1794 969 1854 dill'uszc
1003 1798 1160 1870 longe
1185 1801 1400 1873 lateque
1430 1794 1794 1866 multitudinis
1823 1813 2082 1869 inexhau-

471 1891 630 1954 stum
703 1891 1102 1946 extremitatem
1170 1898 1468 1966 perspicaci
1528 1909 1584 1954 et
1645 1913 1932 1974 angustato
1985 1905 2078 1961 ob-

479 1973 606 2062 f'tutu
657 1991 762 2031 non
814 1989 1030 2048 poterat
1079 1990 1560 2056 comprehendere.
1619 1973 1908 2062 Cancrum,
1946 2013 2078 2054 cou-

455 2067 708 2133 jgrueuti
775 2069 992 2126 incessu
1048 2085 1213 2146 atque
1290 2081 1467 2136 volatu
1525 2099 1620 2140 eas
1687 2087 1789 2142 sibi
1849 2089 2073 2148 alternis

457 2151 696 2224 ",t'icibus
775 2160 1010 2219 invicem
1079 2169 1336 2225 cedentes
1393 2171 1598 2228 fontem
1668 2179 1867 2234 montis
1919 2190 2068 2250 pete-

455 2262 564 2320 _re,
619 2265 823 2322 easque
867 2269 927 2310 se
987 2260 1329 2314 convenienti
1375 2268 1672 2332 nutatione,
1716 2270 1871 2326 sicuti
1894 2272 2070 2328 solent

473 2349 730 2411 tempore
775 2345 968 2402 futurte
997 2349 1189 2418 pluviae
1217 2354 1457 2414 abluere.
1512 2361 1882 2434 Omnibusque
1929 2368 2066 2421 mira

471 2428 748 2488 jnfnsioue
815 2436 1102 2506 delibutis,
1173 2459 1410 2516 congrua
1469 2463 1563 2505 eas
1641 2428 1873 2509 statione
1947 2457 2065 2511 sine

473 2521 842 2584 discretione.
879 2543 1170 2600 generum~
1219 2545 1270 2590 et
1345 2541 1650 2610 specierum
1684 2583 1700 2610 ,
1781 2545 1899 2602 sine
1952 2548 2062 2604 ullo

471 2615 837 2676 contentionis
901 2621 1123 2694 jurgio,
1185 2637 1372 2684 mutuo
1433 2631 1673 2688 vicissim
1721 2645 1880 2706 pastu
1928 2655 2062 2710 qua-

467 2703 516 2760 si
589 2708 948 2768 amicabiliter
993 2718 1296 2785 comedere,
1355 2737 1554 2793 easque
1604 2703 1904 2796 deportatis
1971 2749 2060 2787 ra-

465 2801 724 2856 musculis
754 2804 1030 2864 festinanti
1055 2810 1238 2878 labore
1265 2814 1570 2880 nidiﬁcare;
1600 2821 1728 2890 quin
1756 2823 1922 2878 etiam
1947 2840 2058 2882 suae

460 2889 724 2962 jussionis
793 2899 1018 2970 imperio
1094 2905 1396 2962 voluntarie
1471 2916 1848 2968 succumbere.
1933 2916 2052 2972 Mox

463 2989 901 3058 exspergefactus
931 3003 986 3048 et
1011 2996 1230 3052 visionis
1257 3014 1418 3068 quam
1443 3002 1650 3058 viderat
1673 3008 2046 3076 reminiscens,

467 3080 750 3134 accersitis
799 3083 1095 3154 majoribus
1147 3091 1472 3162 principum,
1527 3099 1805 3168 captisque
1860 3104 2042 3171 praelia
2075 3100 2118 3160 C

461 3167 799 3239 principibus
829 3177 990 3230 simul
1015 3181 1222 3246 ascitis,
1257 3198 1474 3241 omnem
1507 3187 1667 3257 hujus
1698 3191 1924 3248 visionis
1953 3212 2039 3250 se-

459 3258 594 3312 riem
625 3261 1004 3324 incunctanter
1038 3271 1316 3344 disseruit,
1345 3288 1401 3334 et
1447 3282 1577 3352 quid
1619 3285 1778 3354 hujus
1821 3289 2042 3346 visionis

397 3389 400 3392 .
455 3349 742 3418 mysticum
791 3359 1057 3414 sentirent
1105 3363 1172 3418 ab
1207 3367 1286 3423 eis
1334 3349 1574 3440 inquirit.
1627 3375 1778 3432 Tunc
1829 3383 2040 3438 cunctis

453 3443 872 3516 centiceutibus,
925 3461 1204 3521 captorum
1245 3476 1384 3518 unus
1423 3463 1744 3525 Christianae
1774 3472 2038 3541 religiosi-

451 3535 582 3588 tatis
632 3536 737 3593 fide
790 3541 1056 3610 imbutus,
1098 3553 1363 3623 praasagio
1410 3557 1606 3614 divinat
1663 3535 2032 3632 inspirat-iouis

449 3640 728 3694 aspersus,
774 3636 1062 3703 mysticum
1092 3640 1232 3699 illius
1255 3645 1478 3704 visionis
1501 3651 1830 3710 intellectum
1855 3641 2032 3728 expla-

447 3718 618 3782 navit,
645 3721 827 3778 dicens
855 3744 867 3778 :
895 3745 914 3778 ε
945 3727 1099 3786 Mons
1125 3733 1388 3804 Franciae,
1423 3755 1531 3809 quo
1559 3753 1707 3800 stare
1733 3749 2028 3818 videbaris,

445 3803 688 3863 Ecclesia
723 3811 862 3868 illius
910 3818 1242 3890 designatur.
1285 3803 1456 3896 Fons,
1481 3834 1574 3901 qui
1615 3837 1668 3890 in
1719 3803 2028 3898 summitate

451 3902 658 3956 uiantis
688 3915 842 3973 erat,
889 3909 1189 3979 baptismus
1237 3925 1668 3990 regenerationis
1693 3929 2023 4002 interpreta-

447 3996 556 4042 tur.
591 3991 693 4047 Per
735 3993 940 4066 lepram
977 4013 1030 4056 ct
1069 4007 1421 4078 pruriginem,
1458 4031 1566 4084 quo
1595 4017 1829 4076 infectus
1873 4039 2020 4092 eras,

439 4081 842 4142 commissionis
885 4097 986 4145 ture
1015 4094 1218 4151 scelera
1247 4110 1302 4154 et
1327 4081 1550 4172 peccata
1593 4108 2015 4170 animadvertes.

435 4170 512 4225 Te
541 4174 594 4228 iu
625 4191 690 4232 eo
732 4178 876 4234 ablui
921 4191 974 4237 et
1006 4186 1075 4242 ab
1103 4202 1169 4243 eo
1207 4170 1370 4260 lepra:
1394 4197 1802 4274 pruriginisque
1827 4207 2017 4262 morbo

434 4272 742 4340 expurgari,
777 4283 826 4328 te
869 4275 1085 4334 lavacro
1123 4285 1262 4338 sacri
1305 4286 1648 4356 baptismatis
1703 4272 2014 4367 regenerari

433 4365 488 4410 et
521 4361 587 4414 ab
623 4367 874 4423 omnibus
909 4373 1150 4439 peccatis
1178 4379 1623 4453 ernundari.,Per
1645 4361 1892 4446 volucres
1932 4395 2012 4448 di-

427 4463 708 4509 versorum
745 4471 1001 4526 generum
1032 4463 1194 4521 laevas
1230 4467 1344 4524 alas
1373 4471 1633 4536 habentes
1664 4481 1922 4550 puniceas
1947 4495 2006 4542 et
2040 4456 2086 4516 Β

426 4556 655 4608 quarum
701 4547 1120 4610 inliuitissimam
1149 4562 1549 4620 extremitatem
1575 4547 1863 4630 exhaurire
1889 4577 2002 4632 risu

425 4644 532 4685 non
558 4644 792 4706 poteras,
823 4642 1069 4702 homines
1094 4649 1430 4710 diversarum
1455 4661 1854 4725 provinciarum
1887 4685 2004 4724 scu-

425 4723 596 4777 tulata
633 4729 854 4787 brachia
880 4737 1162 4808 habentes,
1203 4742 1388 4815 tuique
1419 4723 1596 4808 ell'ecti
1631 4755 1837 4824 fideles,
1864 4777 2002 4829 quo-

420 4827 542 4866 rum
571 4815 908 4878 innumeram
937 4829 1334 4890 multitudinem
1365 4843 1724 4900 coadunatam
1766 4849 1995 4918 videbis,

411 4904 606 4962 animo
652 4911 1042 4978 deprehendas.
1087 4922 1192 4979 Per
1223 4927 1379 4983 alites
1419 4930 1566 4988 fonte
1605 4937 1811 4994 infusus
1852 4952 1908 4998 et
1943 4945 1998 5000 in

416 5007 480 5049 eo
535 4998 846 5058 alternatim
911 5009 1165 5082 ablutas,
1221 5026 1604 5095 communique
1666 5037 1998 5093 comestione

414 5089 656 5158 edentes,
680 5098 932 5164 populum
957 5105 1190 5174 antiqnae
1210 5109 1416 5170 fraudis
1437 5089 1688 5174 contagio
1711 5126 1990 5174 uallatam-

2185 1835 2500 1904 advocatus,
2545 1840 2642 1894 tibi
2697 1841 2854 1896 fidele
2897 1843 3200 1908 servitium,
3243 1845 3460 1913 tuisque
3509 1845 3770 1900 amicitiae

2183 1942 2380 1982 munus
2433 1929 2825 1984 inconvulsum.
2871 1931 3148 2000 Magnum,
3181 1933 3396 1990 domine
3425 1949 3542 1999 rex,
3587 1935 3764 1992 Ducite

2181 2033 2348 2088 regno
2394 2018 2750 2074 infortunium
2797 2035 3086 2091 perpessos
3127 2033 3182 2078 et
3222 2025 3294 2078 ab
3325 2040 3410 2087 ea,
3443 2025 3756 2082 heudolor!

2178 2105 2546 2164 fraudulenter
2589 2113 3008 2178 exterminatos,
3054 2113 3232 2170 Eurus
3283 2116 3552 2172 obnoxius
3601 2118 3764 2172 nobis

2175 2200 2389 2268 penitus
2420 2201 3008 2274 intu‘mescentiumque
3036 2207 3398 2275 procellarum
3425 2209 3758 2266 elationibus

2174 2292 2404 2350 aﬂlictos
2431 2297 2629 2352 vestris
2655 2297 2855 2353 ﬁnibus
2895 2299 3098 2370 appulit
3133 2301 3276 2356 omni
3313 2301 3426 2372 spei
3467 2311 3524 2358 et
3563 2303 3758 2362 salutis.

2171 2388 2424 2456 praesidio
2471 2390 2730 2458 privatos.
2775 2391 2910 2446 Cum
2953 2403 3133 2450 autem
3173 2409 3497 2450 conaremur
3527 2397 3756 2458 Daciam

2169 2489 2418 2549 repetere
2444 2490 2498 2536 et
2535 2497 2634 2536 nos
2655 2483 2722 2536 de
2760 2484 2996 2539 inimicis
3031 2488 3230 2541 nostris
3256 2489 3554 2555 vindicare,
3579 2490 3752 2546 obsti-

2171 2571 2233 2624 tit
2282 2579 2336 2626 et
2374 2573 2677 2628 interclusit
2704 2591 2802 2630 nos
2832 2575 3078 2646 glacialis
3123 2579 3313 2644 hiems,
3361 2581 3596 2651 geluque
3621 2599 3750 2637 cru-

2165 2671 2342 2718 stante
2367 2673 2564 2720 terram
2599 2675 2656 2722 et
2682 2667 2948 2736 ailligente
2967 2668 3173 2726 ﬂexiles
3190 2671 3482 2726 herbarum
3507 2687 3564 2730 et
3593 2674 3750 2730 arbo-

2161 2770 2282 2810 rum
2302 2771 2508 2822 comas,
2535 2759 2696 2832 densa
2736 2761 3038 2829 glacialium
3071 2763 3214 2818 mole
3241 2763 3516 2820 refrenata
3535 2778 3748 2823 crusta-

2153 2863 2302 2914 rum,
2353 2859 2670 2907 struxerunt
2697 2855 2850 2910 nobis
2877 2869 3090 2910 murum
3115 2855 3358 2924 ﬂumina,
3383 2873 3486 2914 nec
3509 2861 3748 2929 przebuit

2153 2938 2313 2992 nobis
2327 2955 2640 3009 prosperum
2668 2943 2771 2998 iter
2791 2945 3267 3003 unda.Audientes
3292 2949 3513 3017 quidam
3543 2951 3744 3006 milites

2157 3029 2208 3082 in
2247 3033 2479 3086 confinio
2513 3036 2682 3089 nostri
2716 3037 2976 3092 adventus
3002 3051 3420 3105 complorantes,
3454 3045 3742 3112 praenunti-

2151 3137 2294 3178 mam
2317 3127 2486 3181 aciem
2509 3137 2696 3182 contra
2718 3143 2818 3184 nos
2837 3139 3172 3199 struxerunt,
3189 3135 3738 3204 nosquelaccssentes

2151 3212 2486 3272 invaserunt.
2499 3217 2610 3274 Nos
2623 3233 2770 3286 vero,
2785 3236 2886 3276 nec
2897 3221 2996 3276 sub
3008 3221 3179 3292 glacie
3192 3237 3290 3280 nec
3304 3239 3466 3294 supra
3481 3227 3672 3294 naviga
3681 3242 3738 3282 re

2141 3305 2406 3370 valentes,
2434 3306 2646 3363 illorum
2669 3311 2908 3366 audaciae
2941 3313 3259 3380 restitimus,
3285 3315 3591 3386 multosque
3617 3317 3735 3373 illo-

2145 3409 2263 3448 rum
2303 3397 2486 3466 proelio
2525 3411 2830 3456 exarmatos
2857 3403 3116 3474 cepimus.
3141 3404 3258 3460 Non
3298 3415 3477 3462 autem
3507 3422 3728 3478 regnum

2144 3495 2294 3542 tttum
2322 3489 2796 3561 depopulahimus,
2821 3511 2920 3552 nec
2950 3498 3161 3566 praedas
3185 3513 3410 3567 usquam
3440 3508 3626 3570 raptas
3659 3501 3724 3555 ad

2139 3595 2306 3636 naves
2325 3593 2620 3640 vertamus.
2645 3585 2926 3642 Vendendi
2954 3598 3118 3660 atque
3137 3591 3350 3646 emendi
3380 3603 3720 3661 sequestram

2137 3688 2326 3742 pacem
2363 3677 2617 3746 petimus,
2650 3679 2776 3748 quia
2822 3681 3157 3738 imminentis
3187 3683 3332 3738 veris
3361 3693 3604 3754 tempore
3653 3687 3724 3742 ad

2133 3763 2420 3821 Franciam
2465 3770 2892 3838 proficiscemur.
2935 3791 2955 3825 ι
2992 3773 3108 3828 Rex
3129 3783 3310 3830 autem
3335 3776 3566 3832 hilarem
3593 3777 3716 3831 vul-

2133 3865 2243 3911 tum
2282 3861 2604 3916 summissus
2635 3863 2720 3918 his
2747 3863 2946 3918 auditis
2975 3866 3258 3935 profatur:
3308 3886 3326 3918 ι
3364 3867 3516 3922 Nulla
3557 3869 3717 3926 tellus

2127 3949 2284 4006 cll'ert
2321 3951 2468 4007 viros
2499 3955 2673 4024 magis
2697 3972 2858 4026 quam
2889 3957 3050 4012 Dacia
3083 3961 3401 4029 praecipuos,
3435 3963 3718 4030 armisque

2126 4050 2344 4096 Strenue
2391 4044 2638 4110 edoctos;
2673 4048 3010 4116 parcntelam
3062 4049 3267 4105 diﬂ‘usze
3326 4054 3708 4123 generositatis

2123 4133 2288 4188 vestri
2325 4135 2578 4200 senioris,
2626 4153 2890 4208 casusque
2915 4149 2972 4195 et
3004 4141 3216 4198 labores
3264 4155 3474 4200 vestros
3501 4188 3518 4211 ,
3547 4148 3710 4216 quina

2121 4223 2281 4276 etiam
2305 4223 2702 4282 fraudulentam
2733 4230 3016 4298 perfidiam
3041 4233 3220 4288 Daciae
3254 4238 3394 4305 regis
3423 4238 3580 4292 nobis
3611 4255 3696 4294 re-

2121 4309 2365 4368 tulerunt
2429 4317 2670 4385 plurimi.
2728 4318 2896 4375 Nemo
2924 4323 3138 4379 seniore
3193 4325 3246 4379 iu
3297 4326 3454 4380 factis
3502 4329 3707 4398 jnstior

2119 4411 2321 4470 vestro,
2349 4421 2507 4462 nemo
2549 4408 2724 4475 major
2755 4413 2808 4466 iu
2859 4413 3048 4466 armis.
3081 4415 3253 4484 llujus
3299 4421 3500 4489 negotii
3540 4437 3704 4477 curas

2112 4494 2392 4563 secludite,
2443 4513 2717 4554 armorum
2745 4504 2944 4569 securi,
2973 4507 3278 4575 praeliorum
3331 4511 3698 4582 impatientes,

2111 4593 2274 4654 atque
2325 4589 2562 4643 omnium
2621 4592 2886 4647 malorum
2945 4597 3214 4652 innnuues
3267 4609 3462 4656 estote.
3513 4602 3700 4658 Liceat

2109 4678 2262 4732 vobis
2331 4677 2638 4750 ubicunque
2699 4691 2966 4740 terrarum
3017 4695 3218 4743 nostra:
3288 4691 3509 4746 ditionis
3559 4707 3695 4748 ven-

2108 4767 2236 4823 dere
2297 4779 2352 4825 et
2417 4786 2621 4827 emere.
2688 4775 2941 4831 Vestrum
3002 4781 3306 4848 seniorem,
3373 4798 3689 4854 precamur,

2107 4861 2283 4931 cogite
2343 4869 2403 4918 ut
2432 4873 2634 4921 nostrae
2669 4867 2794 4922 fidei
2839 4870 3150 4942 integritate
3187 4876 3440 4944 dignetur
3486 4880 3552 4932 ad
3591 4895 3692 4956 nos

2104 4951 2323 5018 venire;
2361 4955 2488 5023 quia
2513 4971 2635 5011 eum
2673 4959 2921 5015 desidero
2950 4962 3146 5018 intueri
3173 5007 3187 5028 ,
3237 4982 3504 5037 superque
3530 4951 3688 5026 malis

2103 5043 2217 5097 suis
2243 5045 2426 5100 solari.
2475 5067 2494 5098 ι
2558 5049 2836 5105 Abeuntes
2885 5063 3066 5108 autem
3113 5057 3284 5120 missi,
3347 5075 3650 5132 quaacunqn

2104 5135 2385 5174 9|I.’!;2:“‘2:e
2439 5143 2890 5174 Fonllnl:nunnnni
2948 5145 3153 5174 l)n"-\n:
3221 5147 3494 5174 ΠνιΑ.ζ.-»1--
3529 5151 3644 5174 n__ll
