4040 5298
765 258 1112 314 HISTORIA)
1143 256 1772 314 NORTHMANNORU.“
1799 255 1980 312 LIBRI
2005 255 2208 314 OCTO.
2253 285 2320 300 —
2355 253 2958 312 LIBERSECL‘NDL’S.
3357 252 3464 307 794

1803 379 1848 434 Λ
1879 371 2106 428 Casibus
2133 371 2372 442 eripiens
2401 371 2518 426 istis
2552 387 2652 426 nos
2681 380 2842 440 atque
2871 369 3076 434 labore,

1878 464 2190 534 Comprime
2231 463 2568 526 demulceus,
2597 464 2915 526 mitescens,
2942 469 3105 528 atque
3133 471 3326 512 serena

1881 553 2184 610 Uudantem
2215 554 2444 608 nimium
2481 553 2717 610 violento
2747 551 2959 608 turbine
2987 558 3232 620 pontum.

1953 643 2152 698 Harum
2181 659 2308 698 vero
2335 645 2644 698 orationum
2681 643 2930 712 precibus
2954 641 3138 706 liuitis,
3169 653 3292 694 mox
3321 651 3470 692 mare

187 261 302 316 ’ἶθὸ

137 431 148 464 ι
183 375 424 430 Fmdere
445 372 766 442 complacita
795 374 916 428 fidei
939 385 1223 428 ucctamur
1261 375 1312 427 in
1339 389 1466 430 uno.

185 469 306 532 Sis,
331 477 476 538 peti),
503 483 630 538 pars
649 467 842 522 auium:
869 483 1194 536 semperque
1219 481 1354 524 mea":
1381 481 1584 528 comes,
1611 475 1776 536 atque

147 617 152 636 ᾖ
183 558 420 614 Finibus
447 559 502 612 in
527 559 726 614 nostris
757 567 924 614 temet
951 559 1184 628 deposco
1211 559 1435 625 morari,

147 719 150 724 η
183 649 400 718 Sicque
419 647 704 704 salutifero
729 649 1051 718 baptismate
1073 647 1234 702 sorde
1251 647 1414 716 piari.

179 737 272 792 En
299 739 430 806 quid
459 739 628 808 gestis
651 739 790 794 habe
819 747 1017 792 nostra:
1041 737 1264 792 ditionis
1293 737 1344 791 in
1377 737 1528 792 orbe.

181 827 282 884 Sis
309 845 520 886 metuar
549 829 662 900 ipse
691 830 818 894 mei,
851 829 1006 886 fuero
1033 845 1130 884 ceu
1154 843 1368 899 semper
1395 831 1449 884 in
1475 827 1644 884 omni.

179 921 260 976 Et
283 921 328 974 si
361 921 496 976 velle
523 921 660 976 alias
677 929 760 976 est
791 937 936 976 nunc
959 921 1296 991 proticiscier
1321 935 1466 984 oras,

181 1015 249 1068 Si
283 1029 416 1084 gens
455 1023 628 1080 torva,
654 1013 828 1080 ferox,
853 1013 1078 1085 jamjam
1103 1013 1410 1068 lcritaverit
1435 1013 1488 1066 in
1521 1025 1630 1076 me,

179 1105 440 1176 lmproba
467 1099 573 1160 non
603 1121 828 1162 servans
851 1107 974 1162 lidei
1007 1107 1353 1176 retinensque
1383 1115 1660 1160 tenorem'

181 1197 262 1252 Ut
293 1197 434 1267 potis
461 1213 522 1252 es
553 1197 634 1252 fer
659 1213 815 1270 opem
853 1199 1032 1254 stabili
1067 1199 1358 1254 conamine
1385 1197 1604 1253 salvans

179 1285 256 1341 Et
281 1289 374 1342 tibi
399 1304 714 1344 succurram
743 1289 904 1344 simili
943 1289 1154 1344 ratione
1185 1287 1445 1357 juvando.

179 1377 266 1433 Te
295 1387 440 1451 teget
463 1389 626 1451 atque
649 1397 826 1436 meum
859 1389 1048 1436 mutuo
1079 1381 1377 1436 certamine
1404 1388 1642 1436 scutum.

791 1495 1020 1552 CAPUT
1063 1495 1172 1552 γη.

177 1585 268 1640 De
289 1595 590 1656 tempestate
617 1605 771 1656 quam
799 1605 984 1656 passus
1008 1599 1082 1642 est
1107 1586 1284 1652 Ralla,
1320 1603 1438 1641 cum
1475 1589 1532 1642 in
1557 1603 1774 1656 regnum

257 1655 594 1730 Francorum
621 1655 684 1712 de
703 1655 1206 1730 Angliarnavigaret,
1231 1669 1278 1712 et
1307 1657 1776 1729 quomodolittori-

255 1729 355 1782 bus
381 1727 718 1800 Walgrorunt
746 1727 968 1800 appulit.

1807 1733 1852 1794 B

253 1841 410 1898 Tunc
431 1842 584 1898 Rollo
601 1859 764 1912 super
783 1843 941 1900 dictis
969 1843 1111 1916 regis
1135 1845 1308 1910 laetus,
1335 1843 1540 1899 dixisse
1563 1844 1734 1898 fertur
1761 1861 1776 1898 :

181 1947 204 1980 ι
235 1930 432 1986 Grates
463 1932 578 1996 tibi,
621 1933 862 1988 omnium
903 1949 1089 2004 regum
1123 1935 1592 2004 prrstautissime,
1620 1951 1782 2006 super

175 2021 508 2077 voluntariis
551 2023 832 2081 beneficiis
859 2027 1120 2096 rependo,
1153 2037 1208 2082 et
1231 2027 1488 2098 quidquid
1523 2029 1666 2084 inter
1693 2045 1780 2084 me

175 2117 234 2166 et
259 2119 316 2166 te
343 2113 550 2180 agenda
581 2113 838 2180 retulisti,
869 2115 953 2170 lac
981 2125 1042 2170 ut
1068 2125 1218 2188 opto.
1261 2117 1576 2174 Diutissime
1607 2118 1658 2172 in
1691 2133 1778 2172 re-

177 2215 292 2270 gno
341 2211 436 2259 tuo
469 2219 574 2258 non
623 2207 908 2272 morabor,
969 2207 1064 2262 sed
1103 2208 1332 2264 celerius
1377 2225 1540 2280 quam
1593 2217 1782 2280 potero

177 2293 476 2352 Franciam
529 2297 708 2354 adibo.
761 2299 1080 2369 Ubicunque
1125 2309 1390 2356 terrarum
1441 2302 1614 2368 fuero,
1657 2311 1781 2358 tuus

175 2387 394 2444 audens
439 2387 788 2446 indissolubili
847 2392 1150 2449 dilectionis
1197 2393 1522 2464 conjunctus
1578 2399 1780 2452 fmalcre

177 2483 538 2550 permanebo.
579 2503 598 2536 ι
633 2483 728 2540 His
759 2486 937 2550 dictis,
989 2487 1282 2542 admodum
1333 2489 1782 2545 inextricabiliter

177 2573 254 2628 fu:
277 2576 462 2641 ferali,
490 2576 934 2648 alternarumque
979 2597 1160 2636 rerum
1207 2584 1584 2652 competentiis
1613 2585 1780 2638 mira-

175 2665 364 2718 biliter
413 2666 588 2734 ditati,
631 2669 794 2723 rediit
829 2671 1057 2742 quisque
1085 2689 1206 2728 cum
1242 2675 1356 2729 suis
1389 2675 1456 2728 ad
1488 2689 1606 2730 sua.
1641 2673 1780 2730 Toto

175 2773 420 2828 namque
459 2759 750 2816 hiemantis
781 2763 906 2816 anni
933 2771 1200 2833 tempore,
1237 2780 1400 2820 naves
1423 2775 1778 2835 sumptusque

175 2849 268 2917 qui
323 2851 624 2906 necessarii
676 2863 834 2908 erant
887 2855 1090 2918 itineri,
1135 2873 1442 2926 pratparare
1485 2857 1642 2912 Rullo
1671 2859 1776 2912 dux

175 2941 396 2994 solertis
445 2957 593 2996 cura:
641 2943 793 3010 fecit,
843 2945 1148 3016 Auglosque
1191 2949 1434 3002 ﬂorentis
1481 2947 1782 3018 iuventutis

175 3033 384 3088 milites
431 3035 522 3104 qui
569 3045 724 3090 erant
755 3037 838 3092 sui
881 3039 1057 3092 effecti
1101 3049 1154 3093 et
1192 3055 1373 3094 secum
1425 3040 1552 3094 ituri
1597 3049 1775 3102 erant,

176 3125 394 3181 ascivit.
427 3126 562 3182 Cum
591 3139 770 3184 autem
811 3129 996 3199 prima:
1025 3132 1228 3186 aestatis
1269 3139 1510 3201 tempore
1549 3131 1776 3186 rutilan-
1807 3112 1850 3172 (ἶ

179 3219 314 3272 tium
357 3219 594 3274 molliter
620 3219 811 3276 ﬂorum
857 3223 1122 3280 arrideret
1150 3225 1324 3295 copia,
1383 3226 1780 3296 purpureisque

175 3309 366 3364 blattis
417 3309 588 3366 lactea
643 3320 700 3368 et
751 3313 1022 3370 odorifero
1081 3315 1322 3370 albercnt
1381 3317 1514 3380 lilia,
1569 3333 1780 3372 memor

178 3413 400 3468 semper
443 3401 672 3457 visionis
719 3407 990 3460 monentis
1030 3406 1094 3459 ad
1139 3405 1424 3460 Frauciam
1479 3407 1774 3476 proficisci,

178 3488 444 3543 classibus
481 3491 608 3544 velis
649 3493 786 3547 datis
815 3495 1086 3566 navigium
1119 3497 1454 3551 cooscendit.
1483 3496 1616 3552 Cum
1648 3513 1778 3554 vero

177 3579 390 3636 lenibus
417 3585 594 3639 ventis
625 3599 946 3655 congressus
977 3589 1176 3660 navigii
1208 3590 1382 3644 factus
1434 3581 1578 3646 esset
1608 3606 1778 3660 usque

181 3675 244 3730 ad
279 3675 520 3730 medium
567 3680 822 3748 aequoris,
873 3681 1116 3751 nihilque
1161 3683 1410 3738 viderent
1447 3683 1546 3738 nisi
1580 3683 1776 3737 caelum

177 3765 522 3836 complexum
587 3785 749 3840 super
813 3769 1009 3826 faciem
1079 3773 1268 3838 maris,
1335 3773 1500 3828 invidi
1555 3773 1778 3842 spiritus

179 3858 414 3912 scientes
448 3859 570 3916 illos
606 3859 930 3932 baptismate
969 3861 1168 3918 Christi
1204 3865 1418 3920 nomine
1457 3865 1772 3930 abluendos,

178 3949 518 4024 gloriamque
563 3967 726 4022 quam
777 3955 1132 4025 perdiderunt
1177 3957 1489 4025 adepturus,
1550 3959 1778 4030 ingemi-

177 4053 396 4097 scentcs
445 4054 809 4099 occurrerunt
847 4047 1150 4102 excitantes
1187 4049 1422 4116 pericula
1465 4049 1590 4104 illis.
1623 4048 1774 4104 Venti

177 4133 302 4200 quin
340 4135 506 4188 etiam
543 4152 572 4190 a
603 4137 823 4191 sedibus
865 4137 978 4192 suis
1025 4147 1184 4192 ruunt
1221 4149 1298 4206 et,
1325 4141 1508 4194 hiante
1537 4150 1716 4210 ponte,
1746 4159 1773 4194 a

178 4225 392 4278 sedibus
421 4226 544 4281 imis
585 4227 636 4280 in
668 4227 1028 4297 praecipitium
1073 4229 1266 4286 ﬂuetus
1303 4232 1498 4286 nimios
1528 4241 1583 4286 et
1609 4233 1674 4286 ad
1705 4233 1778 4286 si-

178 4316 304 4370 dera
359 4317 572 4372 tollunt.
607 4319 814 4374 Curium
857 4323 1332 4378 creln'esceutibus
1365 4324 1667 4394 fulguribus
1695 4325 1777 4378 in-

177 4407 373 4472 tonuit,
404 4409 807 4480 densarumque
841 4413 1184 4467 tenebrarum
1215 4429 1317 4470 uox
1347 4419 1466 4468 ‘atra
1492 4414 1598 4469 illis
1629 4415 1772 4470 incu-

177 4497 308 4553 buit.
335 4499 522 4558 Remis
565 4501 892 4569 confractis,
931 4513 1218 4560 ventorum
1257 4505 1462 4560 rabiem
1489 4506 1606 4561 vela
1631 4505 1775 4562 ferre

177 4604 278 4644 non
321 4607 564 4660 possunt.
602 4593 788 4663 itaque
827 4595 1033 4650 viribus
1064 4597 1336 4660 exhausti,
1369 4597 1549 4650 omnia
1596 4597 1775 4652 ventis

177 4684 514 4749 permittunt.
545 4683 660 4738 Huc
699 4685 932 4754 illucque
960 4703 1126 4742 naves
1169 4688 1324 4758 quasi
1361 4705 1458 4758 per
1481 4698 1694 4744 utentes
1719 4697 1774 4743 et

178 4777 338 4832 valles
391 4777 678 4842 ﬂuctuant,
745 4785 1088 4850 mortemque
1143 4782 1482 4852 repentinam
1519 4785 1774 4838 omnibus

181 4879 464 4939 intentant.
499 4871 540 4924 Τ
547 4887 650 4926 unc
689 4872 842 4928 liollo
867 4875 1140 4943 protensis
1189 4875 1437 4928 manibus
1465 4885 1772 4943 prostratus

181 4957 418 5020 incubuit
451 4964 598 5030 navi,
631 4963 928 5034 humilique
951 4979 1082 5020 voce
1109 4965 1236 5019 talia
1270 4963 1524 5033 proludit.

181 5048 217 5104 0
243 5053 387 5109 Deus
427 5055 790 5124 omnipotens.
822 5055 1066 5110 cwlestia
1095 5056 1296 5110 lumine
1325 5056 1624 5135 complens,

181 5141 266 5207 Qui
290 5145 496 5200 caelum
523 5153 831 5216 terramque
865 5155 1030 5204 tenes.
1057 5163 1154 5216 per
1179 5145 1372 5198 saecula
1397 5146 1550 5214 cujus

180 5229 401 5298 Numen,
425 5244 482 5288 et
504 5243 704 5289 :eteruo
731 5233 1091 5298 complectens
1112 5235 1290 5291 omnia
1313 5249 1464 5298 gyro;

1877 739 2110 808 quiescit
2155 739 2422 792 screnatis
2471 737 2740 808 procellis,
2782 737 3180 804 immensosque
3236 731 3468 802 atquoris

1879 839 2086 884 tractus
2105 837 2290 900 optato
2321 829 2538 884 ﬂamine
2569 829 2806 884 breviter
2839 827 3214 898 explieucrunt
3247 822 3465 896 [venti],

1878 932 2154 988 navesque
2181 929 2505 990 tempestate
2539 921 2786 990 diruptas
2817 919 3090 975 littoribus
3119 915 3464 988 Walgrorum

1877 1013 2280 1084 applicuerunt.

2471 1103 2700 1162 CAPUT
2739 1104 2868 1160 Vill.

1881 1199 2156 1266 Quomodo
2185 1199 2336 1254 Rollo
2366 1199 2548 1254 devicit
2579 1197 2912 1268 “’algrenacs
2935 1195 3238 1268 rebellantes
3265 1203 3310 1247 et
3343 1191 3465 1268 Rui-

1949 1275 2152 1326 nerinm
2187 1270 2608 1324 Ilainaucensem
2640 1265 2822 1322 ducem
2857 1279 2904 1322 et
2941 1267 3296 1320 leeboldum
3320 1265 3466 1334 prin-

1949 1343 2110 1409 cipem
2145 1341 2370 1412 Frisiis;
2395 1351 2442 1393 et
2475 1343 2537 1412 de
2567 1353 2638 1392 xu
2669 1341 2882 1412 navibus
2909 1338 3276 1412 onustisvictu
3310 1347 3356 1388 et
3379 1346 3462 1388 to-

1951 1407 2112 1466 tidem
2166 1407 2374 1464 armato
2415 1409 2578 1462 milite
2637 1410 2822 1474 plenis,
2879 1425 3007 1478 quas
3059 1407 3320 1460 Alstemus
3377 1420 3466 1458 rex

1947 1481 2240 1552 Anglorum
2269 1483 2368 1535 sibi
2415 1482 2580 1546 misit,
2606 1479 2734 1534 dum
2769 1479 2894 1534 inibi
2935 1489 3250 1532 moraretur.

1949 1573 2246 1628 Audientes
2271 1584 2452 1627 autem
2481 1571 2832 1642 Walgrcnscs
2881 1571 3023 1640 quod
3067 1585 3199 1638 gens
3237 1568 3468 1624 barbara

1879 1675 2198 1736 tempestate
2229 1667 2394 1720 maris
2431 1665 2684 1720 ferociter
2735 1673 2988 1734 quassata
3034 1664 3144 1718 suis
3199 1662 3469 1716 litto;ibus

1883 1767 2027 1814 esset
2078 1759 2324 1821 advecta,
2371 1767 2694 1826 congregata
2739 1755 3079 1808 multitudine
3133 1753 3466 1824 pagcnsium,

1883 1851 2164 1906 Rollouem
2215 1851 2408 1904 ducem
2461 1858 2826 1919 tetupestuoso
2874 1849 3010 1902 mari
3049 1847 3156 1918 .vix
3227 1855 3472 1915 ereptum

1883 1943 2216 1998 assilierunt.
2261 1941 2360 2008 Qui
2399 1941 2558 1998 solito
2603 1955 2754 1996 more
2795 1941 3058 2002 concitus,
3117 1945 3304 1994 contra
3351 1936 3471 1992 illos

1883 2035 2206 2091 debellando
2239 2035 2502 2104 perrexit,
2541 2045 2704 2104 atque
2741 2033 2922 2104 plures
2951 2032 3164 2086 illorum
3195 2045 3326 2086 nece
3350 2043 3472 2098 pro-

1883 2135 2088 2182 stratos
2116 2142 2246 2181 orco
2281 2127 2608 2190 transmisit;
2633 2125 2983 2194 residuosque
3011 2124 3221 2178 illorum
3253 2133 3346 2176 aut
3383 2120 3466 2174 fu-

1881 2217 2050 2287 gavit,
2083 2225 2176 2268 aut
2203 2217 2365 2284 cepit.
2395 2215 2639 2284 Cumque
2671 2215 2972 2270 diutissime
3003 2214 3278 2268 tuorulans
3321 2213 3468 2266 Walc

1881 2323 2012 2378 grus
2037 2307 2052 2380 [
2075 2309 2208 2376 forte
2225 2307 2587 2372 Walchcrcm,
2603 2309 2738 2360 inter
2757 2304 3026 2358 Zelundiw
3047 2303 3338 2368 insnlus,in
3365 2321 3470 2373 qua

1883 2397 2215 2470 Flushinga]
2245 2399 2620 2468 depopularet,
2665 2397 3020 2452 reminiscens
3057 2395 3328 2450 Alslcmus
3377 2409 3467 2446 rex

1881 2494 2180 2564 Anglorum
2217 2492 2732 2554 christianissimus,
2763 2490 3004 2544 ouuiium
3047 2503 3234 2560 regum
3287 2487 3469 2557 probi-

1883 2595 1994 2640 tate
2019 2583 2570 2654 pmcelleutissimus,
2620 2581 2874 2637 amicitiae
2899 2597 3002 2650 qua
3029 2597 3088 2636 se
3109 2591 3161 2635 et
3187 2581 3469 2634 Rollonem

1881 2677 2168 2747 colligarat
2201 2675 2254 2730 in
2281 2675 2485 2731 fmdera
2513 2674 2865 2743 sempiterna,
2891 2689 2964 2728 xu
2989 2687 3154 2727 naves
3177 2671 3468 2732 frumento,

1879 2771 2008 2824 vino
2035 2777 2198 2839 atque
2227 2769 2377 2824 lardo
2405 2777 2682 2832 oneratas,
2733 2767 2860 2836 quin
2901 2767 3068 2820 etiam
3111 2765 3331 2819 totidem
3378 2780 3470 2816 ar-

1882 2869 2032 2917 mato
2069 2862 2245 2916 milite
2287 2861 2544 2932 repletas,
2597 2860 2718 2914 duci
2765 2859 3024 2930 pratcelso
3067 2858 3366 2912 transmisit
3419 2857 3470 2910 in

1881 2955 2152 3024 Walgras.
2183 2953 2280 3010 llis
2307 2953 2463 3008 Rollo
2489 2952 2648 3008 donis
2693 2951 2867 3016 laetus,
2915 2951 3119 3021 legatos
3158 2949 3472 3004 muneribus

1881 3045 2248 3116 pnumaximis
2271 3045 2469 3098 ditatus
2489 3059 2611 3098 cum
2635 3044 2932 3113 gratiarum
2961 3043 3176 3096 actione
3199 3041 3264 3096 ad
3293 3057 3472 3110 regem

1887 3135 2119 3198 remisit,
2153 3149 2318 3204 seque
2351 3149 2446 3202 per
2485 3148 2578 3186 ens
2603 3133 2986 3185 famulalm'unt
3035 3131 3142 3202 regi
3175 3129 3470 3184 mandavit.

1881 3225 2240 3280 .‘Estimantes
2287 3232 2466 3276 autem
2523 3221 2866 3292 Walgreuses
2917 3233 3140 3289 propter
3203 3219 3470 3288 deportati

1881 3317 2138 3372 frumenti
2175 3316 2386 3384 copiam
2438 3315 2584 3368 uinni
2631 3327 2874 3382 tempore
2913 3313 3192 3366 Rulli-nem
3235 3310 3472 3379 Walgris

1881 3417 2241 3470 moraturum,
2257 3415 2626 3462 convocarunt
2651 3407 2962 3460 Rainerium
2985 3405 3150 3474 Longi
3171 3404 3303 3458 Colli
3337 3403 3470 3455 llas-

1877 3501 2165 3556 bacensem
2191 3507 2246 3553 et
2297 3497 2726 3552 Hainauccnsem
2758 3499 2973 3560 ducem,
3009 3506 3062 3548 et
3098 3495 3466 3549 ltadebolduiu

1878 3590 2068 3644 Frisia:
2113 3590 2348 3662 regionis
2389 3589 2709 3659 principem,
2760 3597 2814 3642 et
2857 3589 3180 3658 coaglubato
3227 3589 3470 3640 exercitu

1879 3683 2110 3736 aliorum
2169 3696 2472 3750 pagorum,
2525 3681 2840 3734 invaserunt
2891 3678 3193 3733 Rol‘o:em.
3243 3679 3346 3745 Qui
3395 3678 3472 3732 sic

1877 3775 2076 3844 smpius
2127 3775 2194 3828 ad
2243 3773 2440 3828 bellum
2489 3773 2856 3827 imlubitanter
2901 3773 3160 3841 perrexit,
3193 3780 3248 3826 et
3305 3771 3472 3824 iutilia

1879 3867 2046 3922 millia
2077 3867 2292 3922 illorum
2338 3867 2565 3932 occidit,
2593 3877 2755 3936 atque
2796 3865 3108 3921 llaincrium
3141 3865 3306 3936 Longi
3341 3865 3472 3919 Coili

1878 3967 1930 4011 et
1991 3957 2344 4013 Radebodum
2391 3957 2672 4014 Frisonem
2735 3958 2802 4012 ad
2857 3974 2951 4011 sua
3002 3969 3184 4011 castra
3242 3957 3470 4027 fugavit.

1881 4047 2086 4102 Deinde
2121 4057 2288 4104 totam
2329 4057 2530 4102 terram
2581 4045 2928 4116 Walgrurum
2969 4047 3271 4101 devastavit
3311 4057 3471 4112 atque

1881 4139 2130 4196 incendio
2161 4141 2551 4194 concremavit.
2579 4141 2834 4194 Poslhiuc
2865 4136 3025 4205 hujus
3061 4137 3139 4190 rei
3173 4149 3335 4190 causa
3387 4135 3468 4187 in-

1877 4229 2128 4296 dignatos
2186 4229 2443 4284 Frisoues
2497 4227 2746 4281 celeriter
2799 4226 3092 4295 expetivit,
3161 4233 3470 4290 terramque

1881 4319 2096 4374 illorum
2121 4318 2408 4374 devastare
2446 4319 2628 4385 cmpit.
2673 4316 2826 4371 Tunc
2871 4315 3125 4370 Frisones
3175 4313 3466 4367 multorum

1881 4411 2188 4480 congeriem
2223 4407 2545 4478 populorum
2578 4408 2792 4462 concito
2818 4415 3228 4468 coacervantcs,
3259 4404 3471 4472 sibique

1803 4474 1853 4532 θ
1881 4474 2562 4566 ιιιιιιῖἰιιιᾱὶηθῖιι-ρΙθΙιὶυηι
2609 4498 2662 4550 in
2711 4497 2944 4552 confinio
2993 4495 3180 4550 Fl’il’iiﬂ
3227 4507 3471 4547 comnio-

1877 4595 2112 4650 rantium
2140 4594 2582 4658 accumulantes,
2629 4594 2794 4647 ﬂuvio
2843 4592 3078 4648 Munera:
3125 4605 3474 4644 commoran-

1883 4699 2010 4752 lem,
2038 4687 2346 4759 agminibus
2382 4689 2568 4742 multis
2590 4685 2928 4757 purpuratis,
2965 4684 3272 4743 accelerata
3293 4682 3478 4735 incur-

1875 4784 2030 4840 sione
2085 4790 2356 4836 conantur
2407 4781 2663 4834 invadere
2711 4779 3032 4837 Rollonem.
3075 4773 3232 4830 Rullo
3281 4785 3409 4824 vero
3435 4780 3490 4823 et

1876 4877 1970 4947 qui
2007 4889 2129 4930 cum
2165 4886 2232 4926 eo
2251 4883 2426 4936 erant,
2451 4889 2588 4944 genu
2615 4871 2755 4927 ﬂexo
2777 4880 3190 4938 armorumque
3207 4863 3497 4930 ingruente.

1882 4972 2131 5030 horrore,
2187 4976 2469 5022 scutorum
2531 4969 2768 5036 tegmine
2821 4967 3130 5038 C00pert't,
3205 4955 3516 5034 stricliuque

1883 5063 2018 5118 aciei
2051 5060 2400 5116 mucronibus
2423 5060 2668 5115 coruscis
2705 5057 3089 5129 complicati,
3130 5047 3523 5117 exspectabant

1881 5155 2092 5214 initium
2119 5151 2454 5206 certaminis.
2491 5151 2748 5210 Frisones
2775 5165 2914 5220 ergo
2949 5141 3362 5229 parvissimfim
3407 5152 3532 5229 esi?

1879 5255 2136 5298 nutantes
2167 5241 2570 5298 multitudinem
2598 5243 2840 5298 illorum.
2875 5227 3166 5298 ἰιιίς-ιοιιῐιι
3193 5227 3392 5286 bellant
3433 5227 3537 5290 sibi
