4040 5298
568 369 673 427 795

567 485 848 556 pra-ruptis
876 501 970 554 per
999 484 1180 541 omnia
1209 483 1545 540 obedientes.
1591 481 1858 552 Cor-gesto
1905 489 1959 534 et
1995 495 2157 550 exag-
2184 477 2236 538 Δ

567 584 754 648 gerato
795 585 956 646 atque
1001 576 1127 630 dato
1181 575 1368 629 Frisia:
1423 575 1647 637 tributo,
1701 574 1842 627 illico
1889 571 2046 625 librat
2097 570 2150 624 iu

568 666 735 720 altum
785 665 1014 720 carbasa
1065 663 1292 718 navibus
1331 664 1487 728 data,
1539 655 1806 733 vertitque
1853 675 2041 731 proras
2087 659 2153 712 ad

569 755 807 810 Bainerii
843 753 1043 808 Prolixi
1069 752 1248 822 Jaguli
1283 761 1493 816 terras;
1540 751 1726 806 ulcisci
1755 767 1813 806 se
1841 750 2064 819 cupiens
2091 749 2154 802 de

569 846 718 916 ipso,
749 846 840 914 qui
871 845 1040 900 adfuit
1078 844 1318 913 Walgris
1353 859 1474 898 cum
1520 843 1838 898 Frisonibus
1874 841 1985 913 jam
2028 857 2155 910 pro-

575 936 763 992 stratis
793 935 844 989 in
875 934 1059 1005 pra-lio
1087 951 1100 988 :
1132 935 1417 988 Pererrato
1443 941 1628 1002 ponto,
1660 933 1828 987 intrat
1851 929 2030 986 Scaldi
2083 931 2158 982 al-

570 1041 728 1080 veum
751 1033 806 1080 et
835 1026 913 1079 cis
939 1025 1182 1094 citraque
1205 1033 1409 1080 terram
1439 1023 1774 1092 depopulans
1802 1037 1966 1092 super
1987 1020 2158 1090 Longi

577 1113 709 1170 Colli
729 1113 1064 1180 Raiuet'iuut,
1091 1114 1236 1168 venit
1260 1113 1326 1168 ad
1350 1113 1642 1183 quamdam
1668 1113 1939 1168 abbatiam
1963 1112 2161 1165 dictam

573 1207 792 1262 nomine
838 1207 1174 1262 Condatum.
1233 1206 1704 1261 Raineriuslvero
1755 1205 1922 1286 multa
1979 1205 2160 1275 prmlia

573 1307 764 1355 contra
791 1313 914 1353 eum
938 1299 1088 1364 fecit,
1109 1298 1200 1354 sed
1223 1315 1290 1352 ex
1312 1298 1564 1353 omnibus
1591 1297 1750 1351 Rollo
1779 1297 1953 1351 victor
1975 1307 2164 1366 potens

574 1389 802 1442 exstitit.
823 1389 1218 1443 Devastabatur
1239 1397 1404 1453 terra,
1430 1389 1708 1457 utriusque
1729 1389 2001 1443 exercitus
2025 1388 2165 1442 mala

575 1497 850 1552 perpessa.
881 1481 1172 1535 Prtevalida
1207 1481 1376 1536 l'autes
1408 1481 1676 1546 exoritur,
1707 1481 1832 1548 quia
1874 1489 2016 1534 terra
2040 1497 2166 1554 ara-

578 1582 666 1628 tro
697 1589 802 1628 non
847 1574 1132 1629 scinditur.
1179 1573 1382 1644 Vulgus
1421 1573 1644 1644 penuria
1693 1571 1970 1643 afﬂigitur,
2023 1571 2166 1628 fatue

581 1665 846 1734 bellisque
889 1667 1156 1722 atteritur.
1213 1665 1466 1720 Dillidunt
1501 1665 1684 1719 vivere
1724 1665 1938 1727 cuncti,
1991 1663 2168 1717 salute

581 1756 754 1809 victus
779 1755 996 1825 privati.
1030 1755 1273 1822 Quadam
1315 1755 1479 1826 igitur
1501 1754 1586 1809 die
1629 1754 1882 1808 Rainerio
1929 1753 2045 1809 loco
2084 1753 2166 1807 itt-

587 1847 848 1900 sidiarum
890 1856 1282 1914 conuuorante,
1317 1847 1454 1903 clam
1501 1863 1664 1917 super
1697 1847 1866 1904 Dacos
1916 1847 2170 1916 cupiente
2205 1843 2244 1899 li

585 1937 816 2004 irruere,
844 1938 972 1993 Daci
1010 1954 1132 1994 eum
1185 1938 1312 1994 hinc
1365 1939 1490 1995 inde
1541 1940 1778 2010 congesti
1812 1939 2166 2004 vallaverunt,

583 2045 815 2100 eumque
847 2031 1070 2084 uiutium
1087 2031 1444 2096 debellantem
1465 2033 1872 2100 manciparunt,
1905 2029 2170 2086 vinctum-

587 2137 693 2192 que
729 2121 796 2176 ad
829 2121 1107 2177 Rollouem
1139 2122 1432 2177 duxerunt.
1475 2121 1590 2194 ipsa
1635 2139 1870 2192 namque
1906 2121 1994 2176 die
2041 2120 2170 2175 ltai-

591 2214 817 2276 tteridae,
853 2213 1116 2268 Dacorum
1147 2223 1206 2268 ut
1233 2223 1488 2284 caperent
1517 2214 1728 2284 aliquos
1759 2213 1980 2267 latebris
2020 2228 2170 2266 com-

588 2316 884 2369 morantes,
927 2308 1238 2372 invaserunt
1265 2323 1338 2362 xu
1373 2308 1571 2364 milites
1607 2308 1905 2378 praecipuos
1935 2306 2173 2362 ltollouis

587 2405 646 2450 et
686 2397 956 2452 constanti
1001 2397 1202 2454 virtute
1247 2407 1526 2467 ceperunt.
1576 2397 1728 2453 'l‘unc
1779 2413 1916 2452 uror
1958 2395 2173 2451 ltaiaeri

587 2488 725 2544 ﬂens
753 2499 808 2542 et
837 2488 1046 2558 cjulans
1071 2504 1233 2560 super
1259 2503 1342 2555 eo,
1367 2489 1684 2546 convocatis
1708 2489 2040 2560 principibus
2063 2487 2177 2544 suis

591 2583 739 2638 misit
768 2585 834 2638 ad
865 2581 1166 2648 Rolloncm,
1199 2592 1256 2638 ut
1279 2599 1376 2656 pro
1403 2600 1477 2638 xu
1520 2584 1807 2640 comitibus
1855 2583 2026 2652 captis
2051 2581 2176 2636 red-

589 2675 747 2732 deret
771 2676 870 2730 sibi
894 2691 1048 2731 suun
1075 2676 1362 2730 seniorem.
1387 2675 1534 2730 Illico
1558 2674 1734 2740 Rullo,
1761 2683 2010 2743 suscepta
2035 2673 2178 2743 lega-

593 2765 758 2830 tione,
789 2763 1116 2820 remisitad
1137 2778 1258 2820 eam
1291 2764 1477 2822 dicens
1508 2783 1521 2820 :
1553 2784 1572 2816 ς
1607 2763 1724 2822 Νοη
1758 2765 2009 2822 reddetur
2051 2763 2184 2818 Bai-

593 2855 780 2910 uerius
813 2856 929 2921 tibi,
979 2857 1072 2910 sed
1125 2855 1510 2922 ttccollabitur,
1549 2856 1653 2911 nisi
1693 2855 1994 2912 reddideris
2027 2857 2180 2926 prius

596 2959 748 2998 meos
777 2945 1024 3010 comites,
1057 2945 1190 3000 mihi
1236 2945 1461 3016 insuper
1507 2945 1722 3002 dederis
1759 2946 2034 3018 quidquid:
2062 2949 2180 3004 auri

595 3044 652 3088 et
677 3037 880 3105 argenti
908 3038 990 3092 sui
1019 3037 1342 3104 ducaminis,
1367 3053 1489 3096 cum
1518 3039 1832 3108 juramento
1862 3039 2182 3098 Christianae

602 3129 902 3200 religionis,
959 3132 1256 3200 quinetiam
1313 3133 1574 3188 tributum
1644 3133 1802 3189 istius
1863 3135 2116 3208 regionis.
2159 3155 2176 3187 ι

599 3219 728 3276 Mox
777 3219 973 3290 conjux
1045 3221 1286 3279 Itaiuerii
1343 3223 1555 3294 lugubri
1613 3225 1880 3297 legatione
1950 3225 2178 3298 amicta,
2210 3233 2256 3296 ε

599 3313 834 3370 comites
862 3323 1050 3385 captos
1078 3313 1288 3370 liolloni
1325 3315 1553 3382 remisit,
1583 3332 1883 3388 aurumque
1913 3327 1968 3374 et
1991 3333 2186 3389 argen—

602 3413 716 3457 tum
743 3403 884 3474 quod
917 3421 1142 3474 usquam
1178 3407 1419 3462 invenire
1443 3407 1638 3476 potuit.
1671 3405 1810 3474 Quin
1837 3409 2001 3467 etiam
2056 3407 2185 3463 illud

599 3500 744 3569 qtod
803 3508 921 3554 erat
966 3501 1136 3556 sacris
1183 3501 1442 3558 altaribus
1489 3517 1832 3568 concessum,
1871 3503 2184 3572 pariterque

607 3590 832 3662 vectigal
883 3591 1024 3647 illius
1070 3591 1404 3659 ducaminis,
1459 3609 1581 3648 cum
1635 3592 1986 3664 jurejurando
2023 3592 2188 3663 .quod

607 3684 728 3754 plus
780 3685 978 3740 metalli
1010 3701 1118 3740 non
1145 3687 1373 3742 haberet
1417 3701 1517 3742 nec
1549 3687 1769 3757 exigere
1815 3697 2024 3756 posset,
2059 3703 2188 3758 sup-

607 3777 837 3845 plicibus
867 3779 1043 3834 verbis
1067 3789 1122 3834 et
1149 3779 1502 3849 depreczttivis
1533 3779 1682 3834 misit
1707 3780 1774 3834 ad
1803 3779 2108 3845 Rollouctn,
2134 3789 2191 3836 ttt

611 3867 828 3920 redcret
855 3867 956 3921 sibi
991 3884 1146 3922 suum
1171 3870 1368 3923 virum.
1413 3868 1532 3938 Ipse
1577 3883 1706 3926 vero
1735 3879 1913 3924 motus
1959 3872 2189 3941 piezate,

614 3957 948 4026 vocibusque
980 3959 1293 4027 suppliciter
1323 3961 1641 4028 petentium,
1678 3961 1744 4014 ad
1771 3975 1830 4016 se
1855 3961 1986 4016 fecit
2009 3965 2193 4018 venire

615 4046 785 4118 Longi
819 4049 950 4104 (lolii
981 4049 1328 4115 Rainerium,
1362 4051 1648 4120 verbisque
1693 4050 1936 4120 paciﬁcis
2003 4055 2196 4109 atiatur

615 4156 740 4196 eum
773 4157 786 4195 :
825 4161 841 4196 ι
885 4142 1116 4197 Ιὶειίιιθτε
1137 4142 1267 4208 dux,
1301 4143 1562 4213 milesque
1595 4145 1914 4214 asperrime,
1971 4161 2193 4218 regum-

615 4249 722 4303 que
747 4234 1018 4289 etducum
1067 4242 1230 4305 atque
1280 4236 1536 4290 comitum
1587 4237 1819 4306 superbo
1878 4249 2027 4295 satus
2075 4257 2198 4296 sau-

615 4329 818 4397 guine;
849 4327 977 4398 quid
997 4327 1091 4382 tibi
1117 4321 1353 4383 feceram
1375 4328 1504 4382 olim
1549 4327 1779 4398 injuriat,
1816 4341 2036 4402 propter
2057 4333 2198 4402 quod

616 4419 893 4488 prmliatus
927 4435 986 4474 es
1011 4433 1133 4473 cum
1167 4419 1403 4491 Walgris
1431 4429 1484 4475 et
1511 4420 1832 4478 Frisonibus
1853 4433 2042 4478 contra
2073 4425 2200 4479 me?

619 4510 678 4565 Si
720 4511 910 4567 saevire
940 4512 1099 4566 modo
1131 4511 1305 4578 voles,
1335 4528 1610 4567 armorum
1657 4515 1860 4584 spicula
1887 4517 2108 4580 desunt,
2148 4525 2202 4572 et

620 4605 903 4660 satellites.
939 4605 996 4660 Si
1027 4605 1162 4660 velis
1186 4621 1216 4659 a
1245 4607 1398 4662 nobis
1421 4607 1544 4677 fuga
1571 4607 1701 4674 labi,
1736 4611 2084 4678 compedibus
2114 4612 2197 4666 iu-
2232 4587 2263 4644 ἶ

623 4697 1014 4752 tricatusuuuc
1041 4707 1232 4768 captus
1270 4695 1376 4752 nan
1413 4707 1566 4768 potes
1614 4701 1865 4754 evadere.
1899 4701 2196 4766 Taliouetn,

619 4785 762 4839 sicut
785 4785 1120 4857 Frisouibus,
1181 4789 1274 4844 tibi
1306 4789 1514 4844 reddidi
1559 4805 1658 4858 pro
1705 4790 1860 4844 malis
1897 4806 2015 4860 qua:
2071 4792 2202 4846 mibi

622 4875 740 4930 sine
771 4890 830 4929 re
856 4877 1100 4932 intulisti.
1135 4878 1284 4934 Uxor
1315 4887 1404 4933 tua
1435 4889 1490 4934 et
1521 4879 1792 4949 principes
1819 4879 1916 4944 tui,
1942 4881 2202 4951 quidquid

623 4965 741 5010 auri
765 4974 823 5010 at
849 4969 1056 5010 :tranllti
1109 4984 1430 5010 rnmlnurarn
1465 4979 1752 5010 nntnprnnl
1817 4987 1916 5010 nm
1949 4979 1998 5010 In
2038 4973 2203 5010 nﬁcn-

1375 369 1378 372 ’
1429 361 1772 422 “'lLLELMI
1811 358 2109 419 CALCULI
2147 354 2706 415 GEMMETICENSIS
2749 353 3052 411 ΜΟΝᾹΩΙΙΙ

3744 355 3842 410 735

2873 475 3099 532 CAPUT
3138 475 3226 531 IX.

2257 567 2532 634 Quomodo
2563 585 2700 620 muto
2723 567 2987 622 incantati
3023 567 3174 622 Verbi
3199 565 3320 623 876.
3347 567 3663 622 Ccntmrtias
3691 571 3842 633 venit,

2324 639 2510 692 deinde
2535 637 2942 708 Rothomagum;
2981 649 3028 692 et
3054 640 3116 692 de
3147 657 3274 708 pace
3297 655 3454 708 quam
3501 638 3714 693 France
3759 657 3848 692 ar-

2328 709 2684 778 chiepiscopus
2713 709 2888 776 petivit
2911 708 2976 762 ab
3003 726 3064 764 eo
3093 721 3138 764 et
3179 712 3399 779 accepit.
3779 731 3782 736 ·

2333 801 2426 854 llis
2463 800 2644 868 itaque
2701 799 2922 861 sedatis,
2979 798 3113 854 Daui
3155 815 3278 854 cum
3309 815 3408 854 suo
3437 800 3572 856 duce
3619 799 3852 855 Bollane

2261 891 2377 946 vela
2403 891 2580 946 ventis
2609 890 2826 948 librant,
2859 888 3040 944 Scaldi
3073 889 3282 944 alveum
3313 889 3654 952 deserentes,
3685 901 3850 958 atque

2261 997 2549 1053 permenso
2578 989 2763 1050 ponto,
2794 980 3244 1050 octingentesimo
3271 981 3672 1050 septuagesimo
3694 991 3850 1033 sexto

2263 1075 2328 1129 ab
2359 1075 2729 1128 incarnatione
2755 1071 2966 1126 Domini
2993 1086 3135 1126 anno
3159 1071 3462 1140 Sequanica
3489 1079 3850 1140 penetrantes

2262 1183 2378 1231 ora,
2409 1165 2572 1220 ﬂante
2597 1164 2664 1218 ad
2697 1171 2880 1218 votum
2937 1173 3121 1227 vento,
3167 1161 3560 1217 Getnmetieum
3607 1161 3852 1222 veniunt,

2263 1269 2461 1326 corpus
2489 1271 2659 1310 sacra:
2689 1255 2918 1324 virginis
2941 1252 3292 1316 Ameltrudte,
3331 1252 3474 1320 qitnd
3506 1267 3534 1304 a
3567 1251 3852 1304 Britannia

2265 1356 2698 1426 asportaverant,
2743 1347 2796 1402 in
2834 1345 3036 1416 capella
3077 1346 3251 1401 sancti
3303 1343 3668 1413 Vedastiqua:
3707 1351 3858 1398 trans

2267 1443 2464 1496 ﬂumen
2495 1450 2600 1506 est,
2635 1455 2800 1510 super
2827 1439 3000 1494 altare
3028 1446 3309 1507 ponentes.
3338 1437 3467 1503 Qute
3498 1435 3708 1506 capella
3733 1435 3860 1488 hac-

2270 1513 2428 1588 tenus
2455 1532 2598 1586 illius
2623 1531 2847 1600 virginis
2870 1545 3067 1584 nomen
3119 1530 3334 1584 retinet.
3375 1529 3618 1596 Quorum
3659 1528 3859 1580 adven-
3935 1583 3938 1588 _

2271 1633 2380 1677 tum
2395 1623 2603 1686 France
2617 1621 3068 1690 Rotltomagcusis
3083 1621 3522 1689 archiepiscopus
3547 1631 3861 1692 agnoscens

2270 1726 2325 1770 et
2347 1715 2498 1768 urbis
2522 1729 2706 1768 muros
2729 1712 2846 1768 solo
2875 1721 3031 1766 tenus
3062 1712 3269 1766 hostica
3289 1710 3630 1764 immanitate
3654 1709 3863 1762 dirutos

2275 1808 2608 1879 perspiciens
2633 1821 2698 1861 ac
2729 1807 2794 1861 de
2816 1803 3092 1873 juvamiue
3129 1803 3194 1856 ad
3235 1800 3592 1856 resistendum
3639 1800 3864 1853 omnino

2277 1900 2542 1962 difﬁdens.
2567 1898 2892 1970 adjudicavit
2914 1897 3184 1952 salubrius
3207 1896 3272 1948 ab
3293 1895 3361 1950 iis
3383 1909 3572 1964 pacem
3595 1908 3862 1960 quterere,

2277 2009 2438 2062 qttant
2469 1993 2522 2046 in
2554 1991 2734 2062 aliquo
2781 1991 2903 2046 illos
2954 1990 3020 2045 ad
3069 1989 3148 2044 sui
3199 1987 3494 2060 perniciem
3544 2000 3864 2056 provocare.

2278 2085 2378 2151 Qui
2405 2083 2632 2138 festinus
2669 2082 2785 2137 illos
2816 2083 3028 2146 adiens,
3053 2095 3238 2151 pacem
3269 2079 3404 2150 petit
3427 2087 3482 2132 et
3512 2077 3868 2146 consequitur

2279 2183 2541 2244 optatam,
2567 2181 2726 2242 pacto
2755 2173 2892 2228 inter
2919 2187 2976 2227 se
3009 2170 3210 2226 [cedere
3233 2169 3410 2224 ﬁrmo.
3443 2167 3572 2222 Post
3607 2168 3714 2222 hoc
3745 2181 3868 2220 vero

2281 2265 2406 2322 Daci
2443 2265 2780 2328 festinantes,
2814 2263 2879 2318 ad
2913 2263 3061 2317 urbis
3085 2262 3288 2328 muenia
3313 2261 3642 2332 quantocius
3663 2259 3870 2329 propcl-

2279 2357 2394 2416 luat
2425 2373 2608 2424 naves,
2643 2367 2920 2428 portaeque
2950 2357 3034 2412 eui
3066 2357 3260 2410 innexa
3283 2364 3370 2410 est
3406 2355 3636 2410 ecclesia
3681 2352 3870 2407 Sancti

2281 2449 2521 2517 Martini,
2583 2450 2814 2520 plurimo
2865 2449 3034 2504 milite
3087 2448 3272 2519 plenas
3331 2447 3653 2517 adjungunt.
3707 2443 3869 2512 Cujus

2282 2545 2434 2599 urbis
2477 2544 2790 2613 praesidium
2830 2543 3012 2612 sagaci
3053 2550 3241 2596 mente
3270 2550 3414 2595 terra
3449 2537 3698 2607 marique
3737 2553 3870 2592 cou-

2284 2635 2615 2700 siderantes,
2653 2632 3094 2706 compendiorum
3139 2631 3306 2686 lucris
3365 2629 3660 2696 munitum,
3712 2627 3872 2684 tutius

2283 2729 2576 2785 comitatus
2603 2736 2768 2800 caput
2799 2726 2930 2782 illud
2954 2725 3072 2782 t'ore
3097 2723 3444 2780 concorditer
3472 2721 3762 2792 deputant.

2907 2857 3136 2913 CAPUT
3175 2857 3244 2912 Χ.

2287 2952 2562 3019 Quomodo
2603 2949 2756 3004 Rollo
2777 2967 2894 3002 cum
2925 2949 3034 3002 suis
3051 2965 3143 3017 per
3165 2948 3368 3019 alonim
3393 2946 3656 3019 Sequatur
3675 2945 3872 3019 reuirat

2363 3025 2579 3086 Archas,
2617 3039 2734 3090 qua!
2765 3019 3012 3073 Ilnsdans
3042 3016 3252 3076 dicitur,
3287 3017 3678 3090 ibi__composuit
3709 3016 3874 3090 Quor!-

2365 3094 2478 3147 dtm
2517 3084 2744 3144 castrum
2765 3091 2848 3142 ubi
2871 3090 3114 3157 pugnavit
3145 3099 3324 3141 contra
3351 3085 3624 3157 Francos;
3649 3095 3720 3148 et,
3763 3084 3872 3148 piu-

2361 3164 2504 3217 rimis
2538 3163 2740 3224 occisis,
2777 3155 3092 3212 liui‘naidum
3123 3159 3307 3212 ducent
3345 3158 3558 3210 illorum
3590 3155 3644 3209 in
3697 3157 3874 3224 {ngam

2360 3235 2538 3297 ret-tit;
2562 3243 2608 3288 et
2638 3233 2700 3284 de
2721 3230 3048 3284 subuersioue
3073 3228 3308 3283 Mellenti
3331 3229 3518 3282 castri.

2360 3347 2513 3403 Rullo
2544 3343 2706 3414 igitur
2747 3343 3014 3398 Rotltomo
3041 3341 3266 3412 potitus,
3295 3341 3360 3396 de
3382 3339 3654 3394 Parisiaca
3705 3353 3880 3392 cmer-

2287 3442 2437 3496 sione
2484 3437 2648 3492 corde
2694 3443 2911 3491 versuto
2965 3451 3086 3490 eum
3136 3433 3248 3488 suis
3307 3435 3570 3497 tractans,
3611 3429 3877 3483 Cbrist'a-

2291 3549 2480 3589 norum
2537 3531 2858 3600 sanguinem
2901 3527 3164 3600 paganico
3215 3525 3475 3579 instinctu
3515 3522 3702 3590 lupino
3733 3535 3880 3574 more

2290 3624 2528 3680 sitiebat.
2579 3621 2682 3688 Qui
2724 3620 2952 3674 classem
2997 3617 3292 3681 solventes,
3345 3613 3610 3683 Sequana:
3661 3609 3881 3663 ﬂuvium

2291 3714 2524 3778 sulcant,
2569 3709 2969 3778 statiouemque
3003 3706 3220 3760 navium
3260 3704 3397 3774 apud
3447 3702 3716 3765 llasdans,
3765 3713 3882 3766 que

2291 3805 2502 3863 Arcltas
2523 3803 2747 3866 dicitur,
2793 3807 3142 3868 componunt.
3193 3796 3342 3850 Tunc
3389 3792 3882 3848 Rainaldustot'ns

2293 3897 2541 3954 Francia:
2575 3895 2705 3959 dux,
2733 3893 2916 3963 agnito
2947 3903 3275 3962 paganorum
3317 3886 3599 3957 repentino
3623 3885 3880 3944 adventu,

2295 4005 2419 4044 eum
2448 3986 2624 4042 valida
2654 3985 2994 4040 exercituum
3027 3982 3224 4035 virtute
3271 3993 3433 4047 super
3479 3975 3748 4030 Autlturze
3769 3973 3884 4026 die-

2295 4081 2441 4134 vium
2470 4079 2550 4133 eis
2585 4077 2775 4132 obvius
2803 4075 3100 4145 processit;
3143 4071 3458 4140 llastiugum
3489 4069 3582 4139 qui
3621 4069 3804 4121 adhuc
3831 4067 3880 4118 iu

2297 4171 2605 4226 Carnotena
2629 4166 2768 4222 urbe
2795 4165 3137 4230 morabatur,
3165 4163 3233 4217 ob
3263 4161 3513 4232 peritiam
3535 4161 3736 4229 lingua:
3763 4173 3881 4213 cum

2300 4263 2420 4316 aliis
2434 4261 2620 4330 legatis
2636 4260 2986 4330 prattttitleus.
3007 4257 3238 4310 Veniens
3261 4255 3440 4324 itaque
3459 4251 3883 4323 Hastiugusjux-

2302 4364 2354 4409 ta
2379 4371 2533 4425 aqua:
2559 4355 2848 4408 decursum
2867 4391 2882 4416 ,
2913 4349 3107 4403 talibus
3141 4349 3262 4402 illos
3290 4348 3519 4402 adorsus
3547 4355 3633 4399 est
3659 4345 3842 4398 verbis
3867 4360 3878 4396 :

2308 4465 2326 4498 ι
2363 4446 2504 4500 lico!
2531 4444 2737 4513 inquit,
2767 4440 3132 4496 robustissimi
3170 4438 3399 4502 milites,
3428 4435 3630 4506 quibus
3671 4435 3742 4488 ab
3779 4433 3885 4486 oris

2303 4539 2412 4594 huc
2445 4537 2654 4591 advecti
2686 4534 2844 4597 estis,
2874 4532 2957 4586 vel
2988 4531 3114 4601 quid
3147 4531 3198 4585 in
3235 4531 3335 4584 bac
3371 4528 3590 4597 regione
3617 4525 3886 4596 quaeritis,

2255 4614 2276 4642 ’
2305 4641 2399 4683 aut
2418 4644 2526 4699 quo
2555 4635 2735 4682 vester
2764 4625 2948 4680 senior
2981 4631 3232 4677 censetur
3257 4619 3507 4674 nomine?
3539 4617 3746 4670 edicite
3789 4631 3885 4668 uo-

2307 4724 2412 4778 bis.
2448 4721 2790 4776 Francorum
2820 4733 2949 4772 sane
2981 4717 3123 4784 regis
3155 4728 3340 4768 sumus
3361 4711 3520 4782 legati
3549 4709 3708 4763 vobis
3749 4708 3890 4762 dirco

2307 4815 2403 4870 cti.
2437 4834 2456 4866 ι
2483 4812 2581 4868 Cui
2616 4808 2972 4880 interroganti
2997 4791 3074 4862 Sic
3099 4805 3248 4861 Rullo
3275 4823 3287 4858 :
3325 4822 3342 4853 ι
3373 4803 3530 4866 Dani,
3555 4801 3655 4866 ait,
3677 4815 3886 4858 sumus.

2309 4905 2500 4976 aequali
2546 4903 2786 4958 dominio
2851 4900 3149 4971 fungimur.
3215 4897 3397 4949 Terra:
3449 4891 3610 4960 hujus
3669 4893 3890 4944 colonos

3215 4989 3279 5010 -!..
3293 4989 3344 5010 --ἶ
3375 4984 3605 5010 νιΑΙιιιῖηυιι
3658 4985 3742 5010 ιιι-⁵
3767 4981 3798 5010 ,Ι
3821 4995 3892 5010 ιιιη
