4040 5298
205 407 316 465 797

781 402 1127 465 HISTORIA]
1149 388 1780 459 NORTIIMANNORUM
1821 387 1996 443 Lunu
2035 389 2240 448 ocro.
2279 426 2350 437 _
2388 395 2592 452 Lmen
2621 393 3011 451 SECUNDUS;

3367 391 3472 447 798

199 522 413 592 inquit,
468 520 661 577 Carolo
729 521 841 591 regi
899 519 1102 576 subdi?
1144 547 1214 558 —
1260 514 1644 584 Nequaquam,
1701 504 1978 567 aitAleri
2029 507 2256 578 remigio
2292 505 2559 562 Parisium
2605 506 2778 574 petit,
2835 503 3223 573 obsidioneqnc
3275 503 3475 571 cingit,

199 613 382 678 lloIlo,
417 611 584 668 alicui
628 611 1016 682 subjiciemur;
1071 609 1166 664 sed
1219 619 1553 679 quaecunque
1616 604 1785 658 armis

196 706 578 776 acquiremus,
606 714 792 760 nostro
805 703 914 773 juri
943 702 1360 758 vindicabimus.
1394 699 1525 770 Regi
1557 699 1710 769 cujus
1733 706 1786 752 te

196 795 438 868 legatum
491 797 759 868 gloriaris,
821 795 1001 849 audita
1055 795 1099 849 si
1162 793 1242 847 vis
1285 791 1606 846 renuntia.»
1660 787 1786 843 Haec

197 886 498 959 IIastingus
521 899 710 943 cuncta
760 887 1007 956 expedite
1048 901 1146 942 suo
1175 883 1342 940 refert
1376 883 1520 938 duci.
1563 880 1783 935 Interim

196 977 361 1033 Rollo
396 987 453 1033 et
474 978 566 1048 qui
596 994 718 1033 cum
743 993 810 1032 eo
851 983 1032 1043 erant,
1076 974 1322 1030 fecerunt
1365 972 1467 1027 sibi
1507 971 1783 1024 munimen

195 1079 254 1124 et
282 1067 632 1124 obstaculum
668 1068 721 1122 in
751 1065 970 1121 modum
998 1065 1182 1129 castri,
1241 1063 1546 1118 munientes
1593 1077 1653 1116 se
1691 1075 1786 1131 per

195 1178 396 1235 gyrum
427 1162 632 1217 avulsae
664 1172 824 1216 terra:
867 1173 1086 1230 aggere,
1123 1157 1351 1227 locoque
1397 1165 1566 1225 porta:
1622 1154 1786 1209 relin-

195 1260 428 1323 quentes
464 1252 696 1322 spatium
719 1249 940 1321 prolixze
965 1247 1357 1319 amplitudinis,
1381 1246 1522 1317 quod
1561 1253 1787 1315 apparet

194 1346 260 1402 ad
288 1355 510 1418 tempus
533 1360 707 1416 usque
731 1344 886 1400 istius
909 1342 1035 1398 diei.
1072 1339 1266 1395 Franci
1292 1353 1422 1393 vero
1445 1336 1661 1392 diliculo
1692 1351 1786 1390 ve-

194 1446 400 1491 nerunt
427 1435 496 1490 ad
519 1434 806 1491 ecclesiam
834 1432 1008 1488 sancti
1038 1430 1317 1495 Germani,
1347 1428 1530 1499 ibique
1561 1427 1782 1482 missam

193 1529 505 1591 audientes,
528 1528 926 1597 participantur
947 1538 1174 1592 corpore
1193 1531 1249 1578 et
1271 1522 1534 1590 sanguine
1557 1519 1780 1575 Christi.

190 1618 407 1675 Abhinc
437 1619 764 1688 equitantes,
797 1617 848 1672 in
884 1617 996 1686 ripa
1032 1615 1269 1669 ﬂuminis
1303 1626 1469 1668 naves
1505 1612 1785 1681 Dacosque

193 1709 247 1763 in
277 1709 585 1764 munimine
621 1709 821 1763 avulsa:
853 1716 1011 1762 terra:
1037 1707 1307 1768 videntes,
1346 1704 1581 1775 amplum
1611 1715 1785 1775 porta:

191 1801 406 1855 aditum
437 1801 612 1856 solum
638 1787 972 1854 invaserunt.
999 1798 1124 1854 Daci
1150 1811 1278 1852 vero
1303 1796 1632 1850 intrinsecus
1655 1795 1782 1850 hinc

190 1900 244 1946 et
293 1890 427 1945 inde
481 1905 578 1960 per
624 1889 903 1960 planitiem
950 1889 1113 1943 castri
1162 1889 1560 1952 accubitarunt,
1619 1894 1781 1956 atque

190 1982 369 2038 scutis
417 1997 477 2038 se
525 1989 946 2052 cooperuerunt,
1014 1989 1074 2034 ut
1124 1979 1442 2050 parvissima
1497 1987 1781 2048 putaretur

190 2090 409 2130 summa
458 2090 671 2130 eorum.
713 2073 1012 2129 Rotlandus
1063 2070 1290 2142 signifer
1333 2071 1603 2135 Rainaldi,
1656 2086 1779 2125 curn

192 2169 306 2223 acie
334 2183 462 2240 qua:
485 2169 713 2238 pmibat
761 2166 1080 2231 exercitum,
1124 2165 1388 2222 violenter
1431 2179 1528 2234 per
1577 2163 1780 2217 aditum

192 2258 342 2312 mira:
368 2256 702 2328 prolixitatis
728 2254 967 2325 amplum
987 2269 1151 2324 super
1195 2269 1289 2310 eos
1311 2253 1472 2308 irruit
1519 2259 1575 2306 et
1597 2250 1782 2306 debel-

196 2346 305 2402 lare
333 2361 437 2402 eos
469 2347 653 2417 carpit.
684 2346 811 2401 Daci
833 2352 1351 2415 veroexsurgenles,
1372 2340 1695 2398 Rotlauu'um
1725 2339 1780 2396 in

195 2444 477 2494 momento
507 2437 905 2492 interemerunt
940 2443 995 2491 et
1022 2433 1143 2504 ejus
1177 2448 1461 2504 sequaces.
1485 2431 1783 2488 Rainaldus

191 2542 241 2588 et
268 2531 592 2602 Ilastingus,
623 2529 917 2601 exterique
939 2531 1188 2594 comites,
1220 2527 1335 2582 illic
1371 2535 1599 2582 cunctos
1639 2541 1780 2580 mor-

195 2634 310 2679 tuos
329 2624 777 2686 considerantes,
821 2631 969 2694 terga
995 2628 1269 2675 vertentes
1300 2619 1480 2691 fugam
1508 2618 1784 2689 expetive-

194 2725 314 2770 runt
333 2715 566 2771 hilares.
596 2715 800 2784 Quibus
826 2714 1097 2785 peractis,
1122 2712 1276 2768 Rollo
1318 2711 1545 2767 navibus
1587 2710 1783 2766 festiue

193 2806 430 2863 Mellenti
458 2807 813 2878 municipium
842 2813 1094 2877 occupat.
1134 2804 1252 2871 Quo
1281 2803 1563 2869 subverso,
1591 2817 1785 2858 omnes

193 2898 398 2957 incolas
423 2898 603 2970 gladio
629 2905 806 2954 necat.

811 3008 1039 3065 CAPUT
1079 3007 1168 3062 XI.

197 3103 305 3169 Qua
339 3105 561 3174 fa.'lacia
595 3103 869 3158 Tetboldus
902 3119 1071 3174 cantes
1113 3100 1461 3174 Carnutenam
1503 3102 1680 3156 urbem
1716 3102 1782 3155 ab

263 3172 526 3246 Hostingo
556 3177 698 3242 emit,
721 3183 770 3229 et
797 3172 1056 3246 quomodo
1085 3174 1192 3246 ipse
1222 3172 1510 3244 Ilostingus
1541 3174 1782 3227 omnibus

261 3243 532 3300 distraciis
553 3261 764 3317 peregre
787 3243 1054 3315 profectus
1079 3243 1358 3313 disparuit.

255 3338 625 3396 Considerans
673 3352 802 3409 ergo
854 3334 1150 3392 Tetboldus
1187 3350 1370 3392 comes
1409 3352 1469 3392 se
1513 3336 1784 3406 reperisse

194 3439 401 3502 tempus
452 3441 813 3504 Opportunum
873 3430 942 3486 ad
993 3429 1368 3498 decipiendum
1419 3428 1780 3500 l‘Iastingum,

195 3523 387 3580 talibus
431 3526 614 3582 verbis
664 3524 800 3579 falso
847 3522 1051 3593 appetit
1092 3519 1244 3574 illum
1285 3537 1299 3574 :
1347 3537 1366 3571 ι
1408 3521 1536 3585 Cur,
1587 3521 1780 3592 inquit,

191 3615 563 3685 insignissime
613 3619 728 3685 vir,
773 3617 985 3689 ignavia
1043 3611 1258 3683 torpes?
1316 3613 1536 3684 Ignoras
1599 3627 1782 3682 regem

190 3705 447 3765 Carolum
475 3720 528 3767 te
561 3713 694 3769 velle
724 3723 898 3769 morte
928 3720 1208 3782 appetere,
1239 3709 1308 3764 ob
1347 3708 1782 3762 Christianorum

193 3803 517 3872 sanguinem
563 3820 594 3859 a
637 3813 689 3861 te
726 3805 854 3861 olim
896 3804 1073 3859 fusum
1113 3801 1344 3874 injuste?
1397 3799 1785 3856 Reminiscitur

194 3894 331 3949 enim
371 3897 645 3953 malorum
675 3915 797 3969 quze
843 3898 917 3953 illi
958 3907 1085 3953 tunc
1119 3895 1364 3968 improbe
1413 3895 1700 3960 iutorsisti,
1730 3907 1786 3951 et

194 3985 308 4042 ideo
345 3990 416 4046 de
447 3999 594 4046 terra
620 4003 673 4048 te
692 3991 1060 4048 exterminare
1089 3990 1350 4046 decernit.
1389 3987 1578 4043 Manus
1617 3989 1783 4044 etiam

196 4084 301 4144 tua,
345 4090 407 4136 ut
454 4083 568 4152 ipse
598 4084 694 4151 ait,
737 4099 860 4140 cum
903 4083 1126 4139 Rollone
1165 4096 1377 4153 pagano
1419 4083 1488 4136 ad
1525 4081 1783 4138 delendas

195 4166 431 4228 Francos
461 4175 646 4230 sentit.
688 4175 804 4244 Qua
840 4176 905 4231 de
946 4191 1002 4231 re
1043 4175 1095 4229 in
1129 4175 1374 4244 proximo
1417 4174 1652 4243 pessime
1692 4174 1786 4229 de-

195 4257 384 4320 leberis
417 4267 489 4321 ab
525 4266 623 4321 eis.
669 4265 905 4322 Consule
947 4275 1127 4322 autem
1165 4267 1282 4331 tibi,
1332 4281 1400 4320 ne
1445 4266 1784 4322 inconsultus

194 4357 460 4423 puniaris.
501 4377 520 4412 ι
555 4359 761 4427 Quibus
803 4360 983 4415 verbis
1028 4360 1322 4429 [Iastingus
1358 4359 1602 4424 territus,
1653 4376 1784 4416 con-

197 4445 372 4504 festim
400 4451 764 4507 Carnotenam
791 4456 977 4509 urbem
1011 4453 1255 4509 Tetboldi
1287 4455 1546 4520 vendidit,
1585 4465 1641 4512 et
1673 4457 1784 4513 dis-

198 4546 384 4602 tractis
407 4547 660 4603 omnibus
692 4563 919 4619 peregre
953 4548 1227 4618 profectus
1250 4548 1534 4619 disparuit.

790 4658 1019 4716 CAPUT
1068 4657 1180 4714 XII.

197 4744 400 4822 Btllum
455 4752 646 4806 iterum
706 4751 995 4822 Ragenoldi
1047 4752 1297 4822 principis
1362 4751 1609 4808 Francia:
1667 4771 1787 4809 cum

268 4819 510 4892 Bollane,
538 4834 584 4876 et
623 4823 688 4876 de
717 4819 880 4876 morte
907 4819 1091 4892 ipsius,
1123 4833 1172 4876 et
1198 4819 1262 4876 de
1303 4840 1480 4876 annua
1519 4825 1787 4879 obsidione

266 4891 408 4946 urbis
453 4890 714 4953 Porisius,
734 4903 782 4946 et
815 4895 878 4946 de
913 4890 1262 4948 destructione
1285 4894 1426 4964 urbis
1454 4892 1700 4964 Bajocas,
1732 4898 1789 4950 in

265 4978 367 5029 qua
394 4965 834 5042 cepi't'guamdam
856 4965 1100 5042 virginem
1123 4966 1330 5018 nomine
1356 4963 1574 5042 lfopum,
1601 4985 1666 5022 ea:
1683 4985 1787 5038 qua

266 5033 440 5078 (renuit
476 5033 794 5078 W'illplmmn
819 5045 864 5078 et
882 5033 1068 5078 cum
1088 5050 1318 5078 summm
1339 5033 1452 5078 eius
1495 5052 1539 5078 ρι
1561 5033 1785 5078 nuntii"-

1887 600 2066 668 prmda
2098 600 2458 670 undequaque
2495 598 2642 654 illico
2672 598 2922 652 adducta.
2951 596 3070 662 Quo
3101 594 3210 649 illic
3240 596 3476 650 moranti

1885 689 2258 758 exploratores
2310 691 2728 760 superveniunt,
2788 689 3101 744 nuntiantes
3152 686 3478 756 Bajocacen-

1885 798 1999 838 sem
2024 786 2211 840 urbem
2250 799 2280 837 a
2319 781 2698 838 defensoribus
2743 796 2967 835 vacuam
3016 795 3137 835 esse
3183 789 3238 833 et
3272 779 3476 845 alisque

1885 876 2209 932 detrimento
2252 876 2537 946 cujuslibet
2587 875 2810 928 victoris
2853 872 3108 926 facillime
3158 871 3298 940 capi.
3333 869 3476 923 Illico

1886 969 2086 1023 avulsis
2123 970 2192 1024 ab
2237 971 2522 1025 obsidione
2569 968 2820 1032 navibus,
2866 965 3206 1036 Bajocasium
3250 964 3480 1018 velivoro

1885 1062 2031 1115 venit
2055 1075 2236 1115 cursu.
2267 1061 2440 1130 Quam
2465 1069 2678 1131 captam
2701 1059 3042 1130 aliquatenus
3064 1056 3353 1120 subvertit,
3382 1054 3480 1108 ha-

1883 1152 2208 1209 bitatoribus
2237 1154 2354 1224 ejus
2383 1155 2702 1210 interfectis.
2724 1154 2784 1220 In
2815 1169 2918 1223 qua
2948 1149 3236 1223 quamda‘rn
3266 1147 3479 1204 nobilis-

1886 1248 2078 1303 simam
2102 1249 2335 1318 puellam
2365 1248 2582 1303 nomine
2605 1247 2830 1317 Popam,
2858 1245 3022 1300 tiliam
3051 1243 3255 1299 scilicet
3277 1241 3478 1296 Beren-

1885 1341 2020 1412 garii
2071 1341 2298 1396 illustris
2344 1341 2470 1406 viri,
2508 1341 2750 1410 capiens,
2797 1353 2900 1394 non
2939 1337 3106 1391 multo
3154 1348 3276 1406 post
3331 1346 3479 1388 more

1888 1433 2088 1488 Danico
2137 1433 2237 1488 sibi
2275 1432 2578 1504 c0pulavit,
2628 1448 2691 1486 ex
2741 1447 2846 1502 qua
2888 1429 3220 1485 Willellnum
3273 1427 3476 1500 genuit,

1886 1526 2159 1596 filiamque
2181 1527 2400 1581 nomine
2431 1525 2624 1582 Gerloe
2645 1524 2800 1578 valde
2828 1525 3098 1577 decoram.
3132 1522 3205 1576 Ea
3234 1523 3312 1575 sic
3348 1520 3480 1574 urbe

1885 1618 2167 1683 demolita,
2201 1618 2356 1674 llollo
2387 1618 2597 1674 concito
2634 1615 2904 1671 Lutetiam
2948 1615 3272 1685 regreditur.
3316 1613 3482 1668 Cum-

1885 1727 1991 1782 que
2016 1712 2069 1766 in
2094 1713 2495 1784 expugnatione
2530 1709 2646 1779 ejus
2689 1708 2952 1764 arietibus
2975 1716 3029 1762 et
3059 1707 3269 1762 balistis
3297 1705 3476 1759 inten-

1886 1804 2058 1869 deret,
2092 1805 2240 1858 misit
2267 1803 2567 1858 exercitnm
2601 1801 2831 1856 militum
2878 1801 2944 1852 ad
2978 1799 3264 1854 Ebroicam
3291 1795 3478 1849 civita-

1812 1867 2034 1962 Btem,
2090 1905 2142 1951 ut
2202 1911 2323 1952 eam
2383 1894 2852 1958 exterminarent,
2891 1894 3202 1964 episcopum
3264 1886 3478 1942 nomine

1883 1987 2045 2043 Sibor
2071 2004 2194 2043 cum
2237 2003 2334 2044 suo
2372 1987 2569 2059 popqu
2621 1985 2973 2041 trucidarent.
3005 1985 3124 2053 Quo
3149 1999 3273 2039 cum
3306 1979 3482 2032 verris-

1882 2089 2021 2145 sent,
2050 2080 2358 2150 episcopum
2386 2079 2509 2150 fuga
2539 2079 2746 2149 lapsum
2773 2092 2877 2132 non
2905 2077 3258 2148 reperientes,
3293 2086 3482 2128 omnes

1883 2172 2027 2226 cives
2055 2172 2328 2242 perimunt
2357 2181 2411 2227 et
2449 2188 2571 2226 cum
2603 2171 2838 2225 maxima
2867 2170 3045 2240 prmda
3086 2170 3279 2223 ducem
3319 2180 3479 2218 suum

1882 2272 2154 2334 repetunt.
2205 2263 2652 2332 Talibnsitaque
2686 2263 2963 2319 exterrita:
3005 2262 3248 2332 plurima:
3293 2268 3481 2329 gentes

1883 2358 2149 2425 Francius,
2209 2359 2407 2413 tributa
2455 2357 2738 2412 solvebant
2785 2355 3018 2422 Rolloni,
3068 2353 3313 2426 plurima:
3351 2365 3482 2404 vero

1886 2455 2215 2512 resistebant
2249 2454 2322 2510 ei.

2479 2563 2708 2620 CAPUT
2735 2563 2883 2620 XIII.

1889 2656 1960 2712 De
1994 2657 2247 2711 Elstnnno
2269 2655 2547 2782 5Alslemo]
2581 2671 2696 2722 rege
2714 2653 3022 2723 Anglorum,
3055 2649 3144 2721 qui
3166 2664 3258 2719 per
3281 2647 3478 2716 legatos

1956 2730 2098 2782 petiit
2142 2731 2266 2782 auxi
2294 2731 2401 2782 ium
2442 2727 2558 2782 cius
2596 2735 2777 2778 contra
2812 2723 3021 2777 rebelles
3056 2731 3104 2774 et
3149 2719 3364 2782 accepit.
3413 2714 3477 2767 Et

1954 2730 2098 2798 petiit
2142 2714 2401 2782 auxilium
2442 2714 2558 2796 ejus
2590 2714 3021 2798 contravrebelles
3056 2714 3104 2798 et
3149 2714 3364 2798 accepit.
3413 2714 3477 2798 Et

1954 2787 2092 2863 quod
2144 2798 2296 2854 Rollo
2346 2787 2479 2852 ἰηάέ
2509 2796 2754 2856 rediens,
2801 2793 3093 2863 subjugatis
3145 2787 3477 2863 Angliam-nd

1954 2859 2127 2923 uotum
2178 2886 2216 2922 γε
2234 2871 2342 2940 gis,
2393 2866 2636 2940 maximis
2683 2859 3078 2940 ditatusidonis‘
3128 2859 3480 2940 etnnuxiliis,

1957 2941 2189 2994 dividens
2214 2930 2426 2994 ebntites
2451 2937 2707 2992 exercitus
2734 2937 2837 3000 sui,
2865 2936 2996 2986 alios
3027 2932 3169 2986 alveo
3197 2930 3478 3000 Sequanae,

1959 3010 2090 3064 alios
2121 3010 2344 3081 Ligeris,
2381 3009 2522 3081 alios
2560 3005 2856 3081 (λξενιιηιιηυ,Δ
2883 3004 3240 3081 iu'erjacentes
3268 2999 3478 3069 provin-

1957 3083 2066 3136 cias
2088 3074 2420 3152 prtidaturos
2447 3077 2601 3134 celeri
2627 3077 2957 3146 navigatione
2981 3074 3194 3127 direxit.

1809 3215 1856 3278 ρ
1960 3193 2096 3248 Dum
2135 3193 2252 3249 Iitec
2297 3204 2581 3263 geruntur,
2612 3192 2756 3263 regis
2799 3189 3093 3260 Anglorum
3133 3183 3374 3241 Elstanni
3407 3182 3482 3238 lc-

1887 3285 1997 3358 gati
2029 3286 2344 3352 adveniunt,
2372 3286 2747 3357 deprecatoria
2777 3283 2939 3338 verba
2988 3279 3197 3336 Rolloni
3237 3278 3483 3332 deferen-

1888 3386 1992 3444 tes,
2024 3387 2082 3432 ut
2118 3378 2192 3433 illi
2238 3379 2559 3449 quantocius
2607 3375 2868 3432 auxilium
2918 3374 3074 3428 ferat.
3115 3369 3480 3438 Conspirave-

1888 3478 2010 3524 rant
2039 3471 2180 3526 enim
2210 3471 2468 3526 adversus
2501 3486 2622 3524 eum
2655 3468 2876 3539 quidam
2909 3465 3154 3528 rebelles,
3179 3475 3327 3515 arma
3367 3467 3482 3512 mo-

1887 3573 2094 3618 ventes.
2111 3562 2276 3632 Cujus
2293 3564 2549 3618 anxietati
2568 3563 2922 3633 comp-tiens,
2941 3560 3007 3614 de
3025 3558 3174 3612 urbis
3193 3554 3481 3610 Parisiaca:

1887 3657 2293 3728 expugnatione
2312 3655 2576 3722 difﬁdens,
2602 3657 2670 3712 ob
2710 3655 2956 3710 videlicet
2989 3653 3168 3708 aditus
3197 3648 3482 3706 difﬁculta-

1889 3757 2072 3805 temet
2108 3750 2329 3804 nimiam
2361 3750 2632 3805 alimonia:
2665 3751 2806 3804 intra
2846 3764 2966 3804 earn
2998 3747 3228 3815 copiam,
3256 3741 3480 3797 dimissa

1884 3843 2202 3909 obsidione,
2244 3843 2445 3914 Anglos
2509 3843 2842 3915 aggreditur.
2890 3842 3009 3909 Quo
3058 3854 3181 3894 cum
3222 3835 3481 3900 venisset,

1887 3936 2116 3992 rebelles
2139 3951 2472 4007 expugnans,
2501 3951 2623 3991 cum
2666 3935 2984 3991 austeritate
3029 3929 3289 3993 coercuit,
3325 3942 3481 3981 acce-

1888 4030 2100 4099 ptisque
2151 4031 2430 4086 obsidibus
2479 4029 2590 4100 regi
2633 4045 2732 4085 suo
2773 4043 2972 4098 pronos
3015 4025 3212 4080 effecit.
3272 4020 3483 4076 Exhinc

1887 4121 2083 4178 iterato
2128 4125 2302 4179 electa
2344 4123 2603 4193 juvenum
2661 4121 3048 4182 multitudine,
3094 4133 3217 4170 cum
3269 4113 3482 4184 magnis

1885 4216 2208 4270 muneribus
2239 4231 2269 4269 a
2303 4230 2427 4285 rege
2451 4213 2554 4270 sibi
2585 4213 2817 4278 collatis,
2846 4212 2897 4267 in
2937 4209 3221 4265 Franciam
3249 4214 3478 4270 remeat,

1885 4310 2067 4364 statim
2103 4310 2332 4365 comites
2373 4308 2646 4362 exercitus
2689 4309 2772 4361 sui
2819 4304 3086 4366 dividens,
3137 4299 3275 4352 alios
3324 4297 3479 4350 alveo

1887 4399 2170 4471 Sequanae,
2197 4400 2331 4456 alios
2356 4399 2564 4469 Ligeris
2587 4397 2808 4458 ﬂuento,
2849 4395 2984 4450 alios
3015 4407 3173 4446 amne
3212 4387 3483 4444 Gerunda:

1887 4493 2273 4562 interjacentes
2317 4491 2624 4562 provincias
2670 4489 3006 4560 prmdaturos
3051 4481 3215 4539 celeri
3261 4479 3484 4547 naviga-

1807 4565 1861 4627 D
1889 4588 2032 4644 tione
2057 4587 2224 4642 misit.
2241 4586 2362 4656 Ipse
2384 4595 2565 4640 autem
2585 4583 2822 4638 Parisius
2840 4582 3035 4637 iterum
3061 4576 3302 4640 veniens,
3318 4574 3486 4644 coepit

1885 4681 2074 4736 urbem
2127 4692 2440 4749 Oppugnare
2483 4685 2539 4733 et
2589 4685 2790 4732 terram
2844 4689 3007 4747 super
3058 4669 3312 4726 inimicos
3359 4684 3487 4724 suos

1891 4771 2200 4829 devastare.

2487 4883 2714 4941 CAPUT
2755 4882 2890 4938 XIV.

1889 4979 2044 5046 Quod
2070 4978 2292 5034 Carolus
2330 4979 2550 5032 audiens
2575 4979 2799 5032 reditum
2830 4977 3089 5038 Rollonis,
3129 4987 3304 5041 pacem
3327 4974 3409 5078 ἠὺ
3439 4992 3500 5027 eo

1963 5053 2117 5078 μευ...
2156 5049 2408 5078 ...ω-..ἱηηι
2442 5059 2617 5078 ..ηιωη
2662 5051 2886 5078 ....,.....:..
2937 5068 3026 5078 -..η
3071 5045 3286 5078 ηινηιὶηη
3344 5043 3480 5078 inim

2034 5068 2117 5078 ...σε
2156 5049 2408 5078 ...ιιι-..διιοκ
2442 5059 2617 5078 alt-In..-
2662 5051 2851 5078 "anno-:0
2876 5069 2886 5078 ι
2937 5068 3026 5078 -..Α
3071 5045 3286 5078 Inveni-sn
3327 5043 3480 5078 "ll"l\
