4040 5298
549 383 654 443 Ὶῢσ

546 597 870 652 :estimatum
890 637 904 660 ,
955 597 1207 652 ferociter
1235 606 1286 651 et
1319 595 1610 650 crudeliter
1633 594 1960 649 devastaudo
1995 607 2125 662 pro-

549 688 776 752 vincias,
801 689 966 757 cmpit
990 687 1192 742 laniare
1219 698 1272 742 et
1297 688 1531 758 afﬂigere
1561 697 1720 756 atque
1746 687 1926 741 delere
1953 703 2124 756 pepu-

549 781 677 836 lum.
711 781 804 836 Sui
845 791 1024 835 autem
1075 782 1126 836 in
1175 781 1536 850 Durguudiam
1585 789 1885 852 pergentes,
1927 795 2128 850 perque

552 871 754 925 Youam
783 871 833 924 in
865 871 1119 940 Sigonam
1169 872 1503 942 navigantes,
1551 881 1830 939 terrasque
1879 871 2128 924 amnibus

547 962 733 1016 amnes
783 979 952 1030 usque
991 963 1464 1016 Clarum-Montem
1509 962 1904 1030 nndiqneaccus
1961 963 2126 1015 deva-

546 1067 771 1118 stanlcs,
801 1056 1030 1110 Seuonis
1059 1057 1388 1126 provinciam
1429 1057 1765 1120 invaserunt,
1803 1065 1962 1122 atque
1995 1071 2126 1110 cuu-

545 1157 626 1201 cla
688 1149 1069 1218 depopttlautes
1122 1151 1186 1202 ad
1231 1147 1486 1202 Sanctum
1543 1146 1888 1200 Benedictum
1935 1157 2128 1204 contra

547 1240 823 1295 Rollonem
857 1251 1193 1296 revenerant.
1235 1243 1426 1296 Videas
1449 1249 1627 1294 autem
1661 1237 1814 1292 [tollo
1853 1249 2128 1294 monaste-

543 1335 684 1388 rium
707 1333 886 1388 Sancti
919 1334 1210 1397 Benedicti,
1240 1333 1367 1387 illud
1403 1331 1773 1386 contaminare
1804 1329 1992 1394 noluit,
2029 1346 2128 1386 nec

545 1426 770 1494 pratdari
810 1426 949 1480 illam
977 1425 1310 1494 provinciam
1355 1433 1578 1493 propter
1625 1433 1870 1478 sanctum
1900 1421 2128 1478 Benedi-

543 1525 690 1570 ctum
717 1518 982 1585 permisit.
1022 1517 1270 1586 Slatnpas
1303 1514 1550 1585 equidem
1579 1515 1788 1578 adiens,
1822 1523 1987 1568 totam
2019 1525 2128 1568 ter-

543 1623 658 1662 ram
685 1609 1018 1678 adiacentem
1059 1609 1310 1672 perdidit,
1347 1607 1775 1677 quamplurimas
1811 1608 2124 1676 captivavit.

543 1701 762 1755 lnde'ad
787 1701 1034 1758 Vileutelt
1059 1703 1299 1768 veniens,
1337 1701 1590 1754 finitimas
1629 1709 1806 1755 terras
1839 1701 2124 1772 pranlavit,

545 1796 778 1868 hincque
811 1796 1050 1855 l‘arisius
1081 1812 1325 1852 remeare
1349 1795 1688 1852 acceleravit.

1143 1954 1372 2012 CAPUT
1411 1954 1528 2009 XV.

545 2069 838 2137 Quomodo,
859 2073 983 2125 dum
997 2071 1249 2126 obsideret
1271 2071 1446 2124 urbem
1469 2068 1662 2127 Cartis.
1681 2066 1998 2126 Richardus,
2021 2065 2130 2118 dum;

615 2141 1082 2212 Burgundionum,
1113 2160 1228 2196 cum
1257 2159 1350 2194 suo
1382 2153 1426 2193 et
1461 2140 1786 2212 Idi-ancoram
1818 2139 2046 2212 carrcim
2075 2139 2128 2212 in

612 2207 750 2266 eunt'
769 2214 921 2266 irruit
954 2229 972 2267 :
1007 2207 1107 2280 quo
1152 2214 1355 2280 fortiter
1391 2211 1674 2267 resistrntc.
1703 2209 1990 2280 Anu-Imus
2016 2207 2126 2274 rpi-

613 2299 796 2351 sropus
834 2299 897 2336 ex.
945 2279 1069 2336 urbe
1113 2279 1228 2335 cum
1287 2282 1504 2333 arrnutis
1545 2281 1806 2346 inopinate
1831 2279 2126 2344 prosiliens.

615 2364 808 2406 sanctor
839 2353 934 2405 Dei
961 2351 1236 2406 Genitriris
1281 2355 1512 2404 timicmu
1563 2351 1755 2416 (creua,
1786 2365 1900 2400 eum
1928 2365 1956 2399 a
1985 2358 2128 2415 terga

619 2424 818 2479 invasit.
865 2423 1026 2477 Cessit
1079 2425 1252 2492 itaque
1299 2421 1452 2474 Rufio
1497 2437 1598 2474 non
1639 2419 2136 2490 Burgundionibus,

617 2495 707 2548 sed
733 2495 920 2548 diuina:
951 2495 1145 2549 rirtuti.

613 2609 922 2676 Postremo,
973 2609 1330 2663 Carnotenam
1365 2605 1550 2659 urbem
1584 2603 1863 2658 obsidione
1891 2601 2126 2656 circnm-

543 2701 666 2762 dat;
695 2715 856 2769 quam
891 2715 1011 2753 cum
1041 2699 1300 2752 machinis
1348 2707 1402 2752 et
1445 2695 1723 2750 tormentis
1769 2695 2122 2764 impugnaret,

543 2791 850 2845 Ricltardus
877 2790 1316 2860 Burgundionum
1345 2790 1449 2841 dux
1481 2803 1602 2842 cum
1643 2801 1739 2840 suo
1765 2786 2125 2840 Francorum-

539 2893 650 2952 "que
677 2883 916 2938 exercitu
948 2881 1262 2946 adveniens,
1319 2895 1480 2952 super
1509 2895 1628 2932 eum
1655 2879 1833 2933 irruit.
1863 2877 1994 2932 Cum
2020 2893 2126 2947 quo

544 2991 886 3042 rartgressns,
919 2991 1038 3030 cum
1071 2973 1182 3029 suis
1210 2975 1466 3028 atrociter
1501 2971 1811 3036 resistebat,
1847 2985 2125 3040 quousque

545 3067 828 3121 Antelmus
877 3068 1164 3138 episcOpus
1188 3083 1250 3120 ex
1285 3066 1504 3120 civitate
1557 3081 1680 3119 cum
1731 3065 1898 3118 armis
1947 3063 2122 3133 inopi-

545 3167 672 3214 nato
724 3160 1038 3229 prosiliens,
1095 3168 1410 3226 sanctzeqne
1459 3158 1551 3212 Dei
1609 3157 1886 3226 genitricis
1937 3155 2120 3210 Marixe

1341 389 1686 445 \\'ll.Llil..\ll
1719 385 2014 444 CALCULI
2053 385 2604 444 GEMMETICENSIS
2634 387 2938 446 MONACIH

547 513 771 574 propter
821 505 1162 558 securitatem
1211 520 1372 573 quam
1413 504 1575 566 dedit,
1615 519 1646 556 a
1691 501 1916 554 Francis
1962 499 2118 554 vilem
2150 517 2196 576 Α

3699 384 3806 444 880

2810 523 3036 580 CAPUT
3074 524 3234 581 Χγιῐ.

2231 631 2383 706 Qtth
2415 631 2632 706 Ratione
2657 634 2811 702 furiis
2855 653 3098 691 succenso
3148 649 3194 690 et
3247 637 3440 691 acriori
3471 640 3806 706 oppressione

2299 701 2584 774 Franciam
2636 701 2976 772 demoliente,
3015 705 3236 761 Carolus
3289 724 3379 761 res:
3433 701 3599 774 nam
3652 727 3806 764 suam

2297 773 2438 826 dedit
2488 776 2554 836 ei,
2593 788 2639 848 fit
2672 777 3006 848 maritimam
3053 787 3246 830 terram
3293 781 3358 831 ab
3407 777 3558 848 Eptm
3587 781 3806 848 ﬂumine

2301 861 2458 916 usque
2490 853 2558 896 ad
2589 845 2919 900 Britannicas
2942 847 3128 900 limites
3169 859 3218 902 et
3259 849 3426 916 ipsum
3456 845 3802 903 'Iiritanniam

2297 915 2434 987 unde
2463 917 2688 987 uiueret.
2733 919 2854 985 quia
2903 919 3138 987 prwdata
3183 915 3321 972 terra
3356 929 3468 972 erat
3517 929 3564 972 et
3599 921 3804 973 deserta

2305 983 2578 1059 [pra-dicta
2607 983 2877 1059 terruerat
2903 983 3152 1059 'deserta]
3172 1029 3185 1050 ,
3211 1005 3272 1041 ea
3305 999 3477 1059 tamen
3507 991 3806 1042 conditione

2299 1053 2354 1126 u_t
2377 1053 2706 1108 Christianus
2728 1057 2901 1123 ﬁeret,
2935 1069 2983 1110 et
3023 1053 3162 1126 quod
3197 1075 3288 1113 res:
3327 1069 3374 1111 et
3399 1057 3652 1112 liobertus
3695 1060 3806 1112 dux

2301 1121 2548 1180 Fruncice
2576 1137 2621 1178 et
2653 1121 2823 1179 (ανξιηῆ
2871 1121 3104 1192 proceres
3151 1139 3198 1181 et
3231 1129 3453 1196 episcopi
3487 1129 3805 1194 juraoernnt

2298 1196 2530 1248 eamdem
2561 1207 2750 1248 terram
2787 1196 2990 1248 (talioni
3031 1209 3075 1250 et
3109 1198 3400 1252 Itwt'etlibus
3443 1199 3554 1266 ejus
3595 1199 3650 1252 in
3684 1217 3804 1256 rer-

2295 1275 2502 1332 pctuum
2549 1267 2948 1333 possidendam;
2999 1277 3044 1322 et
3089 1271 3227 1334 quod
3259 1268 3408 1322 Rotlo
3442 1269 3623 1322 nolens
3655 1285 3806 1322 oscu-

2296 1335 2399 1386 lari
2420 1335 2598 1406 prdem
2633 1337 2784 1406 regis,
2823 1337 2984 1406 jussit
3022 1341 3228 1392 cuidam
3277 1339 3433 1392 mit'iti
3475 1355 3572 1392 suo
3599 1351 3653 1392 ut
3683 1355 3806 1394 cum

2297 1403 2638 1460 oscularetur.

2301 1513 2394 1570 llis
2420 1515 2602 1583 itaque
2627 1515 2782 1571 Bello
2815 1517 3146 1584 infortuniis,
3195 1519 3534 1588 militumque
3581 1536 3806 1576 satorum

2227 1611 2403 1658 morte
2435 1604 2722 1658 furibunde
2759 1621 3074 1671 succensus,
3101 1609 3168 1661 ad
3210 1605 3544 1662 Francorum
3575 1608 3806 1664 infesta-

2227 1693 2430 1746 tionem
2473 1692 2706 1762 reliquos
2755 1703 3047 1764 exaggerat
3069 1703 3124 1748 et
3154 1696 3221 1748 ad
3249 1695 3643 1750 demoliendatn
3693 1699 3808 1752 sive

2226 1782 2688 1836 exterminandum
2736 1783 2962 1853 patriam
2999 1784 3067 1838 ob
3097 1785 3364 1838 sociorum
3393 1787 3688 1854 perniciem
3715 1803 3808 1840 eos

2162 1883 2202 1941 Β
2239 1873 2363 1926 totis
2388 1873 2670 1928 conatibus
2691 1873 2900 1928 incitat.
2935 1873 3070 1940 Quid
3099 1875 3290 1944 plura?
3335 1876 3400 1930 Ut
3451 1877 3559 1946 lupi
3591 1893 3810 1946 vesper-

2233 1962 2327 2016 tini
2355 1964 2627 2018 vehuntur
2655 1965 2846 2034 pagani
2865 1965 2930 2017 ad
2957 1965 3142 2020 caulas
3163 1965 3384 2032 Christi,
3408 1969 3810 2024 sur-cenduntur

2227 2054 2508 2120 cci-lesire,
2557 2055 2810 2110 mulieres
2873 2059 3144 2110 ducuntur
3192 2058 3458 2127 captivm,
3507 2059 3810 2114 trucidatur

2229 2147 2476 2216 populus,
2505 2147 2566 2202 fit
2600 2149 2929 2204 omnibusin
2963 2165 3247 2204 commune
3278 2151 3472 2204 luctus.
3521 2149 3618 2206 llis
3661 2153 3810 2206 deni-

2228 2252 2331 2306 que
2363 2235 2556 2291 Frauci
2583 2237 2980 2296 calamitatibus
3031 2241 3296 2311 oppressi,
3323 2241 3570 2310 querulis
3605 2241 3810 2296 clamo-

2229 2331 2376 2384 ribus
2397 2329 2644 2384 Carolum
2677 2346 2858 2399 regem
2897 2341 3178 2402 appetunt,
3231 2333 3560 2388 unanimiter
3585 2334 3808 2388 concla-

2227 2433 2442 2478 manles
2468 2421 2834 2479 Christianum
2869 2425 3124 2496 populum
3165 2427 3235 2480 ob
3266 2425 3381 2492 ejus
3417 2425 3670 2480 inertiam
3719 2443 3808 2494 ra-

2225 2529 2484 2584 gauorum
2517 2514 2819 2570 iucursilms
2866 2515 3137 2586 deperire.
3169 2517 3407 2585 Quorum
3447 2519 3808 2586 querimoniis

2225 2623 2320 2664 rex
2355 2610 2696 2666 vehementer
2723 2619 3016 2678 permotus,
3065 2611 3292 2664 ascitum
3340 2609 3680 2666 Francouem
3708 2627 3799 2663 ar-

2229 2702 2632 2772 chiepisc0pum
2661 2701 2869 2755 liolloni
2917 2697 3238 2756 festinanter
3279 2701 3492 2770 dirigit;
3523 2701 3808 2764 mandans,

2225 2792 2268 2847 si
2309 2792 2650 2847 Christianus
2702 2791 3039 2858 efficeretur,
3091 2801 3292 2846 terram
3355 2793 3688 2848 maritimam
3743 2795 3808 2850 ab

2224 2883 2374 2952 Eptze
2412 2883 2630 2938 flumine
2658 2901 2828 2954 usque
2853 2886 2917 2937 ad
2941 2883 3284 2938 Britannicos
3311 2885 3535 2948 limites,
3561 2901 3688 2942 cum
3715 2901 3808 2940 sua

2225 2975 2332 3030 filia
2363 2977 2580 3030 nomine
2607 2961 2775 3038 Gisia,
2804 2992 2861 3030 se
2885 2976 2933 3029 ci
2963 2977 3216 3030 daturum
3241 2977 3373 3030 fore.
3397 2977 3513 3043 Qua
3540 2979 3810 3049 legatione

2224 3069 2432 3124 France
2462 3079 2733 3138 suchpta,
2762 3079 2980 3138 peracto
3028 3069 3241 3134 itinere,
3281 3085 3491 3140 pagano
3527 3070 3652 3124 duci
3681 3087 3808 3124 cun-

2225 3172 2310 3218 eta
2343 3177 2436 3232 per
2465 3163 2708 3218 ordinem
2751 3163 2960 3233 pandit.
3005 3163 3171 3233 Cujus
3200 3165 3364 3218 verba
3397 3165 3648 3220 consulto
3681 3183 3806 3222 suo-

545 3267 836 3320 S'Ipparum
867 3250 1180 3320 punit-rens,
1214 3261 1242 3304 a
1273 3260 1422 3318 tergo
1460 3265 1582 3302 cum
1619 3249 1813 3302 invasit
1843 3248 2114 3302 (‘EI‘tlendO-
2148 3244 2191 3303 C
2225 3273 2342 3310 rum
2375 3265 2652 3328 gratanter
2680 3257 2998 3324 suscipiens,
3026 3271 3052 3309 a
3093 3257 3395 3310 vastatione
3434 3261 3696 3328 paganica
3727 3261 3810 3314 iu-

546 3345 644 3400 llic
698 3346 912 3401 tandem
961 3347 1147 3400 videns
1198 3345 1350 3399 [iulio
1394 3361 1452 3399 se
1505 3359 1736 3415 suosque
1787 3346 1838 3399 in
1881 3353 2122 3400 extremo

545 3437 760 3498 mortis,
792 3439 1030 3490 decrevit
1079 3439 1145 3496 ad
1191 3439 1379 3491 horam
1412 3437 1659 3492 hostibus
1691 3435 1912 3497 cedere,
1961 3451 2121 3504 quam

547 3545 668 3582 cum
701 3547 918 3584 suorum
949 3530 1278 3612 detrimentg
1319 3545 1594 3600 pugnare;
1647 3539 1700 3583 et
1747 3529 1970 3598 provido
2003 3546 2126 3584 eon-

549 3621 692 3690 siiio,
722 3639 825 3678 non
855 3633 1028 3678 tamen
1059 3624 1291 3694 ignavia,
1323 3623 1609 3677 declinavit
1639 3637 1668 3675 a
1697 3622 2011 3676 certamine.

1137 3777 1362 3834 CAPUT
1387 3775 1523 3832 XVI.

552 3869 628 3921 De
650 3879 794 3934 parte
819 3871 1097 3938 exercitus,
1123 3885 1238 3938 qum
1263 3871 1316 3922 in
1353 3870 1628 3937 quenulam
1673 3879 1897 3921 montem
1931 3868 2126 3934 subiit';

622 3947 670 3990 et
713 3941 776 3990 de
819 3936 984 3990 Ebulo
1037 3936 1328 4007 l’ictavensi
1367 3936 1849 4007 comituquuliter
1887 3940 1941 3993 in
1973 3941 2128 3992 domo

623 4007 836 4076 fullonis
868 4007 1020 4062 latuit
1043 4019 1252 4078 propter
1279 4006 1690 4062 Norihmumms.

625 4117 876 4187 Quaedam
907 4131 1086 4173 autem
1115 4119 1387 4174 exercitus
1427 4120 1508 4173 sui
1539 4135 1664 4188 pars
1691 4119 1916 4174 Francis
1943 4134 2129 4189 perse-

550 4211 842 4279 quentibus
875 4211 1152 4272 reccdcus,
1203 4209 1414 4280 Leugas
1451 4212 1613 4274 venit,
1649 4225 1713 4266 ac
1755 4211 1808 4266 in
1847 4211 2129 4280 cujusdam

549 4305 750 4360 montis
797 4304 961 4360 subiit
1024 4317 1302 4358 cacumen.
1355 4302 1552 4358 [ﬁbulas
1603 4319 1732 4359 vero
1797 4303 2130 4358 Pictavensis

550 4413 754 4462 comes,
789 4397 939 4452 tarde
965 4397 1034 4452 ad
1061 4395 1302 4467 praelium
1335 4398 1574 4462 veniens,
1607 4397 1868 4468 comperit
1897 4411 2132 4467 paganos

549 4491 751 4546 montis
781 4489 992 4544 excelsa
1033 4503 1348 4558 occupasse.
1395 4490 1542 4555 Quos
1587 4489 1730 4544 illico
1777 4504 2128 4558 persequens,

550 4579 670 4646 ejus
694 4581 860 4635 ardua
893 4579 1173 4644 militibus,
1224 4594 1290 4633 ne
1319 4579 1638 4648 effugerent,
1669 4581 1859 4636 cinxit.
1895 4579 2000 4634 Sed
2033 4595 2131 4634 uo-
2163 4597 2211 4655 ι)

551 4671 654 4726 etis
687 4673 864 4726 medio
901 4671 1260 4726 Northmanni
1307 4686 1402 4742 per
1433 4671 1764 4728 Francorum
1809 4681 1988 4728 castra
2017 4673 2131 4728 vio-

551 4763 724 4818 lenter
745 4773 1109 4832 erumpentes,
1133 4764 1256 4818 vita:
1279 4764 1612 4833 dispendium
1643 4773 1950 4818 evaserunt.
1975 4765 2128 4819 Enim

551 4869 682 4924 vero
713 4856 912 4911 Ehulus
945 4857 1223 4912 Rollonem
1275 4871 1437 4924 super
1483 4871 1578 4910 eos
1625 4856 1852 4910 irruisse
1892 4856 2130 4925 suspica-

553 4957 659 5012 tus,
691 4947 908 5002 domum
960 4945 1240 5018 cujusdam
1291 4945 1510 5002 fullonis
1560 4943 1907 5008 subintravit,
1951 4944 2132 5014 ibique

577 5045 662 5066 ΑΙ..
717 5045 876 5066 ιὶΛΛΙΛ
933 5037 1314 5066 Ι-ιΛ--ιΑΙιιιιιιιιια
1379 5034 1584 5066 Ληιῖοοιῖί
1671 5033 1841 5066 ῡΙιΙΙΙΙΛ
1897 5034 2084 5066 "anno:

2225 3348 2412 3403 ducias
2447 3348 2608 3402 trium
2657 3348 2925 3402 mensium
2981 3349 3092 3418 regi
3151 3347 3422 3416 indulget;
3483 3359 3542 3404 ut
3595 3349 3650 3402 in
3709 3351 3810 3405 hoc

2227 3443 2432 3497 dierum
2469 3441 2700 3508 spatium
2749 3455 2850 3510 pax
2909 3441 3050 3494 inter
3099 3455 3194 3494 eos
3235 3441 3569 3498 stabiiiretur
3603 3440 3808 3496 fmdere

2229 3531 2403 3586 firmo.
2433 3531 2648 3585 Statuto
2679 3545 2810 3584 sane
2839 3539 3080 3598 tempore
3119 3531 3342 3584 veniunt
3371 3531 3438 3585 ad
3481 3531 3804 3585 denomina-

2229 3621 2392 3676 tivum
2426 3621 2623 3682 locutu,
2659 3619 2750 3688 qui
2797 3619 2990 3674 dicitur
3029 3619 3094 3672 ad
3139 3619 3396 3674 Sanctum
3429 3619 3679 3682 Clerutu,
3719 3637 3808 3675 rex

2227 3727 2352 3766 cmn
2385 3711 2621 3764 Roberto
2654 3709 2986 3764 Francorum
3015 3709 3149 3764 duce
3187 3719 3334 3764 trans
3375 3709 3524 3780 Eptze
3552 3711 3808 3776 (luvium;

2229 3801 2384 3856 [lolio
2406 3819 2532 3856 vero
2561 3802 2718 3866 citra,
2775 3800 3003 3854 vallatus
3049 3801 3238 3855 cuneis
3288 3799 3540 3856 militum.
3593 3800 3816 3856 Discur-

2229 3895 2472 3949 rcntibus
2517 3893 2826 3948 alternatim
2879 3893 3105 3956 nuntiis,
3157 3909 3280 3962 pax,
3319 3893 3533 3948 favente
3564 3892 3808 3959 Christo,

2231 3985 2504 4040 stabiliter
2531 3987 2672 4039 inter
2713 4000 2828 4050 eos,
2879 3985 3102 4038 ltollone
3137 3985 3245 4052 regi
3286 3983 3600 4040 fidelitatem
3631 4001 3816 4040 sacra.

2233 4079 2433 4134 mentis
2451 4077 2674 4144 jnrante
2701 4087 2755 4132 ct
2781 4092 2906 4147 rege
2941 4077 3012 4130 illi
3045 4077 3206 4130 filiam
3241 4091 3362 4130 cum
3391 4085 3534 4130 terra
3563 4077 3814 4146 praelitu-

2233 4169 2340 4224 lata
2401 4169 2676 4234 donante,
2742 4168 3082 4238 superaddita
3147 4169 3310 4223 etiam
3369 4169 3436 4222 ad
3499 4180 3814 4240 sumptuum

2234 4260 2606 4330 Supplementa
2655 4268 2764 4314 tota
2805 4258 3106 4323 Britannia,
3156 4259 3322 4327 ipsius
3347 4259 3642 4328 provincia:
3669 4261 3818 4330 priu-

2233 4351 2464 4422 cipibus,
2497 4353 2822 4422 llcrengerio
2883 4360 3045 4421 atque
3075 4351 3310 4416 Alanno,
3359 4363 3708 4408 sacramenta
3731 4353 3818 4422 ju-

2237 4442 2486 4496 rantihus
2521 4441 2755 4494 Rolloni.
2805 4439 2938 4494 Nam
2981 4449 3126 4495 terra
3173 4441 3442 4494 maritima
3501 4457 3622 4511 qua!
3671 4459 3816 4500 nunc

2239 4540 2462 4585 vocatur
2488 4530 2932 4594 Nortbmannira,
2985 4531 3055 4586 ob
3098 4531 3320 4586 diurnos
3365 4546 3701 4602 paganorum
3723 4549 3818 4586 ex—

2239 4638 2452 4685 cursus,
2489 4623 2639 4675 silvis
2683 4622 2920 4690 undique
2965 4621 3186 4684 adultis,
3217 4638 3246 4674 a
3275 4622 3450 4676 cultro
3491 4630 3548 4676 et
3593 4637 3818 4680 vomere

2237 4715 2484 4786 torpebat
2512 4713 2728 4768 inculta.
2761 4713 3146 4768 Flandrcnsem
3199 4729 3324 4768 vero
3367 4715 3726 4785 provinciam.
3761 4725 3820 4768 ut

2236 4821 2301 4858 ex
2338 4821 2400 4860 ea
2434 4807 2660 4867 viveret,
2693 4803 2866 4858 voluit
2910 4817 3004 4858 rex
3051 4803 3100 4858 ei
3153 4803 3385 4872 primum
3415 4803 3570 4868 dare,
3600 4805 3696 4858 sed
3728 4803 3820 4858 ille

2237 4897 2411 4952 noluit
2439 4911 2550 4967 pra:
2589 4896 2838 4963 paludum
2889 4894 3238 4964 impeditione
3287 4895 3549 4962 recipere.
3597 4894 3816 4950 Rolloni

2239 4997 2417 5042 autem
2448 4987 2636 5055 pedem
2671 4986 2834 5056 regis,
2861 5000 2985 5038 cum
3025 4985 3094 5040 ab
3115 4999 3180 5038 co
3203 4985 3456 5038 ducatum
3485 4983 3820 5038 Nortltman-
