4040 5298
524 235 630 291 805

1349 209 1695 272 WiLLELMl
1715 201 2041 267 CALCULL’
2055 190 2612 257 GEMMETICENSlS
2655 184 2960 246 MONAClll

3691 180 3801 238 80‘

522 353 726 408 latione
753 348 820 402 ad
855 345 1152 400 Parronam
1194 344 1430 390 castrum
1477 323 1788 398 liospitandi
1827 319 2002 393 gratia
2027 316 2108 370 di-
2137 317 2188 378 Α
2213 312 2332 383 ejus
2362 317 2538 364 morte
2577 315 2848 378 przeventa
2881 304 3082 372 absque
3119 299 3302 357 liberis
3331 304 3540 354 mortua
3579 308 3686 362 est,
3717 316 3806 352 rt:-

2307 401 2338 408 -.
2532 397 2570 408 ..
3023 393 3093 408 η..
3264 407 3275 408 ,
3470 387 3798 408 ..ηηλμημη

523 457 740 500 vertere
769 437 1052 508 compulit,
1085 442 1138 487 et
1167 431 1237 484 ibi
1265 443 1387 482 eum
1416 424 1538 478 dolo
1577 429 1794 492 captum
1839 427 2008 482 usque
2040 411 2107 464 ad

526 544 757 592 mortem
786 528 1030 585 retinuit.
1067 523 1340 578 Robertus
1370 515 1516 570 enim
1549 512 1655 566 dux
1699 519 1941 563 sororem
1969 501 2106 556 Her-

526 631 667 688 berti
695 631 748 684 in
783 624 1032 694 coniugio
1059 617 1269 680 habuit,
1302 629 1368 668 ex
1406 625 1512 681 qua
1545 606 1821 676 llugouetn
1855 611 2109 668 magnum

526 723 732 797 genuit.
771 692 996 775 Carolus
1042 722 1220 768 autem
1264 707 1353 762 ubi
1395 713 1584 773 captus
1625 707 1736 763 est,
1769 692 2111 794 Rodulplium

527 785 695 871 filium
727 808 959 865 nobilem
989 800 1243 858 Richardi
1269 792 1713 866 Burgundionum
1745 785 1917 848 ducis,
1950 795 2112 851 quem

530 907 597 962 de
624 919 784 960 sacro
812 901 961 956 fonte
993 898 1332 962 susceperat,
1359 883 1585 943 consilio
1620 893 1904 952 procerum
1935 873 2113 928 Fran-

529 1013 718 1055 corum
771 996 826 1050 in
870 1004 1097 1062 regnum
1145 979 1479 1040 sublimavit.
1521 976 1689 1045 Ogiva
1742 985 1873 1024 vero
1919 963 2115 1034 conjux

529 1088 733 1153 Caroli,
787 1084 894 1138 lilia
935 1053 1185 1134 lilstanni
1223 1072 1370 1143 regis
1423 1065 1748 1136 Anglorum,
1805 1053 2118 1112 infortuniis

529 1181 713 1239 mariti
747 1177 830 1233 sui
881 1172 1090 1234 territa,
1122 1167 1187 1223 ad
1218 1175 1425 1236 patrem
1473 1173 1629 1214 sumn
1679 1159 1802 1209 eum
1845 1147 2120 1205 Ludovico

532 1277 644 1331 lilio
673 1288 772 1328 suo
809 1271 861 1324 in
889 1265 1137 1336 Angliam
1167 1259 1316 1331 fugit,
1349 1251 1750 1309 animositatem
1782 1240 2033 1299 llerberti
2065 1247 2122 1294 et

532 1367 773 1438 llugonis
809 1360 987 1432 magni
1025 1354 1249 1411 nimium
1277 1356 1546 1402 metuens.

1110 1455 1340 1518 CAPUT
1378 1453 1544 1510 XXII.

537 1566 713 1634 Quod,
752 1573 958 1618 mortua
993 1572 1155 1634 uxore
1184 1554 1294 1633 eius
1322 1549 1514 1634 absque
1537 1542 1753 1634 liberis,
1791 1540 1978 1634 it'erum
2010 1529 2120 1586 Po-

607 1609 749 1708 pan't,
772 1649 924 1704 quam
959 1640 1078 1683 ante
1119 1609 1438 1694 baptismum.
1461 1617 1736 1708 liabcuer’gt,
1773 1609 1871 1708 sibi
1909 1622 2038 1672 capu
2062 1620 2122 1708 οῖ

1075 1697 1106 1708 ..
1396 1706 1420 1708 ,_
1703 1692 1773 1708 η.
1799 1691 2034 1708 .............
2074 1690 2099 1708 ο

610 1697 705 1768 rit,
737 1697 797 1758 ei
847 1707 908 1754 de
963 1697 1213 1768 ﬁdelitate

610 1749 1077 1841 Britoit‘esrinrure
1119 1749 1382 1821 thleimo
1431 1749 1543 1827 ﬁlio
1584 1772 1714 1818 suo,
1756 1761 1804 1805 et
1850 1749 1914 1801 de
1957 1754 2121 1799 morte

610 1863 745 1916 ejus.

609 1955 768 2011 Rullo
796 1960 974 2007 autem
1006 1950 1134 2012 dux,
1165 1943 1255 2014 qui
1281 1949 1336 1996 et
1359 1938 1652 1999 Bobertus,
1679 1939 1967 2002 postquam
1989 1937 2125 1978 uxor

574 2097 1230 2125 ________..____...—

2213 401 2492 473 pudiatam
2532 397 2761 468 Popam,
2789 412 2853 451 ex
2886 410 2991 466 qua
3020 393 3188 447 lilium
3217 390 3434 446 nomine
3470 387 3804 443 Willelmum

2208 492 2325 562 jam
2354 489 2598 544 adultum
2640 494 2930 556 genuerat,
2969 485 3170 538 iterum
3217 488 3468 549 repetens
3501 479 3603 532 sibi
3636 492 3808 548 copu-

2214 585 2370 640 lavit.
2404 583 2604 654 Verum
2632 579 2835 636 fractus
2859 576 2973 647 jam
3000 575 3205 630 viribus
3225 613 3241 639 ,
3273 570 3550 627 laboribus
3580 578 3635 624 et
3665 585 3807 639 pra:-

2217 677 2330 743 liis,
2357 676 2412 731 in
2440 675 2637 745 quibus
2663 686 2826 728 omne
2850 667 3150 739 iuventutis
3179 665 3345 721 robur
3369 671 3805 732 consumpserat,

2221 771 2288 827 de
2333 771 2560 825 ducatus
2606 763 2712 821 sui
2744 762 3100 834 diSpositione
3155 757 3298 829 apud
3362 769 3421 812 se
3482 762 3597 809 toto
3645 767 3811 807 cona-

2220 862 2386 927 mine,
2412 859 2499 914 cui
2525 856 2608 911 vel
2637 854 2872 924 qualiter
2897 852 3044 907 illum
3074 849 3427 918 relinqueret,
3451 845 3812 901 deliberabat.

2216 952 2647 1021 Convocatisque
2678 949 2842 1004 totius
2868 944 3276 1001 Nortlnnannite
3303 939 3644 1011 proceribus,
3686 953 3811 991 eum

2218 1045 2429 1102 Alanno
2458 1051 2514 1098 et
2547 1039 2874 1111 Berengerio
2910 1036 3243 1099 Britonibus,
3270 1031 3608 1087 Willelmum
3639 1027 3812 1081 lilium

2219 1152 2379 1194 suum
2420 1133 2802 1206 pulcherrimae
2836 1127 3137 1200 juventutis
3170 1125 3304 1181 ﬂore
3341 1132 3661 1178 vernantem
3707 1118 3814 1174 illis

2220 1229 2459 1301 exponit,
2505 1227 2702 1298 jubens
2744 1233 2807 1278 ut
2866 1238 2990 1278 eum
3035 1221 3138 1276 sibi
3185 1218 3459 1273 dominum
3506 1214 3813 1285 eligerent,

2224 1336 2446 1392 suasque
2484 1319 2692 1375 militiae
2725 1316 3023 1388 principem
3079 1313 3440 1383 prmﬁcerent.
3483 1307 3560 1362 De
3615 1314 3814 1360 caatero

2223 1425 2452 1472 cunctos
2503 1410 2852 1468 suasibilibus
2893 1405 3204 1464 demnlccus
3233 1403 3435 1466 verbis,
3475 1399 3578 1454 sub
3626 1411 3814 1452 sacra-

2224 1515 2411 1562 mento
2459 1503 2585 1559 ﬁdei
2612 1501 2723 1556 lilio
2753 1500 2873 1556 illos
2901 1498 3130 1568 subegit.
3167 1496 3298 1550 Post
3333 1493 3450 1547 haec
3487 1506 3597 1543 uno
3628 1489 3817 1541 vivens

2225 1600 2418 1664 lustro,
2451 1605 2804 1665 consumptus
2837 1591 2990 1648 senio
3034 1589 3308 1645 hominem
3354 1583 3504 1640 exuit
3550 1581 3605 1635 in
3657 1577 3816 1633 Clu-i-

1267 1671 1425 1762 ﬁliam
1450 1687 1585 1762 fecit
1640 1671 2034 1762 No’rthmtmn'os
2073 1684 2120 1726 et
2154 1694 2163 1752 1

2247 1704 2348 1759 ito,
2385 1691 2470 1747 cui
2500 1698 2586 1746 est
2615 1689 2790 1744 honor
2819 1694 2874 1741 et
2908 1683 3080 1756 gloria
3129 1682 3182 1735 in
3227 1677 3424 1734 saecula
3468 1671 3814 1729 saeculorum.

2234 1788 2425 1844 Amen.

1240 2033 3815 2106 _________________;___.___———-—-'-——-—-——---

1106 2223 1836 2352 HlSTORI/E
1923 2201 3240 2336 NORTHMANNORUM

1710 2441 2070 2532 LIBER
2120 2430 2697 2526 TERTIUS.

1561 2618 1630 2676 De
1658 2614 1885 2672 secundo
1913 2610 2045 2666 duce
2071 2579 2339 2665 Witletino
2369 2602 2482 2672 ﬁlio
2511 2599 2770 2656 Rationis.

1068 2892 1294 2954 CAPUT
1333 2882 1621 2943 PRIMUM.

557 3031 632 3086 De
660 3029 922 3081 honestate
951 3026 1156 3069 marum
1188 3002 1445 3086 _W_illelpti
1474 2999 1729 3086 d‘ucislhet

954 3062 1197 3152 limat
1245 3079 1316 3152 in_
1339 3071 1560 3152 circuitu
1600 3062 1844 3152 dilataret
1869 3062 2138 3152 Διιενιηξγιὲο

1015 3132 1350 3222 ξιτᾲιλοτηράο
1375 3139 1759 3222 Berengerium.
1775 3144 1822 3215 et
1851 3132 2116 3186 Alaunum

628 3205 1165 3294 iiiiib'ﬁzltféédaés,
1197 3219 1294 3272 sibi
1324 3205 1626 3268 rebellantes
1649 3205 1852 3259 devicit.

624 3291 793 3402 igitur
815 3323 952 3377 duce
985 3315 1223 3370 Roberto
1243 3305 1424 3362 carnis
1454 3301 1522 3355 ab
1542 3304 1710 3401 onere
1737 3293 1855 3402 iam
1888 3291 2139 3402 liberato,

557 3384 863 3480 Willelmus
893 3413 1034 3468 [ilius
1054 3403 1170 3475 ejus
1207 3399 1371 3456 totius
1405 3389 1779 3449 monarchiam
1810 3384 2144 3440 Nortbman-

562 3517 667 3573 niei
692 3515 918 3568 ducatus
940 3499 1120 3572 sagaci
1140 3489 1505 3550 moderamine
1532 3497 1742 3554 regens,
1773 3477 2145 3534 inconvulsam

561 3569 782 3666 tibristo
806 3601 917 3671 regi
948 3569 1106 3651 fidem
1133 3599 1352 3646 servare
1376 3579 1540 3636 corde
1569 3576 1816 3630 ultronea
1845 3569 2143 3640 satagebat.

563 3703 696 3756 Erat
716 3661 912 3766 quippe
948 3695 1156 3744 statura
1181 3689 1462 3750 procerus,
1489 3669 1636 3723 vultu
1665 3666 1916 3728 decorus,
1945 3661 2150 3716 mieano

565 3794 712 3848 tibus
735 3753 926 3850 oculis,
972 3784 1283 3832 mansuetus
1310 3761 1605 3826 benevolis,
1633 3757 1786 3828 quasi
1811 3755 1893 3810 leo
1917 3753 2151 3809 inimicis

571 3845 846 3941 terribilis,
875 3845 930 3929 et
963 3878 1022 3925 ut
1065 3867 1216 3938 gigas
1249 3860 1403 3916 fortis
1449 3857 1500 3910 in
1532 3852 1756 3923 praeliis,
1786 3846 2047 3903 terminos
2069 3845 2152 3900 s~.ni

569 3982 798 4035 ducatus
824 3986 920 4043 per
954 3963 1242 4022 circuitmn
1297 3955 1523 4010 dilatare
1563 3965 1667 4005 non
1710 3947 1992 4002 desistens.
2024 3941 2156 4010 Qua:

571 4088 658 4126 res
705 4063 1000 4124 invasionis
1037 4065 1092 4113 et
1141 4052 1380 4108 audaci-a-
1420 4047 1753 4101 l’raneorum
1808 4039 2153 4110 proceribus,

543 4163 676 4218 odii
706 4169 761 4217 et
787 4156 999 4213 invidiae
1032 4148 1269 4206 fomitem
1299 4137 1644 4197 ministravit.
1669 4134 1780 4189 Sub
1813 4133 2002 4186 eadem
2027 4146 2158 4185 sane

2153 2853 2204 2918 (ἶ
2295 2866 2622 2923 nobilissima
2666 2862 2841 2935 puclla
2869 2863 3038 2932 ﬁlium
3070 2871 3250 2935 nulum
3286 2861 3428 2929 apud
3483 2857 3832 2935 Fiseannum,

2311 2956 2463 3010 quem
2489 2932 2806 2990 Richardum
2820 2935 2985 3005 jussit
3008 2936 3060 2988 iu
3090 2933 3397 3002 baptismate
3425 2932 3624 2984 vocari.

2315 3050 2409 3105 His
2433 3050 2508 3105 ita
2537 3047 2783 3113 devictis,
2808 3045 3022 3101 diabolo
3052 3045 3293 3116 agitante
3315 3043 3626 3114 iniquorum
3652 3058 3838 3114 quam-

2246 3144 2449 3217 plures,
2492 3142 2687 3196 iterum
2741 3137 3002 3194 intestina
3063 3135 3325 3191 adversus
3379 3149 3504 3190 eum
3555 3134 3840 3203 insurgunt

2248 3235 2546 3292 molimina.
2593 3230 2729 3286 Nam
2759 3230 2980 3300 quidam
3029 3227 3240 3284 Riulfus
3278 3227 3520 3298 perfidia:
3547 3240 3841 3282 succensus

2248 3327 2426 3392 furiis,
2472 3323 2722 3397 plurimis
2748 3338 2957 3378 veneno
2982 3320 3250 3376 discordia
3292 3318 3531 3383 infectis,
3566 3332 3722 3373 arma
3755 3332 3840 3370 ar-

2248 3421 2474 3492 ripiens,
2499 3433 2530 3473 a
2552 3433 2717 3490 regno
2743 3419 2970 3473 adorsus
2997 3426 3082 3472 est
3102 3431 3224 3472 eum
3249 3414 3490 3470 funditus
3515 3412 3843 3475 extrudere;

2252 3514 2390 3570 adeo
2429 3523 2488 3568 ut
2519 3514 2881 3583 undequaque
2921 3509 3146 3566 collecta
3194 3509 3439 3563 virorum
3477 3503 3846 3566 multitudine,

2251 3606 2399 3662 circa
2428 3603 2883 3674 Rothomagensis
2909 3602 3147 3658 civitatis
3169 3599 3476 3656 suburbana
3510 3605 3848 3651 transmeato

2253 3699 2520 3770 Sequanae
2571 3697 2724 3752 alveo
2775 3695 3111 3752 obsidionem
3152 3700 3527 3762 componeret,
3580 3697 3850 3757 quatenus

2255 3791 2448 3847 ducem
2486 3790 2554 3844 ab
2588 3805 2650 3843 ea
2677 3787 3021 3858 propelleret,
3055 3793 3149 3839 aut
3186 3792 3403 3853 captum
3432 3780 3687 3850 nequiter
3714 3779 3850 3849 peri-

2255 3883 2450 3946 meret,
2499 3877 2892 3935 Nortbmannia
2943 3875 3044 3931 sibi
3076 3873 3368 3930 vindicata.
3418 3871 3623 3926 Videns
3674 3871 3852 3938 itaque

2257 3973 2364 4027 dux
2406 3985 2468 4025 se
2514 3985 2544 4024 a
2591 3971 2705 4026 suis
2755 3969 2835 4025 sic
2883 3967 3194 4030 obsessum,
3226 3962 3545 4020 multirnode
3600 3958 3851 4016 meditari

2259 4063 2446 4134 erepit,
2479 4077 2583 4133 qua
2620 4062 2707 4117 via
2739 4077 2850 4117 suae
2877 4058 3186 4116 consuleret
3221 4056 3379 4113 saluti
3431 4063 3597 4124 atque
3636 4052 3850 4115 honori,

2261 4163 2316 4209 et
2352 4153 2550 4208 milites
2591 4167 2717 4208 suos
2754 4169 2784 4205 a
2824 4159 2933 4206 tam
2983 4148 3175 4204 audaci
3223 4146 3648 4216 conspirationis
3705 4156 3849 4199 metu

573 4228 888 4326 tempestate
933 4238 1289 4312 Berengerius
1329 4244 1384 4288 et
1427 4232 1668 4286 Alannus
1700 4227 1969 4288 Britones,
1999 4239 2028 4276 a
2075 4231 2158 4278 te-

2261 4243 2558 4299 cohiberet.
2583 4242 2662 4296 Ad
2691 4250 3013 4303 extremum,
3042 4255 3069 4294 a
3100 4238 3333 4309 quodam
3358 4205 3628 4292 'Bolhoue
3655 4251 3852 4307 procu-

573 4314 703 4404 nere
738 4342 860 4398 fidei
904 4350 1066 4409 quam
1095 4346 1216 4387 cum
1256 4343 1320 4383 eo
1360 4323 1675 4396 pepigerant
1714 4316 2056 4378 dissidentes,
2089 4314 2158 4368 ab

575 4440 690 4506 ejus
711 4407 950 4490 demittio
972 4419 1354 4496 praesumptivo
1375 4429 1509 4468 ausu
1535 4412 1716 4466 conati
1733 4418 1857 4463 sunt
1882 4407 2164 4469 recedere,

578 4530 686 4598 regi
720 4525 1055 4580 Francorum
1089 4515 1316 4572 ulterius
1355 4515 1703 4581 disponentes
1735 4509 1992 4564 militare.
2020 4507 2164 4574 Qun-

579 4639 698 4676 rum
737 4616 1098 4673 temeritatem
1121 4611 1225 4665 dux
1256 4607 1510 4662 festinato
1536 4607 1736 4673 impetu
1777 4602 2160 4672 comprimens,

579 4711 913 4768 Britanniam
942 4705 1124 4760 tandiu
1163 4701 1341 4756 hostili
1381 4699 1725 4768 expeditione
1749 4696 2001 4759 vastavit,
2044 4695 2162 4764 plu—

582 4804 828 4870 rimaque
873 4813 1059 4852 eorum
1122 4791 1410 4861 municipia
1461 4789 1766 4852 subvertit,
1815 4786 2167 4856 quoadusque

583 4894 852 4950 Alannum
877 4890 1042 4943 totius
1078 4886 1330 4956 nequitia:
1357 4886 1687 4938 incentorem
1710 4898 1739 4936 a
1777 4894 1940 4951 regno
1978 4889 2167 4934 extur-

585 4986 740 5040 baret
767 4992 820 5036 et
843 4979 1046 5050 Anglos
1073 4979 1223 5031 adire
1269 4975 1638 5046 compelleret,
1692 4972 2018 5042 Berengerio
2064 4969 2168 5026 sibi

588 5075 881 5129 clementer
907 5067 1273 5124 reconciliato.

1213 5177 1439 5233 CAPUT
1468 5176 1533 5232 ll.

1193 5265 1376 5290 7-...L.-.
1394 5284 1584 5290 ._--.--..-.

991 5269 1123 5290 91-.--
1167 5265 1376 5290 λτ-..ιΙ..-.
1394 5284 1584 5290 ._--.--..-.
1688 5267 1810 5290 J-.--
1841 5263 2014 5290 7):..If.
2053 5280 2146 5290 μμ...

2265 4346 2445 4391 ratore
2469 4349 2567 4390 suo
2597 4333 2912 4389 indecenter
2937 4331 3221 4386 lacessitus
3266 4330 3548 4393 conviciis,
3586 4343 3743 4383 arma
3770 4343 3854 4383 su-

2266 4427 2364 4481 mit
2400 4433 2455 4481 et
2491 4440 2613 4480 eum
2647 4424 2900 4480 trecentis
2962 4422 3204 4477 loricatis
3259 4420 3522 4475 militibus
3564 4420 3856 4474 temeraria

2267 4528 2448 4576 castra
2486 4518 2815 4586 irrumpens,
2869 4515 3162 4570 maximam
3215 4529 3404 4569 eorum
3457 4511 3855 4566 multitudinem

2268 4613 2457 4684 gladiis
2506 4619 2834 4681 prostratam
2899 4622 3028 4664 orco
3089 4606 3419 4670 transmisit,
3471 4603 3720 4673 aliosque
3768 4617 3859 4671 per

2269 4707 2483 4761 diversa
2517 4703 2772 4758 silvarmn
2797 4702 2964 4756 lustra
3005 4715 3064 4755 se
3090 4698 3427 4754 occultantes
3451 4697 3503 4752 in
3536 4695 3720 4768 fugam
3743 4710 3860 4750 vcr-

2272 4799 2356 4854 tit.
2389 4794 2603 4850 Biull‘us
2638 4807 2816 4848 autem
2853 4791 3282 4847 commilitonum
3316 4787 3512 4843 fiducia
3545 4787 3858 4848 destitutus,

2273 4890 2417 4945 inter
2439 4885 2694 4958 profugos
2723 4885 3065 4948 delitescens,
3099 4881 3238 4952 fuga:
3260 4879 3500 4935 subsidio
3523 4878 3716 4933 evasit.
3750 4878 3863 4931 Dux

2273 4996 2424 5052 ergo,
2463 4977 2760 5051 proﬂigatis
2801 4975 3055 5040 inimicis,
3095 4988 3318 5028 suorum
3359 4985 3652 5026 recensens
3677 4984 3865 5024 nume-

2276 5088 2415 5138 rum,
2455 5071 2658 5138 reperit
2695 5083 2760 5121 ex
2794 5065 2873 5120 eis
2903 5063 3176 5119 interiisse
3203 5060 3430 5116 nullum.
3463 5060 3641 5114 Locus
3679 5059 3733 5112 in
3763 5071 3866 5127 quo

2277 5166 2380 5220 fuit
2415 5163 2502 5217 hie
2539 5160 2839 5222 conﬂictus,
2886 5160 3145 5213 hactenus
3173 5152 3555 5209 Pratum-belli
3592 5163 3867 5217 nuncupa-

2281 5264 2368 5290 ιηρ
2420 5253 2688 5290 Rana-necti
2718 5265 2782 5290 an
2812 5250 2975 5290 iailnr
2997 5249 3061 5290 rip.
3083 5245 3285 5290 nrmlin.
3309 5259 3337 5290 ιι
3362 5243 3615 5290 nrmfecto
3641 5240 3866 5290 Fisean-
