4040 5298
227 360 332 415 805

801 349 1150 407 HISTORIA:
1188 340 1827 404 NORTIIMANNORL'M
1867 339 2043 394 LIBRI
2071 339 2272 395 OCTO.
2307 368 2369 378 --
2411 337 2609 393 LIIII-III
2637 336 2955 393 TERTIUS.

3383 338 3488 393 806

230 473 508 526 mandavit
543 469 796 539 dirigere,
828 477 883 519 ut
914 482 1006 535 per
1029 465 1193 534 ipsius
1224 476 1414 516 manus
1449 472 1605 513 sacro
1641 457 1804 512 lotutu
1837 463 1881 522 Λ
1913 475 2103 530 πηνα
2134 475 2389 530 adversus
2409 489 2530 529 cum
2571 474 2879 543 conspirant
2899 512 2912 535 ν
2947 469 3228 526 τῃυιίεηιεε
3257 486 3285 525 a
3315 473 3495 544 regnis

230 563 396 626 ionte,
427 562 646 632 preprio
683 558 896 612 nomine
924 562 1140 609 vocaret
1172 568 1296 607 eum
1325 551 1679 605 lticbardum.
1704 549 1814 603 Cu-

223 654 311 722 jus
331 653 485 721 jussa
519 650 711 722 praesul
739 658 1016 718 gratanter
1043 645 1339 715 complens,
1392 656 1616 712 puerum
1661 640 1809 694 chri-

228 756 398 800 amate
421 745 719 800 delibutum
738 741 1062 796 Fiscannum
1097 736 1320 792 remittit
1344 733 1708 789 nutriendum.

854 871 1079 929 CAPUT
1103 870 1182 926 III.

229 969 381 1035 Quod
409 969 560 1023 niulti
595 969 803 1022 comites
825 979 870 1022 et
900 969 1054 1020 duces
1081 976 1374 1018 exterarum
1403 963 1808 1035 regionum,ex-

298 1043 388 1094 citi
418 1041 563 1108 [uina
615 1039 857 1092 bonitatis
884 1048 938 1110 ret
978 1037 1179 1110 virtutis
1227 1035 1362 1104 ejus,
1416 1034 1809 1110 frequentabant

297 1100 502 1163 curiam
533 1111 647 1174 ejus
673 1117 719 1160 et
747 1109 972 1162 maxime
1016 1105 1170 1174 [Iugo
1194 1100 1412 1171 magnus
1433 1100 1808 1174 du.T:_l"r_llItCOO

253 1233 261 1242 ,
299 1196 440 1242 rum,
472 1188 520 1231 et
554 1170 844 1231 Willetmus
865 1192 1034 1231 comes
1071 1170 1426 1236 P'ictavorum,
1453 1183 1497 1224 et
1528 1170 1808 1222 llerbertns

307 1241 784 1318 Ij'iromendorum,
820 1262 1047 1318 quorum
1089 1243 1651 1318 Willelm_us__sororem
1695 1241 1808 1308 ejus

296 1317 487 1389 Ge‘roc
512 1317 608 1370 sibi
631 1309 902 1389 conjugém
927 1316 1069 1384 petiit
1080 1323 1126 1389 et
1150 1309 1672 1389 accepituﬂerbertus
1694 1326 1809 1389 vero

297 1388 465 1456 ﬁlium
492 1402 643 1439 suam
668 1381 878 1443 nariam
902 1381 1142 1454 [lagonis
1168 1383 1347 1451 Magni
1377 1381 1473 1450 ipsi
1504 1394 1600 1448 per
1628 1381 1811 1449 conju—

299 1461 443 1527 gium
474 1457 711 1509 sociavit.

299 1566 599 1635 Triumpho
646 1565 713 1618 de
764 1562 1051 1617 rebellibus
1105 1564 1306 1633 potitus
1344 1560 1449 1616 dux
1497 1559 1808 1629 conspicuo,

229 1665 390 1727 atque
413 1655 621 1710 viribus
641 1653 1045 1718 convalescens,
1072 1670 1166 1722 per
1182 1666 1396 1709 exteras
1415 1653 1660 1707 nationes
1683 1650 1815 1705 mul-

232 1747 430 1802 timode
467 1745 631 1815 ccepit
654 1744 973 1815 prmelaram
1011 1761 1230 1800 suarum
1267 1746 1524 1799 virtutum
1556 1758 1810 1813 spargere

231 1839 456 1904 famam,
511 1839 565 1892 in
605 1846 814 1892 tantum
864 1845 924 1890 ut
972 1851 1039 1891 ex
1067 1837 1296 1892 diversis
1342 1837 1524 1891 mundi
1565 1836 1807 1904 partibus
1838 1816 1883 1876 Β

227 1931 458 1985 comites
479 1937 534 1984 et
557 1943 806 1998 proceres
828 1942 1116 2000 regnorum
1147 1928 1287 1983 illius
1311 1928 1522 1983 curiam
1556 1929 1808 1997 frequen-

231 2030 424 2086 tantes,
481 2019 666 2074 multis
711 2021 981 2076 munerati
1026 2020 1201 2084 donis,
1240 2022 1398 2075 sedes
1428 2035 1554 2075 suas
1585 2029 1812 2075 ovantes

229 2119 560 2180 repeterent.
601 2110 806 2177 Quibus
845 2124 1070 2165 summa}
1121 2111 1470 2180 ingenuitatis
1507 2110 1816 2166 rumoribus

231 2200 380 2270 litigo
404 2203 514 2256 dux
533 2201 867 2255 Francorum
887 2210 942 2256 et
964 2199 1265 2256 Willehnus
1277 2215 1458 2256 comes
1481 2199 1816 2256 Pictavensis

231 2306 294 2344 ae
319 2290 616 2346 Ilerbertus
658 2291 904 2356 excitati,
935 2305 1059 2345 cum
1088 2292 1228 2362 apud
1263 2291 1459 2346 Leonis
1497 2291 1688 2346 silvam
1716 2303 1814 2361 pe-

235 2380 516 2434 tulantiutn
564 2394 848 2434 cervorum
892 2380 946 2434 in
992 2390 1190 2435 venatu
1239 2381 1621 2436 exercitiorum
1676 2379 1818 2436 ludis

232 2471 528 2535 insudaret,
566 2471 633 2525 ad
678 2485 800 2524 eum
838 2470 1061 2525 veniunt
1105 2472 1221 2542 ejus
1249 2471 1546 2526 commodis
1593 2485 1818 2542 congra-

235 2561 490 2615 tulantes.
513 2559 660 2627 Quos
687 2561 776 2616 ille
798 2577 921 2616 cum
966 2577 1159 2633 magno
1187 2572 1498 2632 sumptuum
1553 2573 1817 2632 apparatu

235 2652 551 2719 suscipiens,
577 2651 643 2706 de
667 2651 1034 2721 compluribus
1051 2650 1390 2706 saecularium
1422 2667 1604 2706 rerum
1637 2652 1818 2722 dispo-

233 2744 522 2798 sitionibus
580 2742 891 2812 frequenter
963 2758 1087 2799 cum
1143 2745 1224 2800 eis
1275 2745 1601 2816 disputabat.
1671 2746 1818 2799 Inter

234 2849 368 2903 quos
408 2845 745 2890 secretorum
801 2845 1086 2901 tractatus,
1140 2836 1442 2892 Willelmus
1483 2835 1819 2891 Pictaveusis

235 2941 417 2981 comes
439 2941 683 2981 sororem
708 2927 843 2997 ejus,
872 2928 1090 2982 nomine
1109 2926 1322 2993 Gelroc,
1347 2929 1527 2998 petiit,
1552 2938 1818 2998 quatenus

237 3019 475 3072 maritali
511 3019 628 3089 lege
662 3019 806 3074 illius
853 3022 1123 3076 connubio
1157 3022 1493 3092 jungeretur.
1533 3019 1697 3090 Cujus
1725 3034 1817 3089 pe-

237 3111 472 3164 rorantis
509 3120 785 3180 gratanter
833 3111 1018 3168 [metis
1061 3112 1222 3180 votis,
1263 3113 1514 3168 consultu
1577 3111 1816 3182 llngonis

236 3197 411 3272 Magni
449 3201 734 3273 descriptis
785 3203 1124 3272 sponsalibus
1172 3211 1226 3259 et
1266 3203 1551 3260 celebratis
1595 3205 1814 3274 nuptiis,

237 3307 358 3347 cum
385 3293 571 3348 multis
601 3291 775 3348 xeniis
801 3294 1123 3364 gaudentem
1144 3293 1295 3348 illum
1317 3295 1386 3350 ad
1415 3295 1632 3364 propria
1658 3295 1818 3349 remi-

237 3387 328 3441 sit.
355 3386 670 3443 Obleetatus
695 3389 927 3460 denique
956 3389 1250 3444 llerbertus
1281 3404 1444 3458 super
1470 3389 1572 3444 bac
1604 3390 1818 3459 nuptiao

239 3495 354 3534 rum
382 3480 578 3536 festina
612 3491 669 3537 et
695 3483 1001 3552 magniﬁcia
1050 3483 1340 3548 hilaritate,
1371 3483 1596 3552 cupiens
1623 3493 1677 3538 et
1704 3484 1820 3560 ipse.

238 3573 413 3641 magni
445 3587 510 3627 ac
537 3571 774 3629 liberalis
813 3573 912 3628 \iri
943 3573 1203 3630 alliuitate
1239 3589 1394 3630 suum
1439 3585 1494 3629 et
1536 3589 1730 3629 nomen
1763 3583 1817 3629 et

239 3661 608 3730 posteritatem
637 3677 960 3734 propagare,
985 3666 1306 3720 adhortante
1337 3664 1560 3735 llugone
1599 3665 1813 3736 Magno,

241 3755 402 3808 tiliam
434 3771 588 3810 suam
614 3757 664 3811 ei
693 3757 927 3812 donavit.
956 3756 1130 3824 Quam
1159 3773 1190 3812 a
1223 3767 1448 3830 paterna
1499 3757 1658 3813 domo
1685 3759 1818 3813 sub?

240 3843 423 3912 Latum,
475 3863 597 3902 cum
645 3850 928 3904 innumera
979 3852 1211 3906 militum
1258 3867 1416 3906 manu
1450 3852 1589 3906 idem
1622 3851 1817 3906 North-

240 3951 558 3994 niannorum
597 3942 706 3995 dux
757 3941 1284 4014 Rothomagensibus
1341 3944 1524 4000 intulit
1578 3947 1814 4001 arcibus.

848 4092 1071 4152 CAPUT
1116 4096 1206 4151 IV.

244 4181 514 4245 Quomodo
545 4197 727 4254 rogatu
749 4182 1016 4258 _Elstufmi
1073 4189 1205 4257 regis
1255 4187 1564 4258 Anglorum,
1595 4187 1817 4241 restituit

312 4269 525 4327 paterno
558 4272 710 4324 regno
737 4254 1078 4320 Ludovicum,
1101 4254 1354 4327 eumque,
1369 4259 1572 4325 favente
1597 4258 1818 4327 Magone

313 4324 505 4391 Magno
530 4341 644 4376 cum
671 4327 921 4394 episcopis
952 4339 998 4380 et
1022 4324 1240 4380 ca'teris'
1264 4324 1595 4380 Francorum
1623 4324 1818 4396 primo-

311 4399 475 4467 ribus,
513 4408 690 4446 sancto
727 4399 1005 4467 inunctum
1047 4399 1156 4449 oleo
1187 4398 1480 4450 diademate
1521 4404 1656 4467 regio
1685 4399 1816 4451 insi-

309 4466 463 4530 gitit‘it
480 4481 497 4527 ;
524 4475 568 4515 et
595 4466 732 4533 quod
758 4465 974 4528 Franci,
1001 4477 1114 4534 post
1136 4469 1540 4537 quinquennium
1557 4465 1743 4520 tierunt
1760 4470 1816 4522 in

1914 567 2062 621 illurn
2094 566 2313 636 pellere.

2535 697 2762 753 CAPUT
2813 699 2872 752 V.

1915 787 2186 854 Quomodo
2240 789 2532 843 Ludovicus
2588 791 2888 842 necessitate
2937 790 3254 854 compulsus,
3319 793 3496 848 volens

1986 863 2117 912 inire
2143 860 2310 927 {Ledus
2347 860 2590 920 amicitite
2620 875 2734 910 cum
2777 859 3007 912 llenrico
3045 859 3494 917 Trans-Rhemum

1987 945 2122 998 rege,
2149 930 2332 998 noluit
2353 930 2518 982 eidem
2560 945 2650 982 rea:
2693 934 3048 998 acquiescere,
3083 932 3183 983 nisi
3237 935 3496 988 mediante

1987 997 2250 1051 Willelmo
2281 997 2333 1049 Ν
2339 998 2768 1051 ortlnnannorum
2803 1001 3119 1054 marchione.
3149 999 3296 1055 Unde
3315 1002 3491 1057 Ludo-

1987 1071 2126 1120 vicus
2167 1069 2374 1143 ducem
2423 1070 2720 1143 suppliciter
2751 1082 3132 1143 expetens,_per
3160 1071 3328 1139 ipsum
3353 1075 3492 1143 quod

1984 1138 2242 1213 qutrrelint
2273 1138 2438 1206 [trdus
2471 1150 2516 1190 et
2550 1137 2807 1191 auxilium
2837 1141 2975 1207 apud
3009 1137 3292 1194 lienricum
3325 1137 3493 1213 regem

1991 1209 2234 1261 obtinuit.

1968 1319 2502 1389 Quicoactuscorum
2536 1318 2897 1388 improbitate,
2931 1319 3162 1378 llenrico
3197 1322 3496 1381 Transrhe-

1912 1427 2051 1468 nano
2067 1411 2207 1478 regis
2221 1411 2441 1464 nuntios
2465 1411 2648 1476 mittit,
2668 1413 2930 1467 mandans
2947 1415 2998 1467 in
3015 1415 3281 1485 colloquio
3293 1433 3414 1472 cum
3427 1434 3493 1474 eo

1914 1503 2154 1572 qumdam
2192 1501 2441 1557 conferre
2468 1502 2625 1567 velle,
2656 1512 2981 1573 pactumque
3001 1507 3359 1562 amicitiarum
3385 1521 3494 1563 sta.

1912 1595 2016 1649 bile
2043 1594 2278 1649 ﬁrmare.
2306 1594 2511 1660 Quibus
2543 1610 2637 1648 rex
2679 1597 2961 1665 respondit
2983 1612 3042 1652 se
3074 1599 3218 1654 nullo
3246 1603 3404 1657 modo
3427 1603 3495 1656 ad

1912 1686 2015 1741 hoc
2036 1685 2210 1741 ftedus
2234 1687 2522 1740 ineundum
2547 1687 2914 1756 acquiescere,
2950 1689 3051 1743 nisi
3071 1689 3325 1746 Willelmi
3344 1693 3498 1749 ducis

1913 1776 2345 1847 apstipulatione.
2364 1777 2458 1831 llis
2476 1777 2780 1833 Ludovicus
2797 1793 2892 1848 per
2905 1778 3261 1836 internuntios
3274 1783 3494 1849 auditis,

1911 1864 2054 1920 illico
2070 1866 2259 1921 ducem
2274 1866 2604 1938 aggreditur,
2620 1869 2900 1923 adversum
2918 1869 3252 1925 Francorum
3269 1883 3496 1930 conatus

1911 1959 2168 2014 auxilium
2193 1960 2477 2029 petiturus.
2515 1957 2686 2025 Quem
2724 1961 2831 2014 dux
2867 1961 3179 2026 honoriﬁce,
3213 1972 3273 2017 ut
3316 1979 3496 2033 regem

1913 2049 2087 2114 decet,
2113 2050 2414 2120 excipiens,
2438 2050 2727 2120 sp0pondit
2746 2066 2804 2106 se
2835 2066 2933 2120 per
2969 2055 3149 2108 omnia
3167 2052 3425 2123 juvameu
3449 2057 3500 2111 ei

1911 2142 2262 2211 praibiturum
2291 2142 2426 2196 fore.
2473 2141 2718 2212 Insuper,
2776 2142 2828 2195 in
2879 2144 3148 2213 regalibus
3194 2145 3366 2214 epulis
3401 2146 3504 2200 ali-

1912 2233 2149 2301 quandiu
2181 2233 2477 2302 jucundum
2512 2242 2720 2302 tempus
2755 2233 2960 2301 pariter
2997 2245 3315 2306 exegerunt.
3355 2222 3501 2293 Pim-

1915 2324 2078 2379 misso
2103 2338 2316 2393 quoque
2347 2323 2612 2394 'I‘edgcrio
2642 2324 2812 2379 milite
2855 2325 2920 2378 ad
2955 2341 3136 2396 regem
3183 2326 3498 2394 Henricum,

1915 2415 1990 2471 illi
2031 2418 2188 2472 ambo
2236 2432 2359 2471 cum
2405 2433 2597 2486 inagna
2635 2417 2874 2471 exercitu
2918 2433 2948 2472 e
2976 2419 3201 2489 vestigio
3251 2421 3503 2490 expedite

1915 2517 2033 2577 post
2058 2524 2181 2562 eum
2213 2508 2629 2578 proﬁciscuntur
2647 2507 2712 2561 ad
2737 2508 3078 2577 colloquium,
3111 2509 3308 2564 additis
3337 2511 3499 2567 etiam

1915 2613 2016 2669 pro
2047 2600 2234 2655 eodem
2268 2601 2483 2669 negotio
2510 2598 2734 2668 llugone
2759 2600 2948 2670 Magno
2972 2611 3025 2655 et
3057 2601 3322 2658 Herberto
3352 2605 3502 2673 prin-

1915 2690 2124 2759 cipibus
2166 2689 2516 2745 Francorum.
2561 2688 2746 2760 Itaque
2776 2690 3076 2746 accelerate
3107 2692 3300 2749 itinere
3335 2709 3503 2764 super

1917 2779 2078 2834 Mosa:
2116 2779 2358 2844 ﬂuvium,
2383 2779 2435 2833 in
2471 2778 2590 2834 loco
2620 2779 2712 2848 qui
2749 2779 3022 2834 chsedus
3052 2792 3296 2848 vocatur,
3341 2784 3502 2838 ambo

1916 2884 2073 2939 reges
2096 2879 2492 2935 convenerunt;
2538 2869 2754 2925 llenrici
2807 2885 2873 2925 ex
2925 2887 3029 2925 una
3061 2872 3296 2928 ﬂuminis
3322 2885 3500 2945 parte,

1914 2957 2171 3015 Ludovici
2209 2976 2334 3016 vero
2360 2976 2423 3015 ex
2458 2961 2628 3014 altera
2667 2977 2699 3016 e
2725 2963 2944 3032 regione
2971 2965 3213 3019 exercitu
3245 2966 3503 3022 taberna-

1917 3047 2037 3103 cula
2079 3047 2293 3118 ﬁgente.
2328 3048 2468 3103 Inter
2497 3064 2633 3118 quos
2687 3047 2985 3106 Willelmus
3016 3061 3121 3106 tam
3154 3053 3504 3111 ﬁdelissimus

1846 3178 1889 3239 Ο
1919 3154 2078 3208 quam
2128 3139 2598 3209 prudentissimus,
2633 3141 2856 3194 consilia
2889 3152 2943 3197 et
2989 3143 3142 3198 utilia
3187 3154 3241 3200 et
3273 3146 3445 3201 IlOIItS
3472 3165 3501 3200 a

1920 3230 2149 3294 dictans,
2182 3230 2540 3283 amicitiarum
2571 3241 2812 3286 tenerent
2852 3242 3009 3302 prout
3031 3235 3313 3304 disposuit,
3344 3240 3503 3292 ambo

1920 3337 2075 3392 reges
2106 3323 2244 3376 inter
2294 3337 2353 3376 se
2405 3325 2761 3377 sacramentis
2819 3325 3229 3380 conﬁrmarunt.
3289 3329 3502 3384 Abhinc

1918 3413 2222 3468 Ludovicus
2234 3427 2354 3467 cum
2366 3414 2479 3468 suis
2505 3413 2606 3467 iter
2629 3424 2950 3470 convertens
2972 3415 3256 3471 Franciam
3284 3430 3468 3488 repetit
3483 3459 3498 3485 ,

1917 3516 1972 3562 et
2023 3507 2288 3562 maximas
2331 3509 2398 3562 de
2445 3508 2606 3561 rebus
2644 3515 2862 3562 strenue
2909 3510 3074 3578 gestis
3120 3511 3242 3565 duci
3297 3513 3502 3581 gratias

1916 3601 2046 3670 egit.

2533 3734 2761 3790 CAPLT
2791 3733 2874 3788 VI.

1919 3826 2192 3892 Quomodo
2216 3827 2324 3880 dua:
2355 3825 2676 3890 Willelmus,
2701 3825 2824 3877 dum
2852 3842 2881 3876 η
2905 3823 3383 3896 (οιΙοᾳαὶο’ξτεῃιιηι
3414 3843 3497 3880 re-

1989 3899 2144 3961 diret,
2186 3908 2370 3966 rogatu
2422 3896 2670 3950 Ludovici
2709 3896 2876 3963 ﬁlium
2913 3895 3026 3964 ejus
3053 3912 3119 3950 ea:
3165 3914 3316 3951 sacro
3359 3897 3502 3964 fonte

1989 3968 2129 4038 ttpttd
2154 3967 2468 4022 Lnudunum
2493 3967 2736 4035 suscepit,
2773 3966 2857 4018 cui
2883 3982 3067 4020 nomen
3099 3969 3400 4038 impositum
3424 3979 3501 4021 est

1987 4037 2292 4091 Lat/turias.
2383 4087 2386 4090 .

1988 4147 2332 4218 Regredienti
2362 4148 2525 4218 igitur
2553 4163 2582 4200 a
2628 4147 2895 4217 colloquio
2926 4147 3036 4218 regi
3076 4146 3285 4217 legatus
3315 4161 3504 4214 super-

1920 4249 2088 4305 venit,
2118 4249 2175 4293 et
2203 4255 2269 4296 ex
2303 4238 2574 4308 Gerberga
2605 4239 2836 4308 conjuge
2863 4239 2938 4291 illi
2969 4248 3155 4291 natura
3185 4254 3304 4291 esse
3333 4235 3502 4290 ﬁlium

1918 4333 2204 4387 nuntiavit.
2236 4331 2336 4398 Qui
2363 4331 2530 4388 nimio
2564 4331 2898 4384 exhilaratus
2919 4328 3134 4399 gaudio,
3167 4327 3498 4382 Willelmum

1918 4424 2110 4480 ducem
2138 4432 2326 4480 exorat
2354 4424 2610 4479 continuo
2641 4433 2698 4477 ut
2727 4438 2792 4477 ex
2831 4438 2986 4477 sacro
3021 4421 3169 4477 fonte
3194 4421 3502 4491 suscipiens

310 4514 882 4604 ipsimi,conipirantes,
912 4514 1078 4590 molriti
1105 4514 1226 4590 sunt
1253 4514 1369 4590 e'um
1396 4553 1429 4592 α
1457 4554 1610 4608 regno
1643 4540 1817 4607 expel-

1920 4516 2068 4570 illum
2105 4517 2326 4586 prOprio
2379 4517 2596 4571 noinine
2653 4526 2872 4581 vocaret
2910 4515 3250 4571 Lotharium.
3295 4514 3500 4581 Quibus

310 4609 436 4658 lere.

242 4742 243 4745 η
307 4714 738 4770 Audiensautem
759 4715 1062 4784 Elstannus,
1091 4734 1186 4774 rex
1214 4718 1530 4789 Anglorum,
1561 4728 1667 4775 tam
1701 4738 1817 4776 ma-

241 4807 490 4876 gniﬁcam
525 4809 708 4879 inc'qti
731 4809 883 4864 ducis
925 4809 1150 4878 famam,
1203 4827 1326 4866 cum
1356 4812 1596 4866 donariis
1633 4813 1814 4867 multis

241 4901 445 4970 legatos
474 4903 547 4956 illi
580 4905 767 4968 mittit,
823 4919 988 4959 orans
1015 4917 1073 4960 ut
1103 4905 1455 4973 Ludovicum,
1481 4922 1638 4962 suum
1668 4905 1814 4960 vide-

240 4993 364 5049 licet
391 5007 663 5066 nepotem,
689 4997 864 5051 Caroli
891 4999 1031 5069 regis
1053 4999 1239 5065 ﬁlium,
1281 5009 1506 5068 paterno
1532 5002 1817 5058 restituere

1922 4607 2102 4662 verbis
2131 4608 2238 4661 dux
2271 4606 2706 4677 congratulanter
2727 4607 2924 4661 aﬁectu
2937 4607 3336 4674 obtemperans,
3366 4605 3499 4660 Lau-

1921 4701 2122 4754 dunum
2138 4700 2520 4768 proﬁciscitur,
2545 4702 2812 4772 postulata
2837 4702 2993 4758 factis
3013 4701 3344 4770 expleturus.
3371 4702 3500 4769 Qui-

1922 4792 2020 4846 bus
2061 4792 2313 4863 regaliter
2339 4794 2570 4863 patratis
2618 4794 2870 4848 festinato
2920 4808 3173 4865 regressu
3213 4811 3336 4849 cum
3388 4796 3502 4850 suis

1920 4879 2375 4939 Northmannicos
2401 4884 2601 4940 limites
2622 4883 2843 4954 appetit.
2869 4885 3046 4956 Cujus
3059 4885 3349 4941 adventum
3373 4901 3502 4940 cun.

1918 4983 2038 5030 ctus
2053 4989 2392 5044 praenoscens
2404 4978 2578 5032 clerus
2590 4977 3062 5050 Rozhomagensis,
3081 4979 3146 5030 ad
3162 4988 3344 5048 portas
3354 4980 3504 5034 urbis

1921 5084 2040 5110 mum
2067 5067 2311 5110 Iandihnc
2339 5070 2596 5110 nrnnnccit
2626 5070 2842 5110 nIn’innn
2869 5073 2942 5110 illi
2987 5069 3199 5110 niuihnc
3229 5073 3506 5110 ιιινίηαηιιιι
