4040 5298
505 363 608 418 807
653 345 658 352 ’

1029 451 1032 454 ’
1095 463 1323 520 CAPUT
1377 462 1482 517 vn.

507 577 624 640 Qua
668 567 936 623 occasione
974 563 1083 616 dna:
1107 558 1402 639 Ii’iilclmiis
1448 560 1756 640 restauravit
1790 551 2078 602 cimonium

647 639 1070 696 Gennneticense,
1104 649 1133 684 a
1162 629 1384 699 paganis
1411 637 1563 678 tamen
1593 624 1934 675 destructum.

578 735 690 790 Sub
709 733 896 788 eodem
944 738 1204 795 tempore,
1239 723 1373 773 duos
1403 735 1430 770 a
1458 711 1874 770 Camheracensi
1924 708 2082 762 terri-

505 833 664 896 torio,
694 843 756 882 ex
803 823 922 879 villa
987 835 1106 888 qua:
1156 816 1393 882 llespera
1447 816 1702 866 vocatur,
1749 802 2080 863 monachos,

505 893 819 977 Ihilduinum
845 911 1093 967 videlicet
1119 917 1282 975 atque
1305 896 1651 958 Gtttuluinum
1676 895 1901 964 contigit
1923 893 2085 948 Gem—

504 1017 759 1071 ineticum
785 989 1051 1078 repetere.
1079 1001 1179 1068 Qui
1202 1007 1405 1052 vastam
1428 995 1530 1049 loci
1557 1005 1800 1046 eremum
1824 986 2082 1057 ingressi,

505 1123 625 1160 cum
657 1102 895 1159 maxime
930 1097 1113 1151 labore
1138 1105 1364 1151 terram,
1396 1094 1559 1157 prout
1593 1098 1751 1156 posse
1783 1088 1936 1146 erat,
1985 1093 2083 1131 ex-

503 1196 747 1266 stirpatis
777 1189 1081 1250 arboribus,
1097 1190 1380 1254 cmperunt
1397 1178 1762 1247 complauare,
1777 1189 1841 1227 ac
1863 1185 2084 1225 suarum

503 1287 776 1341 laboribus
802 1295 1059 1337 manuum
1097 1275 1236 1330 inibi
1267 1270 1541 1327 insudare.
1573 1267 1684 1320 Dux
1723 1279 1854 1319 vero
1879 1259 2086 1316 Willel-

506 1395 647 1437 nnis,
701 1376 826 1428 dum
874 1378 1106 1426 venatus
1158 1363 1331 1436 gratia
1385 1357 1775 1430 superveniens
1825 1355 1935 1408 illic
1990 1365 2085 1406 eos

507 1469 820 1540 repel-isset,
852 1457 1193 1534 percunctari
1232 1454 1398 1524 erepit
1421 1453 1490 1506 ab
1519 1450 1618 1514 eis,
1647 1448 1844 1517 quibus
1878 1444 1945 1499 ab
1977 1444 2086 1498 oris

507 1537 631 1617 illuc
660 1559 1046 1616 advenissent,
1087 1550 1169 1603 vel
1219 1563 1338 1618 quae
1390 1556 1495 1598 tam
1542 1541 1812 1612 prmeipua
1856 1537 2086 1593 aadificia

506 1655 705 1708 forent.
739 1649 858 1702 Mox
903 1644 1044 1699 servi
1095 1640 1184 1695 Dei
1227 1637 1430 1692 seriem
1477 1634 1551 1688 rei
1609 1648 1706 1702 per
1749 1631 1994 1686 ordinem
2035 1627 2086 1682 ei

511 1748 853 1804 detexeruut,
884 1734 1280 1791 rtcharitatcm
1311 1728 1465 1799 panis
1505 1723 1788 1780 hordeacei
1836 1731 1891 1776 et
1934 1732 2087 1788 aqum

1336 343 1676 401 \VII.LI£I..\II
1709 336 2001 397 CALCULI
2041 329 2600 391 CERIMi-ZTICI‘INSIS
2639 328 2940 387 MONXCIII

2113 459 2157 513 Α
2193 448 2533 504 Ih-itannieos
2580 447 2852 518 principes
2899 441 3131 506 ascivit,
3182 439 3460 510 animique
3503 439 3586 494 sui
3636 453 3770 493 con-

3657 323 3766 381 808

2186 539 2384 593 sultum
2412 536 2739 592 enucleatim
2769 534 2976 604 pandit.
3011 531 3177 601 Cujus
3199 532 3378 586 verbis
3409 530 3767 584 vehementer

2185 629 2494 700 stupefacti,
2530 627 2810 683 merebant
2846 625 2977 695 quid
3007 623 3430 693 reSpondereut,
3459 636 3569 690 pra:
3599 621 3769 675 nim’o

2185 731 2409 791 stupore
2457 719 2704 790 elingues
2745 716 2944 771 effecti.
2993 714 3128 770 Nam
3181 714 3373 783 spiritu
3419 713 3507 766 vix
3550 712 3767 766 tandem

2186 819 2484 880 resumpto,
2512 810 2562 863 in
2591 809 2728 862 hanc
2751 821 2939 861 vocem
2973 805 3579 876 queruliprorumpunt:
3610 822 3630 853 ι
3657 801 3772 857 Cur

2187 919 2306 964 nos,
2332 901 2679 958 serenissime
2705 897 2948 962 domine,
2974 907 3082 952 tam
3112 897 3391 966 repentine
3405 896 3668 950 dimittis?
3685 893 3770 948 vel

2187 993 2274 1046 cui
2309 991 2611 1045 dominium
2645 989 2875 1043 ducatus
2905 986 2982 1041 tui
3017 985 3350 1040 committis?
3377 1003 3395 1036 ι
3425 983 3634 1050 Quibus
3657 983 3768 1037 dux

2188 1086 2294 1138 ait:
2324 1104 2340 1135 ι
2366 1084 2460 1138 Est
2485 1081 2616 1136 mihi
2649 1081 2810 1150 filius,
2846 1079 3065 1134 nomine
3095 1078 3422 1133 Richardus.
3448 1076 3559 1132 Vos
3583 1087 3762 1134 autem

2189 1193 2320 1247 rogo
2337 1187 2416 1242 ut,
2432 1177 2474 1231 si
2490 1176 2706 1245 quando
2730 1174 2933 1228 amoris
2954 1171 3205 1226 affectum
3226 1187 3350 1242 erga
3377 1186 3462 1225 me
3479 1169 3766 1235 habuistis,

2189 1266 2321 1322 mihi
2373 1282 2518 1320 nunc
2555 1279 2710 1334 atque
2747 1264 2930 1318 animo
2972 1261 3586 1332 ostendatis,‘quateuus
3623 1260 3768 1313 illum

2187 1358 2305 1412 vice
2329 1357 2432 1410 mei
2459 1357 2612 1411 vobis
2634 1356 2973 1426 przeficiatis;
2997 1354 3120 1424 quia
3144 1353 3286 1423 quod
3316 1352 3424 1406 Deo
3445 1351 3566 1406 vovi
3595 1350 3767 1406 inevi-

2191 1451 2431 1506 tabiliter
2459 1465 2490 1503 a
2529 1463 2615 1502 me
2649 1448 3006 1517 complebitur
3041 1445 3218 1500 factis.
3259 1463 3277 1496 ι
3306 1442 3472 1512 Cujus
3505 1441 3772 1498 voluntati

2187 1544 2455 1597 obsistere
2483 1556 2588 1596 non
2613 1539 2876 1607 valentes,
2907 1539 2956 1593 ei
3002 1539 3251 1607 quamvis
3277 1537 3456 1592 mmsti
3488 1551 3770 1590 assensum

2188 1635 2556 1706 praebuerunt,
2608 1634 2661 1687 in
2711 1633 2796 1687 his
2829 1631 3146 1687 concordes.
3190 1631 3365 1684 Missis
3395 1645 3613 1700 quoque
3638 1645 3772 1684 nun-

2193 1729 2312 1794 tiis,
2363 1742 2586 1798 puerum
2619 1724 2947 1778 Richardum
2975 1738 3004 1780 a
3045 1721 3314 1776 Fiscanno
3355 1722 3638 1775 reductum
3671 1720 3775 1773 illis

505 1838 834 1894 obtulerunt.
865 1831 1038 1898 Quam
1069 1840 1189 1881 cum
1240 1837 1337 1892 pro
1387 1819 1598 1874 vilitate
1647 1817 1802 1886 panis
1841 1821 1897 1868 et
1933 1827 2084 1877 aqua:
2115 1855 2161 1914 Β
2191 1823 2434 1892 θιροηίι,
2483 1820 2581 1873 Cui
2655 1818 2967 1872 ﬁdelitatem
3030 1814 3387 1870 sacramentis
3433 1828 3606 1884 ριιοῃο
3661 1812 3774 1867 api.

509 1941 724 1984 stuuere
751 1920 1184 1991 contempsisset,
1217 1914 1410 1971 saltum
1451 1912 1760 1981 ingressus,
1792 1908 2084 1962 immanem

510 2037 701 2091 aprum
741 2017 974 2088 reperit,
1005 2026 1165 2082 quem
1215 2007 1406 2062 festiue
1437 2003 1644 2074 insequi
1677 2000 1860 2070 carpit.
1894 1999 2088 2060 Porro,

513 2131 642 2185 aper
693 2109 939 2166 molossis
989 2114 1108 2176 post
1163 2116 1286 2156 eum
1347 2096 1600 2153 admissis
1647 2109 1864 2149 cursum
1917 2100 2091 2146 retor-

510 2182 700 2276 quens,
731 2203 882 2256 hasta
911 2194 1160 2252 venabuli
1196 2192 1370 2247 fracta
1399 2187 1622 2260 prazpeti
1667 2187 1870 2254 impetu
1904 2183 1956 2237 in
1987 2182 2090 2236 du-

511 2275 629 2349 cem
653 2293 835 2356 irruit,
858 2302 1088 2358 eumque
1110 2293 1439 2356 prostratum
1462 2281 1818 2338 vehementer
1856 2275 2088 2330 attrivit.

509 2387 611 2455 Qui
656 2394 774 2457 post
815 2381 1114 2454 paululum,
1156 2391 1314 2430 sensu
1346 2382 1564 2443 recepto
1609 2386 1676 2426 ac
1707 2385 1838 2426 sana
1871 2377 2050 2423 mente
2075 2407 2088 2433 ,

513 2476 808 2531 monachos
829 2470 1044 2542 repetit,
1061 2477 1115 2521 et
1141 2465 1491 2528 charitatem,
1521 2476 1682 2531 quam
1706 2461 1922 2514 incaute
1947 2473 2096 2528 spre-

511 2575 694 2629 verat,
737 2564 804 2618 ab
851 2562 928 2616 eis
980 2557 1221 2627 recepit,
1249 2565 1306 2608 et
1335 2554 1510 2609 locum
1557 2567 1616 2606 se
1664 2559 2094 2606 restauraturum

514 2656 821 2729 spopondit.
872 2649 1135 2706 lminissis
1176 2661 1305 2716 ergo
1353 2641 1736 2706 auctionariis,
1790 2655 1910 2695 cum
1944 2655 1974 2692 a
2005 2652 2096 2692 ra-

513 2754 614 2807 mis
663 2759 718 2806 et
766 2747 1012 2803 sentibus
1062 2739 1344 2812 purgavit;
1404 2736 1700 2804 Sanctique
1749 2733 1916 2796 Petri,
1951 2731 2096 2802 quod

515 2841 904 2913 aliquantisper
935 2835 1218 2891 deciderat
1241 2872 1256 2896 ,
1309 2829 1701 2885 monasterium
1740 2825 2048 2881 resarciens
2076 2863 2094 2888 ,

516 2940 890 3004 competenter
925 2927 1082 2982 texit.
1111 2923 1422 2978 Claustrum
1453 2932 1584 2972 vero
1629 2925 1685 2971 et
1718 2915 1900 2970 omnia
1948 2927 2099 2967 rece-

516 3024 732 3098 ptacula
768 3018 1020 3082 munivit,
1049 3029 1114 3071 ac
1149 3030 1180 3069 a
1207 3013 1290 3069 sui
1328 3007 1704 3080 magnitudine
1727 3006 1970 3061 breviata
2003 3005 2096 3060 ha-

515 3115 754 3175 bitabilia
783 3110 1034 3168 reddidit.

1103 3194 1332 3256 CAPUT
1370 3193 1500 3248 VIII.

516 3301 594 3356 De
617 3297 891 3354 duodecim
938 3291 1215 3364 monachis
1254 3301 1371 3364 cum
1417 3287 1737 3364 suonbbate
1790 3283 2022 3364 Murrina
2056 3299 2090 3334 a

587 3371 816 3425 coenobio
848 3366 1030 3423 Sancti
1061 3359 1313 3433 Cypriani
1354 3359 1606 3433 sumptis,
1664 3373 1795 3433 quos
1827 3355 2092 3433 comitissa

589 3439 914 3496 Piclnccnsis
964 3425 1312 3502 sororuipsius
1362 3425 1514 3502 ducis
1553 3431 1598 3482 ei
1634 3425 1775 3502 :misit
1807 3425 2092 3502 secundum

588 3513 1082 3583 petitionemsunm,
1115 3497 1178 3557 ut'
1190 3519 1275 3557 eos
1299 3500 1600 3583 supradicto
1626 3498 1738 3583 leco
1761 3497 2092 3583 subrqgoret;

591 3565 635 3636 et
677 3581 936 3652 quomodo
967 3565 1077 3652 duae
1114 3565 1401 3652 monachus
1443 3570 1558 3652 ﬁeri
1585 3568 1766 3652 nolens
1803 3565 2094 3652 prohibitus

587 3635 660 3707 est
688 3635 766 3704 ἰώ
817 3651 928 3719 ipso
974 3649 1106 3699 abba
1133 3662 1190 3707 c;
1261 3656 1306 3698 et
1357 3635 1933 3719 defidelitatehquam.
1976 3635 2096 3719 fecit

592 3704 768 3794 iurare
837 3704 1230 3772 i’i’ortlununubs
1289 3726 1336 3769 et
1390 3704 1637 3769 Britones
1699 3704 1966 3763 Richardo
2031 3704 2095 3756 fi-

593 3799 660 3846 tio
699 3807 815 3844 suo.

592 3886 804 3938 Interea
834 3879 1040 3947 legatos
1081 3877 1318 3932 Pictavis
1351 3875 1524 3930 sorori
1563 3887 1671 3927 sua:
1701 3883 1862 3939 quam
1895 3863 2100 3922 Wilch-

523 3991 644 4031 mus
691 3986 872 4028 comes
922 3969 1024 4024 sibi
1077 3970 1130 4022 in
1165 3968 1524 4037 matrimonio
1549 3965 1839 4034 junxerat,
1891 3958 2098 4028 dirigit,

523 4064 784 4120 inundans
843 4068 903 4115 ut
948 4059 1243 4113 monachos
1290 4056 1366 4110 illi
1415 4055 1674 4116 mitteret,
1711 4065 1848 4121 quos
1872 4048 2100 4118 pra'l'ato

527 4159 646 4211 loco
669 4156 1016 4224 subrogaret.
1040 4151 1208 4206 Soror
1229 4160 1409 4204 autem
1438 4148 1554 4218 ejus
1586 4142 1832 4216 petitioni
1864 4139 2099 4212 gratauti

523 4250 705 4303 animo
731 4246 939 4308 favens,
965 4244 1179 4297 itineris
1205 4250 1454 4312 sumptus
1477 4237 1770 4302 ordinavit,
1793 4247 1847 4290 et
1873 4250 1948 4288 xu
1983 4248 2098 4286 mo-

523 4340 728 4393 llﬂt'hOS
771 4353 894 4392 cum
921 4335 1117 4389 abbate
1142 4348 1260 4396 suo,
1298 4332 1518 4386 nomine
1561 4330 1820 4389 Martino,
1871 4341 1900 4379 a
1925 4324 2100 4380 sancti

521 4431 774 4503 Cypriani
812 4427 1060 4484 cmuobio
1111 4427 1382 4491 sublatos,
1431 4423 1586 4478 fratri
1631 4421 1944 4478 destinavit.
1987 4418 2103 4473 Dux

526 4540 677 4587 vero,
717 4523 948 4576 adventu
983 4533 1168 4572 eorum
1199 4517 1360 4571 nimis
1401 4516 1755 4577 exhilaratus,
1786 4527 1880 4568 eos
1901 4511 2104 4565 Itotho-

2190 1929 2280 1969 mo
2334 1911 2546 1968 cunctis
2603 1909 2983 1972 firmantibus,
3040 1908 3148 1962 dux
3211 1905 3378 1961 totius
3440 1905 3775 1960 Northman-

2192 2004 2298 2060 nici
2349 2017 2444 2056 seu
2497 1999 2796 2055 Britannici
2853 1998 3081 2053 ducatus
3133 2006 3220 2051 est
3273 1995 3548 2067 praelatus.
3604 1994 3774 2060 Quem

2192 2095 2478 2163 confestim
2527 2105 2682 2164 pater
2725 2093 2952 2161 Bajoeas
2997 2092 3249 2153 mittens,
3297 2088 3525 2143 Botl.0ai
3575 2086 3779 2141 militia

2194 2204 2304 2245 sate
2363 2186 2595 2257 principi
2650 2185 2995 2240 nutriendum
3041 2181 3407 2246 tradidit;vut
3469 2179 3546 2232 ibi
3597 2177 3779 2248 lingua

2194 2279 2448 2334 eruditus
2469 2277 2688 2341 Danica,
2738 2275 2851 2330 suis
2891 2273 3210 2340 exterisque
3255 2268 3567 2324 hominibus
3609 2266 3781 2321 sciret

2196 2378 2383 2439 aperte
2413 2367 2544 2422 dare
2587 2380 2869 2436 responsa.
2902 2363 3026 2418 Haec
3074 2363 3139 2418 de
3185 2358 3638 2418 Gemmeticensis
3681 2357 3779 2412 loci

2200 2458 2658 2533 prretitulavimu's
2689 2459 2859 2513 relatu
2885 2499 2899 2521 ,
2931 2455 3218 2511 ostendere
3249 2453 3492 2508 volentes
3522 2461 3783 2521 quantam

2197 2551 2586 2617 devotionem,
2638 2565 2800 2619 quam
2856 2549 3004 2618 pium
3053 2545 3220 2601 animi
3273 2542 3612 2616 propositum
3670 2542 3779 2597 dux

2197 2644 2503 2702 Willclmus
2533 2642 2785 2699 habuerit
2809 2642 2957 2696 circa
2983 2653 3132 2695 euut.

2799 2749 3029 2808 CAPUT
3079 2748 3174 2805 IX.

2202 2846 2474 2914 Quomodo
2500 2842 2765 2898 Hero/dus
2789 2840 3142 2914 [Aigrofdus},
3164 2857 3256 2894 rex
3285 2839 3584 2914 partorum,
3611 2827 3782 2914 apud

2260 2935 2356 2971 suo
2383 2917 2558 2970 Sucno
2585 2916 2649 2966 de
2678 2905 2834 2984 regnbo
2863 2905 3076 2982 pulsus,
3104 2905 3261 2984 cum
3281 2911 3349 2984 60
3381 2911 3603 2984 navibus
3647 2905 3785 2960 Nor-

2271 2985 2596 3040 thmanniam
2645 2977 2923 3054 patienspa
2972 2984 3103 3054 duce
3136 2977 3396 3054 Wilkimd
3435 2997 3554 3054 cuni
3589 2981 3784 3054 honore

2274 3073 2504 3123 congruo
2540 3049 2808 3122 susceptus
2848 3062 2944 3118 est,
2988 3051 3373 3110 Constantieusi
3412 3051 3668 3105 cantitata
3714 3049 3793 3100 ad-

2269 3127 2575 3196 pra'sidmm
2607 3125 2653 3180 ei
2681 3127 2743 3177 ιώ
2781 3126 2893 3194 ipso
2923 3125 3052 3176 duce
3082 3139 3345 3176 concesso.

2271 3217 2480 3271 Interea
2531 3206 2667 3267 tanti
2715 3213 2976 3283 principis
3021 3209 3394 3279 fortitudinem
3428 3220 3482 3265 et
3524 3202 3803 3282 pietatem

2193 3309 2336 3364 fama
2367 3305 2740 3377 promulgante
2762 3346 2774 3370 ,
2821 3303 3120 3368 Heroidus,
3152 3317 3250 3357 rex
3273 3302 3576 3368 Danorum,
3615 3316 3644 3355 a
3676 3302 3782 3356 filio

2197 3415 2296 3456 suo
2317 3400 2498 3454 Sucno
2529 3398 2595 3452 de
2623 3413 2789 3468 regno
2821 3397 3029 3467 pulsus,
3069 3389 3192 3451 cum
3223 3393 3292 3449 60
3324 3394 3550 3450 navibus
3572 3405 3782 3448 armato

2198 3493 2370 3548 milite
2420 3491 2591 3561 plenis
2632 3479 3083 3544 Norihmanuiam
3131 3485 3358 3556 supplex
3416 3485 3570 3539 adiit.
3610 3485 3780 3552 Quem

2198 3597 2389 3656 potens
2433 3593 2488 3638 et
2536 3582 2780 3637 liberalis
2823 3581 2931 3635 dux
2971 3594 3095 3634 cum
3133 3579 3339 3632 honore
3368 3591 3616 3646 congruo
3650 3578 3782 3630 reci-

2197 3681 2388 3750 piens,
2420 3675 2891 3732 Constantiensem
2924 3673 3241 3728 comitatum
3281 3669 3330 3723 ei
3373 3669 3438 3722 ad
3470 3668 3782 3737 prmsidium

2199 3771 2504 3834 concessit,
2542 3769 2714 3822 donec
2753 3765 3038 3820 fabricatis
3071 3762 3298 3817 navibus
3323 3761 3626 3815 exercitum
3655 3761 3787 3812 und-

2203 3863 2495 3931 tiplicarct,
2524 3867 2578 3912 et
2620 3858 2879 3911 amissum
2909 3868 3031 3909 cum
3060 3852 3320 3906 validiore
3350 3851 3583 3904 militum
3626 3863 3787 3902 manu

2207 3960 2473 4022 repeteret
2501 3964 2744 4020 regnum.

2831 4035 3058 4093 CAPUT
3096 4035 3168 4090 X.

2214 4131 2490 4200 Quomodo
2523 4139 2631 4186 dum
2660 4129 2981 4195 II’ilfelmus,
3009 4123 3630 4200 compassuscn'anii;ati
3657 4123 3788 4176 "cr-

2276 4204 2409 4257 luiui
2457 4204 2661 4257 comitis
2691 4242 2705 4265 ,
2757 4212 2988 4253 castrum
3038 4197 3393 4251 monustcrioli
3439 4196 3503 4247 ab
3562 4197 3787 4261 Aruuifo

2285 4273 2598 4329 Flandrensi
2649 4273 2748 4325 sibi
2804 4269 3035 4322 ablatum
3079 4267 3346 4320 obsidione
3379 4266 3589 4334 cingens
3621 4268 3786 4334 cepit,

2284 4345 2520 4415 illudque
2553 4342 2810 4395 Herluino
2838 4340 3084 4392 reddidit.

2280 4435 2352 4490 Ea
2381 4442 2705 4505 tempestate
2749 4429 3012 4486 Arnulfus
3029 4427 3375 4484 Flandrensis
3397 4441 3603 4490 comes,
3630 4425 3788 4481 homo

2210 4533 2486 4588 versutus,
2517 4524 2656 4577 intra
2689 4522 2770 4576 sui
2798 4518 2939 4588 juris
2966 4518 3226 4572 terminos
3256 4516 3552 4586 cupiditate
3582 4515 3790 4570 illectus

525 4621 667 4688 magi
697 4635 817 4673 cum
851 4617 1089 4670 maximo
1118 4612 1317 4683 gaudio
1351 4610 1559 4680 recepit
1592 4618 1793 4664 etcum
1823 4608 1971 4662 omni
2003 4607 2104 4660 ho-
2134 4603 2183 4663 D
2213 4633 2318 4672 non
2349 4630 2408 4671 se
2451 4616 2640 4670 valens
2691 4614 2969 4677 cohibere,
2998 4611 3258 4681 plurimos
3291 4606 3341 4660 in
3377 4608 3558 4662 vicino
3585 4610 3790 4677 positus

527 4727 658 4765 nore
679 4751 692 4774 ,
721 4709 947 4762 militum
994 4707 1181 4761 cuneis
1229 4714 1413 4776 scptus
1436 4745 1450 4771 ,
1490 4702 1884 4758 Gemmeticum
1913 4699 2104 4764 duxit,

528 4802 819 4869 ahhatique
878 4799 1053 4853 locum
1120 4814 1242 4853 cum
1304 4805 1416 4850 tota
1471 4794 1593 4849 villa
1639 4792 1882 4853 tradidit,
1945 4806 2105 4859 quant

528 4895 596 4947 ub
631 4892 886 4946 alodariis
933 4907 1065 4945 auro
1106 4889 1354 4953 redemit,
1395 4897 1449 4942 et
1495 4902 1553 4942 se
1605 4886 1732 4939 inibi
1784 4883 2107 4938 monachum

459 5038 466 5047 ,
531 4985 645 5039 fieri
675 4994 804 5036 voto
831 4981 1112 5050 obligavit.
1155 4980 1306 5033 Votis
1341 4993 1558 5046 «pioque
1591 4974 1970 5037 satisfecisset,
2005 4971 2108 5026 nisi

529 5079 671 5130 idem
717 5074 884 5128 abbas
929 5075 1046 5142 ejus
1097 5070 1425 5125 auin‘iositati
1486 5068 1813 5126 obstitisset,
1856 5079 1920 5117 eo
1965 5061 2109 5133 quod

530 5167 670 5202 Ωὶὶιιρ
718 5164 834 5202 hinc
874 5162 1179 5202 Richard-Ie
1211 5161 1384 5202 adhuc
1414 5158 1671 5202 mmrnlns
1707 5164 1881 5202 esset.
1914 5168 2109 5202 verens

2208 4705 2352 4762 fastu
2403 4706 2716 4761 dominandi
2765 4705 2971 4760 studuit
3022 4700 3367 4757 conturbare.
3445 4697 3603 4752 Unde
3657 4699 3791 4753 inter

2209 4810 2411 4856 caetera
2444 4814 2556 4853 sua:
2583 4797 2839 4868 nequitia:
2881 4795 3184 4857 molimina,
3227 4789 3440 4846 cuidam
3470 4790 3662 4845 comiti
3693 4806 3788 4844 no-

2208 4890 2354 4944 mine
2385 4887 2644 4943 Herluino
2671 4885 3056 4956 gravissimum
3089 4883 3328 4939 inferens
3378 4883 3791 4943 detrimentum,

2208 4993 2447 5038 castrum
2474 4981 2615 5050 quod
2640 4977 3079 5034 Monasteriolum
3106 4986 3357 5042 vocatur,
3389 4976 3581 5030 fraude
3613 4975 3794 5030 abstu-

2215 5076 2295 5129 lit.
2329 5074 2430 5141 Qui
2461 5075 2528 5128 ab
2575 5072 2799 5142 Ilugone
2854 5069 3046 5138 Magno
3070 5109 3083 5132 ,
3135 5085 3232 5123 suo
3264 5070 3516 5124 videlicet
3553 5069 3809 5133 domino,‘

2215 5166 2478 5202 :nlu‘nnhl
2523 5164 2741 5202 nnniluc
2772 5161 3090 5202 ιίρςιίιιιιιις.
3142 5160 3353 5202 notandi
3401 5157 3585 5202 mnilii
3632 5171 3794 5202 02"”
