4040 5298
203 163 295 222 309
721 141 1068 209 HISTORIA}:
1111 150 1737 208 NORTIIIIANNORUM
1780 141 1958 207 LIBRI
1996 154 2194 209 OCTU.
2229 182 2293 189 ——
2320 145 2519 205 LIBER
2561 143 2912 216 QUARTIJS.

3340 160 3444 211 8I0

200 267 488 325 'egressus.
525 248 921 317 Rotbomagunt
952 246 1119 300 rebus
1148 256 1370 299 strenue
1406 244 1573 314 gestis
1596 258 1767 298 ovans
1796 251 1842 308 Α
1871 246 2023 301 Iuda!
2053 259 2258 300 morem
2295 246 2528 309 imitate,
2563 247 2753 298 umulis
2802 252 2856 295 et
2888 242 3205 312 ambagibtls
3243 242 3444 303 diutius

225 345 349 399 edit.
398 342 519 408 Quo
568 351 808 408 tempore
854 337 1066 392 Franco
1098 336 1549 407 Rothomagcnsis
1590 336 1768 391 archic

198 438 467 507 episcopus
518 433 748 487 moritur
771 470 787 499 ,
834 432 922 486 cui
953 430 1183 486 domnus
1220 428 1510 485 Gunardus
1537 428 1771 484 'Gimah

208 523 310 599 tius]
333 526 623 580 successit.

791 629 1019 688 CAPUT
1074 632 1169 685 XI.

202 728 463 794 Quomodo
507 722 834 794 Aritulpltus,
880 724 960 794 de
991 723 1196 794 ablato
1232 722 1516 794 municipio
1565 722 1769 794 tristis,

259 800 525 851 mandauit
562 790 724 849 verbis
753 792 990 862 paciﬁcis
1023 794 1079 845 in
1108 791 1228 845 dolo
1253 790 1517 862 Willelmo
1540 792 1676 862 duci
1715 800 1770 842 ut

263 868 669 921 Pinc/tiniacunt
703 860 915 928 ueniret,
940 879 1060 915 cum
1088 864 1202 931 ipso
1226 862 1291 915 de
1308 861 1501 929 [cedere
1521 860 1770 914 amicitiis

260 946 601 989 tractaturus.

266 1026 470 1079 Interea
493 1022 811 1093 Arnulphus
835 1021 1207 1087 Elandrensis,
1235 1020 1410 1075 dirum
1431 1018 1640 1090 perﬁdo
1670 1018 1770 1074 sub

202 1126 407 1187 pectore
434 1116 587 1169 virus
611 1113 799 1168 elilans
820 1122 874 1167 et
904 1113 970 1166 tle
998 1112 1181 1166 ablato
1210 1111 1506 1180 municipio
1533 1107 1771 1165 efferatis

206 1209 386 1262 animis
417 1206 716 1262 condolens
738 1245 753 1267 .
805 1220 930 1259 cum
984 1203 1167 1257 multis
1197 1203 1529 1256 Francorum
1569 1199 1770 1270 princi-

204 1300 344 1368 pibus
374 1298 439 1352 de
469 1297 631 1350 ducis
669 1305 848 1349 morte
896 1293 1061 1348 corde
1103 1302 1261 1347 tenus
1304 1290 1470 1361 erepit
1512 1300 1766 1346 tractare.

203 1388 293 1454 Qui
324 1386 607 1440 inhumani
635 1384 874 1439 hominis
896 1391 951 1436 et
981 1380 1198 1436 nefandi
1234 1378 1519 1436 homicidae
1547 1378 1769 1434 cavilla-

204 1478 334 1531 tione
360 1475 587 1529 subdola
614 1472 822 1537 infecti,
845 1471 1176 1525 unanimiter
1197 1470 1514 1539 conspirant
1544 1469 1595 1521 in
1626 1483 1769 1521 mor-

205 1574 298 1619 tem
328 1565 514 1635 optimi
564 1563 828 1634 principis
851 1602 866 1627 ,
901 1570 1110 1616 tantum
1151 1561 1217 1613 ad
1252 1560 1402 1614 nt:qu
1427 1564 1767 1613 sacramento
1796 1598 1843 1657 Β

203 1667 309 1707 sese
338 1654 794 1723 constringentes.
846 1650 1020 1704 Porro
1079 1648 1392 1719 Arnnlphus
1433 1647 1576 1717 quod
1621 1646 1767 1700 frau-

203 1743 403 1798 dulento
434 1744 622 1797 animo
653 1750 980 1810 conceperat
1038 1755 1202 1811 opere
1245 1741 1467 1808 explere
1508 1740 1768 1809 cupiens,

205 1832 373 1887 missis
409 1831 606 1900 legatis
637 1831 757 1884 duci
791 1829 1065 1884 Willelmo
1104 1830 1328 1882 mandat
1379 1844 1435 1883 se
1475 1828 1769 1882 amicitiam

204 1937 311 1976 cum
333 1938 394 1978 co
422 1922 559 1977 velle
590 1923 811 1985 habere,
836 1918 1501 1991 pacemqueindelcbilem
1527 1918 1764 1981 ﬁrmare,

208 2012 524 2067 etHerluino
542 2011 729 2067 comiti
750 2026 847 2080 pro
869 2010 986 2080 ejus
1014 2023 1201 2063 amore
1230 2008 1441 2063 infensa
1464 2008 1768 2076 indulgere,

203 2111 269 2166 et,
283 2102 373 2156 nisi
391 2102 690 2172 podagrico
703 2099 1118 2169 chiragricoque
1131 2098 1468 2152 detineretur
1484 2098 1768 2165 languore,

204 2191 264 2243 ob
306 2192 403 2245 hoc
450 2192 515 2246 ad
559 2189 682 2259 ejus
721 2192 931 2245 curiam
974 2188 1352 2243 desideranter
1380 2188 1498 2252 ire;
1540 2188 1772 2256 denique

206 2288 305 2335 toto
350 2281 539 2334 annisu
585 2288 743 2350 rogat
807 2286 867 2332 ut
914 2278 1093 2333 locum
1152 2278 1507 2332 denominare
1562 2286 1773 2347 satagat

204 2383 297 2433 quo
333 2370 380 2424 ei
419 2384 718 2425 occurrere
765 2369 832 2422 ad
890 2377 1139 2424 mutuum
1190 2366 1519 2437 colloquium
1570 2364 1770 2422 valeat.

204 2456 416 2527 Cupiens
443 2476 667 2531 quoque
705 2462 810 2515 dux
846 2473 1004 2514 suum
1046 2458 1304 2513 ducatum
1338 2458 1565 2521 reddere
1601 2472 1771 2529 paea-

205 2558 326 2616 tum,
349 2570 413 2609 co
445 2558 593 2625 quod
626 2556 985 2610 monasticum
1020 2563 1133 2610 toto
1170 2562 1368 2610 conatu
1405 2555 1583 2610 sitiret
1613 2555 1771 2611 habi-

206 2646 342 2705 tum,
388 2645 757 2701 determinato
813 2645 933 2701 loco
983 2645 1125 2714 apud
1179 2644 1596 2702 Pincbiniacum
1646 2662 1771 2701 cum

206 2728 465 2787 innumera
539 2751 708 2789 manu
790 2735 1244 2790 electissimorum
1313 2736 1546 2790 militum
1609 2752 1774 2807 super

206 2817 398 2875 Sentnte
427 2822 653 2878 ﬁuvitnn
688 2825 820 2877 tanti
853 2826 923 2879 ob
954 2825 1158 2892 negotii
1189 2839 1339 2893 spem
1367 2825 1730 2894 proﬁciscitur
1751 2865 1768 2892 ,

206 2910 283 2964 ubi
319 2914 583 2985 Arnulplti
625 2930 690 2970 ex
722 2931 827 2971 una
854 2906 1015 2986 parte
1042 2917 1307 2980 ﬂuminis,
1336 2916 1595 2971 Willelmi
1638 2931 1769 2972 vero
1793 2948 1841 3010 ρ

204 3015 261 3057 es
279 3004 443 3061 altera
497 3007 726 3078 regione
747 3008 890 3063 sedit
910 3007 1207 3063 exercitus.

780 3136 1011 3194 CAPUT
1048 3138 1162 3194 XII.

207 3226 456 3301 Quomodo
470 3240 704 3301 quatuor
730 3231 1029 3295 traditores,
1052 3230 1247 3283 scilicet
1270 3229 1549 3295 Henricus,
1564 3228 1762 3301 palea,

266 3298 514 3355 Robertu's
551 3310 603 3354 et
644 3300 852 3369 Riulfus
882 3340 895 3364 ,
936 3303 991 3353 in
1036 3300 1266 3370 quadam
1312 3301 1488 3352 insula
1550 3300 1763 3353 Somno:

263 3370 398 3439 fluvii
436 3373 612 3438 ipsum
634 3368 813 3423 ducem
832 3371 993 3439 jussu
1028 3368 1232 3435 Aruulﬁ
1267 3370 1671 3439 interemerunt;
1713 3378 1761 3419 et

261 3438 320 3491 de
351 3439 487 3493 clave
517 3450 768 3508 argentea
795 3438 1001 3493 iuventa
1038 3439 1091 3491 in
1116 3439 1348 3505 strophio
1375 3438 1490 3506 ejus
1510 3477 1524 3501 ,
1541 3441 1635 3490 sub
1661 3455 1773 3505 qua,

263 3512 485 3561 servabat
514 3510 573 3562 in
606 3509 801 3561 scrinio
837 3508 1099 3561 cucullam
1142 3516 1189 3560 et
1232 3509 1540 3560 stamineam
1574 3524 1763 3559 mona-

263 3577 471 3641 chilem;
510 3588 558 3632 et
580 3577 844 3647 quomodo
865 3594 1056 3647 corpus
1084 3576 1200 3646 ejus
1222 3576 1444 3630 relatum
1466 3585 1541 3629 est
1570 3574 1766 3629 Ral/to-

263 3662 481 3715 magum.

264 3732 385 3789 Erat
422 3739 627 3809 quippe
667 3734 845 3792 insula
874 3734 929 3792 in
959 3736 1139 3792 medio
1164 3735 1328 3799 alvei,
1362 3735 1416 3789 in
1443 3749 1547 3805 qua
1582 3733 1764 3790 libatis

204 3826 385 3881 osculis
408 3830 570 3885 ambo
598 3829 764 3883 duces
799 3829 1188 3892 consederunt,
1215 3827 1283 3883 de
1306 3826 1470 3882 rebus
1508 3840 1606 3896 pro
1635 3825 1760 3894 qui-

203 3909 292 3970 bus
316 3928 577 3973 venerant
608 3919 914 3974 tractaturi.
940 3918 1222 3988 Arnulpbo
1246 3919 1446 3973 etenim
1470 3917 1763 3988 proditoris

209 4080 1635 4109 W-

1655 4075 3298 4105 Μ

1876 340 2033 393 telam
2066 351 2279 392 aranem
2303 344 2549 399 texente,
2582 335 2875 389 novissime
2902 345 3019 403 post
3048 334 3227 403 jurata
3259 340 3447 393 alnici-

1876 432 2070 484 tiarum
2124 436 2469 484 sacramenta
2508 431 2563 481 et
2605 428 2831 496 plurima
2879 427 3027 495 pacis
3076 430 3288 495 oscula,
3335 433 3449 489 sole

1874 531 2061 575 t'ttcnlc
2087 521 2151 574 ad
2182 534 2437 574 occasum
2463 522 2530 574 ab
2554 518 2784 573 invicem
2808 516 3155 574 dirimuntur.
3192 518 3300 577 Sed
3321 538 3450 579 ecce

1874 620 2087 663 meante
2112 610 2380 664 Willelmo
2410 604 2970 673 ﬂuvium,'llenricus,
2996 624 3209 665 necnon
3247 611 3447 680 Balzo,

1874 698 2138 754 Robcrtus
2160 715 2374 770 quoque
2403 710 2563 766 atque
2597 698 2894 768 Ridtdphus
2917 697 3226 773 [Itiulphus]
3248 742 3264 767 ,
3314 719 3450 774 qua-

1874 800 1994 844 tuor
2047 791 2243 846 diaboli
2302 795 2433 857 lilii,
2507 793 2835 849 clamoribus
2882 792 3029 847 illum
3091 804 3443 859 revocantes,

1872 883 2115 939 referunt
2159 884 2438 941 dominum
2481 900 2640 942 suum
2673 884 2917 941 melioris
2939 882 3152 941 consilii
3196 886 3449 943 omisisse

1871 985 2161 1031 secretum.
2226 976 2397 1043 Quem
2444 978 2624 1034 navim
2670 978 2738 1032 ad
2783 978 2953 1047 ripam
3011 986 3447 1048 retorquentem,

1870 1083 1998 1125 mox
2025 1078 2083 1124 ut
2113 1078 2314 1125 terram
2345 1072 2543 1142 tetigit,
2567 1073 2832 1128 extractis
2862 1072 3085 1141 gladiis,
3110 1075 3247 1142 prob
3270 1074 3447 1129 dolor!

1871 1162 2187 1217 interimunt
2227 1162 2612 1229 innocentem,
2663 1164 2870 1219 nullum
2909 1164 3168 1235 juvamen
3219 1165 3289 1220 de
3335 1165 3449 1221 suis

1871 1253 2072 1308 habere
2097 1253 2395 1319 valentem,
2450 1254 2521 1310 ob
2547 1255 2893 1310 decurrentis
2925 1270 3080 1325 aqua-
3106 1255 3447 1325 profundita-

1871 1352 2000 1398 tem.
2024 1343 2151 1399 lnde
2168 1345 2418 1416 protinus
2442 1353 2689 1416 petentes
2717 1344 3020 1399 subsidium
3054 1344 3222 1415 fugzef,
3248 1360 3449 1416 corpus

1868 1432 2099 1503 piissimi
2159 1433 2265 1487 viri
2335 1434 2672 1504 reliquerunt
2738 1432 3012 1487 exanime.
3090 1428 3450 1503 Bcrengerius

1870 1533 2034 1595 atque
2067 1526 2312 1581 Alannus
2344 1528 2594 1581 Britones
2618 1566 2634 1591 ,
2682 1540 2895 1581 necnon
2945 1523 3447 1579 Northmannornm

1870 1618 2451 1689 principes,dominum
2471 1632 2627 1673 suum
2648 1626 2937 1673 cernentes
2952 1617 3172 1688 perimi,
3195 1616 3445 1672 clamore.

1869 1720 1924 1767 et
1949 1712 2157 1766 ululatu
2194 1713 2377 1767 littora
2406 1710 2713 1781 implentes,
2760 1709 2909 1765 nullo
2944 1708 3224 1779 juvamine
3267 1709 3450 1764 value-

1870 1810 1997 1855 runt
2024 1801 2098 1855 illi
2129 1800 2434 1857 subvenire.
2458 1797 2648 1867 Cujus
2687 1813 2883 1869 corpus
2908 1807 3030 1868 post
3060 1798 3333 1868 paululum
3362 1799 3431 1851 ad

1870 1903 1932 1944 se
1962 1890 2192 1945 relatum
2237 1906 2361 1944 cum
2413 1889 2772 1953 devestirent,
2817 1898 3129 1959 argenteam
3156 1888 3352 1943 clavim
3385 1888 3437 1941 in

1872 1978 1989 2046 ejus
2018 1980 2265 2048 strophio
2308 1979 2585 2048 reperiunt
2623 1977 3050 2047 dependentem,
3084 1978 3220 2033 satis
3244 1978 3447 2033 ditissi-

1871 2086 2017 2123 mum
2049 2071 2366 2125 thesaurum
2388 2071 2488 2126 sub
2512 2085 2572 2125 se
2600 2070 2894 2128 habentem
2920 2109 2935 2131 ,
2988 2069 3309 2125 stamineam
3347 2071 3451 2124 sci-

1872 2158 1999 2215 licet
2045 2170 2101 2214 et
2144 2160 2413 2215 cucullatn
2454 2158 2845 2216 monachilem.
2893 2158 3056 2226 Quae,
3100 2159 3148 2215 si
3194 2170 3375 2215 comes
3397 2162 3447 2213 ei

1872 2251 1983 2305 vita
2012 2250 2236 2312 fuisset,
2253 2252 2319 2306 ab
2339 2251 2442 2306 hoc
2462 2262 2733 2306 conventu
2765 2252 3005 2316 rediens,
3030 2251 3169 2322 apud
3198 2249 3451 2305 Gemme-

1873 2344 2041 2397 ticum
2087 2340 2262 2397 factus
2308 2343 2609 2397 monachus
2654 2343 2843 2413 procul
2888 2343 3073 2399 dubio,
3106 2342 3447 2412 sumpsisset.

1872 2430 2216 2502 lmponentes
2243 2443 2426 2489 autem
2475 2430 2623 2487 illum
2672 2433 2913 2499 feretro,
2962 2434 3290 2504 quantocius
3326 2446 3451 2488 cum

1872 2524 2156 2595 multiplici
2181 2524 2327 2580 luctu
2344 2525 2646 2586 retulerunt
2668 2526 3087 2596 Rotbomagum.
3112 2524 3209 2580 Cui
3232 2524 3451 2580 obviam

1873 2616 2171 2686 procedens
2211 2616 2395 2688 clerus
2440 2625 2498 2672 et
2549 2618 2777 2688 populus
2834 2616 3115 2685 utriusque
3182 2629 3345 2670 sexus
3384 2614 3451 2668 ad

1873 2717 2085 2777 portam
2130 2708 2302 2773 urbis,
2352 2724 2478 2763 cum
2526 2708 2740 2765 maestis
2782 2707 3113 2777 singultibus
3155 2705 3455 2761 intulerunt

1872 2813 1996 2854 eum
2022 2800 2075 2853 in
2106 2799 2396 2855 ecclesiam
2428 2800 2653 2855 Sanctae
2682 2798 2864 2853 Marim
2892 2806 3168 2869 perpetuae
3203 2797 3450 2866 virginis.

1874 2890 2150 2945 Mittcntes
2196 2892 2381 2960 itaque
2426 2891 2494 2945 ad
2538 2890 2911 2960 Bajocasinam
2953 2890 3178 2957 urbem,
3224 2903 3450 2959 puerum

1874 2980 2207 3035 Ricbardum
2236 2982 2512 3036 asciscunt
2550 2981 2619 3035 ad
2661 2980 2832 3049 patris
2878 2978 3315 3035 tumulationem.
3346 2978 3453 3033 lbi-

1870 3086 1976 3140 que
2032 3070 2081 3126 ei
2139 3072 2335 3126 itcrato
2404 3079 2727 3126 renovantes
2800 3070 3131 3125 unanimiter
3205 3077 3449 3125 tenorem

1871 3162 2030 3223 ﬁdei,
2063 3162 2405 3215 tradiderunt
2435 3162 2581 3216 illum
2624 3162 2723 3215 sub
2756 3162 2921 3215 tutela
2970 3160 3243 3227 Bernardi,
3280 3159 3447 3226 Dani,

1868 3260 1929 3305 ut
1970 3253 2072 3305 sub
2110 3252 2227 3320 ejus
2293 3244 2402 3305 tam
2473 3253 2697 3321 provida
2770 3266 2933 3321 quam
2987 3250 3129 3305 ﬁdeli
3184 3264 3314 3305 cura
3365 3260 3453 3305 tu-

1870 3341 1975 3396 tius
2021 3341 2392 3396 custodiretur
2438 3341 2583 3395 intra
2630 3352 2816 3394 muros
2856 3336 3115 3394 civitatis.
3148 3338 3450 3409 Complevit

1868 3444 2047 3487 autem
2078 3425 2484 3486 sacratissimus
2517 3431 2628 3484 dux
2654 3427 2965 3483 Willelmus
3009 3428 3132 3483 vitae
3177 3444 3288 3483 sua:
3318 3443 3449 3483 eur-

1868 3535 1991 3574 sum
2017 3533 2105 3572 xvr
2159 3517 2279 3572 Kal.
2301 3515 2569 3583 Junuarii,
2590 3531 2716 3587 rege
2740 3516 3013 3572 Ludovico
3028 3532 3250 3588 regnum
3276 3516 3447 3572 Fran-

1870 3625 2059 3664 corum
2088 3618 2306 3665 tenente
2325 3647 2341 3675 ,
2393 3623 2536 3664 anno
2581 3607 2874 3663 Dominicze
2903 3606 3294 3663 incarnationis
3317 3607 3443 3672 943,

1872 3709 2135 3770 regnante
2162 3700 2353 3755 eodem
2398 3699 2628 3755 Domino
2671 3708 2859 3755 nostro
2901 3696 3027 3755 Jesu
3053 3697 3309 3764 Christo,
3353 3699 3447 3768 qui

1870 3794 2002 3846 vivit
2031 3801 2086 3846 et
2122 3800 2310 3861 regnat
2341 3791 2394 3845 in
2431 3790 2627 3845 saecula
2659 3789 3003 3846 smculorum.
3037 3791 3229 3843 Amen.

714 4213 1438 4329 HlSTORI/E
1526 4207 2878 4325 NORTHMANNORUM.

1312 4449 1668 4537 LIBER
1740 4442 2326 4553 QUARTUS.

1107 4640 1187 4702 De
1212 4640 1422 4720 primo
1465 4638 1800 4709 Richardo,
1843 4636 1978 4716 [ilio
2028 4632 2317 4699 Willelmt
2356 4634 2559 4696 ducts.

691 4909 919 4970 CAPUT
958 4908 1254 4971 PRIMUM.

276 5020 421 5086 Quod
450 5020 740 5081 Richardus
764 5028 933 5081 adhuc
954 5044 1087 5149 pus};
1110 5023 1378 5081 Willelmo
1416 5031 1554 5098 patri
1578 5045 1676 5085 suo

841 5113 1063 5149 successi
1097 5132 1113 5148 .

841 5113 1113 5152 εαεσεηιι.

1789 4897 1843 4956 Ῑ)
1871 4910 2122 4968 ﬂosculos
2150 4908 2428 4977 emittere,
2470 4916 2527 4966 et
2572 4906 2828 4967 liberales
2858 4914 2960 4970 sub
2985 4910 3262 4981 paedagogi
3291 4912 3454 4969 disci-

1868 5004 2033 5074 pliuis
2080 5002 2292 5055 animos
2343 5002 2680 5056 innormare.
2737 5001 2821 5059 Ab
2868 5001 3077 5061 illicitis
3112 5016 3241 5057 vero
3280 5004 3456 5060 teneri

1868 5093 2106 5164 pectoris
2138 5098 2318 5144 motus
2341 5092 2508 5147 nobili
2535 5090 2845 5159 reprimens
2869 5093 3230 5157 continentia,
3254 5095 3455 5161 spretis

261 5175 503 5235 Piissimo
551 5191 709 5253 atque
763 5181 1075 5238 beatissimo
1118 5181 1259 5234 duce
1305 5182 1581 5243 Willelmo
1612 5185 1754 5239 inter
1864 5182 2151 5239 imbecillis
2177 5183 2419 5239 matula
2450 5184 2835 5252 discursibus,
2881 5186 3193 5257 sapientum
3247 5193 3456 5240 tracta-

636 5272 901 5298 A‘AJ:m-IA
956 5271 1224 5298 A--..-In\ln
1249 5286 1263 5298 ι
1304 5274 1445 5298 ΩΙΞ---
1496 5277 1605 5298 Α---
1654 5275 1718 5298 ηε

198 5264 381 5298 ΔιΔηοιι·
409 5270 498 5298 n-:
554 5282 604 5298 ..ι

1866 5278 2005 5298 εει---
2062 5274 2307 5298 ..ΙΙ-Αυ-ΑΛ
2373 5276 2530 5298 ---ΔΑ

3014 5275 3072 5298 (τε
3140 5275 3267 5298 ---2)
3334 5288 3428 5298 ..-Α
