4040 5298
538 265 634 319 8H

1375 255 1717 312 WILLELMI
1755 253 2048 309 CALCULI
2089 250 2645 308 CEMMETICENSIS
2683 251 2990 309 MONACHI

3670 253 3796 311 ,812

539 389 654 432 tam
685 375 951 431 nefariam
995 372 1649 443 Flandrettsis~At‘ttulpnt
1680 369 2035 441 proditionem
2066 379 2119 422 ct
2146 380 2193 436 Λ
2222 367 2465 437 perpessi
2517 367 2765 424 fuissent.
2804 368 2890 435 Et,
2914 385 2980 425 ue
3015 370 3276 426 diuturna
3323 372 3637 442 agrimonia
3685 371 3777 428 ian

540 466 825 537 lugubrem
880 462 1139 520 Willelmi
1192 463 1345 519 ducis
1403 476 1619 529 necem,
1670 459 1886 532 plurimi
1924 458 2122 514 condo-

543 557 782 612 luerunt.

1170 642 1400 701 CAPUT
1438 643 1504 698 li.

545 739 699 806 Quod
740 737 1035 793 Ludovicus
1070 751 1160 790 rex
1194 734 1553 800 Francorum,
1599 733 1983 806 Rothomaguni
2023 747 2112 785 ve-

617 806 764 863 niens
802 817 850 862 et
886 807 1210 860 Hie/tardum
1259 821 1479 875 puerum
1528 820 1698 875 secum
1730 801 2122 875 fraudulenter

614 880 671 932 in
702 876 991 930 Franciam
1019 871 1526 940 ducens,‘ducalum
1579 872 1981 926 Northmanniw
2002 871 2121 940 juri

613 948 849 1017 proprio,
876 946 1027 1016 quasi
1054 954 1193 998 tutor
1213 947 1385 1014 pueri,
1413 941 1664 997 subdidit.

613 1036 896 1105 Aliquanti
942 1044 1126 1089 tamen
1169 1034 1465 1105 compliees
1494 1034 1665 1105 ipsius
1694 1029 1997 1094 homicidae,
2030 1029 2123 1099 qui

545 1142 609 1184 se
635 1127 999 1185 amicissimos
1044 1125 1170 1182 ﬁcte
1207 1135 1370 1181 antea
1416 1125 1749 1189 fatebantur,
1782 1123 2007 1178 detectis
2030 1135 2118 1175 ar-

551 1233 813 1275 canorum
837 1217 1062 1282 intimis,
1093 1217 1245 1272 virus
1276 1216 1367 1271 diu
1402 1216 1727 1272 absconsum
1760 1214 1814 1268 in
1840 1210 2125 1283 propatulo

547 1309 910 1364 denudarent.
965 1306 1273 1362 Ludovicus
1324 1305 1527 1360 etenim
1568 1319 1667 1361 rex
1712 1302 1988 1357 :estimans
2014 1300 2121 1355 sibi

548 1399 732 1469 magni
764 1398 989 1456 honoris
1026 1395 1249 1466 ianuam
1282 1396 1542 1466 patuisse,
1588 1394 1874 1450 immemor
1923 1390 2127 1446 benefl-

545 1487 755 1542 ciorum
784 1495 840 1544 et
867 1486 995 1542 ﬁdei
1020 1502 1052 1541 a
1080 1486 1217 1543 duce
1262 1498 1479 1554 semper
1520 1481 1597 1539 illi
1641 1483 1922 1552 impensae,
1969 1478 2125 1549 quasi

546 1577 895 1633 consulturus
930 1575 1075 1646 apud
1112 1574 1522 1630 Northmannos
1562 1586 1725 1643 super
1754 1570 1897 1626 illius
1926 1576 2123 1634 morte,

547 1668 854 1725 accelerato
879 1667 1079 1723 itinere
1100 1666 1499 1736 Rothomagum
1522 1664 1677 1719 venit
1696 1662 1929 1719 concite.
1953 1660 2124 1726 Quem

548 1758 864 1829 Rodulphus
886 1766 942 1814 et
960 1757 1270 1813 Bernardus
1290 1766 1454 1826 atque
1477 1754 1714 1810 Anslech
1739 1752 1906 1809 totius
1928 1749 2128 1806 North-

545 1848 787 1903 mannici
816 1847 1045 1902 ducatus
1072 1854 1296 1910 tutores,
1338 1860 1469 1901 cum
1510 1844 1677 1915 regali
1717 1844 1924 1898 honore
1954 1840 2129 1895 suscis

547 1940 777 2009 pientes,
805 1947 865 1993 ut
895 1946 1044 1992 tanto
1075 1938 1189 2005 regi
1217 1937 1489 2007 congruit,
1540 1935 1657 2004 ejus
1698 1950 1756 1989 se
1798 1935 2130 2002 subegerunt

554 2028 870 2096 famulatui,
922 2045 1021 2099 pro
1048 2028 1308 2085 fidelitate
1331 2028 1539 2082 scilicet
1567 2027 1651 2082 sui
1685 2024 1878 2080 tantilli
1900 2022 2127 2078 domini.

551 2117 757 2173 Videtis
791 2126 973 2172 autem
1016 2132 1112 2172 rex
1142 2126 1301 2171 terra:
1331 2116 1631 2170 ubertatem
1663 2124 1719 2169 et
1748 2127 2012 2184 aquarum
2044 2126 2130 2165 sa-

546 2210 860 2266 lubritatem
924 2225 988 2265 ac
1043 2209 1300 2264 silvarum
1349 2208 1778 2278 plenitudinem,
1828 2205 2127 2276 cupiditate

545 2300 811 2365 irretitus,
858 2298 1231 2355 fraudulenter
1277 2299 1445 2368 erepit
1489 2299 1570 2354 eis
1610 2298 1930 2369 promittere
1984 2294 2129 2365 quod

554 2390 713 2446 aliter
759 2390 1083 2462 disponebat
1133 2390 1238 2445 sibi
1288 2397 1629 2459 retorquere.
1686 2387 1908 2442 Mittens
1957 2387 2125 2452 enim,

548 2480 887 2537 Richardum
926 2496 1154 2553 puerum
1193 2482 1306 2537 suis
1343 2481 1508 2552 jussit
1544 2481 1854 2550 aspectibus
1890 2494 2129 2549 prresen-
2190 2498 2193 2501 ι

548 2573 695 2639 tari;
728 2588 890 2643 quem
936 2573 1156 2643 egregia
1200 2571 1378 2628 forma
1423 2558 1757 2643 perspiciens
1789 2572 2126 2636 decoratum,

550 2679 679 2719 cum
705 2664 994 2719 coaetaneis
1021 2663 1207 2733 pueris
1242 2663 1296 2717 in
1327 2675 1433 2719 suo
1468 2661 1668 2733 palatio
1707 2662 1951 2717 decrevit
1992 2662 2128 2717 edu-

551 2755 806 2810 candum.
840 2753 1049 2809 Interea
1082 2756 1251 2808 durus
1279 2769 1464 2809 rumor
1493 2763 1662 2808 totam
1691 2754 1876 2807 urbem
1903 2766 2130 2807 concuss

556 2845 632 2900 sit
665 2862 679 2897 :
710 2844 1043 2899 Riehardum
1087 2858 1199 2898 suae
1242 2843 1356 2913 spei
1401 2844 1705 2912 depositum
1750 2842 1851 2897 sub
1902 2850 2128 2911 captura

551 2935 699 3004 regis
745 2935 1065 2990 indecenter
1117 2933 1369 2988 detineri.
1414 2933 1529 2999 Qua
1566 2933 1632 2988 de
1676 2948 1737 2987 re
1786 2932 1935 2988 cives
1977 2932 2127 2987 misti

2223 467 2433 528 gueret,
2491 460 2752 529 optimum
2805 459 2921 516 fore
2978 460 3287 528 consilium,
3349 473 3408 517 ut
3456 462 3799 520 Richardum

2223 562 2447 616 puerum
2471 550 2680 605 adustis
2722 551 3012 621 poplitibus
3055 553 3206 622 gravi
3250 554 3494 609 custodia
3534 564 3798 617 arctaret.

2224 650 2279 695 et
2305 651 2520 712 gentem
2551 642 3034 698 Nortltmannicam
3073 646 3409 715 gravissimis
3445 647 3804 718 vectigalibus

2225 741 2338 787 tam
2388 733 2478 788 diu
2525 732 2788 805 afﬂigeret
2829 737 3179 805 quoadusque
3225 737 3678 804 Danamarcham,
3730 754 3799 793 ex

2224 840 2329 894 qua
2354 835 2634 896 eruperat,
2668 837 2855 882 coacta
2883 838 3169 897 repeteret.
3200 829 3311 882 Rex
3340 829 3522 899 igitur,
3550 832 3800 883 muneri—

2224 917 2325 972 bus
2350 920 2697 987 versutisq‘ue
2720 919 3014 988 proditoris
3043 919 3303 988 decipulis
3329 931 3586 984 emeatus,
3617 920 3798 988 ipsum

2231 1011 2523 1080 Suspendio
2559 1010 2780 1080 dignum
2805 1011 3066 1064 a'scclcre
3089 1010 3340 1075 absolvit,
3375 1018 3428 1064 et
3456 1011 3599 1064 iram
3630 1012 3681 1063 in
3716 1012 3799 1064 in-

2228 1112 2515 1158 nocentem
2561 1118 2788 1169 puerum
2818 1103 3054 1167 reﬂexit;
3089 1104 3394 1173 exemplum
3426 1103 3587 1156 'Pilati
3617 1099 3800 1156 imita-

2228 1196 2334 1258 tus,
2361 1192 2452 1261 qui
2477 1193 2651 1247 ‘virum
2692 1191 3018 1249 homicidam
3053 1193 3256 1247 dimisit
3285 1203 3337 1245 et
3359 1180 3640 1247 Christum
3678 1208 3803 1247 cru-

2225 1284 2306 1339 cis
2336 1284 2598 1356 SUpplicio
2621 1287 2919 1342 damnavit.
2959 1286 3133 1352 Unde,
3160 1302 3282 1341 cum
3308 1289 3446 1358 apud
3475 1286 3799 1341 Laudunum

2225 1373 2506 1430 Clavatnm
2557 1378 2885 1441 moraretur,
2939 1390 3166 1447 puerum
3214 1378 3282 1431 ab
3330 1393 3559 1447 aucupio
3608 1393 3802 1441 regre-

2226 1465 2486 1529 dientem,
2537 1466 2905 1522 acerbissimis
2939 1460 3251 1521 confutatus
3291 1468 3574 1532 conviciis,
3622 1472 3804 1521 mere-

2229 1557 2379 1613 tricis
2415 1557 2582 1612 ﬁlium
2614 1558 2757 1614 ultro
2787 1558 2959 1613 virum
2992 1558 3224 1613 alienum
3253 1559 3510 1628 rapientis
3542 1572 3666 1612 eum
3704 1570 3803 1611 ro-

2228 1651 2405 1718 cavit,
2459 1660 2536 1718 et,
2590 1652 2691 1707 nisi
2743 1668 2773 1706 a
2819 1652 3015 1707 talibus
3068 1651 3434 1721 resipiscerct,
3485 1649 3802 1706 cauteriatis

2158 1730 2201 1790 Β
2230 1744 2457 1817 genibus
2482 1745 2625 1798 omni
2654 1744 2803 1798 illum
2830 1746 3032 1799 honore
3064 1743 3262 1813 privari
3295 1744 3528 1814 minatus
3562 1751 3661 1798 est.
3691 1742 3801 1796 ne-

2229 1834 2433 1902 putatis
2477 1844 2657 1889 autem
2709 1834 2829 1888 aliis
2878 1834 3216 1901 custodibus,
3268 1848 3337 1889 ne
3386 1834 3654 1894 elabatur.
3698 1832 3805 1888 sub

2230 1926 2426 1996 inagna
2456 1926 2665 1981 cautela
2692 1926 2899 1982 servari
2924 1924 3165 1995 jubetur.

2747 2087 2750 2090 ’
2836 2076 3064 2134 CAPUT
3099 2077 3185 2133 IV.

2230 2164 2352 2240 Quit
2385 2167 2589 2221 cautela
2623 2167 2921 2222 Osuiuudus
2958 2178 3267 2237 procurator
3294 2171 3457 2240 ipsius
3501 2170 3649 2240 pueri
3683 2180 3802 2224 eum

2299 2238 2363 2290 ab
2399 2249 2546 2291 arcta
2591 2240 2828 2291 custodia
2853 2240 3111 2303 liberavit,
3149 2251 3195 2293 et
3232 2257 3264 2293 ιι
3298 2238 3555 2293 Laudqu
3582 2238 3805 2294 Clavum

2300 2319 2619 2376 exemptum,
2649 2307 2962 2377 Silvanectis
2990 2325 3152 2377 usque
3186 2310 3255 2363 ad
3280 2308 3616 2365 Bernardum
3642 2310 3807 2364 comi-

2299 2385 2401 2430 tem
2438 2376 2752 2431 avunculum
2775 2377 2941 2447 ipsius
2972 2376 3235 2449 perduxit.

2300 2506 2538 2561 Audiens
2580 2505 2811 2577 denique
2853 2505 3160 2562 Osmundus
3202 2516 3526 2577 procurator
3565 2507 3685 2574 ejus
3720 2520 3800 2561 se-

2231 2598 2569 2657 verissitnam
2608 2599 2750 2668 regis
2788 2599 3139 2664 sententiam,
3170 2607 3225 2654 et
3253 2598 3561 2669 intelligens
3592 2598 3808 2653 futuros

2232 2691 2316 2745 rei
2361 2705 2542 2755 casus,
2582 2690 2765 2744 animo
2814 2700 3195 2745 consternatus
3232 2688 3619 2746 Northmannis
3657 2690 3804 2761 lega-

2234 2790 2347 2834 tutn
2411 2780 2610 2845 mittit,
2658 2780 2924 2834 mandans
2970 2770 3243 2835 dominum
3272 2778 3805 2849 suuni_Rieltardum

2232 2870 2332 2923 sub
2402 2869 2625 2939 lugubri
2675 2860 3182 2939 captivitatisjugo
3228 2884 3257 2922 a
3289 2882 3413 2939 rege
3474 2868 3797 2937 mancipari.

2232 2959 2438 3025 Quibus
2494 2961 2806 3027 compertis,
2859 2958 3143 3012 confestim
3208 2972 3304 3027 per
3356 2968 3522 3011 totam
3570 2956 3805 3026 patriam

553 3042 680 3083 cum
728 3026 1057 3122 Tmmribus
1106 3025 1319 3122 ίυηηξδι
1356 3023 1790 3122 δίτίθξίδιειθδίίδ
1818 3038 1915 3093 per
1940 3023 2203 3122 ῗί⁸’ξ⁸²ξ”ρ
2234 3023 2727 3104 Northmannorum
2777 3023 3039 3104 indicitur
3096 3023 3402 3103 triduanum
3449 3023 3715 3118 jejunium
3754 3057 3809 3102 et

559 3127 670 3173 tem
722 3116 1111 3180 discurrentes,
1161 3115 1366 3169 curiam
1399 3116 1543 3185 regis
1582 3116 1908 3183 irrumpunt,
1942 3113 2133 3168 ferinis

556 3207 844 3273 conatibus
897 3204 1045 3261 illum
1102 3204 1417 3259 interimere
1477 3202 1813 3261 festinantes.
1889 3202 2130 3268 Quorum

552 3297 820 3355 tumultus
849 3305 909 3352 ut
938 3295 1224 3365 comperit,
1258 3295 1611 3349 vehementer
1640 3294 1884 3369 territus,
1909 3292 2133 3348 consilio

555 3389 824 3446 Bernardi
871 3386 1155 3460 Dacigena:
1185 3399 1411 3456 puerum
1442 3383 1495 3438 in
1524 3382 1666 3438 ulnis
1706 3382 1952 3451 arripuit,
1984 3396 2134 3437 eum-

552 3497 660 3553 que
705 3480 998 3537 furentium
1039 3477 1420 3548 conspectibus
1446 3475 1717 3540 exhibuit,
1751 3482 1806 3529 et
1834 3476 1914 3529 sic
1938 3472 2135 3528 etTcros
2164 3537 2173 3543 _

553 3588 744 3629 eorum
794 3580 977 3626 motus
1024 3569 1369 3640 compressit.
1406 3566 1605 3623 Veiens
1634 3574 1764 3636 ergo
1794 3580 1891 3619 rex
1929 3562 2150 3618 tumul.“

556 3672 777 3717 tuantes
830 3661 1330 3718 Northmannorum
1387 3658 1599 3712 animos
1648 3656 1875 3711 omnino
1920 3655 2133 3719 sedare,

558 3750 810 3805 consultu
841 3766 1063 3805 suorum
1096 3763 1266 3818 puero
1297 3748 1571 3802 Richardo
1599 3756 1879 3815 paternam
1906 3745 2137 3800 haeredi-

560 3849 750 3904 tatetn,
776 3848 933 3907 pacta
964 3838 1067 3892 sibi
1099 3838 1222 3891 inde
1253 3836 1531 3900 fidelitate,
1560 3835 1847 3891 concessit.
1875 3832 2045 3899 Quem
2079 3832 2136 3888 in

560 3942 658 4001 sua
711 3927 815 3983 fide
854 3926 1156 3995 suscipiens
1208 3924 1496 3995 spopondit
1517 3939 1578 3979 se
1605 3925 1704 3994 eis,
1736 3923 1861 3978 licet
1890 3922 2134 3990 subdole,

560 4032 687 4072 eum
719 4016 1078 4081 redditurum,
1123 4013 1375 4085 palatinis
1422 4014 1725 4084 disciplinis
1754 4013 2010 4068 decenter
2031 4012 2131 4072 im-

561 4108 772 4163 butum.

1170 4194 1398 4253 CAPUT
1435 4195 1524 4252 lli.

567 4286 721 4352 Quod
760 4286 1057 4340 Ludovicus
1096 4287 1400 4340 muneribus
1443 4283 1702 4354 Arnulphi
1739 4291 1983 4345 emeatus,
2031 4280 2133 4354 lii-

635 4358 831 4449 cltordo
852 4372 1010 4449 puero
1032 4356 1151 4409 duci
1166 4351 1653 4410 Northmanuoruiu
1678 4354 1899 4407 adurere
1919 4351 2137 4420 peplites
2164 4390 2216 4449 Ι)

634 4427 867 4480 minatus
890 4435 986 4478 est.

636 4534 734 4590 His
784 4537 859 4591 ita
902 4536 1124 4602 sedatis,
1156 4552 1251 4592 rex
1278 4535 1514 4591 dedecus
1577 4535 1721 4604 quod
1746 4550 1777 4589 a
1808 4534 2140 4594 Northman—

570 4626 654 4679 nis
705 4635 1023 4695 perceperat
1076 4627 1174 4682 sub
1222 4626 1437 4681 occulto
1486 4629 1721 4695 pectoris
1773 4625 1852 4679 ira
1903 4627 2144 4687 fervente

570 4730 715 4785 :cgre
762 4717 981 4783 ferens,
1040 4734 1161 4774 cum
1212 4717 1488 4773 Richardo
1536 4732 1721 4785 puero,
1766 4718 1922 4786 quasi
1974 4722 2146 4789 patris

570 4803 687 4873 ejus
737 4814 965 4859 mortem
1008 4807 1073 4862 de
1109 4806 1336 4861 Arnulfo
1363 4805 1681 4860 Flandrensi
1712 4805 1984 4860 hostiliter
2008 4808 2146 4864 ultu-

573 4910 684 4958 rus,
735 4894 1019 4949 Franciam
1066 4898 1283 4967 repetit.
1319 4896 1631 4966 Arnulphus
1662 4896 1843 4964 itaque
1898 4907 2147 4954 metuens

573 4996 643 5035 ne
687 4996 783 5036 rex
822 4982 1129 5039 Ludovicus
1177 5001 1297 5039 cum
1353 4986 1559 5041 hostica
1610 5003 1769 5040 manu
1827 5002 1989 5058 super
2023 5006 2146 5045 eum

574 5072 809 5124 irrueret
839 5080 913 5135 ,et
939 5087 968 5124 a
993 5073 1221 5129 crimine
1251 5075 1529 5130 traditoris
1565 5090 1624 5130 se
1658 5076 1878 5146 expiare
1903 5078 2144 5145 cupiens,

574 5161 759 5215 missis
808 5160 1006 5229 legatis
1058 5176 1179 5215 cum
1229 5164 1412 5220 decem
1450 5165 1603 5220 libris
1642 5166 1785 5231 auri,
1822 5182 1852 5220 a
1884 5166 2146 5223 Willehni

577 5263 713 5298 nece
745 5264 804 5298 se
837 5264 1022 5298 coram
1055 5264 1179 5298 rene
1210 5251 1406 5298 fatetur
1435 5254 1727 5298 immnnpm
1765 5270 1901 5298 ρςςρ.
1934 5255 2150 5298 Pomm.

2235 3138 2295 3191 fit
2323 3140 2580 3194 continua
2618 3139 2792 3193 oratio
2821 3140 2889 3194 ab
2915 3139 3145 3196 ecclesia
3176 3156 3274 3212 pro
3302 3157 3366 3196 eo
3394 3141 3463 3195 ad
3492 3142 3807 3195 Dominum;

2235 3229 2391 3283 Enim
2431 3246 2563 3284 vero
2611 3228 2944 3296 Osmundus,
2996 3232 3131 3287 inito
3179 3232 3404 3288 consilio
3448 3247 3571 3287 cum
3625 3231 3811 3285 Yvone

2234 3328 2389 3389 patre
2436 3319 2694 3374 Willehni
2733 3320 2799 3376 de
2830 3320 3085 3386 Belismo,
3121 3337 3345 3391 puerum
3376 3321 3696 3376 hortabatur
3731 3331 3814 3385 ut,

2234 3409 2487 3463 simulata
2535 3410 2873 3479 mgritudine,
2897 3409 3037 3465 lecto
3064 3411 3436 3475 decumberet,
3475 3419 3531 3464 et
3561 3411 3635 3464 ita
3670 3412 3813 3480 :r-gre

2236 3510 2296 3554 ttt
2326 3501 2393 3554 ab
2439 3503 2694 3556 omnibus
2736 3502 3136 3570 desperaretur.
3189 3500 3354 3569 Gujits
3403 3501 3626 3556 monitis
3678 3517 3813 3570 puer

2236 3592 2381 3648 haud
2406 3594 2645 3663 segniter
2680 3594 3084 3664 obtemperans,
3123 3595 3274 3664 quasi
3304 3595 3355 3648 in
3389 3604 3633 3648 extremo
3671 3609 3814 3647 mor-

2238 3682 2308 3736 tis
2360 3683 2610 3752 positus,
2672 3683 2934 3738 continuo
2990 3692 3165 3737 stratu
3221 3684 3604 3752 prosternitur.
3659 3683 3817 3747 Quod

2238 3772 2493 3825 custodes
2545 3772 2823 3837 videntes,
2858 3772 3096 3841 neglecta
3138 3774 3254 3843 ejus
3298 3775 3569 3838 custodia,
3605 3775 3672 3828 de
3704 3775 3820 3828 suis

2239 3861 2600 3928 procurandis
2632 3862 2794 3917 rebus
2836 3862 2943 3916 huc
2979 3862 3214 3931 illucque
3254 3862 3617 3925 dirertuntur.
3650 3863 3820 3918 Forte

2238 3950 2294 4006 in
2349 3966 2478 4005 area
2533 3952 2726 4007 domus
2767 3952 2986 4023 jacebat
3034 3954 3218 4009 herba:
3266 3954 3576 4019 fasciculus,
3621 3956 3676 4008 in
3709 3971 3819 4023 quo

2241 4038 2557 4096 Osmundus
2589 4054 2821 4107 puerum
2867 4041 3180 4112 colligatum
3228 4042 3468 4097 humeris
3508 4042 3816 4112 imponens,

2240 4128 2391 4182 velut
2414 4131 2675 4197 pabulum
2722 4144 2865 4200 equo
2912 4132 3154 4198 laturus,
3188 4141 3436 4186 ctenante
3471 4147 3619 4200 rege,
3653 4133 3819 4186 nuda-

2242 4220 2420 4289 tisque
2455 4221 2646 4291 plateis
2669 4239 2698 4277 a
2723 4224 2956 4287 civibus,
2994 4224 3191 4277 moenia
3221 4224 3370 4277 urbis
3398 4222 3816 4292 transgreditur.

2244 4309 2479 4368 Veniens
2506 4322 2686 4367 autent
2712 4314 2764 4368 in
2791 4316 3008 4369 domum
3034 4316 3116 4368 sui
3154 4314 3402 4382 hospitis,
3432 4328 3594 4382 super
3618 4329 3819 4382 equum

2244 4406 2477 4461 festinus
2506 4409 2695 4473 insilit,
2734 4419 2809 4474 et,
2843 4417 3063 4476 arrepto
3118 4421 3309 4475 puero,
3336 4406 3547 4475 tugiens
3587 4416 3821 4475 quanto-

2244 4499 2362 4553 cius
2412 4498 2759 4553 Codiciacum
2813 4500 3039 4569 appulit.
3088 4498 3144 4551 ln
3178 4513 3285 4566 quo
3337 4496 3651 4551 castellanis
3697 4508 3821 4566 pue-

2246 4603 2363 4645 rum
2403 4590 2830 4655 commendavit,
2859 4599 2913 4644 et
2942 4592 3054 4660 ipse
3096 4598 3253 4644 nocte
3287 4590 3539 4657 equitans
3584 4588 3822 4642 diluculo

2246 4682 2571 4739 Silvanectis
2615 4683 2781 4737 venit.
2831 4681 3141 4736 Bernardus
3190 4695 3320 4733 vero
3359 4693 3544 4733 comes
3578 4693 3706 4731 eum
3744 4679 3821 4747 in-

2247 4782 2424 4838 tuens,
2471 4783 2578 4828 tam
2620 4782 2830 4827 mature
2873 4773 3085 4825 venisse
3116 4780 3315 4839 stupet,
3348 4779 3403 4822 et
3427 4768 3664 4837 qualiter
3696 4783 3820 4836 erga

2248 4874 2495 4933 nepotem
2528 4880 2682 4919 suum
2718 4864 3045 4917 Richardum
3086 4878 3145 4916 se
3179 4876 3266 4918 res
3304 4862 3561 4923 habeant,
3596 4858 3822 4927 diligen-

2250 4969 2333 5010 ter
2361 4956 2605 5024 inquirit.
2647 4956 2743 5008 Cui
2794 4972 2914 5009 cum
2971 4955 3047 5007 rei
3095 4951 3339 5006 ordinem
3386 4952 3719 5017 detexisset,
3770 4958 3825 5004 et

2250 5049 2407 5102 solito
2454 5048 2713 5099 laetiorem
2761 5050 2883 5100 etim
2928 5044 3187 5106 fecisset,
3239 5044 3513 5112 llugonem
3560 5042 3818 5111 Magnum

2250 5137 2432 5189 statim
2461 5134 2622 5189 celeri
2648 5138 2899 5204 equitatu
2921 5142 3130 5202 petunt.
3159 5135 3204 5185 A
3233 5148 3359 5201 quo,
3393 5134 3608 5185 detecto
3642 5145 3823 5184 causa

2250 5226 2496 5289 consilio,
2524 5240 2691 5281 saera:
2714 5223 2835 5279 fidei
2863 5227 2928 5279 ad
2952 5224 3247 5293 iuvandum
3286 5238 3510 5293 puerum
3542 5231 3824 5274 sumentes
