4040 5298
257 354 364 411 813

877 458 1106 518 CAPUT
1131 458 1212 512 εν.

260 553 536 623 Quomodo
554 556 858 614 Bernardus
882 554 1074 623 Damt!
1080 546 1352 623 consilium
1380 541 1837 623 Huqouisagni,

326 634 469 700 quod
504 629 766 700 Ludovico
813 636 998 700 contra
1046 619 1445 674 Northmaunos
1474 615 1716 678 dederat,
1752 629 1842 666 sa-

331 697 538 778 ptenter
566 697 897 752 aduihilavit.
986 769 991 776 '
1843 759 1845 762 j

335 795 707 856 Causiderans
755 796 934 841 autem
979 781 1286 838 Ludovicus
1336 794 1426 832 rex
1471 785 1654 831 votum
1684 789 1840 830 suum

262 894 480 950 irritum
529 885 665 945 fore,
715 880 783 934 ab
822 878 1046 947 llugone
1105 871 1301 942 Magno
1334 885 1428 939 per
1458 867 1664 936 legatos
1711 879 1841 919 suos

264 996 454 1040 tenore
483 976 607 1033 ﬁdei
635 971 805 1041 cwpit
830 984 953 1022 eum
980 966 1218 1035 exigere.
1257 962 1354 1016 Cui
1384 974 1506 1014 cum
1536 957 1844 1013 renuntias-

261 1082 407 1137 sent,
441 1076 788 1136 nequaquam
837 1053 938 1112 sub
989 1070 1150 1110 manu
1200 1057 1364 1122 quam
1413 1050 1718 1120 suspicatus
1759 1050 1844 1101 est

273 1179 400 1221 eum
430 1157 627 1220 teneri,
657 1153 752 1209 sed
782 1149 883 1205 sub
913 1146 1173 1202 Bernardi
1217 1141 1638 1199 Silvanectensis
1679 1138 1845 1195 comi-

269 1255 339 1309 tis
368 1247 660 1322 praesidio;
705 1241 771 1296 de
799 1236 1101 1294 redditione
1123 1233 1239 1302 ejus
1267 1231 1532 1296 ditiidens,
1581 1228 1729 1285 misit
1775 1225 1843 1280 ad

271 1320 612 1410 Antulphum
659 1331 1069 1394 Flandrensem,
1119 1324 1380 1380 mandans
1423 1321 1565 1392 quod
1606 1320 1706 1374 sibi
1751 1333 1845 1374 oc-

272 1429 522 1486 curreret
552 1423 778 1480 festinus
808 1462 824 1485 ,
853 1422 918 1474 de
948 1418 1034 1473 his
1075 1413 1421 1471 consulturus
1457 1412 1597 1480 apud
1663 1411 1843 1463 vicum

270 1522 362 1592 qui
395 1518 597 1574 dicitur
639 1510 973 1566 Restibulus.
1020 1505 1122 1561 Ubi
1165 1504 1293 1558 dum
1332 1501 1493 1556 ambo
1527 1500 1728 1570 pariter
1759 1497 1842 1552 di-

271 1589 429 1668 verse
477 1609 851 1676 disceptarent
879 1614 1044 1670 super
1068 1593 1228 1664 hujus
1255 1593 1332 1651 rei
1356 1605 1507 1655 casu,
1550 1589 1844 1645 novissime

271 1699 563 1759 subiutulit
609 1692 924 1761 Arnulphus
967 1706 981 1742 :
1029 1705 1047 1738 ι
1079 1685 1358 1747 Novimus,
1407 1682 1504 1745 ait,
1561 1679 1840 1750 Hugonem

271 1765 524 1860 Magnum
560 1801 684 1840 cum
726 1777 1116 1837 Norlhmannis
1141 1775 1232 1830 diu
1259 1772 1479 1833 sentire,
1511 1780 1567 1825 et
1595 1769 1716 1824 ideo
1748 1784 1842 1824 ex-

273 1881 426 1952 pedit
455 1879 550 1932 tibi
581 1873 898 1930 muneribus
922 1870 1074 1924 illum
1103 1880 1396 1922 excaacare.
1434 1861 1685 1916 Concede
1713 1873 1842 1928 ergo

269 1975 320 2028 ei
358 1990 389 2026 τι
431 1970 682 2039 Sequana
724 1979 895 2035 usque
927 1963 994 2017 ad
1027 1973 1174 2015 mare
1215 1955 1697 2012 Nortbmannicum
1745 1953 1844 2008 du-

269 2075 476 2127 catum,
512 2059 610 2114 tibi
644 2070 929 2112 reservans
956 2054 1143 2108 urbem
1165 2049 1687 2128 Rotbomagensem;
1717 2061 1846 2114 qua-

272 2164 455 2220 tenus,
499 2151 618 2220 ejus
645 2149 855 2221 privata
893 2143 1191 2216 juvatuine,
1221 2141 1434 2213 penitus
1461 2150 1686 2209 cogatur
1732 2139 1846 2192 haec

271 2259 408 2316 gens
441 2242 648 2314 perfida
696 2255 728 2294 a
771 2237 948 2309 patria
996 2234 1165 2290 exire.
1199 2251 1219 2287 ι
1272 2232 1480 2299 Quibus
1525 2230 1709 2285 verbis
1748 2243 1844 2285 rex

271 2348 568 2404 persuasus
612 2328 906 2384 .continuo
957 2341 1054 2396 per
1101 2339 1260 2380 suum
1306 2325 1540 2393 legatum
1584 2331 1848 2384 convocat

281 2421 563 2491 nugonem
596 2418 848 2489 Magnum
898 2417 967 2471 ad
1011 2415 1365 2486 colloquium,
1412 2414 1478 2468 ad
1512 2413 1691 2468 villam
1727 2428 1846 2483 quae

273 2512 473 2568 dicitur
493 2510 662 2572 Crux,
679 2507 832 2578 juxta
856 2505 1268 2576 Compendiutn.
1295 2504 1413 2571 Quo
1439 2519 1561 2560 cum
1586 2503 1843 2568 venisset,

272 2611 330 2656 et
371 2601 441 2656 de
490 2601 706 2654 urbium
780 2614 874 2652 seu
923 2598 1278 2652 comitatuum
1315 2595 1697 2650 distributione
1750 2609 1846 2647 au-

267 2696 442 2752 disset
491 2709 676 2766 regem
721 2694 1034 2764 disputare,
1110 2689 1300 2746 maluit
1344 2685 1594 2759 periurus
1642 2687 1846 2742 honore

274 2785 547 2856 ampliari,
601 2793 836 2840 czecatus
873 2782 1187 2853 cupiditate,
1231 2795 1392 2850 quam
1424 2794 1522 2834 suo
1551 2778 1726 2833 amico
1751 2776 1847 2831 Ili-

268 2877 479 2932 chardo
507 2876 667 2930 fidem
697 2873 1067 2930 incouvulsam
1089 2885 1430 2926 conservare.
1453 2868 1789 2938 Quapropter
1815 2882 1844 2919 ει

207 3016 214 3019 .
267 2967 386 3023 loco
443 2968 788 3032 recedentes,
851 2965 1035 3035 jurata
1093 2963 1381 3018 adversum
1441 2959 1847 3016 Northmannos

268 3059 618 3129 expeditione
673 3067 730 3113 et
782 3058 850 3111 ab
901 3057 1146 3124 utrisque
1203 3053 1448 3122 partibus
1504 3051 1846 3122 congregatis

797 344 1142 406 utsronu:
1185 337 1816 400 notrruuitnnonuu
1868 335 2052 398 LIBRI
2081 335 2283 398 ocro.
2312 368 2379 378 —
2406 333 2607 394 LIBER
2633 335 2985 407 QUARTUS.
3063 305 3068 310 ’

3408 337 3514 396 εει

1825 519 1829 524 1
1866 459 1914 516 Α
1944 449 2071 506 dum
2120 458 2276 505 suum
2327 457 2612 520 nepotem;
2664 447 2777 504 'nos
2825 449 3029 504 utinam
3075 455 3318 520 tempore
3357 449 3517 522 longo

1942 540 2236 596 habeamus
2265 547 2329 594 te.
2351 540 2627 594 dominum
2669 549 2726 596 et
2761 541 2968 612 regem!
2998 539 3207 595 Revera
3241 539 3518 597 exitiabile

1943 633 2038 688 tibi
2097 632 2380 688 consilium
2459 634 2640 700 dedit,
2697 635 2790 706 qui
2850 635 3017 692 totius
3106 632 3516 692 Northtnannici

1942 725 2215 780 exercitus
2233 725 2398 780 robur
2427 726 2678 784 amittere
2703 727 2895 782 suasit.
2921 727 3091 796 Quem
3121 742 3249 783 vero
3275 728 3521 786 inimico-

1945 829 2062 867 rutn
2093 829 2197 867 non
2229 813 2490 868 valuisses
2511 823 2736 881 terrere,
2768 815 3144 872 robustissima
3171 815 3385 874 illorum
3405 818 3521 876 vir-

1947 905 2093 961 tute?
2121 904 2260 959 Sunt
2278 905 2445 970 enim,
2476 915 2534 960 ttt
2569 921 2688 971 nos,
2721 915 2812 962 tuo
2849 907 3088 964 dominio
3127 907 3376 977 subjecti,
3424 910 3520 965 tibi

1947 995 2179 1050 militare
2207 994 2487 1065 cupientes
2515 995 2678 1051 corde
2704 995 2924 1051 volenti.
2953 997 3132 1063 Quare
3157 1011 3288 1068 ergo
3326 998 3521 1070 viginti

1945 1085 2181 1140 millibus
2212 1085 2535 1140 bellatorum
2581 1086 2634 1140 in
2667 1100 2766 1142 nos
2793 1089 3015 1142 armasti
3059 1086 3338 1158 llugonem
3367 1099 3520 1144 tuum

1944 1174 2257 1230 inimicum?
2283 1173 2474 1229 Nonne
2504 1175 2599 1230 tibi
2625 1190 2844 1246 semper
2883 1178 2997 1246 ipso
3027 1177 3270 1233 infensus
3291 1181 3519 1242 exstizit,

1943 1277 1999 1317 et
2021 1271 2210 1319 contra
2265 1271 2316 1317 te
2372 1263 2590 1319 assidue
2645 1266 2890 1320 rixatur?
2925 1285 2944 1318 ι
2987 1266 3085 1323 llis
3121 1277 3177 1323 et
3210 1268 3522 1340 huiusmodi

1944 1372 2035 1412 rex
2059 1357 2303 1426 placatus
2331 1357 2532 1424 verbis,
2555 1373 2678 1420 cum
2708 1359 3052 1417 festinatione
3081 1362 3294 1435 Hugoni
3324 1365 3520 1436 Magno

1944 1446 2148 1518 legatos
2169 1445 2355 1511 mittit,
2372 1446 2465 1516 qui
2489 1461 2612 1501 eum
2635 1447 3123 1519 compellantexire
3137 1467 3168 1506 a
3193 1451 3523 1510 Northman-

1943 1551 2135 1592 norum
2160 1536 2426 1601 terminis,
2449 1536 2499 1590 ei
2521 1536 2761 1608 dirigens
2780 1545 2838 1592 et
2855 1538 2969 1593 hare
2990 1556 3005 1592 :
3029 1539 3281 1596 stolidum
3302 1544 3522 1613 quidem

1943 1626 2059 1683 fore
2087 1635 2235 1682 tanta
2267 1627 2321 1681 in
2351 1627 2491 1683 alius
2516 1636 2840 1696 potestatem
2869 1631 3091 1698 donare,
3119 1633 3319 1702 quibus
3337 1635 3405 1690 ad
3437 1635 3526 1690 sui

1943 1719 2374 1791 supplementum
2407 1724 2592 1790 quieto
2632 1721 2759 1788 jure
2807 1721 2955 1778 nullo
2979 1723 3302 1780 adversante
3344 1735 3530 1795 posset

1875 1825 1917 1885 Β
1944 1811 2129 1880 potiri.
2157 1809 2276 1876 Quo
2305 1808 2496 1874 relato,
2527 1807 2682 1880 Hugo
2721 1808 2952 1881 Magnus
2981 1811 3136 1869 valde
3172 1814 3528 1870 exacerbatus

1943 1898 2226 1954 celerrime
2247 1899 2490 1964 recessit,
2517 1899 2720 1955 omissa
2750 1901 3118 1970 expeditione,
3150 1902 3348 1959 milites
3375 1904 3496 1959 eohi
3515 1930 3530 1944 ο

1945 1990 2085 2044 bens
2129 2003 2158 2041 a
2200 1987 2624 2042 Northmannica
2672 1988 2996 2045 vastatione.
3050 1989 3168 2045 Rex
3196 1991 3397 2046 etenim
3424 1992 3528 2048 ali-

1945 2079 2181 2148 quandiu
2209 2079 2348 2148 apud
2380 2077 2777 2149 Rothomagum
2808 2094 3028 2135 morans
3085 2082 3401 2150 praefectum
3427 2099 3525 2139 con

1946 2169 2160 2226 mitatui
2215 2168 2456 2238 praefecit
2511 2169 2853 2240 Rodulphum
2910 2181 3236 2242 agnomento
3282 2163 3528 2240 Tortam,

1945 2260 2037 2330 qui
2064 2260 2345 2329 vectigalia
2386 2261 2668 2315 annuatim
2694 2277 2725 2315 a
2759 2263 2990 2318 subditis
3030 2265 3294 2334 exigeret,
3331 2275 3388 2322 et
3412 2275 3526 2322 tota

1947 2350 2050 2405 hac
2080 2351 2132 2403 in
2161 2350 2441 2420 provincia
2471 2349 2594 2418 jura
2625 2366 2690 2406 ac
2714 2352 2968 2421 quaelibet
3012 2355 3237 2425 negocia
3273 2356 3526 2414 decerne-

1947 2450 2050 2496 ret.
2083 2440 2186 2508 Qui
2211 2442 2438 2513 paganis
2459 2442 2717 2507 deterior,
2743 2453 2936 2498 cuncta
2960 2447 3289 2502 monasteria
3305 2448 3372 2503 ab
3397 2448 3530 2518 ipsis

1853 2556 1866 2584 .-
1947 2542 2157 2598 exusta,
2188 2546 2309 2602 qua:
2337 2533 2482 2588 circa
2518 2533 2784 2604 Sequana:
2807 2534 2991 2590 littora
3025 2549 3202 2602 erant,
3245 2549 3466 2595 orruens
3495 2554 3527 2592 a

1948 2621 2332 2687 fundamentis,
2365 2623 2434 2677 ad
2448 2615 2823 2692 :epa'randam
2872 2625 3362 2699 Rothomagensem
3393 2629 3528 2684 civi-

1951 2723 2112 2768 tatem
2139 2721 2347 2783 petram
2369 2715 2686 2784 asportavit.
2717 2713 2798 2768 Ad
2825 2712 3220 2770 Gcmmcticum
3248 2730 3377 2771 vero
3397 2732 3526 2772 cum

1949 2805 2292 2870 accessisset,
2325 2803 2540 2858 Sanctae
2567 2804 2748 2858 Maria:
2780 2807 3168 2859 monasterium
3209 2807 3433 2873 invasit,
3465 2809 3535 2862 ει..

1952 2896 2151 2965 ltitique
2178 2895 2396 2950 overtit.
2429 2894 2581 2960 Quod
2601 2909 2633 2948 a
2671 2894 3037 2952 fundamentis
3063 2895 3306 2952 funditus
3330 2898 3502 2956 dirui:
3522 2930 3537 2944 -

1949 2999 2054 3054 set,
2085 2988 2190 3042 nisi
2213 2987 2432 3057 quidam
2462 2986 2692 3041 clericus
2721 2987 2937 3040 nomine
2963 2986 3211 3042 Clemens
3240 2989 3308 3043 ab
3337 3002 3531 3058 opera-

1952 3081 2046 3135 riis
2073 3081 2209 3135 duas
2250 3093 2428 3134 turres
2470 3078 2646 3148 pretio
2697 3079 3046 3143 redemisset;
3092 3093 3214 3148 quae
3262 3094 3432 3149 usque
3462 3081 3531 3135 ad

267 3151 620 3215 exercitibus,
636 3163 730 3204 rex
755 3146 996 3211 Calciua,
1021 3145 1173 3214 l‘lugo
1197 3142 1512 3211 Bajocasina
1566 3150 1846 3210 coeperunt

1953 3180 2160 3241 tempus
2184 3169 2404 3226 lloberti
2434 3142 2842 3238 archiepianpi,
2871 3168 2960 3237 qui
2997 3142 3142 3222 illam
3194 3142 3528 3224 restauravit

268 3243 478 3313 rapinis
502 3251 560 3296 ct
586 3241 852 3296 incendiis
885 3250 1198 3308 oppugnare
1227 3233 1534 3288 territoria.
1560 3232 1692 3299 Quae
1721 3247 1845 3286 cum

267 3332 578 3387 Bernartius
607 3332 790 3386 Danus
815 3328 1142 3390 didicissset,
1169 3322 1431 3379 Bernardi
1475 3320 1847 3376 Silvaneeten-

269 3425 345 3478 sis
375 3438 510 3478 usus
534 3422 789 3486 consilio,
821 3418 1106 3475 confestim
1139 3415 1346 3486 legatos
1382 3411 1567 3483 dirigit
1596 3413 1706 3481 regi
1740 3411 1848 3464 Lu-

271 3515 495 3576 dovico,
549 3510 860 3583 hujusmodi
914 3507 1097 3562 verbis
1151 3505 1426 3559 eruditus:
1463 3501 1710 3568 (Quare,
1762 3500 1847 3552 in-

269 3603 485 3672 quiunt,
538 3597 1028 3672 praepotentissime
1080 3611 1196 3659 rex,
1253 3604 1400 3648 tuam
1440 3591 1721 3648 detnoliris
1751 3607 1846 3661 pa-
1889 3591 1942 3666 ’³,

273 3691 470 3756 triam;
506 3691 806 3760 prmsertim
842 3703 965 3743 cttm
998 3687 1069 3741 sit
1098 3684 1197 3739 tibi
1234 3681 1382 3738 nullo
1417 3682 1720 3737 obsistente
1759 3696 1850 3749 pa-

275 3783 433 3836 ciﬁca
469 3791 524 3836 et
550 3781 769 3850 quieta?
818 3778 1026 3833 Desiste
1071 3792 1204 3847 ergo
1232 3791 1263 3830 a
1292 3785 1508 3855 tuorum
1556 3773 1761 3842 rapinis
1798 3780 1852 3826 et

271 3885 429 3928 utere
452 3872 947 3927 Northmannorum
970 3869 1199 3924 militum
1219 3867 1448 3923 militiis.
1467 3865 1575 3922 Cur
1594 3865 1737 3920 enim
1759 3879 1852 3920 eos

273 3963 498 4018 vexaris
554 3961 841 4025 incendiis,
878 3975 1000 4015 cum
1055 3957 1152 4012 tibi
1207 3955 1391 4027 patula
1442 3955 1513 4010 sit
1567 3956 1697 4011 urbs
1749 3954 1853 4010 llo-

273 4051 677 4122 thomageusis?
716 4049 933 4118 suscipe
973 4047 1138 4117 igitur
1175 4045 1437 4102 benevolo
1458 4045 1638 4102 animo
1665 4059 1852 4099 eorum

270 4145 519 4208 servitia,
549 4154 609 4198 ut
635 4158 805 4212 queas
838 4140 1054 4197 illorum
1095 4137 1339 4194 subsidio
1386 4137 1564 4192 vitare
1605 4136 1854 4191 inimico-

271 4249 392 4288 rum
424 4231 722 4288 molimina.
767 4248 786 4280 ι

882 4318 1110 4376 CAPUT
1153 4317 1236 4372 Vl.

273 4416 426 4482 Quod
450 4413 747 4469 Ludovicus
781 4412 1164 4482 Rolhomagum
1209 4408 1416 4482 ueniens
1468 4417 1736 4482 susceptus
1775 4416 1850 4482 est

341 4507 372 4539 ιι
396 4486 670 4540 Bernardo
715 4485 868 4537 Dano
913 4491 959 4534 et
990 4476 1190 4534 ueteris
1221 4476 1440 4543 civibus,
1472 4487 1518 4529 et
1551 4477 1690 4546 quod
1735 4477 1848 4544 ejus
1881 4481 1930 4543 υ

333 4556 574 4624 jussione
631 4553 784 4623 llugo
838 4550 1065 4620 Magnus
1131 4547 1346 4601 cessauit
1402 4562 1436 4600 ιι
1500 4546 1851 4600 devastatione

345 4625 395 4679 Ν
403 4625 775 4678 ortltmamtiw.

340 4713 457 4771 Hac
483 4715 668 4783 itaque
698 4708 965 4778 legatione
997 4707 1194 4778 oppido
1221 4705 1577 4770 exhilaratus,
1607 4703 1849 4774 probihio

275 4805 343 4860 tis
366 4822 396 4859 a
425 4805 607 4875 praeda
632 4800 917 4864 militibus,
944 4798 1165 4853 festinat
1200 4797 1280 4852 ire
1307 4797 1372 4851 ad
1395 4796 1582 4850 urbem
1626 4801 1854 4865 quanto-

276 4898 408 4952 cius.
431 4897 528 4952 Gui
552 4893 790 4950 venienti
815 4907 938 4947 cum
970 4890 1306 4945 multimodis
1337 4888 1587 4943 laudibus
1627 4900 1854 4944 cunctus

277 4990 510 5044 civitatis
545 4987 725 5044 clerus
754 4984 821 5038 ad
841 4992 1050 5052 portam
1082 4981 1347 5052 processit
1368 4981 1590 5048 obvius;
1616 4981 1855 5036 clamans

280 5089 397 5134 eum
425 5079 748 5151 populorum
781 5074 1008 5129 turmis:
1038 5073 1354 5128 Benedictus
1389 5073 1480 5144 qui
1516 5075 1651 5128 venit
1673 5072 1729 5126 in
1763 5088 1857 5125 no-

280 5171 410 5196 ..ι-ε..-
441 5170 644 5196 η-...;..ε
694 5165 825 5196 ΙηΑα

870 5179 960 5196 νην
1013 5165 1076 5196 all
1136 5162 1342 5196 νοηῆιοε
1386 5168 1647 5196 cantanda-sn
1695 5163 1856 5196 Annua

1947 3262 2255 3325 ecclesiam,
2297 3267 2712 3328 permanserunt
2749 3259 2990 3314 stabiles.
3021 3258 3190 3326 Igitur
3211 3273 3327 3322 rex,
3361 3260 3430 3314 ad
3457 3260 3520 3312 li-

1949 3353 2120 3406 bitum
2177 3350 2406 3420 expletis
2455 3349 2637 3415 rebus,
2677 3349 2915 3419 gaudens
2981 3350 3284 3420 regreditur
3316 3350 3531 3405 Laudu-

1951 3457 2101 3496 ιιιιω.

2547 3550 2777 3611 CAPUT
2817 3552 2924 3610 νη.

1954 3672 2224 3738 Quomodo
2279 3671 2539 3726 industria
2584 3671 2839 3725 Bernardi
2887 3671 3044 3739 Daui,
3077 3681 3259 3739 agente
3289 3661 3524 3727 Herohio

2019 3759 2134 3810 rege
2165 3742 2458 3805 Dunorum,
2503 3740 2793 3796 Ludovicus
2838 3757 2929 3794 rea:
2973 3738 3301 3794 Francorum
3349 3755 3531 3810 captus

2022 3811 2421 3881 Rorhcutagcrtai
2481 3811 2606 3865 urbe
2657 3811 2749 3864 sub
2803 3821 2950 3864 arcta
3011 3811 3250 3864 custodia
3302 3821 3530 3866 retentus

2024 3892 2120 3934 est.

2023 3995 2232 4050 Interea
2257 3994 2562 4050 Bernardus
2598 3997 2779 4050 Danus
2808 4003 3054 4048 metuens
3113 4009 3179 4048 ne
3203 3993 3256 4048 in
3286 4009 3536 4064 regressu

1954 4087 2256 4142 Ludovicus
2279 4101 2371 4141 rex
2400 4101 2521 4141 cum
2555 4086 2776 4156 llugone
2800 4086 2936 4138 duce
2963 4084 3362 4138 Nortlunannos
3382 4100 3534 4152 prcs-

1953 4179 2096 4235 suris
2120 4178 2455 4250 gravioribus
2481 4179 2830 4246 opprimeret,
2859 4174 3092 4230 lleroldo
3117 4175 3386 4228 Danorum
3413 4176 3531 4244 regi

1953 4270 2128 4324 adhuc
2146 4268 2285 4338 apud
2307 4267 2690 4324 Chierisburch
2713 4264 2923 4333 degenti
2956 4265 3160 4333 legatos
3183 4264 3347 4317 mittit
3369 4263 3531 4328 clam;

1953 4361 2216 4416 mandans
2263 4367 2341 4423 ut,
2375 4357 2592 4412 sociatis
2620 4356 2720 4410 sibi
2768 4355 3331 4408 Constantiniensibus
3372 4363 3538 4422 atque

1955 4448 2291 4520 Bajocasinis
2314 4446 2577 4501 militibus
2604 4444 2950 4513 expeditione
2982 4444 3245 4508 terrestri,
3275 4443 3389 4512 ipse
3413 4458 3538 4498 cum

1954 4542 2160 4596 hostica
2183 4540 2353 4594 classe
2374 4537 2767 4608 direptionibus
2793 4534 3242 4590 Northmanniam
3273 4545 3533 4590 concute-

1955 4639 2035 4686 ret
2066 4647 2094 4684 a
2142 4629 2386 4698 partibus
2436 4628 2689 4692 marinis;
2733 4637 3022 4696 quatenus,
3049 4624 3208 4694 hujus
3259 4625 3335 4680 rei
3360 4625 3538 4696 gratia

1955 4720 2228 4776 Lndovico
2260 4733 2388 4788 rege
2415 4719 2484 4774 ad
2526 4717 2849 4787 colloquium
2888 4725 3077 4770 contra
3116 4728 3240 4769 eum
3261 4716 3536 4782 veniente,

1956 4807 2022 4869 de
2050 4811 2289 4867 inimicis
2315 4817 2586 4880 satageret
2610 4800 2869 4862 Willelmi
2898 4807 3057 4862 amici
3089 4806 3175 4861 sui
3215 4806 3540 4879 sanguinem

1956 4900 2255 4958 vindicare.
2284 4898 2450 4968 Cujus
2491 4897 2712 4954 monitis
2741 4912 2836 4951 rex
2859 4897 3148 4953 celerrime
3186 4896 3397 4964 favens,
3416 4913 3542 4968 pro.

1956 4993 2125 5065 pulsis
2151 4992 2217 5047 ad
2239 5005 2390 5046 mare
2420 4990 2670 5053 navibus,
2696 4988 3088 5061 subductisque
3117 4988 3171 5043 in
3191 4989 3360 5046 altum
3386 4990 3543 5054 velis,

1957 5085 2123 5141 circio
2137 5082 2297 5137 ﬂante
2310 5081 2574 5138 Corbonis
2591 5079 2773 5134 saliua:
2788 5071 2983 5138 littora
2994 5082 3341 5154 appulit,fqua
3356 5082 3547 5154 rapido

1959 5176 2139 5196 .I----l.-
2169 5188 2222 5196 na-
2257 5170 2554 5196 n-AAA"A~A
2603 5170 2740 5196 θεῖσι-ξ
2785 5168 2910 5196 ,ἴξοοᾳ
2956 5171 3187 5196 2-ο.-....³ἶι
3255 5173 3543 5196 ηαξ-...Α-Α
