4040 5298
532 362 638 415 815

1356 354 1695 410 WILLELMI
1735 349 2033 407 CALCULI
2070 339 2632 407 GEMMETICENSIS
2676 350 2980 409 MONACHI

3684 359 3787 415 816

535 468 682 525 gum.
710 451 848 506 Hinc
874 450 1107 505 Heroldo
1134 449 1246 520 regi
1285 448 1562 503 Danorum
1590 446 1811 501 mandat
1868 454 1928 498 ut
1968 443 2110 514 apud
2138 452 2189 511 Α
2217 454 2345 499 runt
2369 445 2608 511 obsides,
2638 446 2756 516 ejus
2783 448 3051 518 siquidem
3074 448 3241 505 filium
3267 461 3319 507 et
3344 452 3481 507 duos
3508 454 3792 523 presules,

535 544 745 599 Vadam
771 543 861 612 qui
891 542 1137 597 Herluini
1160 549 1386 596 vocatur
1412 539 1511 595 sibi
1560 544 1833 601 occurrat,
1879 536 2119 590 insinua-

532 646 695 694 turus
722 636 863 691 scire
911 633 1148 703 cupienti
1170 647 1268 687 cur
1291 630 1510 686 infestet
1541 628 1804 685 terminos
1831 626 1981 697 regni
2010 626 2114 681 sui.

536 728 671 794 Quae
696 742 783 783 res
810 726 922 796 regi
951 724 1185 780 Heroldo
1205 709 1553 779 vehementer
1586 719 1935 790 complacuit,
1972 732 2119 772 mor-

540 826 653 875 tem
677 820 828 874 ducis
857 816 1169 872 decernenti
1192 823 1312 871 toto
1364 814 1559 868 annisu
1604 810 1815 867 ulcisci.
1859 809 1963 866 Ubi
1993 824 2118 863 cum

542 913 703 965 ambo
740 924 896 979 reges
942 908 1211 974 praeﬁnito
1240 907 1327 963 die
1348 904 1749 970 convenissent,
1792 911 1849 957 et
1884 901 1951 956 de
1981 900 2119 955 Wil-

540 1002 699 1063 lelmi‘
717 1000 869 1056 ducis
886 1000 1089 1067 iniusta
1119 1014 1250 1054 nece
1272 998 1474 1053 diutius
1489 996 1630 1051 inter
1651 1010 1709 1049 se
1732 994 2119 1063 disceptarent,

538 1092 759 1162 quidam
784 1090 968 1144 Danus
996 1088 1311 1142 Herluinum
1335 1084 1707 1141 Monasterioli
1741 1082 1907 1138 castri
1934 1082 2120 1137 comi-

540 1192 667 1244 tem,
692 1196 788 1251 pro
811 1195 919 1249 quo
947 1181 1087 1234 idem
1108 1180 1225 1235 dux
1257 1177 1616 1242 occubuerat,
1647 1176 1791 1230 inter
1824 1173 1960 1229 alios
1979 1187 2117 1243 .pro-

544 1274 805 1341 spieiens.
837 1270 954 1325 zelo
975 1264 1137 1324 amici
1163 1283 1479 1333 succensus,
1510 1265 1795 1322 confestim
1825 1264 1975 1319 illum
2003 1264 2122 1318 lan-

542 1379 636 1419 cea
686 1362 956 1433 perfodit,
1022 1369 1403 1429 mortuumque
1450 1360 1549 1413 sub
1577 1366 1851 1413 momento
1908 1356 2119 1411 sternit.

541 1454 707 1522 Cujus
753 1462 979 1508 mortem
1029 1451 1374 1513 Lambertus,
1428 1448 1799 1516 fratrer'ejus,
1831 1446 2121 1515 ceterique

539 1544 735 1599 Franci
788 1548 972 1596 amare
1000 1541 1258 1605 ferentes,
1308 1538 1596 1594 concitatis
1636 1538 1833 1591 animis
1861 1537 1931 1591 ad
1963 1538 2121 1592 dimi-

543 1636 776 1689 candum
808 1648 971 1700 super
1022 1632 1202 1685 Danos
1258 1631 1541 1699 repentino
1587 1630 1788 1698 impetu
1833 1635 2117 1697 promunt.

541 1726 689 1792 Quos
716 1725 917 1794 pagani
946 1723 1178 1776 viriliter
1202 1721 1557 1790 excipientes,
1605 1721 1877 1774 serviente
1924 1719 2120 1781 Marte,

2218 536 2541 592 Hildierium
2590 537 2975 595 Belvacensem
3016 550 3180 611 atque
3218 543 3503 599 Widonem
3545 545 3795 601 Suessio«

2218 627 2461 683 nense'm.
2495 628 2588 681 His
2639 629 2818 698 itaque
2851 638 3073 686 strenue
3096 633 3363 701 peractis,
3412 649 3509 688 rex
3544 634 3614 688 de
3659 651 3788 688 eva-

2219 717 2372 771 sione
2424 733 2520 773 sua
2570 718 2742 783 hctus,
2792 721 3094 790 regreditur
3132 720 3482 791 Laudunum,
3507 734 3563 780 et
3592 723 3796 780 North-

2222 809 2405 863 mauni
2430 796 2680 879 repetunt
2698 808 3122 882 ~Rotltom‘agum.

2827 920 3055 978 CAPUT
3093 918 3185 978 IX.

2223 1009 2494 1076 Quomodo
2551 1010 2906 1065 Northmanni
2959 1014 3278 1067 reduxerunt
3326 1014 3596 1069 dominum
3642 1023 3794 1069 suum

2294 1081 2613 1134 Richardum
2633 1081 2701 1151 de
2720 1079 3036 1145 Francia,-et
3055 1084 3194 1151 quod
3219 1084 3421 1137 obsides
3444 1086 3637 1139 redditi
3651 1096 3797 1149 sunt;

2290 1160 2339 1204 et
2367 1152 2431 1204 de
2459 1151 2625 1204 reditu
2655 1149 2874 1203 Heroldi
2898 1153 2951 1205 in
2982 1149 3427 1207 Danamarcham.

2294 1242 2423 1297 Post
2452 1243 2553 1296 hoc
2595 1250 2776 1295 autem
2818 1241 3173 1297 Northmanni
3221 1245 3497 1300 mittentes
3524 1246 3594 1300 ad
3626 1245 3795 1301 Silva-

2218 1345 2533 1389 nectenscm
2606 1334 2941 1388 Bernardum
3004 1346 3418 1391 revocaverunt
3486 1337 3615 1392 inde
3675 1353 3796 1394 cuin

2222 1427 2463 1479 exercitu
2495 1441 2688 1495 magno
2729 1426 3058 1481 Ricliardum
3106 1428 3373 1482 seniorem
3403 1438 3587 1482 suum.
3642 1428 3797 1481 Tem-

2222 1532 2351 1585 pore
2381 1530 2508 1570 vero
2536 1515 2827 1586 praefinito,
2857 1518 3023 1571 ascita
3048 1517 3263 1572 militari
3290 1533 3619 1580 manuycum
3660 1536 3797 1585 pne-

2222 1607 2428 1661 sulibus
2465 1606 2707 1662 Francia:
2730 1608 2877 1661 venit
2907 1622 3001 1663 rex
3032 1618 3200 1678 super
3242 1609 3460 1664 ﬂuvium
3493 1611 3643 1678 Eptm
3668 1626 3792 1664 cum

2223 1697 2413 1768 Magno
2441 1697 2683 1767 llugone,
2706 1697 3094 1753 Northmannis
3116 1700 3529 1754 occurrentibus
3554 1701 3606 1753 iu
3631 1702 3797 1755 altera

542 1786 819 1882 églrap'as'
849 1813 1118 1867 decem.“
1142 1820 1287 1875 octo,
1317 1786 1442 1866 (Eum
1488 1810 1789 1865 innumeris
1818 1810 1969 1875 aliis,
2013 1810 2127 1880 διε,
2156 1799 2200 1857 Β
2222 1797 2383 1859 parte
2410 1786 2645 1841 fluminis
2679 1803 2802 1841 cum
2833 1802 2999 1855 puero
3032 1788 3323 1843 Richardo.
3363 1789 3801 1843 Discurrenlihus

540 1906 650 1958 diis
674 1911 969 1968 truncatos,
994 1902 1263 1973 iguivomo
1289 1902 1664 1956 transmittunt
1682 1914 1831 1955 orco.
1855 1900 2123 1964 Aliivero,

542 2009 601 2049 se
620 1993 873 2049 occulere
905 1993 1246 2055 festinantes,
1278 2007 1376 2062 per
1420 1992 1628 2046 diversa
1666 1991 1890 2045 latibula
1933 1991 2038 2045 hac
2064 1990 2127 2044 il-

546 2085 740 2153 lacque
770 2083 1064 2138 nutabnndi
1092 2083 1216 2136 vitae
1237 2084 1557 2151 quaerebant
1579 2080 1826 2151 suffugia.
1850 2081 1965 2137 ilex
1986 2096 2124 2150 quo-

546 2193 654 2246 que
700 2175 1263 2243 Ludovicuspernicis
1304 2174 1435 2243 'equi
1490 2189 1649 2228 cursu
1686 2190 1714 2227 a
1741 2175 1884 2244 regis
1910 2173 2126 2229 Heroldi

543 2266 1023 2336 eaptioneiapsus,
1056 2266 1109 2319 in
1142 2265 1421 2335 cujusdam
1451 2265 1639 2319 militis
1681 2266 1871 2320 incidit
1912 2279 2123 2320 manus.

541 2358 640 2412 Cui
664 2366 786 2412 cum
812 2356 977 2410 multa
1003 2355 1364 2424 promitteret,
1392 2369 1461 2410 ne
1503 2354 1620 2424 ejus
1642 2354 1953 2424 proditione
1983 2353 2125 2409 hosti

542 2449 867 2512 traderetur,
904 2446 1123 2501 tandem
1167 2446 1321 2500 miles
1361 2446 1534 2500 victus
1580 2444 2038 2515 regislacrymis,
2069 2444 2125 2497 in

541 2539 833 2609 quamdam
873 2538 1143 2609 Sequana:
1185 2537 1416 2592 insulam
1463 2536 1773 2592 clanculum
1830 2551 1953 2591 eum
1997 2536 2126 2590 sub-

544 2632 719 2685 duxit.
747 2630 902 2696 Quod
921 2639 994 2686 .ut
1018 2628 1328 2683 Bernartius
1353 2629 1532 2683 Danus
1554 2645 1583 2681 a
1615 2627 1940 2684 relatoribus
1959 2641 2124 2690 annuo

544 2723 643 2785 vit,
674 2722 1025 2775 exactoribus
1050 2720 1270 2775 directis
1318 2719 1541 2773 militem
1592 2719 1773 2772 statim
1825 2718 1878 2772 in
1908 2718 2123 2771 vincula

543 2810 794 2878 coniecit.
844 2809 970 2875 Qui,
995 2819 1217 2862 coactus
1269 2808 1467 2861 suimet
1519 2807 1865 2868 necessitate,
1918 2806 2122 2859 invitus

545 2912 728 2951 coram
754 2898 975 2967 protulit
1024 2911 1184 2964 quem
1212 2896 1533 2963 disponebat
1554 2909 1743 2949 eruere
1767 2908 1865 2961 pro
1889 2896 2121 2947 obventu

546 2988 805 3042 muneris.
860 2987 973 3041 Rex
1019 3002 1149 3041 vero
1196 2988 1265 3040 ab
1309 2986 1479 3051 insula
1542 2984 1788 3039 sublatus
1861 2984 2119 3039 Bernardi

532 3079 693 3145 jussu
722 3078 883 3149 apud
938 3077 1337 3147 Rothomagum
1381 3077 1481 3131 sub
1526 3074 1832 3131 vehementi
1877 3075 2118 3129 custodia

544 3184 573 3221 a
582 3178 722 3222 rtatn
730 3184 777 3222 l'.'

1140 3236 1367 3291 CAPUT
1410 3236 1540 3290 Vl".

544 3330 698 3395 Quod
751 3328 1010 3398 Gerberga
1058 3330 1254 3397 rcgina,
1282 3328 1540 3381 auxilium
1568 3336 1750 3398 petens
1790 3327 1857 3398 ab
1891 3325 2120 3380 Henrico

609 3412 756 3467 patre
782 3418 875 3453 suo
902 3394 1305 3452 Transrlieiiano
1329 3414 1442 3464 rege
1487 3394 1666 3467 contra
1702 3394 2119 3459 Norllmmnnos,

609 3466 711 3523 non
742 3470 1067 3535 impetravit;
1125 3479 1441 3536 quapropter
1495 3466 1663 3532 [ilium
1700 3482 1852 3517 suunt
1894 3478 1938 3517 et
1978 3468 2119 3536 duos

611 3540 875 3606 episcopos
889 3538 1091 3590 obsides
1106 3535 1199 3604 pro
1213 3535 1475 3588 Ludovico
1490 3550 1605 3603 rege
1626 3536 1843 3604 conjuge
1854 3535 2117 3587 suodedit.

611 3628 884 3693 Gerberga
931 3627 1163 3693 denique
1212 3625 1396 3693 regina
1451 3623 1625 3676 virum
1679 3638 1834 3675 suum
1865 3638 1895 3675 a
1925 3621 2119 3677 North-

540 3716 755 3770 mannis
777 3714 1000 3768 audiens
1025 3727 1148 3767 esse
1172 3723 1394 3781 captum
1421 3711 1661 3780 diriguit,
1695 3721 1752 3765 et
1773 3720 2117 3766 consternata

543 3805 726 3856 animo
777 3801 1078 3867 llenrieum
1127 3788 1607 3854 Transrhenanum
1682 3814 1860 3869 regem
1897 3839 1912 3864 ,
1963 3815 2118 3853 suum

539 3891 788 3959 equidem
811 3898 1042 3958 patrem,
1064 3889 1315 3943 celeriter
1343 3888 1685 3958 aggreditur;
1715 3903 1875 3943 orans
1897 3897 1972 3954 ut,
1996 3888 2116 3957 plu-

540 3979 681 4032 rimo
721 3977 971 4031 ordinato
994 3976 1263 4041 exercitu,
1296 3977 1691 4044 Rothomagum
1716 3976 2008 4047 obsideret,
2040 3976 2119 4029 vi-

540 4082 771 4136 rumque
823 4081 978 4119 suum
1046 4065 1311 4120 violenter
1359 4065 1482 4119 inde
1536 4064 1894 4120 abstraheret.
1952 4065 2119 4135 Cujus

542 4152 901 4225 infortunium
930 4171 1051 4210 curn
1092 4171 1187 4209 rex
1232 4155 1498 4210 Henricus
1541 4155 1802 4220 audisset,
1845 4153 1991 4222 iuste
2042 4157 2116 4212 illi

538 4252 642 4305 hoc
663 4247 952 4317 contigisse
973 4247 1269 4316 respondit,
1319 4247 1446 4316 quia
1471 4245 1628 4301 tidem
1659 4262 1819 4315 quam
1846 4246 2117 4302 Willelms

535 4342 659 4397 duci
688 4341 817 4396 olim
860 4340 1162 4418 iuraverat,
1210 4337 1377 4403 lilium
1410 4336 1527 4406 ejus
1570 4337 1855 4405 capiendo,
1914 4338 2116 4393 nefarie

2229 1886 2406 1932 autem
2431 1877 2499 1931 ab
2515 1886 2743 1945 utraque
2764 1879 3295 1946 parteinternuntiis,
3317 1879 3535 1933 Christo
3562 1880 3640 1932 fat
3655 1892 3800 1944 ante,

2222 1981 2329 2035 pax
2364 1967 2502 2020 inter
2522 1980 2623 2021 eos
2650 1966 2921 2021 stabilitur
2943 1965 3241 2021 fmderibns
3272 1968 3463 2031 firmis,
3489 1968 3801 2037 juratisqne

2216 2057 2582 2111 sacramentis
2633 2056 2850 2110 obsides
2898 2055 3224 2120 redduntur;
3257 2066 3470 2110 mortuo
3516 2056 3631 2111 lilio
3660 2055 3803 2121 regis

2220 2148 2368 2217 apud
2407 2145 2819 2215 Rothomagum.
2879 2146 2977 2202 llis
3006 2155 3182 2201 autem
3223 2147 3326 2202 rite
3381 2145 3611 2215 expletis
3638 2183 3657 2210 ,
3710 2161 3803 2200 rex

2228 2237 2533 2292 Ludovicus
2572 2237 2874 2306 regreditur
2901 2237 3240 2302 Laudunum,
3290 2247 3346 2292 et
3372 2253 3510 2307 puer
3571 2236 3803 2292 Richar-

2226 2329 2326 2384 dus
2380 2329 2761 2398 Botlimagum.
2835 2327 3004 2394 Quem
3068 2328 3382 2398 Rodulphus
3426 2328 3593 2384 Torta
3650 2328 3802 2384 urbis

2226 2421 2513 2493 praefectus
2544 2420 2685 2475 male
2729 2419 2873 2475 illico
2903 2423 3067 2491 carpit
3098 2430 3353 2486 tractare,
3376 2431 3433 2475 et
3471 2423 3803 2476 domesticos

2225 2512 2343 2582 ejus
2370 2510 2598 2581 penuria
2632 2511 2789 2565 famis
2818 2510 3076 2582 allligere,
3108 2512 3297 2569 nolens
3320 2514 3388 2568 ad
3418 2513 3798 2582 quotidianum

2227 2604 2427 2658 vietum
2478 2604 2585 2658 illis
2612 2615 2810 2673 printer
2863 2618 2939 2657 xtl
2990 2620 3241 2660 nummos
3284 2606 3547 2673 praebere.
3598 2606 3802 2670 Quam-

2225 2696 2410 2750 obrem
2450 2695 2556 2749 dux
2597 2695 2950 2749 vehementer
2983 2695 3165 2751 furore
3204 2710 3498 2751 succensus
3555 2697 3625 2750 ab
3669 2695 3803 2749 urbe

2226 2787 2373 2841 illum
2434 2786 2751 2841 festinanter
2802 2786 3027 2854 pepulit,
3083 2785 3462 2856 Parisiumque
3508 2787 3578 2840 ad
3630 2785 3800 2840 filium

2225 2894 2381 2932 suum
2402 2879 2637 2933 civitatis
2675 2884 2957 2947 praesulem
2989 2881 3067 2933 ire
3092 2880 3289 2948 coegit.
3334 2878 3542 2945 Quibus
3574 2878 3649 2932 ita
3680 2890 3800 2948 per-

2225 2967 2382 3031 actis,
2405 2965 2831 3022 Northmanniea
2862 2966 3018 3022 tellus
3058 2966 3211 3022 siluit
3251 2982 3282 3022 a
3327 2967 3469 3023 facie
3486 2967 3664 3022 ducis.
3698 2966 3802 3021 lle-

2225 3057 2409 3111 roldus
2436 3072 2565 3112 vero
2593 3071 2685 3111 rex
2712 3073 2817 3111 non
2847 3056 3018 3113 multo
3044 3068 3169 3127 post
3204 3057 3508 3127 regreditur
3532 3057 3589 3112 in
3616 3055 3801 3110 Dana-

2146 3130 2193 3189 C
2227 3148 2523 3213 marcham,
2553 3157 2608 3201 et
2636 3148 2817 3203 Sumo
2850 3147 2959 3201 lilio
2982 3163 3080 3203 suo
3109 3149 3509 3203 reconciliatur.

2838 3256 3069 3314 CAPUT
3105 3259 3173 3315 Χυ

2224 3345 2377 3409 Quod
2402 3346 2554 3417 [lngo
2600 3346 2820 3415 Magnus
2850 3348 3016 3414 ﬁliam
3058 3365 3205 3400 suam
3260 3347 3496 3401 Emmam
3535 3347 3799 3402 Ritrhardo

2293 3417 2414 3468 duci
2445 3418 2743 3486 despondit,
2784 3425 2921 3469 unde
2955 3417 3245 3471 Ludovicus
3286 3434 3377 3475 rea:
3409 3427 3458 3470 et
3488 3418 3797 3486 Amnlplms

2291 3502 2460 3537 comes
2491 3485 2833 3538 It'lundrensis
2858 3490 3119 3552 perterriti
3168 3486 3426 3540 auxilium
3457 3485 3681 3540 Othonis
3716 3505 3801 3540 re-

2290 3555 2369 3622 gis
2390 3555 2643 3621 petierunt
2687 3565 2866 3607 contra
2901 3554 3168 3624 Hugonem
3199 3556 3449 3624 Magnum
3490 3566 3540 3609 et
3571 3555 3799 3608 Hic/mra

2286 3624 2416 3675 dunt
2454 3625 2748 3693 ducemtet
2786 3625 2926 3692 quod
2967 3626 3127 3687 Otho,
3160 3626 3471 3693 depOpulata
3500 3635 3644 3678 terra
3682 3625 3797 3677 Ilua-

2289 3694 2437 3761 gonis
2460 3692 2659 3762 Magni,
2680 3692 3059 3762 Rothomagum
3083 3692 3355 3763 aggressus
3378 3705 3451 3749 est
3466 3710 3792 3763 expugnare.

2292 3781 2420 3836 Post
2452 3783 2567 3836 haec
2598 3780 2752 3850 Hngo
2785 3782 2891 3836 dux
2920 3782 3269 3837 considerans
3298 3797 3528 3851 puerum
3559 3782 3796 3836 Richar-

2220 3873 2344 3926 dum
2372 3872 2579 3926 viribus
2596 3872 2995 3937 convalescere,
3020 3886 3286 3927 consensu
3316 3871 3577 3926 Bernardi
3611 3870 3794 3925 Silva-

2218 3963 2513 4028 nectensis,
2570 3963 2924 4017 sacramentis
2985 3963 3053 4015 ab
3112 3971 3342 4030 utraque
3386 3971 3538 4031 parte
3571 3960 3791 4028 iuratis,

2218 4052 2381 4105 ﬁliam
2414 4068 2564 4105 suam
2596 4053 2817 4106 nomine
2838 4052 3027 4105 Emma
3062 4051 3135 4105 illi
3173 4052 3477 4120 despondit,
3525 4061 3583 4105 ut
3628 4054 3797 4121 pube-

2217 4157 2375 4196 scens
2397 4142 2531 4197 ﬂore
2549 4142 2851 4210 iuventutis
2875 4142 3125 4211 iungeret
3146 4160 3265 4199 eam
3310 4142 3411 4197 sibi
3443 4143 3560 4212 lege
3605 4145 3797 4209 conju-

2217 4232 2343 4303 gali.
2376 4234 2503 4298 Quae
2526 4248 2613 4287 res
2635 4232 2963 4287 Ludovicum
2991 4250 3176 4304 regem
3228 4234 3592 4304 plurimosque
3626 4235 3796 4288 Fran~

2214 4337 2403 4376 eorum
2442 4334 2699 4390 proceres
2726 4322 2880 4376 valde
2918 4325 3247 4391 perterruit,
3286 4326 3380 4379 sed
3417 4325 3651 4378 maxime
3685 4326 3792 4378 Ar-

534 4436 875 4499 corruperat.
911 4445 929 4478 ι
968 4414 1073 4480 Per
1120 4433 1262 4489 tuos,
1314 4426 1507 4495 inquit,
1539 4440 1573 4480 o
1617 4425 1747 4491 ﬁlia,
1778 4424 1933 4480 stude
1966 4426 2112 4480 illum
2143 4453 2195 4514 ι)
2218 4415 2479 4514 imiimi!“
2536 4414 2944 4514 Ρξθηξίξθηδεηι·
2974 4415 3137 4468 “Hills
3182 4415 3386 4469 ῖηυάίε
3432 4415 3787 4514 ξηρεηιίξνεωσ

532 4521 749 4589 iuvare,
781 4516 1042 4588 quoniam
1075 4517 1141 4571 de
1182 4517 1415 4585 propriis
1440 4525 1650 4584 oportet
1672 4532 1758 4572 me
1787 4517 1855 4570 ad
1878 4531 2115 4586 praesens

534 4617 793 4663 tractare.
831 4625 851 4658 ι
881 4606 979 4661 llis
1001 4605 1185 4675 regina
1210 4620 1237 4657 a
1261 4613 1416 4674 patre
1439 4604 1659 4669 auditis,
1688 4604 1902 4659 concite
1932 4619 2114 4659 rever-

538 4699 672 4751 titur
714 4697 781 4751 ad
804 4696 1121 4760 Franciam,
1165 4696 1327 4750 rebus
1358 4709 1695 4762 nequaquam
1724 4710 1979 4763 pr05pere
2017 4710 2111 4750 ac-

535 4791 626 4865 tis.
680 4788 885 4843 Dehinc
924 4787 1149 4856 supplex
1203 4795 1462 4855 appetens
1519 4784 1797 4854 llugonem
1856 4785 2109 4855 Magnum

534 4878 773 4950 postulat
828 4885 887 4931 ut
931 4891 963 4931 a
1021 4876 1411 4931 Northmannis
1440 4882 1790 4943 extorqueret
1833 4874 2109 4929 dominum

535 4984 714 5021 suum.
775 4966 930 5036 Hugo
980 4978 1110 5018 vero
1159 4962 1290 5027 dux,
1334 4963 1499 5017 misso
1544 4962 1820 5015 Bernardo
1861 4961 2109 5016 Silvane-

2219 4505 2519 4559 Lndnvicus
2548 4504 2810 4572 siquidem
2842 4515 2900 4556 ut
2932 4504 3028 4557 hos
3055 4518 3368 4575 magnarum
3401 4504 3593 4558 virium
3623 4504 3789 4559 duces

2217 4597 2418 4649 amoris
2469 4586 2683 4650 vinculo
2733 4590 3153 4650 connexos‘esse
3202 4594 3427 4661 didicit,
3477 4595 3676 4649 timens
3721 4607 3788 4647 ne

2215 4702 2401 4742 eorum
2456 4697 2650 4742 conatu
2700 4687 3059 4756 deponeretur
3088 4700 3118 4739 a
3145 4685 3382 4741 culmine
3423 4686 3604 4755 regni,
3638 4685 3785 4738 misit

2214 4778 2549 4848 Arnnlplium
2574 4778 2960 4831 Flandrensem
2993 4777 3241 4833 consultu
3269 4776 3511 4846 eiusdem
3536 4776 3605 4830 ad
3626 4774 3788 4830 Otho.

2213 4889 2336 4928 nem
2397 4872 2868 4927 Transrhenanum
2902 4885 3105 4941 regem,
3130 4870 3390 4924 mandans
3427 4868 3712 4938 quoniam,
3741 4866 3786 4921 si

2214 4962 2491 5032 Hugonem
2513 4961 2762 5029 Magnum
2790 4961 3010 5015 omnino
3034 4968 3358 5025 contereret,
3379 4969 3437 5014 et
3458 4957 3787 5013 Northman-
