4040 5298
252 261 357 318 817

792 267 1132 329 ΒΙΒΤΟΒΙΕ
1171 274 1801 333 NOII‘I'IlMANNORUM
1837 274 2017 329 LIBRI
2077 272 2277 330 OCTO.
2318 304 2383 313 —
2408 273 2606 329 LIBER
2644 256 3003 342 QUARTUS.

3278 316 3291 326 .
3386 264 3497 332 ’διε

258 386 556 446 tempestas
586 380 757 435 valida
813 397 845 436 a
893 400 1062 455 regno
1104 402 1204 442 suo
1249 402 1529 457 egressus,
1561 387 1830 455 adjunctis
1858 399 1903 451 Α
1934 383 2221 446 sublatam.
2276 382 2417 437 idem
2469 386 2599 446 dux,
2649 392 2705 436 ut
2750 382 2879 436 olim
2908 382 3327 451 desponderat,
3375 400 3498 437 cum

255 467 355 522 sibi
378 467 639 525 Ludovici
676 472 821 541 regis
846 482 902 529 et
928 475 1195 547 Arnulphi
1236 477 1585 533 Flandrensis
1613 479 1819 533 exerci-

1931 475 2167 529 maximo
2194 474 2428 544 tripudio
2464 484 2517 529 et
2546 476 2753 529 honore
2776 474 3297 544 Rothomagensibus
3319 476 3499 531 intulit

260 560 421 622 tibus,
450 576 573 614 eum
623 560 921 631 legionibus
967 565 1197 621 militum
1231 568 1413 623 multis
1456 583 1618 637 super
1652 568 1830 639 Hugo-
1929 567 2221 636 manibus,
2252 568 2354 623 sibi
2385 582 2503 621 eam
2534 567 2764 637 jungens
2794 566 2917 635 jure
2940 564 3231 636 coniugali.

256 664 378 702 nem
408 649 659 719 Magnum
688 653 866 708 irruit.
913 654 1363 727 Consumptisque
1401 660 1649 713 omnibus
1711 673 1833 727 qua:

259 739 401 794 illius
422 750 579 794 erant
628 753 779 797 extra
811 747 1031 815 oppida,
1074 764 1234 804 onme
1287 752 1455 805 robur
1499 750 1624 804 belli
1670 765 1831 820 super

261 826 664 889 Nortlunannos
704 851 735 889 a
785 840 959 905 patria
1008 840 1373 895 exturbandos
1418 841 1827 908 immisit;pra:-

261 918 482 974 mittens
514 937 635 975 cum
679 923 847 979 milite
878 926 1045 982 multo
1074 930 1362 997 quemdam
1398 940 1829 997 suumnepotem

259 1008 325 1059 ad
350 1012 656 1066 terrendam
686 1013 1174 1087 Rothomagensem
1230 1020 1437 1073 urbem.
1488 1021 1659 1085 Quam
1710 1034 1832 1073 cum

259 1112 549 1166 aggressus
577 1101 785 1169 fuisset,
819 1104 1220 1164 Nortbmannos
1268 1110 1407 1165 intra
1460 1126 1645 1164 muros
1684 1125 1837 1178 repe-

260 1186 409 1242 riens
437 1189 838 1260 delitescentes,
880 1197 1186 1267 suspicatus
1217 1206 1309 1253 est.
1328 1213 1516 1254 omnes
1556 1200 1675 1253 fore
1728 1200 1831 1252 itu-

259 1275 449 1333 helles.
484 1279 669 1351 Itaque
714 1285 977 1341 militibus
1015 1288 1301 1343 concitatis
1330 1290 1681 1343 vehementer
1709 1305 1835 1359 por-

262 1375 345 1422 tas
366 1385 679 1442 expugnare
705 1387 889 1446 coepit.
908 1376 1264 1433 Nortbmanui
1283 1394 1431 1444 vero,
1456 1380 1625 1449 portis
1648 1394 1835 1449 repen-

265 1459 376 1513 tino
405 1461 608 1531 impetu
644 1458 956 1534 patefactis,
978 1477 1302 1538 proruentes
1337 1470 1535 1525 animis
1565 1468 1845 1534 eﬂ'eratis.

263 1554 415 1601 unto
440 1550 779 1610 adversarios
810 1556 1024 1611 turbine
1064 1558 1371 1627 depopulati
1403 1570 1550 1623 sunt,
1585 1569 1665 1624 ut,
1714 1575 1839 1629 pro—

262 1646 438 1693 strato
476 1656 637 1710 super
666 1653 883 1712 pontem
930 1658 1126 1719 nepote
1168 1650 1333 1721 regis,
1376 1651 1466 1707 vix
1495 1651 1840 1706 elaberentur

263 1744 325 1783 ex
352 1734 654 1789 certamine
680 1738 960 1807 perpauci.

870 1872 1099 1932 CAPUT
1139 1876 1229 1932 XI.

266 1952 434 2031 Quom
466 1958 846 2031 turpierth
889 1963 1173 2031 imperator
1211 1978 1259 2021 et
1308 1969 1601 2024 Ludovicus
1650 1989 1744 2026 rex
1784 1984 1833 2025 et

330 2025 637 2111 .fruulplrus
683 2025 1028 2111 Elaudrensis
1086 2039 1152 2111 ab
1204 2040 1480 2111 _obs_idioue
1525 2025 1833 2111 Rat/contegi

331 2092 617 2176 fugerunt;
645 2104 785 2176 elude
808 2113 976 2176 morte
1003 2105 1166 2174 ipsius
1190 2106 1439 2163 Ludovici
1474 2111 1558 2162 cui

332 2160 497 2218 Lollio
506 2169 613 2219 rius
639 2166 786 2235 ﬁlius
813 2171 955 2239 ejus.

328 2275 501 2332 Porro
528 2295 622 2334 rex
661 2278 799 2335 Otho
822 2297 943 2337 cum
968 2299 1093 2354 rege
1141 2286 1425 2344 Ludovico.
1460 2300 1622 2360 atque
1668 2292 1832 2345 Flau-

264 2367 444 2423 drensi
470 2369 752 2441 Arnulpho
794 2373 939 2429 lento
968 2378 1134 2445 gradu
1179 2381 1519 2445 subsecutus,
1553 2383 1833 2449 dispositis

262 2458 490 2513 militum
521 2463 841 2532 legionibus,
890 2482 1012 2522 cum
1044 2469 1371 2524 accessisset.
1388 2472 1453 2525 ad
1484 2471 1831 2526 obsidendam

261 2548 471 2617 urbem,
505 2564 735 2622 eamque
784 2557 1149 2625 perspexisset
1200 2559 1691 2630 inexpugnabilem,
1741 2576 1835 2615 au-

260 2640 369 2695 dita
408 2653 584 2698 morte
633 2646 714 2700 sui
762 2650 996 2717 nepotis,
1048 2650 1115 2703 de
1160 2650 1509 2704 distrahendo
1555 2651 1834 2721 Arnulpho

262 2729 651 2791 Northmannis
671 2738 931 2792 cum-suis
964 2738 1105 2795 clam
1146 2741 1311 2810 ccepit
1358 2742 1663 2796 consultare
1694 2743 1832 2796 intra

260 2822 546 2882 ecclesiam
568 2826 751 2882 Sancti
776 2828 917 2883 Petri
942 2830 1175 2901 almique
1201 2831 1463 2899 Audoeni,
1493 2848 1611 2903 qua:
1633 2833 1686 2886 in
1712 2833 1835 2888 sub-

263 2915 421 2972 urbio
482 2919 584 2973 sita
616 2932 699 2974 est
727 2922 980 2977 civitatis.
1015 2923 1091 2978 De
1114 2939 1367 2994 regressu
1388 2941 1601 2997 quoque
1637 2926 1688 2980 in
1722 2942 1835 2980 cra-

263 3011 405 3063 stino
438 3012 636 3079 pavido
679 3013 807 3069 inibi
858 3015 1094 3084 disponit
1132 3015 1378 3073 consilio.
1416 3016 1611 3071 Verum
1640 3017 1834 3071 Arnul-

263 3100 404 3171 phus
435 3114 500 3154 eo
525 3090 1053 3175 traditionislaqueo
1082 3105 1416 3177 deprehenso
1436 3146 1450 3170 ,
1480 3104 1839 3181 papilionibus

265 3192 623 3273 tentoriisque
668 3196 990 3265 complicitis
1034 3207 1087 3251 et
1129 3197 1413 3266 sagmariis
1462 3198 1742 3259 oneratis,
1788 3196 1841 3250 in

266 3284 559 3339 conticinio
582 3287 755 3341 noctis
780 3302 901 3342 cum
939 3304 1038 3343 suo
1074 3289 1317 3343 exetcitu
1357 3286 1586 3343 festinus
1613 3278 1838 3357 aufugit,

266 3377 317 3431 in
362 3379 605 3433 maximo
652 3389 888 3435 tremore
942 3382 1357 3450 persistentibus
1399 3380 1540 3446 aliis,
1574 3396 1840 3449 equorum

265 3468 490 3538 strepitu
516 3470 827 3527 abeuntium
858 3471 1079 3526 territis.
1131 3471 1287 3530 Otho~
1319 3480 1639 3539 veroatquc
1664 3469 1842 3525 Ludo-

264 3557 418 3611 vicus
459 3557 696 3613 diluculo
746 3570 1154 3631 consurgentes,
1198 3570 1255 3615 ut
1302 3561 1609 3616 didicerunt
1643 3559 1842 3614 Arnul-

266 3648 433 3715 phum
464 3648 701 3721 fugisse,
732 3652 874 3707 illico
917 3668 1025 3722 quo
1072 3662 1333 3706 venerant
1384 3653 1576 3707 itinere
1622 3666 1853 3719 gressus,

269 3748 606 3812 retorquent,
638 3742 859 3800 dimissa
882 3744 1181 3799 obsidione.
1210 3744 1354 3812 Quos
1381 3747 1647 3801 maturius
1672 3744 1843 3799 disce-

267 3833 475 3887 dentes.
537 3830 892 3889 Nortluuanni
941 3836 1075 3889 adeo
1129 3843 1255 3888 sunt
1293 3835 1596 3903 persecuti,
1653 3833 1842 3903 gladiis

267 3923 638 3992 perintentes,
692 3932 750 3977 nt
804 3940 901 3994 per
956 3926 1169 3979 diversa
1224 3926 1419 3982 itinera
1474 3925 1843 3995 reperirentur

268 4012 523 4081 prostrati
575 4013 728 4080 quasi
778 4014 1045 4069 bidentes.
1081 4014 1300 4069 Plurimi
1351 4024 1530 4069 autem
1581 4014 1793 4069 illorum
1823 4054 1840 4081 ,

214 4114 223 4123 ·
270 4104 396 4157 dum
428 4118 525 4171 per
546 4103 699 4160 devia
729 4104 989 4162 silvarum
1034 4105 1265 4160 divortia
1308 4106 1629 4161 oberrarent
1674 4108 1839 4175 capti,

270 4209 366 4263 per
387 4192 881 4251 Northtuaunorum
911 4198 1138 4266 patriam
1168 4192 1294 4251 sunt
1320 4197 1584 4251 distracti.
1618 4197 1715 4253 llic
1741 4198 1841 4253 Lu-

272 4281 445 4336 dovici
481 4283 621 4353 regis
650 4281 795 4348 ﬁnis,
848 4300 954 4338 non
1011 4284 1179 4338 multo
1226 4294 1347 4353 post
1390 4285 1684 4350 hominem,
1722 4293 1844 4355 post

1862 1727 1919 1785 Βι

1866 3057 1906 3113 C

2516 696 2741 752 CAPUT
2780 696 2914 751 XIII;
3002 750 3005 751 ,
3104 696 3105 699 “

1933 784 2087 850 Quod
2128 787 2401 840 consilium
2444 785 2738 839 Thebaldus
2785 802 2956 839 comes
2986 762 3323 839 Camotensis
3359 774 3502 838 dedit

2004 852 2276 925 Cerberga:
2304 858 2494 925 reginae
2513 865 2696 908 contra
2724 854 3278 925 Richardumducem,
3303 864 3349 907 et
3368 871 3506 925 gua-

2004 925 2157 994 modo
2198 924 2377 978 eadem
2415 926 2563 993 fraus
2592 941 2625 978 a
2653 926 2854 979 duobus
2888 924 3138 979 militibus
3175 924 3339 994 ipsius
3366 924 3504 978 The-

2002 993 2157 1047 baldi.
2180 996 2301 1047 duci
2328 996 2526 1047 delecta
2557 1004 2654 1047 est.

2005 1105 2214 1161 Interea
2239 1105 2555 1160 'l‘hebaldus
2576 1106 2927 1162 Garnotensis
2952 1120 3155 1171 eomes,
3179 1106 3503 1175 quibusdam

1933 1195 2549 1261 simultatibusexortis,
2576 1197 2695 1251 duci
2725 1196 2994 1252 Richardo
3022 1198 3185 1267 cmpit
3206 1196 3503 1258 adversari,

1933 1287 2053 1355 ejus
2092 1298 2279 1344 terras
2324 1290 2663 1344 demoliendo
2712 1291 2935 1359 rapinis.
2982 1289 3147 1361 Cujus
3189 1280 3505 1344 temerarios

1935 1389 2183 1435 aususut
2206 1383 2490 1450 comperit,
2520 1381 2836 1437 fortitudine
2866 1392 3016 1438 tanto
3043 1384 3201 1453 digna
3230 1383 3347 1437 viro
3367 1390 3507 1436 δινε-

1936 1484 2043 1522 nue
2070 1471 2411 1539 compressit.
2447 1469 2758 1525 Thebaldus
2783 1481 2962 1526 autem
3008 1487 3167 1527 suum
3208 1472 3502 1541 inemptum

1938 1576 2034 1628 spe
2063 1561 2241 1616 minus
2271 1562 2452 1617 valere
2482 1564 2869 1629 considerans,
2893 1565 3179 1635 Gerberga:
3211 1566 3413 1636 regina:
3440 1567 3506 1619 de

1940 1652 2223 1709 Richardo
2255 1654 2405 1710 duce
2437 1656 2684 1710 malivola
2739 1658 2903 1712 verba
2960 1658 3125 1727 cmpit
3179 1673 3463 1727 suggerere
3490 1700 3503 1721 ,

1936 1740 2172 1798 suadens
2200 1759 2267 1798 eo
2296 1744 2509 1799 vivente
2538 1745 2853 1800 Lotbariutn
2888 1761 3090 1816 regem,
3137 1746 3304 1799 lilium
3334 1748 3505 1815 equi-

1935 1838 2057 1892 dem
2087 1854 2264 1903 suum,
2299 1838 2630 1893 Francorum
2672 1856 2894 1910 regnum
2942 1855 3215 1908 nunquam
3254 1849 3507 1909 pacatum

1934 1938 2138 1985 tenere.
2169 1930 2285 2000 Qua
2320 1930 2391 1984 de
2441 1946 2521 1995 re,
2550 1947 2761 1986 summe
2808 1932 3177 1986 necessarium
3228 1931 3346 1989 fore
3398 1942 3527 1987 toto.

1935 2018 2127 2073 annisu
2176 2034 2293 2072 eam
2338 2026 2586 2090 satagere
2649 2019 2882 2087 qualiter
2937 2029 3144 2073 tantum
3195 2021 3403 2075 hostem
3444 2022 3509 2075 de

1939 2118 2082 2163 terra
2137 2111 2483 2165 exterminet.
2516 2110 2722 2179 Quibus
2768 2112 2949 2164 verbis
3001 2112 3187 2181 regina
3243 2112 3463 2166 credula
3491 2152 3504 2176 ,

1935 2198 2220 2253 confcstim
2258 2199 2496 2253 Brunoni
2526 2198 2901 2268 archiprzesuli
2940 2198 3250 2254 Coloniensi
3280 2208 3337 2254 et
3363 2200 3515 2265 duci,

1934 2304 2033 2342 suo
2057 2270 2304 2344 videlicel
2331 2288 2512 2352 fratri,
2534 2288 2766 2356 legatum
2799 2288 2996 2352 mittit,
3026 2288 3291 2359 mandans
3318 2298 3509 2363 quate-

1935 2397 2035 2435 nus
2060 2382 2358 2450 nepotisuo
2379 2381 2687 2445 subveniat,
2714 2380 3057 2436 Ricbardum
3089 2380 3503 2447 infestissimum

1936 2472 2081 2541 regni
2109 2469 2222 2538 ejus
2253 2470 2620 2526 adversarium
2651 2471 2940 2540 capere,.si
2969 2485 3076 2540 qua
3110 2472 3198 2526 via
3224 2473 3504 2536 succedat,

1934 2562 2204 2615 annitens.
2252 2560 2523 2615 Continuo
2573 2574 2604 2613 a
2656 2558 2909 2616 Brunone
2955 2561 3173 2630 quidam
3217 2563 3523 2631 episcopus-

1935 2651 2056 2705 duci
2088 2652 2406 2717 destinatur,
2438 2652 2529 2719 qui
2556 2651 2860 2709 eisuadeat
2900 2653 3044 2722 quod
3092 2654 3235 2722 apud
3277 2654 3507 2711 Ambia-

1937 2756 2156 2795 nensem
2191 2757 2387 2811 pagum
2417 2741 2518 2796 sibi
2549 2742 2617 2796 ad
2657 2741 2987 2811 colloquium
3013 2752 3295 2813 occurrat,
3329 2759 3529 2811 regem.

1936 2831 2286 2886 reconciliare
2339 2830 2464 2897 illi,
2513 2832 2955 2902 Francorumque
3007 2848 3233 2904 regnum
3282 2849 3393 2888 sua:
3433 2835 3513 2888 di-

1937 2919 2067 2973 tioni
2094 2919 2325 2975 subdere
2360 2909 2617 2990 cupienti.
2660 2908 2867 2988 Quibus
2910 2921 3093 2977 verbis
3138 2922 3246 2977 dux
3291 2922 3516 2979 subdole

1939 3010 2218 3081 deceptus,
2239 3026 2347 3080 quo
2379 3010 2654 3068 laetissima
2682 3026 2807 3080 spes
2842 3014 3086 3079 vocavit,
3135 3013 3239 3069 iter
3286 3014 3527 3068 instituit

1944 3102 2188 3160 festinus.
2221 3102 2319 3158 Cui
2345 3104 2492 3159 eunti
2529 3103 2670 3158 obvii
2719 3104 2938 3159 fuerunt
2982 3105 3090 3160 duo
3135 3105 3336 3159 milites
3376 3105 3517 3159 The-

1942 3192 2105 3249 baldi.
2151 3193 2387 3261 Quorum
2419 3208 2556 3249 unus
2602 3194 2717 3248 ait:
2752 3213 2769 3245 ‹
2811 3188 3113 3261 Quorsum“,
3156 3184 3517 3263 illustrissime

1947 3286 2207 3351 virorum,
2242 3299 2485 3355 gressum
2537 3285 2710 3339 tendis
2738 3286 2762 3337 ?
2788 3285 2950 3340 Visne
2999 3299 3123 3342 esse
3163 3268 3271 3341 dux
3310 3285 3513 3338 North-

1945 3390 2292 3441 manuorum,
2327 3392 2411 3430 an,
2432 3384 2584 3430 extra
2618 3384 2762 3434 tuam
2793 3377 3026 3444 patriam
3052 3386 3237 3437 custos
3256 3376 3436 3431 ovium
3459 3378 3509 3428 “It
3572 3434 3575 3435 ν

1945 3465 2040 3519 llis
2065 3464 2245 3530 dictis,
2278 3465 2558 3520 conticuit.
2607 3465 2706 3519 Cui
2754 3466 2862 3519 dux
2904 3466 2977 3519 ait
3008 3482 3026 3521 :
3064 3481 3086 3517 ι
3122 3462 3287 3533 Cujus
3318 3464 3515 3518 milites

1943 3556 2125 3611 estis?
2157 3575 2175 3607 t
2208 3556 2290 3610 Ad
2335 3557 2451 3610 haec
2495 3556 2633 3610 alter
2675 3556 2793 3610 inlit
2836 3573 2849 3609 :
2895 3573 2917 3606 ί
2951 3554 3091 3621 Quid
3138 3555 3270 3623 tibi,
3322 3552 3519 3621 cujus?

1945 3662 2122 3702 nonne
2149 3648 2226 3701 tui
2253 3648 2277 3701 ἲ
2309 3667 2341 3700 ι.
2364 3647 2817 3707 Animadvertens
2845 3646 2986 3702 illico
3024 3648 3135 3707 dux
3165 3648 3328 3719 verba
3366 3645 3513 3699 dela-

1946 3745 2122 3791 torum
2149 3738 2249 3792 sibi
2278 3738 2344 3792 ad
2372 3737 2758 3793 consulendum
2808 3752 2873 3793 ac
2899 3737 3211 3793 necessario
3230 3736 3518 3807 providen-

1943 3829 2071 3883 dum
2103 3829 2295 3900 dirigi,
2319 3828 2425 3885 illis
2458 3829 2674 3899 quidem
2704 3830 3002 3897 honoriﬁce
3030 3829 3149 3886 vale
3171 3830 3326 3904 dixit,
3350 3839 3403 3884 et
3429 3829 3520 3883 uni

1943 3931 2131 3972 ensem
2162 3932 2231 3972 ex
2259 3932 2395 3973 auro
2419 3923 2654 3988 quatuor
2686 3917 2946 3972 librarum
2972 3918 3025 3973 in
3050 3917 3242 3987 capulo
3261 3917 3518 3986 fulgidum

1948 4005 2128 4073 dedit,
2146 4005 2378 4061 alterum
2405 4021 2536 4060 vero
2568 4005 2776 4061 armilla
2804 4007 3026 4062 totidem
3062 4007 3321 4061 librarum
3346 4006 3522 4074 puris-

1945 4094 2067 4148 simi
2092 4095 2208 4149 auri
2237 4096 2627 4151 remuneravit.
2654 4094 2856 4150 Deinde
2876 4109 3036 4167 suum
3058 4095 3342 4159 celerrime
3368 4109 3518 4163 gres-

1946 4201 2062 4241 sum
2119 4188 2340 4243 retorsit
2366 4227 2382 4254 ,
2436 4188 2722 4256 salvusque
2756 4186 3171 4258 Rotbomagum}
3202 4188 3368 4245 venit.
3405 4184 3522 4239 Hoc

1946 4276 2106 4332 modo
2133 4278 2313 4333 Bruno
2344 4277 2563 4333 delusus
2598 4278 2879 4347 “regressus
2907 4285 3011 4345 est,
3059 4277 3288 4332 detectis
3322 4275 3518 4344 nequi-

276 4375 477 4428 multos
524 4389 787 4430 maerores
836 4375 1105 4430 exeuntis.
1156 4376 1274 4442 Quo
1300 4385 1560 4445 tempore,
1593 4376 1843 4431 defuncto
1872 4379 1921 4438 D
1953 4365 2039 4420 “33
2068 4380 2178 4421 θυῖε
2202 4366 2502 4422 fraudibus.
2570 4434 2571 4437 η

273 4463 548 4527 Gunardo.
584 4465 1013 4536 Rothomagensi
1067 4467 1518 4541 archiepiscopo,
1580 4469 1855 4525 successit.

274 4553 465 4627 Rugos

866 4665 1097 4723 CAPUT
1138 4666 1251 4722 XII.

279 4752 429 4826 Quod
458 4754 616 4826 Hugo
647 4755 871 4826 Magnus
902 4759 971 4811 ad
994 4769 1223 4811 extrema
1250 4757 1455 4812 veniens

348 4822 623 4893 Hugoném
654 4822 948 4892 patrocinio
979 4828 1127 4880 ducis
1164 4826 1415 4880 Bia/tardi
1436 4822 1845 4890 commendavit;

345 4904 391 4947 et
426 4896 567 4963 quod
601 4896 735 4948 idem
765 4896 873 4949 dux
897 4896 1063 4963 ﬁliam
1087 4896 1322 4964 praedicti
1342 4894 1581 4967 ugonis
1606 4896 1848 4951 Emittam

343 4974 469 5031 post.
491 4975 709 5019 mortem
734 4967 900 5033 patris
924 4981 1139 5020 uxorem
1177 4966 1393 5034 accepit.

347 5077 502 5147 tlugo
534 5078 765 5148 denique
801 5078 917 5133 dux.
932 5078 1082 5133 senio
1104 5078 1300 5142 fessus,
1329 5093 1450 5131 cum
1482 5080 1837 5134 novissimum

279 5167 360 5219 sui
390 5166 571 5221 exitus
605 5166 742 5221 diem
787 5175 1036 5221 cerneret
1083 5166 1392 5230 imminere,
1432 5167 1615 5222 ascitis
1644 5167 1852 5237 princia

279 5260 437 5284 υἷι-..οι
464 5260 545 5284 Ann:
583 5259 802 5284 ο...ΑΑΙ--α
880 5274 1059 5284 οιΑ-...ινδ
1117 5259 1354 5284 “Ana-nlla
1397 5259 1523 5284 αλ..-
1556 5276 1569 5284 ο

912 5274 1059 5284 αισι-..ινδ
1117 5270 1354 5284 “Ana-nlla
1397 5270 1523 5284 ιιΑ-..Α
1556 5270 1795 5284 .----Α.αι.ιι

1506 4757 1674 4827 [ilium
1695 4774 1861 4811 suum.-

2527 4478 2757 4539 CAPUT
2792 4479 2949 4537 XIV-

1950 4572 2224 4643 Quomodo
2244 4587 2338 4626 rex
2358 4571 2663 4643 Lothafius,
2681 4572 3006 4643 congregatis
3028 4570 3250 4643 inimicis
3273 4569 3530 4643 Bia/turdi

2020 4642 2201 4705 ducis,
2238 4642 2471 4695 videlicet
2504 4638 2990 4697 Balduino'comite
3022 4638 3528 4702 Flandrensi,Gau-

2020 4711 2160 4779 frido
2184 4711 2543 4779 Andegavensi
2559 4750 2573 4773 ,
2606 4710 2871 4765 Thebaldo
2898 4709 3227 4773 Carnoteusi,
3265 4707 3414 4761 illum
3441 4727 3540 4766 vo-

2022 4781 2115 4833 luit
2147 4780 2402 4849 decipere,
2432 4781 2523 4835 sed
2555 4795 2660 4833 non
2685 4780 2874 4852 potuit.

2021 4892 2308 4948 Exinanito
2328 4890 2513 4963 itaque
2536 4890 3157 4957 tantodolo,Lotbarius
3177 4905 3266 4945 rex
3292 4889 3359 4943 ad
3384 4889 3569 4958 aliud

1950 4985 2181 5057 palliata:
2216 4983 2539 5051 proditionis
2571 4993 2951 5052 argumentum
2977 4987 3228 5040 hortante
3252 4979 3581 5052 Thebaldo

1954 5078 2146 5132 iterato
2173 5071 2498 5139 devolvitur,
2526 5071 2763 5142 ducique
2790 5066 3028 5145 legatum
3061 5068 3365 5140 huiusmodi
3407 5086 3583 5138 ver,

1952 5166 2036 5220 bis
2074 5166 2397 5218 instructum
2442 5160 2681 5218 destinat
2706 5177 2724 5233 νε
2761 5181 2779 5214 ι
2813 5162 3139 5232 Quousque,
3180 5157 3348 5225 inquit
3390 5160 3472 5217 du
3485 5185 3535 5227 κ
3571 5215 3588 5242 ν

1953 5251 2158 5284 αηηινῖιῖἶ
2188 5248 2427 5284 ,Ιηιιίιηηι
2621 5249 2895 5284 δαί-Λωιηιιι
2926 5249 3184 5284 ηνῑιῖιυλνρ
3204 5248 3226 5283 ⁵)
3267 5247 3339 5284 An
3380 5248 3484 5284 :nn\
3504 5279 3535 5284 ε
