4040 5298
469 161 530 213 8⁸1
538 161 571 217 9

1281 161 1624 218 WILLELMI
1661 163 1954 220 CALCULI
1983 156 2542 219 GEMMETICENSIS
2578 151 2890 229 MONAQHI

3607 144 3718 199 820

463 269 952 344 tergolamjarnque
1001 275 1071 330 ab
1115 272 1199 329 bis
1246 275 1502 330 obstinati
1531 275 1695 331 animi
1725 274 2044 347 Laltereatio-
2068 276 2118 337 Α
2149 270 2290 326 filius
2317 268 2431 338 ejus
2455 269 2571 340 ipsa
2604 267 2692 323 die
2718 264 2970 330 mo’r'itur,
3010 268 3230 331 totaque
3250 260 3556 347 Larinatem
3584 257 3716 312 urbs

470 364 651 431 nibus,
691 375 749 423 et
780 366 1081 423 accelerate
1110 367 1306 423 itinere
1327 367 1524 423 festina
1554 368 1687 424 mihi
1731 381 2040 434 occurrere,

473 467 552 523 ut,
576 456 1040 515 indissolubilibus
1059 459 1210 529 pacis
1234 459 1485 516 ftederati
1506 461 1760 526 vinculis,
1786 461 2045 530 deinceps

470 564 568 619 per
617 559 861 606 mutuam
913 553 1258 608 concordiam
1323 552 1568 608 fruamur
1617 552 2045 624 competentibus

469 640 798 706 commodis;
820 642 1157 712 gaudeatque
1186 657 1279 696 rex
1304 641 1371 698 de
1393 651 1540 697 tanto
1562 657 1659 703 suo
1682 644 1838 708 duce,
1864 641 2044 706 etdux

477 731 544 786 de
564 746 663 786 suo
687 731 1007 789 cbarissimo
1033 749 1176 804 rege.
1199 754 1218 787 ι
1236 732 1440 800 Quibus
1463 733 1728 789 simulatae
1746 731 2043 802 legationis

469 821 790 893 ambagibus
818 822 926 878 dux
953 822 1184 888 illectus,
1215 824 1358 880 illico
1405 824 1518 894 regi
1566 823 1787 878 mandat
1857 835 1916 877 se
1963 820 2043 875 ul-

470 909 835 966 troneolibitu
866 911 1176 966 affuturum.
1213 912 1388 981 Super
1433 912 1910 967 bisveltementer
1948 925 2038 964 rex

467 999 705 1068 gavisus,
752 1003 938 1058 ascitis
994 1003 1148 1058 ducis
1196 1002 1470 1069 inimicis,
1522 1002 1783 1058 Balduiuo
1839 999 2044 1057 scilicet

467 1088 787 1146 Flandrensi
835 1102 998 1163 atque
1049 1091 1324 1148 Goiﬂredo
1354 1092 1754 1163 Andegavensi,
1799 1106 1900 1147 nec
1933 1105 2040 1146 non

469 1180 745 1236 Thebaide
775 1182 1116 1248 Carnoteusi,
1149 1198 1310 1253 super
1348 1182 1532 1238 lieluaz
1560 1181 1781 1237 ﬂuvium
1831 1180 1899 1236 ad
1947 1179 2042 1236 de-

470 1271 775 1327 testandum
799 1273 1056 1342 placitum
1085 1275 1333 1330 concitus
1357 1275 1524 1332 venit.
1546 1274 1588 1329 E
1613 1282 1804 1330 contra
1827 1287 2042 1343 quoque

469 1364 576 1419 dux
602 1378 666 1420 ex
693 1363 864 1426 altera
895 1381 1050 1435 aqua:
1074 1375 1230 1435 parte
1257 1366 1398 1419 sedit
1431 1381 1553 1420 eum
1587 1365 1805 1420 militari
1855 1378 2036 1418 manu.

468 1453 703 1524 Cupiens
724 1465 903 1512 autem
933 1457 1072 1512 scire
1127 1472 1247 1526 quae
1294 1458 1438 1527 apud
1484 1471 1663 1528 regem
1695 1464 2038 1525 gererentur,

470 1546 617 1599 misit
654 1547 720 1600 de
745 1547 859 1606 suis
886 1547 1307 1612 renuntiatums,
1337 1548 1426 1618 qui
1459 1555 1682 1618 agerent
1729 1561 1850 1602 cum
1874 1559 1940 1600 eo
1973 1544 2042 1601 de

470 1637 586 1704 ejus
629 1637 1103 1698 contubernalibus
1134 1609 1595 1710 amicis-Legati,
1637 1637 2044 1709 praenomiuatis
2073 1609 2118 1670 Β

470 1729 581 1786 illic
610 1731 838 1800 repertis
883 1730 1170 1786 comitibus
1207 1746 1370 1801 super
1400 1732 1589 1787 ducem
1623 1731 1831 1786 irruere
1864 1729 2049 1799 dispo-

468 1824 745 1888 nentibus,
779 1823 1064 1879 confestim
1109 1825 1312 1894 pernici
1360 1840 1523 1880 cursu
1575 1825 1812 1896 regressi
1852 1824 2044 1878 ducem

467 1914 759 1974 hortantur
803 1924 858 1969 ut
900 1931 930 1969 a
977 1917 1093 1972 loco
1132 1917 1381 1977 recedat;
1420 1931 1509 1982 ne,
1553 1915 1680 1971 dum
1727 1915 1869 1985 regia
1910 1929 2047 1984 pra:-

468 2013 764 2076 uccupatur
819 2007 1160 2077 proditione,
1217 2005 1420 2062 inimici
1477 2006 1594 2076 ejus
1644 2001 1931 2061 adversum
1988 2018 2048 2059 se

469 2099 881 2170 congredientes
930 2101 1200 2170 gaudeant
1250 2099 1315 2153 de
1356 2098 1498 2153 illius
1541 2105 1736 2175 morte.
1777 2096 2049 2152 Continuo

469 2190 598 2254 dux,
625 2190 1072 2261 compellentibus
1099 2190 1242 2254 suis,
1271 2188 1492 2244 ﬂuvium
1533 2189 1728 2258 Deppae
1780 2188 2048 2243 transiens

469 2282 780 2354 aliquandiu
831 2282 1089 2349 substitit,
1119 2290 1174 2337 et
1219 2295 1250 2336 a
1299 2283 1436 2338 vado
1497 2296 1650 2352 aqua:
1704 2282 2048 2349 insequentes

469 2373 654 2431 hostes
677 2373 986 2444 prohibuit,
1013 2374 1184 2428 donec
1213 2371 1418 2440 regiam
1443 2370 1554 2425 vim
1595 2368 1874 2426 declinans
1892 2409 1906 2434 ,
1941 2369 2050 2423 Ro-

470 2467 783 2538 tbomagum
822 2474 1090 2535 repeteret
1117 2464 1367 2520 celeriter
1390 2477 1514 2519 cum
1547 2461 1678 2518 suis.
1713 2460 1804 2516 Sic
1836 2461 2048 2516 detecta

468 2557 524 2610 in
567 2556 850 2627 propatulo
884 2555 1075 2612 fraude
1105 2556 1271 2626 regis,
1306 2553 1709 2610 animositatem
1749 2552 1863 2629 ejus
1899 2552 2045 2607 circa

471 2660 532 2701 se
568 2647 802 2716 agnovit.

1068 2755 1296 2814 CAPUT
1334 2755 1449 2817 XV.

475 2844 629 2910 Quod
655 2861 746 2900 rex
780 2842 1064 2901 Lat/rarius
1118 2847 1295 2902 urbem
1344 2845 1622 2907 Ebroicam
1666 2845 1875 2911 capiens
1919 2842 2047 2897 Tlte~

2148 330 2395 416 incendio
2438 330 2794 413 consumitur.
2842 355 2960 410 Dux
2983 330 3163 408 autem
3188 330 3600 406 Norﬁiiuannia:
3647 347 3718 402 ad

2145 466 2394 521 campum
2434 449 2558 506 belli
2604 462 2884 519 regressus
2911 453 3156 502 mortuos
3182 442 3406 512 reperit,
3452 449 3507 496 et
3557 440 3724 495 mise-

2146 542 2381 598 ricordia
2413 551 2594 597 motus
2635 537 2850 609 sepeliri
2889 551 2984 592 eos
3014 531 3195 604 jussit.
3231 530 3559 587 Vulneratos
3588 545 3722 586 vero

2146 635 2376 704 imperat
2402 632 2796 700 Rotlromagum
2850 627 3045 684 leviter
3076 622 3309 688 deferri,
3335 622 3519 693 ibique
3553 637 3582 675 a
3611 637 3722 677 rue-

2145 723 2280 780 dieis
2317 721 2522 789 curari,
2549 730 2767 778 sanatos
2797 733 3014 790 quoque
3037 712 3319 772 Thebaldo
3347 713 3574 768 remitti.

2731 825 2958 904 CAPUT
3001 826 3140 882 XVL

2147 927 2301 994 Quod
2325 923 2614 994 Richaraus
2633 924 2742 976 dua:
2762 920 3015 994 attayilinm
3031 918 3265 994 Ilerahh'
3290 917 3422 994 regis
3451 915 3721 994 Danorum

2266 1007 2451 1050 contra
2481 993 2720 1048 Francos
2745 992 2888 1063 petiit
2912 1000 2960 1044 et
2984 989 3259 1062 efﬁcaciter
3287 986 3597 1057 impetrarit.

2219 1108 2416 1164 Videns
2447 1106 2628 1178 itaque
2659 1103 2766 1159 dux
2799 1109 3066 1158 tantarum
3099 1095 3367 1153 fraudium
3396 1093 3539 1164 regis
3571 1091 3724 1153 moli-

2144 1201 2292 1257 mina
2339 1213 2498 1270 super
2543 1211 2602 1252 se
2655 1194 2969 1257 imminere,
3016 1189 3348 1256 comitesque
3389 1183 3723 1248 Francorum

2143 1301 2330 1349 contra
2357 1307 2416 1347 se
2445 1286 2777 1344 unanimiter
2805 1285 3018 1350 smvire,
3052 1279 3283 1342 lleraldo
3308 1279 3582 1332 Danorum
3611 1275 3725 1345 regi

2143 1382 2348 1456 legatos
2376 1379 2579 1451 dirigit,
2614 1387 2669 1440 et
2697 1376 2920 1433 mandat
2950 1384 3006 1430 ut
3036 1373 3189 1429 ocius
3225 1369 3301 1431 illi
3334 1374 3640 1432 succurrat,
3672 1375 3730 1426 et

2143 1488 2478 1547 paganorum
2514 1469 2856 1528 multitudine
2883 1465 3219 1521 Francorum
3261 1461 3462 1516 rabiem
3503 1458 3618 1516 solo
3652 1465 3728 1512 te~

2144 1583 2245 1624 nus
2283 1563 2624 1635 comprimat.
2659 1560 2827 1632 Cujus
2872 1557 3077 1630 legatos
3126 1570 3220 1610 rex
3255 1569 3361 1610 non
3397 1553 3556 1607 modo
3593 1565 3728 1624 gauo

2147 1660 2338 1715 denter
2387 1655 2616 1726 recepit,
2664 1666 2853 1707 verum
2902 1651 3068 1706 etiam
3115 1646 3368 1702 maximis
3413 1642 3728 1699 muneribus

2147 1749 2349 1803 ditatos
2387 1745 2506 1801 duci
2550 1740 2781 1805 remisit,
2813 1753 2980 1809 seque
3015 1737 3304 1792 missurum
3343 1731 3626 1788 celerrime
3654 1729 3729 1784 illi

2144 1839 2400 1909 juvamen
2443 1834 2754 1906 spopondit.
2781 1832 2920 1900 Quid
2961 1828 3156 1900 plura?
3184 1826 3345 1883 Jussu
3377 1823 3527 1895 regio
3564 1821 3730 1877 naves

2148 1931 2215 1983 ad
2251 1942 2400 1982 mare
2436 1924 2834 1998 propelluntur.
2863 1921 2945 1976 Ad
2978 1928 3142 1980 tantm
3173 1913 3531 1986 expeditionis
3565 1927 3729 1982 nego-

2150 2021 2284 2074 tium
2305 2019 2563 2090 paganica
2585 2015 2841 2086 juventus
2868 2020 3172 2085 praeparatu
3182 2025 3232 2074 ι·ι
3251 2006 3455 2080 clypeis
3473 2013 3528 2061 et
3547 2002 3732 2059 loricis

2149 2127 2212 2167 ac
2232 2110 2402 2182 galeis
2451 2109 2708 2179 omnique
2733 2121 3005 2169 armorum
3032 2108 3294 2176 apparatu
3326 2095 3731 2153 innumerabilis

2148 2201 2422 2258 exercitus
2447 2199 2706 2256 munitur.
2730 2197 2858 2254 Inde
2883 2204 3085 2252 statuto
3107 2193 3192 2252 die
3215 2191 3494 2248 elevantur
3512 2185 3732 2251 vexilla,

2150 2293 2325 2350 ventis
2368 2291 2660 2354 salubriter
2689 2289 3020 2360 spirantibus
3059 2285 3259 2341 librant
3287 2279 3429 2347 vela,
3460 2279 3732 2348 celerique

2150 2386 2369 2442 navium
2412 2398 2576 2442 cursu
2619 2395 2907 2454 permenso
2935 2377 3072 2439 mari
3113 2376 3180 2432 ad
3219 2371 3523 2444 Sequanica
3553 2369 3735 2434 devol-

2150 2486 2352 2533 vuntur
2377 2491 2496 2532 ora.
2530 2474 2770 2542 Quorum
2799 2471 3033 2528 adventu
3065 2468 3171 2524 dux
3202 2465 3418 2537 cognito
3447 2463 3730 2518 vehemen-

2150 2578 2234 2625 ter
2279 2570 2518 2638 gavisus,
2544 2567 2648 2622 illis
2693 2564 2909 2627 obviam
2954 2560 3242 2634 processit,
3274 2566 3437 2635 atque
3479 2569 3547 2610 eo
3597 2568 3734 2625 pra:-

2150 2669 2313 2722 eunte
2337 2659 2608 2716 suleantes
2629 2655 2853 2728 remigio
2879 2652 3090 2709 alveum
3120 2651 3400 2720 Sequanae,
3429 2646 3494 2699 ad
3521 2643 3735 2700 Givoldi

2151 2753 2351 2813 fossam
2387 2749 2726 2808 devehuntur
2758 2746 3027 2817 expedite,
3069 2743 3251 2813 ibique
3296 2739 3418 2794 lixis
3454 2735 3735 2799 anchoris,

2152 2847 2221 2907 de
2250 2842 2606 2908 subversione
2632 2838 2924 2898 consulunt
2958 2836 3222 2892 Francia}.
3255 2833 3322 2888 Et
3362 2845 3490 2887 ecce
3533 2842 3733 2900 repen-

502 2915 504 2918 V
543 2914 1070 3005 Ϋῖἴῖἲίῆἷῗίξίῖῗίίέὲἔῖἲ
1102 2912 2050 3005 (ΙΪὛῙῩΨῩ,ἴέέἵδίἶῖῗῗίῖίῖῗξξίίῗδξίῖῗῗἪῑ
2077 2942 2123 3005 C
2155 2940 2285 3005 lino
2313 2935 2542 2993 tumultu
2566 2935 2610 3004 le
2647 2930 2878 2987 navibus
2916 2935 3212 2999 ρτοτιιιιιιι,
3251 2933 3526 2990 totamque
3553 2920 3607 2972 ίη
3629 2918 3739 2973 εῖτ-

543 2996 736 3048 tensem
767 2988 1071 3049 comitatum
1097 2984 1143 3046 et
1173 2986 1467 3040 Dunensem
1495 2985 1769 3045 vastarerit
1787 2999 1806 3049 ;
1829 2993 1875 3037 et
1909 2984 2047 3053 quod

545 3053 840 3110 Tltebaldus
889 3057 958 3110 ad
1010 3056 1377 3109 Ermentrudis
1426 3055 1599 3109 uillam
1657 3071 1774 3107 cum
1819 3055 2050 3107 exercitu

545 3129 771 3196 veniens,
800 3127 1142 3196 ignominiose
1167 3125 1308 3190 inde,
1338 3133 1523 3194 agente
1543 3127 1694 3191 duce,
1719 3141 1835 3177 cum
1863 3139 2050 3194 magno

544 3195 735 3250 dantno
774 3195 1002 3268 aufugit.
1965 3196 1968 3200 λ

546 3284 888 3358 PerSpiciens
927 3301 1058 3359 ergo
1105 3301 1200 3342 rex
1248 3285 1584 3357 propositum
1623 3283 1706 3340 sui
1737 3284 1848 3339 voti
1891 3282 2052 3339 ﬂocci

473 3393 697 3451 pensum
723 3378 858 3445 fore,
881 3377 1199 3434 Laudunum
1228 3377 1536 3447 regreditur
1558 3375 1913 3440 furibundus;
1944 3389 2049 3429 non

471 3468 641 3524 multo
692 3477 836 3538 post,
881 3467 1159 3523 Thebaldo
1191 3476 1536 3537 suggerente,
1601 3465 2051 3522 Nortbmanniam

474 3557 746 3637 hostiliter
770 3559 1059 3627 petiturus.
1092 3559 1190 3614 Vix
1224 3559 1370 3613 enim
1411 3559 1478 3612 ad
1515 3557 1804 3612 consilium
1837 3563 2056 3611 contra-

476 3647 711 3703 lteudum
741 3648 1034 3716 respirans,
1062 3648 1404 3718 congregatis
1428 3646 1868 3717 Burgundionum
1888 3643 2056 3700 Fran-

477 3753 774 3807 corumque
825 3737 1055 3792 militum
1097 3739 1300 3807 copiis,
1345 3739 1618 3792 civitatem
1649 3737 1932 3791 Ebroicam
1964 3750 2057 3805 ag-

477 3845 719 3901 gressus,
758 3831 969 3886 civibus
994 3833 1238 3888 inc'autis.
1254 3848 1372 3888 eam
1413 3832 1696 3888 obsidione
1739 3832 1927 3902 cingit,
1961 3831 2058 3887 do-

479 3924 655 3992 lisque
677 3921 962 3978 Gisleberti
995 3930 1322 3993 agnomento
1348 3921 1554 3978 Machel
1581 3922 1745 3992 capit,
1776 3936 1838 3977 ac
1867 3921 1934 3977 ad
1963 3936 2056 3977 ex—

477 4015 818 4086 pugnandam
842 4015 1075 4086 patriam
1104 4014 1382 4070 Thebaide
1414 4014 1601 4069 comiti
1648 4013 1834 4069 statim
1867 4013 2056 4069 tradit.

490 4106 638 4175 Rege
657 4119 788 4160 vero
814 4105 884 4160 ab
931 4104 1068 4161 urbe
1107 4106 1415 4180 recedente,
1442 4103 1748 4159 Richardus
1774 4102 1880 4158 dux
1910 4115 1941 4157 e
1969 4115 2058 4158 ve~

479 4197 641 4268 stigio
665 4212 790 4252 eum
818 4197 1190 4268 prosequitur,
1228 4205 1285 4251 et
1323 4205 1578 4250 cunctum
1617 4194 1922 4249 Duncnsem
1963 4208 2058 4248 seu

2152 3032 2301 3086 cuitu
2356 3026 2586 3100 patriam
2638 3020 2932 3080 exitialiter
2979 3019 3321 3078 comburunt.
3373 3010 3579 3074 Dehinc
3630 3006 3732 3060 viri

2153 3136 2274 3178 cum
2320 3099 2638 3177 mulieribus
2676 3110 3017 3177 concatenati
3066 3106 3458 3167 distrahuntur,
3493 3099 3599 3154 vici
3638 3099 3735 3152 de-

2153 3213 2488 3284 praedantur,
2510 3206 2673 3262 urbes
2711 3202 3048 3264 desolantur,
3083 3197 3306 3254 castella
3347 3194 3738 3253 subvertuntur

2155 3283 2211 3359 et
2234 3311 2378 3358 terra
2406 3299 2462 3359 in
2491 3294 2838 3355 solitudinem
2869 3291 3145 3364 redigitur.
3175 3289 3262 3344 Fit
3291 3288 3467 3342 luctus
3494 3283 3734 3345 omnium

2130 3380 2210 3449 diu
2260 3404 2579 3454 commune,
2620 3385 2765 3442 nullo
2813 3398 2949 3440 cane
2983 3396 3080 3453 per
3121 3378 3434 3440 comitatum
3475 3371 3737 3429 Tbebaldi

2155 3484 2408 3542 latrante.
2440 3481 2542 3537 Ubi
2580 3493 2710 3539 vero
2753 3477 2843 3532 illa
2881 3474 3161 3544 deﬁciunt,
3193 3469 3395 3540 regalia
3432 3465 3561 3535 jura
3606 3480 3738 3520 con-

2159 3578 2310 3634 tinuo
2356 3573 2640 3630 invadunt.
2697 3570 2828 3637 Quae
2881 3575 3060 3622 autem
3110 3561 3334 3617 Francis
3393 3558 3738 3618 subtrahunt,

2157 3664 2549 3726 Nortlimannis
2584 3660 2908 3735 possidenda
2948 3656 3039 3711 vili
3081 3655 3254 3724 pretio
3291 3651 3621 3706 conducunt.
3651 3644 3742 3699 Lio.

2159 3760 2292 3814 bcra
2321 3763 2508 3810 manet
2550 3767 2581 3807 a
2613 3763 2946 3822 paganorum
2985 3744 3191 3822 rapinis
3231 3741 3387 3798 tellus
3417 3738 3742 3794 Nortbman-

2159 3762 2292 3814 bcra
2321 3763 2508 3810 manet
2550 3767 2581 3807 a
2613 3763 2946 3822 paganorum
2985 3762 3042 3800 ra
3087 3762 3191 3800 mis
3231 3762 3387 3798 tenus
3417 3762 3742 3794 nurui-imu-

2158 3850 2314 3912 nica,
2368 3843 2597 3902 Francia
2649 3856 2780 3899 vero
2841 3762 3350 3902 nullo'a‘tsistente
3414 3829 3742 3894 distrahitur

2160 3940 2401 4012 captiva.

2727 4043 3154 4116 carur_xvu.

2162 4147 2318 4216 Quod
2348 4144 2651 4216 necessitate
2673 4137 2924 4216 compulsi
2938 4132 3338 4216 ‘reagfotltarius
3357 4126 3744 4216 eti-Tlteb‘alduf,

2231 4216 2409 4271 omnia
2430 4230 2547 4284 qua!
2568 4205 2982 4284 dncinitltardo
3004 4205 3350 4272 diripuerant,
3375 4205 3571 4279 integre
3599 4205 3746 4284 resti-

476 4290 865 4345 Carnotensem
895 4289 1214 4345 comitatum
1240 4288 1440 4358 praeliis
1481 4295 1542 4354 et
1593 4287 1857 4343 incendiis
1895 4285 2059 4357 depo-
2085 4277 2137 4335 D
2233 4268 2456 4342 ruerunt
2481 4268 2538 4337 et
2578 4281 2642 4335 de
2678 4268 3008 4334 conversione
3051 4268 3379 4344 paganorum
3418 4268 3584 4343 ipsius
3625 4268 3748 4320 hor-

477 4378 716 4446 pulatur.
746 4377 1093 4448 Consumptis
1127 4377 1382 4433 omnibus
1419 4391 1539 4446 quae
1577 4375 1834 4431 Thebaidi
1880 4384 2059 4442 erant,

479 4482 605 4524 cum
641 4469 925 4525 innumera
954 4470 1137 4540 praeda
1180 4467 1475 4522 revertitur
1524 4465 1592 4521 ad
1637 4468 1875 4537 propria.
1907 4467 2061 4522 Haud

478 4573 656 4626 mora,
686 4559 998 4615 Tltebaldus
1023 4558 1303 4631 reciproca
1333 4556 1706 4613 vicissitudine
1735 4563 1875 4613 clam
1899 4572 2059 4614 exer-

477 4647 686 4702 cituum
717 4663 909 4717 agmen
939 4649 1172 4720 collegit,
1219 4662 1285 4706 ac
1335 4647 1402 4704 ad
1443 4647 1679 4706 dedecus
1722 4647 1878 4703 ducis
1920 4648 2062 4717 apud

482 4737 895 4794 llermentrudis
922 4740 1101 4795 villam
1135 4738 1436 4810 papiliones
1461 4746 1518 4793 et
1544 4737 1774 4808 magalia
1800 4737 1931 4800 fixit,
1959 4745 2067 4790 sta-

483 4829 798 4902 tionemque
827 4827 1302 4886 infestissimorum
1333 4829 1572 4884 hostium
1600 4828 1926 4900 composuit.
1959 4827 2064 4883 Ve-

483 4939 606 4991 rum
656 4921 1073 4994 providissimus
1111 4934 1174 4974 ac
1208 4919 1542 4976 fortissimus
1583 4921 1688 4976 dux
1731 4919 2066 4988 intempestae

483 5011 660 5071 noctis
681 5009 897 5064 silentio
920 5007 1131 5061 alveum
1159 5005 1423 5076 Sequanae
1448 5007 1821 5071 transmeavit,
1849 5015 1904 5062 et
1929 5005 2068 5059 dilua

485 5101 608 5156 culo
632 5114 796 5170 super
822 5113 918 5155 eos
945 5095 1158 5151 irruens
1183 5104 1352 5151 tanta‘
1372 5098 1492 5154 illos
1527 5107 1711 5170 strage
1739 5095 2064 5168 proﬂigavit,

495 5206 556 5251 ut
599 5211 665 5252 ex
694 5175 777 5250 eis
816 5190 1058 5249 sexcenti
1095 5190 1446 5260 quadraginta
1488 5191 1752 5262 perirent,
1787 5200 1842 5246 et
1875 5189 2067 5260 reliqui

2234 4365 2370 4411 tatu.

2235 4469 2368 4523 Dum
2406 4445 2525 4522 haec
2559 4469 2841 4532 geruntur,
2884 4456 3162 4530 synodalis
3197 4455 3576 4525 episcoporum
3622 4465 3748 4505 con-

2163 4568 2357 4616 ventus
2386 4555 2526 4628 apud
2556 4553 2873 4608 Laudunum
2906 4555 3289 4616 congregatur,
3323 4540 3750 4610 investigaturus

2165 4665 2262 4705 cur
2285 4627 2626 4704 Christianus
2648 4640 2879 4711 populus
2906 4639 2992 4694 his
3026 4635 3270 4691 cladibus
3307 4631 3596 4702 afﬂigatur.
3630 4627 3753 4681 Mit-

2168 4747 2337 4798 tcntes
2367 4735 2602 4806 denique
2625 4720 3023 4787 'Carnotensem
3067 4722 3347 4795 praesulem
3379 4719 3502 4774 duci
3559 4717 3752 4773 scisci-

2167 4838 2352 4884 tantur
2403 4824 2472 4880 ab
2514 4836 2581 4878 eo
2610 4818 2764 4889 cujus
2816 4818 2894 4873 rei
2946 4828 3110 4871 causa
3168 4823 3276 4868 tam
3329 4811 3667 4867 exsecranda
3716 4824 3747 4861 a

2169 4913 2635 4976 ebristianissimo
2679 4909 3035 4983 piissimoque
3072 4905 3189 4960 viro
3231 4902 3560 4976 processerit
3604 4917 3752 4957 seve-

2170 5009 2323 5064 ritas.
2364 5006 2412 5060 A
2451 5018 2559 5075 quo
2608 5015 2732 5064 cum
2782 4999 2926 5071 regis
2959 4997 3179 5052 fraudes
3214 5004 3269 5050 et
3309 4993 3570 5050 Thebaldi
3605 4993 3752 5048 urbis

2169 5097 2410 5154 Ebroiete
2444 5094 2840 5168 surreptionem
2864 5088 3106 5162 pontifex
3137 5086 3435 5150 didicisset,
3460 5085 3749 5140 confestim

2171 5202 2199 5241 a
2224 5183 2500 5256 paganicis
2525 5181 2919 5252 irruptionibus
2946 5176 3193 5234 inducias
3221 5176 3376 5246 petit,
3408 5174 3753 5243 acadipisci-

2323 5278 2371 5298 2..
2431 5275 2619 5298 ..--!L.--
2669 5273 2924 5298 --...-..ΙΑ,.
2971 5271 3240 5298 ..ΔΑ-ιλιι...
3289 5267 3403 5298 ΙΛΑΛ
3449 5274 3754 5298 ΛηηΛιιιηιιη
