4040 5298
236 349 331 407 Si}!

723 350 1076 409 HISTORIE
1110 350 1739 430 NORTHMANNOBUM
1780 347 1960 407 LIBRI
1998 347 2203 409 OCTO.
2255 380 2323 391 —
2354 351 2553 409 LIBER
2585 352 2939 421 QUARTUS'

3376 362 3485 417 ωε

240 469 416 518 totum
441 458 724 519 seditionis
746 460 955 531 pondus
976 470 1284 530 super‘eum
1314 460 1813 529 incumbat,quem-
1841 464 1891 520 Α
1984 469 2188 535 mortuo
2238 458 2693 535 Lothurio,~Hugo
2741 464 2900 533 Cape:
2955 481 3045 520 rex
3100 466 3347 535 ειειναιανι,
3404 472 3492 524 cui

240 551 361 604 dam
394 542 723 604 monael'ibm
753 551 875 605 duci
903 565 1026 605 cum
1057 549 1398 604 festinatione
1437 548 1621 612 mittit,
1655 563 1810 602 mau-

241 640 375 695 dans
411 654 473 694 se
508 640 564 694 in
603 640 800 709 quibus
837 639 987 693 illum
1030 638 1348 700 offenderat,
1384 647 1501 692 toto
1532 638 1815 692 conamine

237 730 527 801 pauitere,
561 745 625 784 ac
653 730 721 785 ad
765 730 971 785 curiam
1010 730 1125 800 ejus
1162 731 1260 793 ire,
1290 728 1681 798 Ebroicamque
1724 743 1815 781 ur.

235 822 358 877 hem
389 821 468 875 illi
499 821 725 877 reddere
750 820 905 877 velle.
933 821 1049 875 Dux
1080 830 1280 887 autem,
1310 822 1393 876 bis
1419 821 1634 884 auditis,
1663 820 1816 873 laetus

232 909 489 974 edicitur,
519 916 593 974 et,
617 924 873 965 concessa
898 912 1208 974 securitate,
1237 910 1443 979 copiam
1474 909 1549 964 illi
1579 910 1816 979 indulget

233 1004 299 1055 ad
340 1015 401 1056 se
440 999 711 1055 veniendi.
756 1000 857 1067 Qui
907 1016 1029 1055 cum
1076 1001 1433 1055 familiaribus
1467 999 1533 1053 ad
1567 1014 1692 1054 eum
1726 1014 1817 1053 ve-

235 1093 414 1157 niens,
448 1106 555 1146 non
586 1090 760 1145 solum
791 1091 980 1146 urbem
1022 1090 1095 1145 illi
1134 1090 1400 1156 reddidit;
1438 1106 1622 1144 verum
1654 1090 1815 1145 etiam

237 1182 471 1237 lirmatis
516 1183 796 1247 amicitiis,
829 1197 951 1237 cum
1002 1182 1185 1238 multis
1222 1182 1459 1238 denariis
1493 1181 1561 1235 ab
1588 1195 1654 1235 eo
1692 1196 1816 1250 gau-

239 1276 371 1329 dens
401 1275 669 1329 discessit.
716 1275 1034 1330 lmminente
1076 1290 1207 1330 vero
1244 1275 1331 1329 die
1376 1274 1623 1345 υττεῆηίιί
1653 1271 1818 1327 collo-

240 1367 375 1436 quii,
404 1366 513 1421 dux
542 1366 684 1437 apud
707 1366 914 1422 Givoldi
945 1366 1144 1421 fossam
1180 1366 1230 1420 in
1260 1380 1592 1436 paganorum
1626 1364 1820 1419 castris

241 1470 459 1510 scenam
502 1455 652 1509 mirae
690 1456 1075 1525 magnitudinis
1116 1457 1353 1511 construi
1399 1455 1589 1524 jussit,
1624 1455 1679 1508 in
1713 1469 1818 1524 qua

241 1546 532 1601 Lotharius
576 1563 699 1601 cum
750 1548 864 1601 suis
912 1547 1260 1616 optimatibus
1302 1547 1577 1601 divertens
1614 1544 1688 1599 illi
1728 1559 1815 1599 sa-

241 1637 474 1702 tisfecit,
521 1637 816 1694 foederibus
863 1640 1067 1708 pactis,
1096 1636 1398 1707 juratisque
1436 1634 1816 1692 sacramentis.

241 1728 336 1795 llis
371 1730 557 1801 itaque
596 1730 884 1786 salubriter
915 1731 1023 1785 dux
1055 1731 1306 1800 expletis,
1337 1745 1665 1800 paganorum
1702 1729 1822 1797 plu-

1983 533 2140 606 etiam
2170 532 2647 606 post__¢_zliqur_mtum
2682 532 2925 604 temporis
2960 537 3205 606 defuncto
3242 532 3492 594 successit

1990 598 2237 654 Robertus
2264 598 2411 668 ﬁlius
2432 601 2565 669 ejus.

1984 710 2116 767 Cum
2149 712 2313 782 igitur
2337 713 2444 767 dux
2476 710 2781 769 Richardus
2824 715 3111 771 multorum
3141 732 3360 788 operum
3392 719 3493 774 bo-

1915 815 2107 855 norum
2136 802 2361 872 polleret
2393 804 2764 869 incrementis,
2800 806 2939 861 inter
2968 808 3197 877 plurima
3230 825 3496 866 commer-

1916 894 1999 948 cia
2026 910 2249 949 summa:
2272 896 2562 965 opinionis,
2594 898 2736 967 apud
2760 898 3082 955 Fiscannum
3112 903 3260 957 mirae
3288 904 3497 972 magni-

1918 985 2117 1040 tudinis
2151 995 2207 1041 et
2240 986 2653 1056 pulchritudinis
2684 990 2735 1043 in
2769 991 2975 1046 honore
3005 990 3216 1047 Deiﬁcce
3247 992 3489 1048 Trinita—

1919 1078 1989 1134 tis
2018 1077 2272 1147 templum
2297 1080 2618 1143 construxit,
2644 1080 2992 1151 mirilicisque
3016 1082 3296 1137 ornatibus
3320 1083 3502 1137 multi~

1918 1169 2085 1224 mode
2122 1170 2425 1224 adornavit.-
2460 1172 2723 1226 Abbatias
2757 1188 2971 1244 quoque
3002 1175 3257 1243 quasdam
3288 1156 3513 1229 restau-i

1920 1259 2080 1312 ravit.
2114 1257 2289 1313 Unam
2322 1262 2585 1328 siquidem
2618 1264 2667 1315 in
2701 1265 2962 1319 suburbio
2991 1264 3413 1336 Rolhomagcnsi
3453 1266 3504 1316 in

1920 1351 2125 1405 honore
2173 1346 2535 1407 sancti'Pctri
2601 1356 2881 1425 sanctique
2925 1355 3197 1423 Audoeni,
3238 1357 3396 1411 aliam
3455 1357 3509 1408 in

1923 1440 2101 1496 Monte
2145 1443 2236 1512 qui
2281 1443 2481 1497 dicitur
2527 1443 2755 1512 Tumba,
2790 1448 2840 1500 in
2890 1450 3236 1505 veneratione
3273 1450 3504 1504 archan-

1922 1532 2024 1601 geli
2056 1531 2351 1594 Michaelis.
2387 1534 2748 1612 gregibusque
2778 1537 3163 1592 monachorum
3203 1538 3499 1608 insignivit.

1924 1624 2187 1693 Tempore
2216 1625 2316 1680 sub
2338 1626 2525 1680 eodem
2552 1627 2692 1681 diem
2718 1627 2851 1682 obiit
2874 1628 3025 1697 llugo
3048 1628 3505 1701 Rothomagensis

1923 1713 2389 1783 archiepiscopus,L
2410 1715 2495 1768 cui
2520 1716 2781 1771 successit
2805 1715 3069 1771 Robertus
3090 1717 3327 1787 ejusdem
3354 1719 3505 1773 ducis

242 1822 412 1877 rimos
467 1821 535 1875 ad
591 1822 748 1876 fidem
802 1821 1009 1877 Christi
1061 1822 1231 1877 sacris
1276 1822 1495 1876 monitis
1531 1819 1819 1884 convertit,

1930 1806 2089 1860 filius.
2134 1804 2303 1860 Porro
2339 1814 2552 1860 tuortuo
2595 1805 2923 1861 Francorum
2965 1821 3090 1877 rege
3119 1807 3407 1872 Lothario,
3451 1809 3505 1861 in

240 1912 377 1967 alios
402 1912 454 1966 in
486 1912 802 1983 paganismo
827 1928 1146 1983 permanere
1172 1913 1522 1982 disponentes
1544 1912 1608 1965 ad
1633 1910 1823 1981 Hispa-

244 2008 359 2061 nias
384 2008 850 2083 t-ranstnisit.,Ubi,
881 2009 1110 2078 plurima
1136 2008 1698 2081 bellajperpetrantcs,
1725 2007 1822 2062 de-

244 2113 360 2153 cem
392 2107 449 2153 et
475 2108 598 2159 octo
620 2100 904 2156 diruerunt
932 2100 1112 2157 urbes.

819 2230 1046 2288 CAPUT
1082 2231 1265 2288 XVIII.

248 2319 422 2385 Quod,
448 2332 653 2374 mortua
697 2338 857 2375 uxore
894 2340 989 2376 sua
1022 2319 1209 2373 Emma
1239 2322 1431 2389 absque
1457 2320 1651 2382 liberis,
1689 2320 1825 2372 idem

280 2394 283 2395 ⁷
316 2391 426 2445 diu:
446 2391 594 2445 duxit
620 2390 941 2457 Gunnorem,
969 2401 1017 2446 et
1046 2392 1109 2444 de
1129 2393 1372 2460 progenie
1402 2392 1563 2458 ipsius
1585 2390 1752 2442 ducis.

318 2503 435 2571 Qua
481 2512 802 2573 tempestate
850 2503 1039 2558 Emma
1087 2519 1224 2565 uxor
1261 2502 1393 2571 ejus.
1435 2502 1541 2556 lilia
1591 2502 1830 2572 Hugonis

252 2595 453 2667 Magni,
485 2598 687 2667 absque
719 2594 904 2651 liberis
940 2596 1188 2650 moritur.
1219 2595 1336 2665 Ipse
1364 2610 1493 2649 vero
1522 2610 1627 2649 non
1660 2594 1831 2649 multo

250 2696 371 2758 post
399 2687 689 2754 quamdam
722 2686 984 2754 virginem
1031 2686 1251 2740 nomine
1286 2684 1530 2750 Gunnor,
1558 2700 1625 2741 ex
1674 2685 1828 2746 nobi-

252 2776 455 2831 lissima
492 2778 764 2832 Danorum
804 2778 1057 2847 prosapia
1101 2786 1278 2835 ortam
1323 2776 1424 2830 sibi
1462 2776 1514 2829 in
1547 2778 1829 2831 matrimo-

252 2868 399 2921 nium
446 2867 751 2922 christiano
803 2882 954 2922 more
1000 2866 1367 2937 desponsavit.
1411 2865 1485 2921 Ex
1536 2882 1643 2936 qua
1692 2867 1830 2921 filios

250 2958 473 3026 genuit,
521 2958 847 3013 Richardum
900 2958 1147 3013 videlicet
1204 2968 1259 3013 et
1316 2956 1613 3014 Robertum
1669 2968 1831 3029 atque

253 3046 598 3119 Malgerium,
655 3046 895 3116 aliosque
951 3050 1085 3103 duos
1140 3058 1300 3118 atque
1349 3049 1487 3103 filias
1520 3059 1649 3105 tres.
1682 3049 1829 3117 Qua-

250 3151 369 3201 rum
416 3151 522 3190 una
567 3134 782 3191 no‘mine
824 3136 1031 3201 Emma,
1068 3136 1334 3192 Edelrodo
1377 3139 1488 3208 regi
1531 3139 1825 3209 Anglorum
1856 3144 1900 3201 C

252 3227 452 3296 nupsit,
487 3227 553 3282 de
588 3241 694 3295 qua
741 3226 880 3282 idem
926 3240 1019 3281 rex
1064 3226 1385 3282 Edwardnm
1421 3238 1474 3282 et
1512 3228 1825 3295 Aluredum,

251 3315 498 3372 Godwini
544 3315 704 3385 longo
741 3325 865 3387 post
904 3316 1042 3371 dolis
1081 3318 1462 3387 interemptum
1502 3320 1828 3386 procreavit.

252 3407 501 3461 Secunda
533 3422 663 3462 vero
699 3406 899 3461 Hadvis
930 3419 1117 3461 vocata
1152 3406 1425 3461 Goitl'redo
1452 3405 1831 3463 Britannorum

253 3496 436 3551 comiti
462 3496 674 3564 juncta,
696 3495 925 3550 Alanum
958 3504 1011 3555 et
1039 3496 1313 3561 Eudouem
1341 3494 1504 3549 duces
1528 3494 1827 3564 progenuit.

254 3587 434 3642 Tertia
457 3574 674 3659 quidem
706 3586 977 3644 Mathihlis
1002 3584 1171 3653 Odoui
1199 3584 1406 3645 comiti,
1435 3585 1502 3638 de
1524 3598 1627 3653 qua
1654 3598 1833 3639 sermo

255 3676 306 3730 lu
333 3676 568 3746 posteris
593 3675 821 3736 orietur.
848 3673 1048 3734 Genuit
1076 3674 1239 3728 etiant
1269 3674 1404 3729 duos
1428 3672 1568 3739 ﬁlios
1608 3684 1664 3729 et
1713 3674 1835 3728 toti-

257 3770 376 3822 dem
409 3767 647 3825 flliasex
678 3766 1014 3821 concubinis.
1060 3764 1300 3839 Quorum
1331 3782 1467 3821 unus
1490 3764 1832 3832 Godefridus,

259 3860 398 3914 alter
425 3873 555 3915 vero
581 3858 862 3913 dicebatur
884 3857 1204 3914 Willelmus.
1239 3856 1441 3914 Horum
1483 3858 1631 3929 prior
1656 3872 1836 3914 comes

258 3950 357 4005 fuit
408 3951 693 4005 Auceusis.
738 3949 855 4017 Quo
905 3949 1188 4012 defuncto,
1246 3951 1454 4020 accepit
1504 3950 1673 4006 frater
1720 3949 1837 4019 ejus

259 4043 508 4098 eumdem
537 4042 858 4098 comitatum
887 4026 1047 4111 qhem
1083 4042 1259 4097 adhuc
1304 4042 1546 4097 barrodes
1574 4043 1692 4113 ejus
1713 4040 1839 4110 jure

175 4155 181 4163 -
258 4132 623 4188 successionis
645 4132 950 4202 possident;
989 4132 1116 4187 licet
1139 4147 1322 4189 comes
1343 4132 1675 4188 Gislcbertus
1700 4132 1838 4193 ﬁlius

260 4221 539 4294 Godefridi
589 4222 805 4278 comitis
848 4222 1023 4292 ipsum
1064 4222 1380 4277 comitatum
1429 4236 1717 4298 parumper
1759 4232 1839 4276 te-

260 4310 458 4375 nuerit,
508 4319 799 4381 antequam
845 4306 1202 4367 occideretur.
1240 4309 1340 4365 Hic
1376 4310 1711 4371 Gislebertus
1748 4325 1838 4380 ge-

261 4400 378 4455 nuit
423 4398 757 4460 Bichardum
806 4400 1240 4457 strenuissimum
1291 4398 1550 4463 militem,
1586 4399 1678 4468 qui
1727 4408 1839 4457 tam

260 4491 375 4561 ipse
429 4506 595 4562 quam
630 4489 722 4544 lilii
759 4490 894 4560 ejus,
924 4489 1279 4555 Gislebertus,
1309 4487 1596 4558 Rogerius,
1629 4487 1836 4543 Walte-

262 4582 395 4647 rius,
418 4583 711 4648 Robertus,
741 4580 1023 4637 ecclesiam
1061 4579 1383 4638 Beccensem
1413 4576 1609 4648 magno
1644 4578 1839 4636 affectu

263 4597 395 4647 τως,
419 4596 711 4648 nonanus,
741 4596 1023 4637 eccresram
1061 4596 1383 4638 ueccensem
1413 4596 1497 4634 ma
1540 4596 1609 4636 no
1644 4596 1839 4636 auectu

263 4672 569 4728 dilexerunt
630 4680 686 4726 et
741 4671 953 4741 magnis
1014 4669 1443 4740 possessionibus
1500 4596 1839 4734 ﬁttaverunt;

264 4762 545 4832 imitantes
575 4762 827 4818 comitem
859 4760 1222 4817 Gislebertum
1250 4775 1409 4815 avum
1441 4775 1618 4824 suum,
1652 4759 1745 4829 qui
1787 4759 1841 4814 in

264 4853 533 4910 fundanda
578 4854 831 4923 praedicta
861 4853 1088 4907 ecclesia
1127 4849 1488 4906 venerabilem
1524 4848 1842 4905 Herluinum

264 4945 496 5012 primum
529 4944 777 4999 abbatem
804 4952 859 4998 et
882 4952 1318 4998 cuustructorem
1348 4942 1514 5008 ipsius
1537 4948 1592 4995 et
1619 4940 1843 4997 consilio

265 5044 317 5089 et
346 5036 511 5090 rebus
546 5034 703 5102 juvit.
745 5034 819 5089 De
854 5048 958 5104 qua
1019 5032 1246 5086 ecclesia
1304 5037 1356 5082 et
1412 5032 1673 5103 praedicto
1728 5031 1844 5101 ejus

265 5126 459 5168 nlilmln
546 5125 853 5168 nrnemlnnti
892 5128 1136 5168 :i‘ﬁl‘EZHIL
1175 5123 1292 5168 lacn
1318 5123 1644 5168 acmnnlenli
1680 5136 1837 5168 nrmn

1929 1896 2072 1950 illius
2108 1896 2228 1953 loco
2285 1896 2353 1951 ah
2389 1897 2643 1955 omnibus
2681 1897 3004 1967 subrogatur
3047 1897 3285 1969 Hugonis
3330 1898 3507 1969 Magni

1927 1987 2080 2042 ducis
2134 1986 2275 2041 filius
2344 1986 2495 2056 llugo
2555 1986 2756 2056 Capet,
2810 1988 3231 2045 adminiculante
3270 1990 3318 2043 ei
3369 1990 3508 2044 duce

1928 2076 2223 2132 Ricbardo.
2268 2077 2363 2131 llic
2404 2077 2687 2132 adversum
2739 2079 3125 2134 Flaudrensem
3168 2079 3509 2150 Arnulphuut

1928 2170 2032 2223 sibi
2063 2170 2296 2223 militare
2330 2179 2643 2225 renuentem
2691 2186 2838 2223 arma
2890 2185 3132 2236 movens,
3165 2187 3287 2227 cum
3334 2172 3511 2225 valida

1929 2277 2089 2314 manu
2140 2261 2343 2316 hostica
2396 2263 2716 2317 Atrabatum
2767 2262 2843 2316 illi
2899 2262 3147 2330 abstulit,
3198 2272 3253 2318 et
3302 2273 3503 2319 cuncta

1929 2352 2219 2423 municipia
2249 2368 2367 2421 qua:
2394 2353 2529 2407 citra
2562 2352 2757 2407 ﬂumen
2794 2354 2936 2421 quod
2967 2362 3192 2408 vocatur
3220 2353 3312 2407 Lis
3366 2362 3512 2409 tene-

1930 2445 2039 2499 bat.
2096 2442 2266 2512 Hujus
2316 2442 2596 2498 iufortunii
2645 2442 2834 2498 dolore
2906 2453 3135 2500 mmstus
3197 2443 3509 2514 Arnulphus

1927 2537 2085 2607 petiit
2115 2536 2445 2593 Richardum
2477 2535 2668 2591 ducem
2698 2535 2921 2607 supplex
2960 2544 3013 2592 et
3052 2538 3298 2602 devotus,
3332 2545 3387 2590 ut
3417 2551 3511 2606 pa-

1929 2626 2172 2681 citlcaret
2210 2641 2334 2682 eum
2373 2640 2494 2681 cum
2534 2639 2661 2697 rege
2692 2635 2745 2682 et
2772 2626 3109 2683 Francorum
3154 2627 3509 2697 principibus.

1933 2713 2045 2771 Hoc
2071 2715 2255 2785 itaque
2287 2730 2387 2784 pro
2418 2714 2636 2785 negotio
2665 2716 2774 2770 dux
2801 2724 2991 2770 contra
3022 2730 3202 2786 regem
3231 2714 3509 2786 Hugonem

1931 2805 1999 2859 ad
2030 2804 2285 2874 placitum
2313 2819 2565 2875 pergens,
2596 2817 2705 2858 non
2730 2803 2890 2859 modo
2917 2818 3038 2860 eum
3067 2804 3516 2878 pacificavithscd

1931 2906 1985 2951 et
2008 2905 2201 2951 cuncta
2231 2896 2305 2950 illi
2327 2896 2509 2951 ablata
2533 2897 2647 2951 suis
2668 2895 2918 2966 precibus
2948 2897 3203 2951 restituit.
3234 2894 3352 2963 Quo
3379 2904 3517 2949 tem-

1931 3003 2062 3058 pore
2091 2991 2323 3043 moritur
2351 2988 2516 3044 isdem
2562 3002 2655 3042 rex
2688 2987 2864 3059 llugo,
2897 2988 3223 3045 succedente
3255 2988 3373 3057 ejus
3404 2987 3516 3040 liiio

1926 3078 2170 3135 lloberto
2218 3094 2344 3149 rege
2393 3079 2658 3148 piissimo.
2714 3078 2883 3149 llujus
2945 3078 3111 3149 igitur
3161 3076 3515 3132 beatitudinis

1933 3167 2306 3238 prterogativts
2356 3168 2460 3222 iste
2507 3169 2614 3222 dux
2658 3168 2933 3237 profusius
2980 3166 3179 3233 ﬂoruit,
3212 3166 3339 3237 quia
3377 3180 3515 3235 quos

1932 3257 2183 3312 audiebat
2216 3256 2513 3322 discordes,
2541 3267 2633 3310 aut
2663 3271 2759 3325 per
2786 3272 2846 3313 se
2897 3264 2990 3311 aut
3025 3270 3124 3326 per
3151 3270 3277 3311 suos
3308 3255 3516 3326 legatos

1932 3348 2194 3404 reddebat
2229 3348 2549 3410 concordes,
2584 3348 2865 3416 Scriptura
2908 3349 3157 3402 dicente:
3188 3345 3337 3400 Beati
3362 3346 3516 3415 pedes

1932 3454 2112 3508 pacem
2132 3446 2418 3507 portantes.
2453 3437 2583 3492 Erat
2607 3446 2785 3490 autem
2817 3444 3025 3492 statura
3052 3450 3333 3507 procerus,
3362 3435 3517 3489 vulzu

1934 3529 2186 3594 decorus,
2218 3528 2430 3598 integer
2455 3541 2703 3596 corpore,
2728 3526 2893 3581 barba
2923 3525 3156 3596 prolixa,
3188 3539 3325 3580 cano
3355 3526 3519 3581 deco.

1935 3628 2087 3675 ratus
2121 3619 2321 3689 capite,
2351 3618 2608 3687 pissimus
2642 3617 3033 3672 monachorum
3068 3617 3227 3681 altor,
3260 3617 3519 3686 providus

1935 3710 2256 3765 clericorum
2312 3707 2666 3779 suffragator,
2728 3710 3092 3778 superborum
3146 3716 3516 3779 contemptor,

1936 3800 2220 3856 humilium
2255 3809 2487 3865 amator,
2519 3813 2816 3871 pauperum
2857 3806 3210 3865 sustentatur,
3239 3802 3519 3870 orphano-

1939 3909 2057 3947 rum
2104 3903 2273 3959 tutor,
2302 3893 2587 3948 viduarum
2634 3892 2757 3963 pius
2797 3891 3050 3948 defensor
3083 3900 3140 3948 et
3177 3892 3521 3963 captivorum

1938 3983 2177 4040 liberalis
2204 3985 2532 4056 redemptor,

2530 4096 2755 4154 CAPUT
2807 4097 2926 4153 XX.

1941 4188 2093 4254 Quod
2120 4188 2231 4242 dua:
2258 4188 2551 4248 Richardus
2578 4191 2645 4241 ad
2672 4199 2904 4242 extrema
2931 4188 3137 4243 ueniens
3190 4187 3519 4241 [lic/tardum

2009 4258 2176 4325 ﬁlium
2190 4275 2351 4328 suum
2377 4257 2761 4311 Nortlunannt's
2783 4259 3037 4325 prw/‘ecit,
3064 4256 3195 4328 etjde
3220 4266 3386 4311 morte
3405 4256 3523 4325 ejus

2009 4329 2148 4389 avud
2178 4326 2524 4382 Fiscannum.

1864 4471 1917 4530 Β
2011 4438 2109 4495 His
2153 4447 2210 4494 et
2252 4436 2557 4508 huiusmodi
2602 4437 2732 4493 boni
2770 4436 2952 4493 odoris
2984 4435 3226 4493 ﬂosculis
3250 4436 3307 4491 in
3350 4435 3527 4530 laicali

1942 4531 2130 4589 habitu
2160 4528 2407 4585 redolens
2435 4544 2645 4600 gemma
2676 4528 2900 4595 Christi,
2934 4527 3259 4600 aegritudine
3279 4516 3528 4597 corporis

1944 4623 2110 4691 coepit
2146 4621 2501 4676 vehementer
2522 4620 2824 4691 aggravari.
2849 4619 3266 4687 Convocatoque
3294 4617 3530 4673 Rodulfo

1944 4717 2158 4780 comite,
2189 4731 2288 4772 suo
2315 4716 2565 4786 equidem
2589 4715 2803 4770 uterino
2832 4712 3019 4777 fratre,
3045 4709 3329 4767 consilium
3360 4707 3533 4777 exigit

1944 4813 2010 4869 de
2038 4812 2224 4881 patriae
2272 4809 2643 4880 dispositione.
2690 4805 2791 4875 Qui
2837 4804 3006 4860 nimio
3043 4801 3290 4856 turbatus
3316 4801 3527 4865 dolore,

1946 4916 2009 4955 ac
2035 4898 2382 4969 aliqantisper
2409 4899 2581 4953 factus
2606 4895 2855 4966 elinguis,
2907 4891 3201 4949 novissime
3249 4899 3528 4959 resumpto

1946 4993 2137 5062 spiritu
2169 4990 2285 5044 haec
2312 4990 2436 5045 duci
2486 5001 2746 5056 responsa
2796 4985 2984 5041 dedit:
3042 5003 3061 5035 t
3091 4980 3369 5045 Quamvis,
3421 4981 3539 5035 dul-

1948 5084 2166 5140 cissime
2219 5078 2409 5144 frater,
2465 5087 2628 5147 atque
2670 5076 3024 5133 serenissime
3068 5071 3270 5134 senior,
3326 5069 3539 5125 viribus
