4040 5298
504 300 615 361 8:25

1317 301 1662 362 WILLELMI
1702 299 2001 359 (ΞΑιοοω
2038 292 2593 363 GEMMETIGENSIS
2632 291 2940 349 MONACHI

3672 284 3781 347 δὴ

509 422 786 488 descente,
819 419 1211 493 ingredientem
1262 418 1407 472 viam
1446 418 1714 495 universae
1748 415 1929 472 carnis
1953 415 2091 470 ulte-
2120 417 2171 479 Α
2270 411 2558 479 ﬂuensque
2586 407 2817 479 digesta,
2846 414 3007 476 prout
3029 418 3059 458 a
3094 401 3376 495 Rodulpbo
3398 400 3597 455 comite
3625 396 3786 467 huius

513 514 629 567 rius
666 513 869 567 habere
892 526 1002 566 non
1031 510 1289 580 potestis,
1334 500 1580 577 deposito
1614 518 1791 563 onere
1818 508 1942 562 vitae
1970 522 2095 562 cor-

498 600 841 672 ruptibilis.»
875 600 972 655 His
998 600 1066 654 ab
1102 615 1166 654 eo
1193 599 1421 668 lugubre
1442 596 1683 674 prolatis,
1716 597 1964 671 protinus
1986 605 2096 651 tota

510 697 707 749 domus
750 690 1057 747 concutitur
1099 688 1388 759 gemitibus
1434 696 1488 743 et
1532 686 1807 757 lacrymis.
1857 686 2094 740 Tandem

512 781 727 839 ﬂetibus
753 780 962 851 sopitis,
994 792 1274 843 assensum
1323 777 1565 849 prmbent
1615 776 1875 837 voluntati
1919 776 2094 843 ducis,

514 869 846 929 Richardum
878 869 1319 936 adolescentem,
1336 877 1495 939 pacta
1524 869 1575 929 ei
1604 868 1884 941 fidelitate,
1906 882 2093 937 aequas

516 959 737 1021 nimiter
786 958 1154 1015 collaudantcs
1200 960 1520 1030 principem.
1578 960 1783 1025 Dehinc
1838 959 2095 1030 languore

515 1050 930 1120 ingravescente
954 1090 970 1118 ,
1015 1050 1153 1106 lecto
1184 1051 1566 1121 prosternitur,
1609 1060 1685 1117 et,
1728 1050 1942 1107 libratis
1970 1067 2093 1107 sur-

516 1156 634 1197 sum
678 1142 888 1207 oculis,
930 1143 1071 1199 inter
1111 1140 1276 1209 verba
1336 1144 1601 1207 orationis
1647 1142 1838 1224 plenus
1884 1143 2095 1211 dierum

516 1226 765 1297 spiritum
790 1227 1012 1292 elllavit.
1386 1254 1391 1257 ~
1884 1244 1889 1283 ;

1092 1505 1821 1631 HISTORUE
1912 1508 3227 1655 NORTHMANNORUM

2200 502 2352 559 ducis
2378 500 2566 564 fratre,
2599 512 2795 568 magno
2838 504 2893 551 et
2940 496 3168 561 honesto
3216 493 3352 556 viro,
3406 499 3632 554 narrata
3650 498 3796 555 sum

2200 591 2429 661 collegi;
2481 605 2601 660 qua:
2644 586 2901 645 scholasti
2953 585 3248 643 dictamine
3292 582 3491 652 scripta
3539 579 3791 647 relinquo

2198 680 2451 751 posteris.
2483 678 2628 734 Obiit
2681 687 2863 737 autem
2914 674 3056 745 apud
3105 672 3432 730 Fiscannum
3482 671 3792 726 Ricbardus

2201 772 2310 827 dus
2349 770 2574 843 primus,
2606 766 2860 829 ﬂentibus
2884 765 3115 839 populis,
3144 762 3508 835 gaudentibus
3554 759 3789 829 angelis,

2204 859 2612 931 nougeutcsimo
2644 858 2995 929 nonagesimo
3042 867 3196 913 sexto
3232 870 3379 921 anno
3420 854 3490 909 ab
3537 854 3792 909 incarna-

2212 950 2357 1007 tione
2390 948 2624 1004 Domini.
2656 948 2937 1018 Regnante
2965 949 3157 1004 eodem
3194 947 3425 1015 Domino
3448 953 3635 999 nostro
3662 941 3789 999 Jesu

2209 1041 2445 1101 Christo,
2474 1040 2564 1111 qui
2620 1056 2742 1095 cum
2788 1039 2953 1097 Patre
2997 1049 3053 1094 et
3102 1038 3310 1109 Spiritu
3347 1044 3538 1101 sancto
3579 1034 3715 1091 vivit
3737 1042 3793 1101 et

2208 1141 2396 1204 regnat
2424 1133 2476 1187 iu
2509 1132 2703 1195 smcula
2734 1130 3076 1197 saeculorum.
3108 1130 3300 1193 Amen.

1624 1723 2630 1831 IJBER.QU[NTUS.

1344 1906 1420 1959 De
1449 1906 1677 1959 secundo
1714 1902 1980 1959 Richardo
2006 1909 2157 1973 dure,
2192 1907 2303 1987 (ilio
2342 1906 2597 1961 Hic/tardi
2630 1909 2936 1977 superioris.

1041 2141 1267 2198 CAPUT
1301 2141 1592 2198 PRIMUM.
1920 2168 1949 2195 ο

522 2237 596 2293 De
646 2238 860 2292 honesta
899 2236 1287 2293 conversatione
1332 2236 1548 2291 secundi
1591 2233 1868 2299 Hic/tardi,
1915 2245 2021 2289 tan:
2049 2237 2105 2289 in

752 2304 1097 2361 saecularibus
1143 2322 1301 2375 quam
1340 2307 1393 2359 in
1425 2306 1616 2359 divinis
1648 2306 1888 2375 negotiis.

592 2420 859 2487 Quoniam
897 2420 1113 2490 quidem
1172 2419 1350 2490 dignis
1398 2418 1790 2490 prieconiorum
1836 2417 2006 2473 titulis
2051 2417 2105 2472 in

519 2512 943 2583 prmeedentibus
966 2511 1411 2581 pretiosissimam
1466 2510 1667 2567 Christi
1696 2525 1990 2581 gemmam,
2008 2509 2107 2565 lli-

518 2605 780 2660 ebardum
811 2603 1020 2660 scilicet
1060 2601 1563 2657 Northmannorum
1590 2600 1783 2655 ducem
1812 2599 2106 2661 extulimus

517 2705 572 2749 et
596 2697 780 2750 aiterni
833 2696 976 2766 regis
1003 2694 1204 2750 annulo
1247 2694 1503 2749 decenter
1534 2694 1895 2757 inseruimus;
1930 2704 2109 2761 opera:

519 2787 755 2856 pretium
801 2787 1017 2849 videtur
1082 2794 1144 2840 ut
1190 2785 1552 2849 carbunculus
1598 2783 1666 2838 ab
1705 2784 1821 2852 ipso
1852 2782 2111 2847 exoriens

521 2876 841 2941 secundam,
890 2876 1050 2932 sicuti
1095 2875 1149 2929 in
1196 2874 1437 2943 nomine,
1478 2872 2109 2941 ita'in'prseclarissims

522 2952 877 3035 ingenuitatis
905 2964 1119 3033 eulogio
1144 2964 1388 3019 absidam
1432 2971 1620 3018 teneat
1666 2962 1970 3017 Richardus
1996 2959 2112 3029 ejus

529 3053 798 3123 siquidem
826 3052 991 3117 (ilius,
1016 3052 1343 3112 militaribus
1369 3052 1659 3127 triumphis
1678 3051 1875 3123 oppido
1897 3049 2114 3121 conspi-p

525 3126 763 3212 cuus,et
807 3156 915 3196 non
968 3142 1164 3207 minori
1212 3140 1431 3195 laudum
1483 3126 1718 3210 tripudio
1760 3139 2108 3196 excolendas.

526 3232 629 3299 Qui
655 3232 738 3292 sui
763 3231 990 3303 fulgoris
1018 3231 1203 3286 radios
1247 3246 1347 3301 per
1389 3231 1633 3285 diversos
1673 3228 1824 3284 orbis
1860 3228 2112 3284 cardines

527 3324 765 3395 glorioso
796 3323 1013 3389 nomine
1054 3337 1339 3394 spargens,
1371 3322 1513 3377 intra
1543 3321 1627 3377 sui
1656 3320 1886 3376 ducatus
1914 3319 2113 3375 limites

523 3416 772 3490 plurimis
816 3415 1080 3471 bonorum
1116 3428 1342 3493 operum
1388 3412 1745 3473 incrementis
1783 3410 2112 3470 Nortliman’

524 3508 701 3575 nicam
727 3521 862 3579 pene
887 3508 1118 3577 patriam
1165 3504 1559 3581 unamICbristi
1612 3504 1891 3579 insignivit
1931 3501 2115 3558 Eccle-

525 3597 681 3663 siam.
716 3594 908 3663 llicviu‘
934 3595 1104 3657 armis
1152 3594 1442 3651 admodum
1474 3604 1750 3659 strenuus,
1799 3592 2001 3662 ubique
2026 3606 2115 3645 ar-

526 3696 708 3749 matas
734 3686 965 3751 militum
996 3685 1237 3755 legiones
1268 3684 1525 3738 nobiliter
1562 3683 1723 3747 rexit,
1773 3684 1840 3737 de
1882 3680 2117 3737 inimicis

527 3775 814 3839 victoriam
864 3789 1080 3845 semper
1106 3789 1303 3844 capere
1344 3784 1616 3829 assuetus.
1646 3774 1714 3828 Et
1739 3773 1987 3842 quamvis
2017 3787 2117 3827 sae-

529 3868 705 3933 culari
750 3869 892 3931 actui
945 3868 1086 3933 {oret
1141 3869 1391 3933 deditus,
1442 3877 1590 3925 totus
1637 3876 1820 3925 tamen
1870 3865 1971 3931 fuit
2013 3866 2118 3921 llde

530 3956 830 4021 catholicus
869 3966 924 4010 et
950 3971 1077 4026 erga
1116 3957 1208 4010 Dei
1256 3956 1492 4017 cultores
1538 3955 1831 4017 benevolus
1858 3970 1922 4010 ac
1954 3956 2117 4013 devof

534 4056 639 4103 tus.
686 4044 797 4099 Sub
829 4044 980 4115 cujus
1028 4042 1671 4113 moderaminevplnrima
1721 4042 2111 4097 monachorum

531 4132 818 4197 adolevere
875 4131 1067 4197 ovilia,
1110 4132 1203 4202 qui
1250 4130 1395 4185 velut
1423 4146 1552 4201 apes
1583 4146 1646 4185 ex
1688 4130 1873 4195 multis
1899 4139 2118 4186 sancto-

532 4240 654 4279 rum
706 4231 926 4289 actuum
971 4222 1230 4277 canistris
1277 4231 1647 4292 erumpentes,
1686 4221 2016 4290 lucidissima
2061 4222 2113 4288 in

533 4314 782 4381 caelestes
809 4316 1093 4380 thesauros
1122 4312 1423 4369 intulerunt
1452 4312 1631 4369 mella.

1151 4426 1378 4484 CAPUT
1418 4425 1479 4481 ll.

537 4522 710 4588 Quam
762 4525 1025 4593 sapienter
1074 4524 1313 4592 repressit
1364 4522 1658 4576 unanimem
1698 4523 2117 4593 conjurationem

608 4591 968 4663 rusticarum,
1015 4608 1174 4663 quam
1225 4602 1407 4647 contra
1458 4608 1635 4661 pacem
1700 4593 1887 4661 patria:
1938 4591 2115 4646 molie-

603 4662 816 4715 bantur.

604 4768 741 4823 Dum
774 4768 937 4840 igitur
961 4752 1436 4843 tautzeprobitatis
1466 4772 1795 4835 exuberaret
1822 4772 2014 4841 copiis,
2062 4772 2114 4827 in

534 4860 691 4915 initio
716 4876 827 4916 sua:
846 4862 1149 4935 juventutis
1177 4864 1313 4935 intra
1338 4862 1821 4919 Nortlnuanuicum
1862 4863 2112 4917 ducatum

534 4951 757 5021 contigit
779 4953 1046 5023 quoddam
1069 4934 1472 5025 pestilerioriri
1496 4953 1849 5015 seminarium
1881 4952 2115 5018 dissidii.

534 5041 670 5095 Nam
713 5042 898 5109 rustici
928 5044 1212 5111 unanimes
1258 5059 1356 5113 per
1405 5046 1648 5099 diversos
1697 5042 1861 5099 totius
1913 5043 2113 5098 North-

537 5135 800 5178 mannir-m
826 5136 1019 5178 nalrim
1047 5138 1334 5178 nnmilnlue
1358 5140 1586 5178 nlnrimn
1622 5150 1843 5178 quantae
1882 5155 2120 5178 nnnvan-

2139 2128 2183 2187 Β
2213 2146 2377 2214 phum
2414 2146 2665 2202 comitem
2700 2161 2822 2201 cum
2855 2146 3088 2201 militum
3122 2138 3465 2201 multitudine
3496 2141 3605 2201 illis
3635 2142 3801 2205 destis

2212 2234 2383 2300 navit,
2412 2235 2501 2304 qui
2537 2245 2806 2305 agrestem
2842 2234 3177 2290 ferocitatem
3202 2244 3255 2290 et
3282 2235 3541 2290 rusticam
3574 2235 3799 2291 dirime-

2212 2339 2292 2384 ret
2319 2330 2658 2385 concionem.
2694 2329 2816 2397 Qui,
2842 2344 2948 2385 non
2978 2344 3197 2384 morans
3215 2328 3394 2399 jussa,
3419 2338 3649 2383 cunctos
3674 2344 3801 2385 con-

2210 2420 2394 2475 leSiim
2421 2421 2625 2490 legatos
2650 2436 2773 2477 cum
2797 2420 3069 2476 nonnullis
3092 2419 3213 2476 aliis
3235 2420 3400 2491 cepit,
3426 2421 3803 2491 truncatisque

2214 2510 2463 2565 manibus
2490 2526 2551 2567 ac
2578 2509 2823 2581 pedibus,
2854 2510 3069 2566 inutiles
3102 2510 3216 2566 suis
3254 2509 3486 2575 remisit,
3522 2509 3619 2578 qui
3649 2524 3743 2565 eos
3772 2525 3801 2571 a

2213 2600 2411 2655 talibus
2436 2610 2865 2670 compescerent,
2882 2608 2939 2655 et
2957 2614 3025 2655 ne
3048 2599 3320 2655 deteriora
3338 2608 3664 2670 paterentur
3690 2600 3803 2659 suis

2214 2690 2500 2746 eventibus
2551 2700 2738 2746 cautos
2784 2691 3095 2746 redderent.
3146 2690 3239 2746 llis
3284 2691 3470 2747 rustici
3517 2692 3800 2760 expertis,

2215 2780 2472 2836 festinato
2497 2782 2850 2847 concionibus
2897 2781 3135 2846 omissis,
3187 2781 3252 2834 ad
3297 2797 3391 2835 sua
3443 2792 3628 2836 aratra
3676 2790 3802 2840 sunt

2212 2885 2438 2929 πνοι-δι.

2835 2981 3062 3039 CAPUT
3097 2982 3182 3052 Ill.

2214 3073 2291 3128 De
2328 3073 2605 3127 rebellione
2634 3072 2889 3127 Willelmi
2934 3073 3194 3128 naturalis
3222 3073 3405 3141 fratris
3432 3073 3600 3141 ipsius
3630 3075 3805 3140 ducis,

2286 3143 2994 3214 ruideglgrqtrUa‘imensem
3044 3144 3386 3214 comitatum,
3432 3153 3482 3196 et
3546 3145 3811 3214 quomoda

2284 3213 2421 3265 idem
2461 3211 2757 3265 Willelmus
2798 3224 2993 3279 captus
3028 3224 3078 3266 et
3134 3213 3291 3280 fratri
3346 3222 3525 3280 postea
3557 3211 3801 3270 'reconcie

2285 3282 2466 3346 liatus,
2501 3282 2747 3335 Oeensem
2788 3283 3096 3336 comitatum
3130 3282 3195 3334 ab
3225 3282 3336 3347 ipso
3374 3282 3507 3335 duce
3545 3284 3689 3336 dono
3727 3299 3810 3335 ac-

2284 3353 2441 3472 fefit,
2484 3366 2602 3415 cum
2637 3349 2994 3417 Lesscenina;
3039 3360 3087 3406 et
3126 3352 3190 3404 de
3227 3350 3355 3425 ﬁliis
3401 3351 3638 3437 ejusdem
3668 3350 3809 3412 Wila-

2306 3438 2333 3472 e
2357 3437 2448 3472 nn.

2306 3428 2448 3475 elnti.
3439 3428 3445 3437 ’

2139 3472 2186 3537 c
2289 3512 2494 3568 Eadem
2527 3518 2850 3581 tempestate
2892 3510 3178 3580 quemdam
3227 3510 3382 3565 ducis
3423 3525 3531 3566 uno
3557 3525 3623 3565 ex
3651 3520 3810 3582 pstre

2220 3602 2448 3657 fratrem
2497 3598 2943 3671 primogenitum,
2996 3598 3216 3653 nomine
3262 3597 3620 3664 Willelmum,
3668 3615 3806 3669 quo-

2220 3692 2465 3746 rumdam
2514 3689 2787 3761 protervia
2832 3689 3202 3761 improborum
3254 3687 3381 3745 fecit
3436 3689 3703 3743 tumidum
3750 3700 3807 3746 et

2221 3781 2497 3838 rebellem.
2538 3780 2587 3838 ls
2612 3780 2758 3836 enim
2782 3779 3027 3835 fraterno
3055 3778 3412 3835 contubernio
3449 3776 3806 3846 Oximensem

2220 3875 2288 3929 ab
2317 3873 2434 3943 ipso
2467 3873 2740 3943 accipiens
2764 3885 2990 3929 munere
3018 3872 3355 3937 comitatum,
3389 3877 3449 3924 ut
3488 3869 3613 3925 inde
3645 3870 3805 3925 exhi-

2219 3964 2372 4018 beret
2400 3963 2451 4018 ei
2479 3963 2686 4018 militia:
2712 3970 2948 4029 statuta,
2990 3976 3283 4033 pravorum
3330 3959 3543 4024 illectus
3592 3959 3811 4021 callidis

2223 4063 2350 4120 tate,
2395 4055 2695 4110 dominium
2726 4053 2844 4127 ejus
2871 4053 3099 4124 sprevit,
3146 4053 3298 4108 etab
3341 4052 3484 4114 illius
3532 4050 3815 4112 fidelitatis

2219 4145 2479 4215 obsequio
2514 4159 2575 4201 se
2604 4142 2866 4199 cohibuit.
2902 4141 3005 4209 Qui
3056 4141 3183 4197 dum
3220 4156 3317 4212 per
3346 4138 3551 4209 legatos
3586 4153 3620 4193 a
3664 4139 3807 4195 duce

2219 4235 2417 4305 saepius
2464 4232 2864 4305 obiurgaretur,
2888 4241 2943 4288 et
2976 4231 3046 4286 ab
3082 4247 3215 4285 ausu
3246 4230 3575 4300 resipiscere
3614 4230 3811 4296 nollet,

2220 4325 2471 4382 consultu
2522 4333 2577 4379 et
2633 4324 2839 4387 auxilio
2890 4321 3154 4393 Rodulplii
3206 4321 3419 4377 comitis
3463 4332 3701 4390 captus,
3754 4322 3810 4381 in

2220 4414 2673 4486 ltotltomagensis
2721 4413 2872 4470 urbis
2918 4422 3065 4468 turre
3109 4412 3435 4475 ileiruditur,
3476 4412 3809 4467 temeritatis

2221 4509 2609 4581 pmnitudinem
2639 4508 2709 4564 ibi
2739 4523 2832 4579 per
2855 4506 3281 4577 quinquennium
3307 4504 3483 4561 luens.
3508 4502 3811 4559 Nonuullos

2220 4612 2433 4667 quoque
2476 4612 2697 4654 suorum
2748 4596 3037 4652 satellitum
3085 4596 3138 4650 in
3198 4593 3479 4651 seditionis
3525 4593 3807 4663 proposito

2222 4689 2629 4757 persistentium
2659 4688 2866 4743 crebris
2892 4686 3249 4743 certaminum
3274 4684 3595 4741 tumultibus
3620 4685 3810 4740 deviu-

2151 4810 2196 4867 υ
2224 4793 2375 4849 cens,
2404 4778 2514 4833 vita
2545 4778 2798 4848 privavit,
2829 4778 2966 4848 alios
3009 4776 3195 4831 exules
3226 4776 3292 4833 de
3325 4775 3439 4832 suis
3484 4773 3686 4829 ﬁnibus
3716 4790 3809 4828 ex-

2225 4869 2477 4937 turbavit.
2551 4867 2852 4929 Willelmus
2896 4869 3111 4923 tandem
3167 4876 3289 4937 post
3340 4864 3799 4949 quinquennium,

2218 4961 2500 5031 cujusdam
2540 4963 2621 5016 sui
2671 4962 2857 5027 militis
2886 4961 3143 5026 factione,
3172 4958 3487 5029 longissimo
3532 4955 3663 5011 fune
3710 4971 3805 5025 per

2228 5055 2642 5109 eminentiorem
2668 5053 2960 5115 feneStram
2986 5068 3016 5106 a
3046 5060 3194 5106 turre
3217 5051 3400 5119 lapsus
3448 5048 3633 5118 fugam
3664 5047 3803 5111 iniit.

2220 5143 2318 5176 nu:
2373 5143 2557 5176 ("oh-Ie
2613 5156 2678 5174 nn
2730 5158 2756 5174 η
2810 5142 3140 5174 ποκα-ιῖ-Αηιῖ

2373 5143 2557 5176 ("oh-Ie
2613 5156 2678 5174 nn
2730 5158 2756 5174 η
2810 5141 3244 5174 noun-siunnlihna
3286 5138 3619 5172 rana-inuoluu-
3679 5137 3806 5170 ΑΔΗ-
