4040 5298
209 129 320 192 825

804 129 1151 189 lllSTORlE
1191 128 1826 191 NORTHIANNORUM
1856 132 2034 190 LIBRI
2084 133 2577 197 0C'l'0.—-.LlBl-Il\
2614 122 2953 203 QUINTUS;

3370 134 3480 191 826

207 238 328 306 ejus
374 236 633 306 vestigiis
675 235 790 291 solo
820 246 975 294 tenus
995 237 1309 309 provolutus
1336 278 1352 304 ,
1396 239 1608 303 veniam
1662 255 1806 295 com.
1830 255 1880 312 Α
1911 242 2246 299 ferocissima
2294 252 2481 297 nostro
2521 259 2643 298 cum
2694 242 2917 297 interitu
2952 242 3348 297 dimicavimus.
3376 242 3480 301 Ubi

209 328 367 390 missi
398 326 475 382 ab
502 343 575 383 eo
608 330 897 399 expetebat
939 329 1201 400 lugubris.
1243 332 1497 388 Protinus
1525 348 1647 387 eum
1673 334 1801 399 dux,

208 418 605 485 misericordia
656 428 853 485 motus,
906 418 1121 477 favente
1168 418 1451 490 Rodulpbo
1503 422 1727 487 comite,
1773 438 1805 477 a

212 515 359 570 terra
386 506 603 573 erexit,
653 521 718 567 ac
765 516 825 562 ut
871 508 1139 565 evasionis
1180 523 1323 573 suae,
1372 510 1487 583 ipso
1525 520 1803 576 narrante.

211 608 406 650 Casum
440 594 694 665 agnovit,
723 609 831 650 non
851 594 1024 650 solum
1050 604 1229 650 errata
1254 596 1329 663 illi
1355 597 1594 665 indulsit,
1617 614 1803 654 verum

209 686 378 740 etiam
398 685 676 753 benevolo
701 687 881 742 animo
905 696 962 742 ut
984 686 1208 743 fratrem
1232 688 1614 755 charissimum
1637 691 1796 747 deiu-

209 788 338 843 ceps
365 772 592 827 dilexit.
626 773 722 829 Cui
762 789 867 832 non
902 776 1073 833 multo
1105 786 1228 847 post
1270 776 1535 833 Oeensem
1577 780 1805 835 comita-

213 874 326 921 tum
352 864 612 931 tradidit,
641 866 799 935 eique
825 868 1112 948 quamdam
1140 868 1372 937 puellam
1400 868 1555 923 valde
1589 870 1802 941 specie-

211 970 350 1030 sam,
386 957 621 1017 nomine
665 957 1052 1014 Lezsceninam
1102 960 1265 1024 dedit,
1317 960 1483 1016 ﬁliam
1539 962 1804 1037 siquidem

211 1044 507 1114 cujusdam
559 1045 882 1101 nobilissimi
940 1047 1043 1102 viri
1091 1049 1308 1103 nomine
1358 1048 1695 1103 Turchetilli.
1726 1050 1805 1104 Ex

213 1152 277 1193 ea
325 1147 444 1194 tres
491 1140 684 1211 genuit
734 1141 897 1209 ﬁlios,
936 1142 1231 1199 llobertum
1279 1144 1488 1200 scilicet
1523 1155 1645 1215 post
1690 1145 1806 1215 ejus

214 1238 447 1296 mortem
496 1231 795 1286 comitatus
852 1232 999 1288 illius
1048 1234 1340 1303 haeredem,
1393 1246 1449 1291 et
1471 1235 1805 1292 Willelmum

216 1319 678 1387 Suessionensem
706 1324 986 1391 comitem,
1012 1336 1174 1397 atque
1199 1327 1480 1398 Hugonem
1504 1329 1806 1385 Luxovien-

215 1427 327 1467 sem
369 1413 695 1491 praesulem.
749 1416 958 1483 Quibus
1004 1418 1080 1474 ita
1126 1422 1336 1491 sopitis,
1381 1420 1804 1478 Nortbmannica

216 1505 373 1563 tellus
397 1506 561 1573 siluit
586 1524 618 1563 a
648 1508 785 1574 facie
815 1510 990 1567 ducis.

219 1709 368 1791 Quod
401 1709 1048 1791 Eldret‘lusiE-delredns]
1076 1731 1166 1791 rea:
1192 1715 1419 1791 Anglitv,
1442 1719 1531 1787 qui
1560 1717 1803 1791 Emittam

280 1796 518 1856 sororem
568 1782 988 1856 duri§_du_a'erat,
1021 1782 1159 1856 {nisit
1207 1782 1489 1839 exercitum
1515 1790 1583 1840 ad
1622 1787 1804 1856 subju-

280 1850 517 1926 g_andum
549 1851 649 1926 sibi
676 1850 1117 1926 Northmnnniam
1142 1872 1161 1918 ;
1203 1865 1251 1926 et
1271 1856 1531 1925 quomodo
1560 1850 1803 1926 Nigella:

283 1920 787 2043 Con‘stantiniensir
813 1937 901 1977 eos
947 1939 1110 1994 usque
1147 1925 1216 1978 ad
1267 1920 1665 1983 internecionem
1712 1927 1803 1983 de-

283 2007 379 2043 mi
407 2029 423 2043 .

282 2007 423 2045 vim.

285 2081 441 2137 Circa
469 2082 597 2137 haec
630 2089 873 2153 tempora
915 2082 1179 2140 Eldredus
1232 2098 1324 2140 rex
1353 2083 1649 2155 Anglorum
1678 2086 1803 2141 Em-

221 2190 359 2235 mam
387 2172 556 2228 ducis
584 2186 827 2229 sororem
857 2174 912 2229 in
942 2174 1191 2245 conjugio
1223 2176 1455 2243 habens,
1480 2178 1801 2250 quibusdam

222 2264 416 2333 exortis
436 2262 842 2319 dissensionum
873 2264 1181 2332 ineentiv‘is,
1213 2267 1333 2321 duci
1390 2282 1586 2322 nocere
1629 2278 1685 2322 et
1710 2268 1803 2323 de-

226 2353 412 2413 decora
440 2353 698 2424 ingerere
734 2352 948 2418 sitiens,
977 2355 1271 2408 maximam
1312 2356 1530 2419 navium
1557 2356 1802 2419 multitu-

226 2440 395 2495 dinem
431 2441 485 2497 in
519 2457 679 2497 mare
700 2440 863 2512 jussit
910 2443 1131 2513 impelli,
1169 2460 1233 2500 ac
1259 2446 1519 2502 militibus
1543 2462 1610 2502 ex
1652 2448 1800 2503 omni

226 2544 379 2600 regno
408 2532 693 2586 mandavit
739 2541 797 2586 ut
822 2532 1116 2588 constituto
1148 2536 1216 2589 ab
1239 2550 1305 2589 eo
1328 2536 1415 2590 die
1446 2537 1513 2591 ad
1550 2553 1644 2592 eas
1671 2552 1801 2593 con-

225 2619 485 2685 venirent,
532 2619 717 2675 loricis
743 2631 800 2677 et
848 2622 1018 2692 galeis
1070 2624 1329 2680 decenter
1372 2627 1587 2689 armati,
1635 2627 1799 2697 Cujus

221 2707 373 2788 jussis
400 2722 691 2783 gratanter
715 2712 872 2784 Angli
898 2715 1355 2786 obtemperantes,
1388 2719 1675 2773 unanimes
1702 2720 1799 2774 ad-

227 2815 341 2870 sunt
367 2806 434 2860 ad
464 2822 659 2862 naves.
692 2806 805 2861 Rex
831 2807 996 2879 igitur
1022 2793 1305 2879 prospecta
1335 2810 1500 2863 multa
1523 2821 1577 2866 et
1596 2812 1798 2882 optime

227 2894 483 2964 instructa
540 2899 815 2965 exercitus
843 2900 1017 2971 copia,
1075 2902 1262 2955 ascitis
1311 2902 1514 2963 militia:
1562 2918 1673 2957 suae
1707 2917 1797 2957 sa-

231 2989 411 3057 trapis,
461 2990 636 3045 animi
668 2990 752 3048 sui
782 2992 1116 3062 propositum
1168 3008 1464 3064 exponens,
1496 2993 1673 3057 valida
1702 3010 1798 3048 ίιυτ

228 3080 463 3139 steritate
487 3080 641 3151 regio
688 3095 838 3135 more
865 3065 1119 3151 praecepit
1151 3092 1211 3136 ut
1232 3070 1425 3140 euntes
1447 3093 1615 3139 totam
1658 3082 1801 3139 Nor-

233 3167 559 3232 thmanniam
588 3171 793 3241 rapinis
840 3180 895 3226 et
946 3172 1215 3227 incendiis
1237 3176 1683 3239 exterminarent,
1716 3187 1802 3227 so-

231 3254 489 3325 lummodo
519 3262 831 3335 archangeli
885 3262 1359 3333 Mieltaelisjmonti
1400 3274 1703 3337 parcerent,
1733 3278 1802 3318 ne

233 3358 385 3419 tautae
411 3354 720 3417 sanctitatis
735 3340 796 3408 et
816 3354 1092 3423 religionis
1139 3354 1315 3415 locum
1344 3356 1467 3433 igne
1487 3369 1800 3415 concrema-

234 3452 363 3496 rent.
382 3442 554 3502 Iussit
576 3445 743 3500 etiam
797 3453 859 3499 ut
901 3443 1233 3498 Ricbardum
1281 3444 1470 3499 ducem
1518 3451 1797 3514 caperent.

232 3540 345 3612 post
373 3542 583 3603 tergum
614 3549 808 3590 manus
838 3534 1131 3600 vincirent,
1161 3543 1217 3588 et
1263 3534 1444 3588 vivum
1471 3522 1644 3603 patria
1696 3533 1800 3588 sibi

235 3622 501 3696 subjugata
555 3625 937 3696 conspectibus
975 3624 1090 3689 suis
1142 3625 1495 3687 adducerent,
1547 3624 1642 3678 llis
1672 3640 1801 3683 vero

236 3712 437 3787 edictis,
460 3732 558 3775 eos
583 3718 664 3771 ire
690 3733 815 3784 cum
846 3716 1194 3783 festinatione
1219 3717 1521 3787 imperavit.
1555 3716 1655 3783 Qui
1680 3717 1802 3770 sub-

237 3802 400 3864 ductis
430 3808 485 3877 in
513 3809 680 3862 altum
711 3807 957 3879 navibus,
1004 3807 1234 3862 velivolo
1280 3807 1550 3869 sulcantes
1582 3822 1799 3876 aequora

240 3901 407 3961 vento,
432 3896 499 3951 ad
526 3895 708 3967 littora
737 3895 885 3966 sane
931 3896 1291 3959 devolvuntur
1318 3911 1606 3966 permenso
1632 3895 1799 3959 maris

239 3976 411 4043 limbo.
457 3984 594 4040 lline
623 3994 1038 4058 prorumpentes
1065 4001 1096 4040 e
1121 3986 1352 4053 navibus
1399 3986 1656 4041 continuo
1686 4000 1799 4038 ma-

241 4070 409 4141 ritima
451 4077 689 4145 confinia
734 4077 939 4131 exitiali
986 4075 1228 4145 Vulcano
1262 4076 1500 4141 tradunt.
1556 4074 1709 4142 Quod
1742 4081 1800 4127 ut

242 4157 462 4231 Nigellus
490 4184 521 4223 a
544 4167 975 4243 speculatoribus
1003 4167 1287 4237 comperit,
1316 4167 1518 4235 milites
1538 4166 1799 4220 Constan-

1903 350 2009 388 non
2043 333 2203 389 modo
2226 342 2353 395 sunt
2399 332 2499 397 viri
2526 332 2811 386 fortissimi
2866 332 3175 398 bellatores,
3205 331 3375 387 sedet
3402 332 3481 388 fec

1907 424 2067 481 ruinae
2096 424 2463 495 pugnatrices,
2512 423 2917 478 robustissimos
2967 437 3211 491 quosque
3242 422 3479 476 hostium

1903 515 2149 569 vectibus
2204 514 2521 585 hydriarum
2552 529 2774 569 suarum
2799 514 3219 568 excerebrantes
3250 527 3267 577 ;
3296 527 3326 565 a
3360 512 3481 580 quiq

1903 606 2007 663 bus
2028 621 2216 660 omnes
2240 607 2377 661 scito
2416 616 2536 661 tuos
2569 607 2839 661 extinctos
2866 620 2986 660 esse
3029 605 3247 659 milites.
3289 622 3307 655 ι
3350 603 3479 669 Qui-

1901 695 2004 750 bus
2030 712 2123 751 rex
2151 696 2350 755 auditis
2373 698 2742 768 insipientiam
2771 712 2923 752 suam
2961 709 3282 765 agnoscens,
3309 693 3484 772 tristis

1902 786 2140 847 erubuit.

2536 896 2762 952 CAPUT
2793 896 2859 951 ν.

1908 989 2065 1055 Quod
2095 988 2387 1057 Ganfridus
2429 990 2807 1049 Britannorum
2848 1005 3014 1043 comes
3058 1002 3287 1041 sororem
3328 985 3479 1039 ducis

1977 1059 2231 1113 llic/tardi
2259 1062 2467 1114 nomine
2510 1060 2717 1112 Hadnis
2765 1061 2908 1125 petiit
2943 1074 3156 1111 uxorem
3178 1068 3225 1110 et
3256 1058 3477 1125 accepit,

1978 1130 2041 1183 de
2061 1146 2164 1200 qua
2194 1131 2369 1200 genuit
2402 1130 2669 1182 Alannnnt
2692 1139 2737 1183 et
2761 1127 3055 1181 Eudonem.

1976 1236 2337 1292 Considerans
2364 1238 2526 1291 etiam
2560 1235 2850 1290 Caufridus
2887 1236 3269 1289 Britannorum
3294 1247 3481 1289 comes

1906 1326 2095 1382 ducem
2144 1327 2475 1382 Riebardum
2521 1326 2576 1380 in
2605 1325 2853 1380 omnibus
2896 1324 3226 1395 prosperari,
3272 1322 3479 1377 viribus

1904 1430 1961 1473 et
1989 1417 2192 1474 divitiis
2245 1418 2487 1489 quotidie
2515 1417 2783 1486 ampliari,
2816 1415 3113 1470 arbitratus
3144 1425 3227 1470 est
3254 1430 3352 1468 sua
3391 1423 3477 1468 tu-

1906 1506 2012 1561 tius
2038 1507 2253 1572 vallari,
2270 1521 2434 1576 seque
2458 1506 2689 1576 amplius
2714 1504 2977 1570 roborari,
3003 1504 3045 1559 si
3071 1504 3186 1574 ejus
3212 1502 3487 1557 frueretur.

1909 1597 2145 1651 amicitia
2192 1606 2249 1651 et
2293 1596 2513 1651 auxilio.
2572 1596 2934 1662 Quamobrem
2977 1594 3227 1650 consultu
3258 1610 3480 1648 suorum

1907 1688 2097 1753 fultus,
2128 1688 2475 1743 Britannicos
2506 1688 2706 1742 limites
2741 1695 3061 1757 penetrans,
3092 1700 3215 1739 cum
3249 1685 3481 1739 maxima

1907 1778 2136 1833 militum
2161 1778 2457 1832 ambitione
2486 1777 2631 1831 illius
2658 1777 2882 1846 expetiit
2906 1776 3133 1831 curiam.
3152 1774 3321 1842 Quem
3350 1775 3479 1839 dux,

1903 1878 1965 1925 ut
1994 1877 2202 1923 tantum
2228 1868 2455 1923 decebat
2481 1868 2677 1931 virum,
2709 1865 3004 1921 honoriﬁce
3030 1865 3354 1935 suscipiens,
3383 1863 3483 1918 ali-

1904 1960 2226 2031 quantisper
2252 1976 2374 2014 cum
2424 1959 2641 2029 copioso
2672 1959 3004 2011 allluentium
3027 1971 3188 2025 opum
3221 1963 3483 2024 apparatu

1904 2068 2027 2108 eum
2053 2067 2233 2107 secum
2259 2050 2510 2114 detinuit,
2541 2059 2595 2103 et
2617 2048 2869 2119 polentia:
2905 2061 3015 2101 sua:
3050 2044 3482 2116 magnitudinem

1901 2151 2062 2213 prout
2091 2139 2247 2203 libuit
2302 2138 2375 2193 illi
2421 2138 2680 2193 ostendit.
2718 2136 3012 2192 Gaufridus
3042 2144 3221 2189 autem
3254 2141 3314 2187 ut
3362 2148 3420 2188 se
3449 2146 3485 2194 ι

1904 2231 2039 2286 duce
2068 2238 2175 2283 tam
2206 2227 2537 2284 excellenter
2562 2226 2778 2281 tractari
2810 2225 2965 2292 vidit,
3013 2224 3159 2277 intra
3189 2237 3247 2278 se
3273 2220 3480 2276 delibe-

1905 2340 2026 2387 rare
2051 2324 2237 2395 coepit,
2268 2322 2393 2391 quia
2426 2322 2474 2376 si
2518 2319 2632 2389 ejus
2659 2317 2979 2389 iungeretur
3010 2315 3279 2372 connubio
3322 2327 3479 2370 soro-

1906 2419 1983 2472 ris
2014 2417 2232 2475 nontine
2258 2415 2485 2481 lladuis,
2535 2414 2731 2469 fortior
2757 2414 2899 2468 inter
2924 2428 3019 2468 eos
3050 2417 3360 2466 necteretur
3384 2420 3482 2460 no-

1903 2512 2002 2565 dus
2034 2509 2256 2566 amoris.
2301 2508 2434 2561 Erat
2462 2507 2606 2562 enim
2660 2506 2774 2560 lucc
2828 2502 3003 2575 puella
3050 2514 3279 2570 corpore
3326 2496 3482 2551 valde

1901 2601 2121 2668 decora,
2176 2615 2389 2654 morum
2441 2598 2729 2652 honestate
2779 2595 3106 2666 gratissima.
3149 2590 3303 2647 Unde
3362 2598 3483 2657 post

1904 2702 2095 2764 pactos
2123 2692 2397 2746 amicitias
2417 2705 2540 2745 eam
2576 2689 2680 2744 sibi
2709 2688 2825 2741 dari
2860 2695 2970 2741 toto
2997 2683 3187 2739 atmisu
3216 2677 3478 2752 poposcit.

1900 2780 2067 2851 Cujus
2109 2779 2373 2835 voluntati
2421 2779 2529 2833 dux
2575 2777 2809 2850 gratanti
2853 2777 3035 2830 animo
3057 2774 3258 2836 favens,
3289 2784 3480 2826 assen-

1901 2872 2159 2935 tientibus
2179 2870 2679 2926 Northmannorunt
2704 2867 3061 2940 principibus,
3076 2864 3300 2936 petitam
3321 2862 3482 2917 Chri-

1823 2980 1868 3041 c
1900 2963 2078 3019 stiano
2101 2977 2251 3017 more
2279 2960 2519 3015 tradidit.
2545 2958 2842 3016 Celebratis
2874 2971 3001 3011 vero
3031 2969 3155 3009 cum
3189 2951 3484 3009 inaestima-

1901 3052 1994 3111 bili
2034 3054 2241 3107 honore
2276 3050 2506 3120 nuptiis,
2536 3065 2642 3103 non
2668 3048 2838 3102 multo
2862 3056 2983 3117 post
3032 3061 3154 3099 eum
3201 3042 3482 3099 immensis

1903 3144 2224 3200 muneribus
2273 3156 2368 3196 eos
2400 3148 2626 3195 ovantes
2678 3139 2827 3193 abire
2870 3137 3134 3207 permisit.
3189 3132 3482 3190 Gaufridus

1902 3254 1969 3292 ex
1996 3253 2059 3291 ea
2083 3234 2426 3305 postmodum
2471 3231 2607 3287 duos
2638 3229 2779 3283 filios
2799 3231 3000 3299 genuit,
3033 3226 3306 3280 Alannum
3335 3224 3482 3277 vide—

1902 3325 2028 3379 lit-et
2074 3332 2128 3378 et
2168 3323 2471 3385 Eu-zlonem,
2504 3320 2594 3389 qui
2626 3328 2747 3388 post
2780 3318 2897 3388 ejus
2948 3330 3232 3373 excessum
3259 3312 3474 3366 Britan-

1904 3415 2085 3468 nicam
2123 3413 2357 3483 patriam
2412 3408 3027 3479 robustissimo,vigore
3075 3406 3276 3461 diutius
3319 3418 3478 3459 rexe-

1902 3511 2053 3556 runt.

2542 3608 2769 3666 CAPUT
2807 3608 2897 3664 Vl.

1904 3706 1982 3759 De
2004 3705 2316 3783 crudelitate
2343 3702 2559 3783 Eltlredi
2592 3704 2725 3783 regis
2754 3699 3042 3783 Anglorum
3068 3698 3123 3783 in
3159 3694 3355 3783 Danaa,
3389 3693 3479 3783 qui

1972 3776 2189 3843 paciﬁce
2226 3790 2398 3827 secum
2426 3775 2477 3825 in
2500 3764 2692 3843 Anglia
2719 3764 3113 3843 commonebant
3143 3783 3170 3843 ς.
3198 3774 3245 3819 et
3270 3766 3335 3843 de
3355 3764 3478 3833 qui-

1972 3835 2191 3897 busdam
2242 3843 2523 3912 juvenibus
2576 3835 2812 3912 ejusdem
2857 3839 3047 3907 gentis,
3082 3837 3170 3905 qni
3207 3835 3478 3912 evadentes

1972 3858 2191 3897 busdam
2242 3858 2523 3912 juvenibus
2576 3858 2603 3893 e
2633 3858 2812 3894 usaem
2857 3858 3047 3907 genus,
3082 3858 3170 3905 qut
3207 3858 3478 3888 cvuuemu

1971 3915 2079 3983 regi
2135 3913 2521 3966 Dannmarchte
2572 3858 2750 3966 ἔκειτο
2805 3918 3023 3962 mortem
3070 3906 3479 3974 propinquorum

1971 3994 2363 4036 nuntmnerunt.

1972 4094 2107 4153 Dum
2138 4094 2189 4147 in
2239 4100 2380 4147 statu
2423 4104 2585 4158 supra
2618 4087 2893 4141 intellecto
2939 4084 3039 4139 sub
3068 4092 3173 4136 tam
3217 4080 3478 4151 praeclaro

1900 4195 2114 4245 rectore
2170 4180 2577 4238 Northmannize
2631 4178 2865 4233 felicitas
2903 4173 3163 4244 pelleret,
3213 4170 3479 4225 Eldredus

244 4252 483 4320 tinienses
508 4277 633 4333 cum
660 4260 1004 4317 multitudine
1030 4261 1175 4331 vulgi
1207 4259 1575 4335 congregavit,
1630 4260 1799 4337 impe-
1828 4306 1876 4365 Β
1902 4275 2200 4347 Anglorum
2242 4287 2337 4326 rex
2359 4283 2583 4339 regnum
2608 4267 2751 4336 quod
2797 4266 2897 4319 sub
2943 4277 3134 4332 magna
3162 4258 3477 4330 potentissi.

246 4354 393 4417 .luque
435 4354 723 4424 repentino
769 4367 932 4423 super
984 4367 1079 4406 eos
1127 4334 1321 4419 irruit,
1367 4357 1628 4416 tantaque
1682 4334 1799 4401 illos

243 4443 408 4507 strage
438 4435 658 4507 delevit,
692 4452 751 4495 ut
781 4441 959 4495 nullus
985 4440 1201 4509 penitus
1244 4446 1573 4501 remaneret,
1604 4435 1697 4505 qui
1725 4433 1800 4503 fa-

243 4535 318 4591 ma
344 4536 573 4599 posteris
615 4534 911 4607 nuntiaret.
942 4532 1077 4586 Nam
1100 4546 1240 4601 unus
1270 4530 1482 4584 illorum
1513 4544 1678 4597 cursu
1718 4529 1799 4582 ni-

246 4618 341 4686 tilio
373 4622 630 4697 fatigatus
669 4626 888 4697 alonge
916 4626 1213 4692 resederat,
1258 4624 1351 4694 qui
1381 4623 1571 4678 videns
1618 4624 1797 4677 socio-

246 4720 353 4777 τιιιιι
383 4713 699 4785 infortunia,
740 4716 938 4787 timore
974 4716 1218 4780 territus,
1246 4715 1599 4786 corporisque
1627 4714 1799 4775 imbe-

248 4801 502 4875 9i|litatem
523 4812 755 4883 oblitus,
784 4810 852 4864 ad
873 4824 1037 4875 naves
1060 4808 1299 4864 cucurrit
1326 4811 1669 4879 quantocius,
1697 4822 1800 4862 ete-

250 4897 467 4958 lerorum
495 4904 659 4975 exitia
695 4902 951 4971 nuntians
994 4899 1327 4957 custodibus.
1378 4902 1479 4971 Qui
1507 4902 1711 4972 pariter
1730 4914 1798 4965 ex

249 4991 476 5051 omnibus
494 4998 560 5051 ad
596 5012 684 5052 res
719 4995 948 5057 tutiores
972 5010 1030 5051 se
1051 4980 1419 5060 conferentes,
1453 4996 1594 5050 intra
1619 4994 1797 5049 sinum

253 5080 399 5144 litoris
434 5088 653 5160 remigio
689 5101 751 5147 se
799 5086 1172 5151 contulerunt,
1223 5085 1289 5139 de
1318 5088 1429 5142 vita
1470 5087 1794 5142 diﬂidentes.

250 5162 522 5246 Pansisque
549 5166 677 5233 velis
729 5176 785 5230 in
833 5176 1080 5245 sublime,
1116 5189 1281 5241 cursu
1320 5178 1588 5241 citissime
1616 5190 1797 5245 regem

248 5269 387 5298 Sllllm
413 5270 747 5298 A'nAO:A--nnl
815 5277 973 5298 unnln
1017 5270 1082 5298 ηιΙ
1127 5275 1311 5298 υΛΙιιηι
1353 5270 1595 5298 ρι-ιῖ-Αιηιη
1650 5268 1793 5298 nn“.

1903 4346 2113 4421 morum
2168 4376 2354 4432 regum
2402 4358 2571 4430 gloria
2604 4357 2695 4411 diu
2733 4354 3011 4416 ﬂoruerat,
3062 4359 3214 4404 tanto
3257 4346 3481 4402 nefaria:

1899 4452 2222 4527 proditionis
2250 4450 2459 4505 scelere
2488 4448 2768 4518 regiminis
2795 4445 2877 4500 sui
2919 4453 3162 4511 tempore
3187 4439 3395 4509 polluit,
3422 4447 3482 4493 ut

1899 4556 1953 4599 et
1981 4543 2169 4613 pagani
2205 4551 2313 4595 tam
2363 4537 2702 4595 exsecrabile
2748 4534 2898 4590 nefas
2922 4529 3246 4588 horrendum
3272 4527 3482 4598 judica-

1900 4648 2041 4691 rent.
2069 4634 2199 4688 Nam
2242 4633 2421 4686 Danos
2458 4646 2553 4701 per
2588 4641 2769 4683 omne
2797 4640 3021 4698 regnum
3060 4622 3302 4676 unanimi
3354 4635 3485 4676 con-

1900 4727 2083 4783 cordia
2126 4739 2283 4779 suum
2339 4721 2737 4782 eohabitantes,
2792 4717 2990 4772 mortis
3038 4711 3340 4783 periculum
3382 4709 3487 4765 mi-

1902 4817 2047 4882 nime
2075 4814 2441 4882 suspicantes,
2469 4808 2649 4865 subito
2673 4807 2860 4861 furore
2886 4806 2993 4863 sub
3017 4815 3125 4855 una
3155 4800 3244 4853 die
3270 4799 3490 4869 perimi,

1900 4908 2155 4964 mulieres
2180 4917 2397 4974 quoque
2438 4901 2560 4955 alvo
2583 4907 2740 4952 tenus
2783 4906 2950 4957 terra;
2994 4905 3117 4950 esse
3138 4889 3408 4956 defossas,
3437 4901 3497 4947 et

1902 4995 2257 5058 ferocissimis
2302 4993 2530 5047 canibus
2575 4989 2865 5045 concitatis
2911 4981 3184 5048 mamillas
3213 4981 3280 5035 ab
3307 4996 3494 5037 earum

1900 5090 2212 5165 pectoribus
2235 5085 2529 5139 crudeliter
2549 5083 2886 5152 extorqueri,
2915 5081 3187 5140 lactentes
3209 5087 3343 5128 vero
3368 5088 3498 5142 pueo

1902 5163 1991 5241 ros
2032 5181 2099 5236 ad
2146 5179 2431 5232 domorum
2476 5183 2660 5246 postes
2693 5174 2879 5232 allisos
2927 5163 3281 5231 excerebrari
3314 5163 3496 5232 jussit.

2004 5276 2065 5298 ιι..
2120 5269 2409 5298 -..:...:.......
2472 5268 2830 5298 “manus”...
2891 5264 3089 5298 -..ιηςαη
3153 5257 3290 5298 hum
3341 5256 3500 5298 igitur
