4040 5298
514 287 618 343 8ὶῖ

1342 294 1681 354 ννιιιιεωι
1719 298 2014 357 CALC‘ULI
2044 302 2600 365 GEMMETICENSIS
2639 310 2956 371 ΜοΝΑαιιι

3298 289 3365 304 εφη-

3665 330 3778 388 828

516 401 813 472 quamdam
842 402 1020 460 navim
1054 419 1115 461 se
1145 407 1515 477 contulerunt,
1540 420 1590 465 et
1621 409 1760 482 biga:
1780 413 2091 482 praesidium
2119 422 2166 481 Α
2197 417 2283 471 nia
2309 418 2499 475 ducem
2530 420 2856 481 Richardum
2881 429 3125 498 expetiit.
3161 432 3203 486 Δ
3249 447 3353 502 quo
3383 436 3637 495 decenter
3679 458 3779 499 ac-

515 509 616 563 νει·
645 494 916 551 Thainisa:
950 498 1159 554 alveum
1211 501 1377 555 celeri
1428 504 1653 573 remigio
1695 504 1865 561 maris
1916 507 2095 562 sinum

521 586 820 654 petierunt.
876 586 1174 645 Permenso
1225 601 1407 646 autem
1449 592 1645 663 prolixi
1689 596 1840 664 ponti
1894 599 2095 666 spatio,

520 675 819 731 novissime
848 678 1091 748 cupitum
1127 679 1518 738 Danamarcbae
1551 692 1769 754 portum
1800 686 2093 756 applicant,

523 765 755 835 regique
796 765 977 823 Sueno
998 778 1221 825 eruenta
1249 772 1428 840 gentis
1472 787 1581 827 suae
1608 773 1773 827 exitia
1813 775 2093 831 nuntiant.

522 854 677 914 Tunc
719 873 819 915 rex
865 858 1034 914 nimio
1090 860 1279 915 dolore
1330 869 1509 918 tactus
1536 863 1886 930 intrinsecus,
1929 868 2097 921 totius

526 946 679 1015 regni
722 947 803 1001 sui
848 949 1035 1003 aseitis
1085 950 1442 1021 principibus,
1490 963 1743 1009 cunctam
1795 955 1844 1009 ei
1898 956 2097 1010 seriem

523 1036 630 1090 illis
680 1038 918 1107 deponit,
956 1039 1194 1113 quidque
1229 1044 1499 1113 agendum
1553 1045 1925 1109 consulerent,
1977 1048 2097 1102 dili-

517 1137 705 1200 genter
757 1128 1003 1198 inquirit.
1064 1130 1167 1198 Qui
1220 1134 1519 1189 amicorum
1570 1144 1631 1193 et
1670 1138 2094 1207 propinquorum

525 1219 781 1291 ari-ninnis
818 1229 873 1274 et
898 1220 1046 1276 luctu
1100 1224 1255 1287 moti,
1301 1228 1453 1294 quasi
1507 1243 1573 1282 ex
1616 1245 1726 1284 uno
1769 1245 1864 1285 ore
1908 1245 2101 1287 omnes.

522 1324 710 1362 eorum
738 1313 1056 1383 sanguinem
1086 1314 1447 1374 decreverunt
1495 1321 1690 1379 debere
1727 1324 1854 1379 totis
1893 1325 2099 1380 viribus

523 1398 730 1455 ulcisci.

1124 1495 1353 1554 CAPUT
1390 1498 1500 1555 VII.

521 1577 676 1644 Quod
703 1578 909 1657 Saeuus
937 1602 1027 1640 rea:
1067 1599 1384 1657 congregato
1413 1592 1647 1646 exercitu
1682 1594 1751 1647 ad
1799 1594 2095 1649 Eboracum

590 1654 897 1724 comitatum
924 1646 1212 1724 appellens',
1260 1646 1383 1712 inde
1408 1662 1623 1716 dimisso
1652 1646 2095 1719 exercitui

591 1722 847 1802 citardum
872 1722 1779 1804 ducemmNortIttnannitepetenda:
1809 1736 1952 1802 pacis
1976 1752 2097 1804 gra-

593 1790 668 1872 tia
696 1807 815 1844 cum
868 1794 1133 1872 nonnullis
1166 1799 1381 1872 nauibus
1415 1790 2007 1872 Roth'omagum'eenit'}
2048 1814 2096 1858 et

593 1861 658 1911 de
676 1872 828 1942 pacto
854 1864 994 1942 quod
1026 1865 1178 1942 inter
1212 1866 1615 1942 Nortlmiannos
1635 1861 1696 1925 εἴ
1715 1861 1892 1927 Danos
1918 1861 2099 1942 ﬁrina-
2177 1901 2179 1903 ι

595 1938 820 2013 (iturast.
854 1933 923 1985 Et
950 1935 1087 2013 quod
1112 1933 1464 2013 Eb0_l'0€811868
1482 1950 1546 2013 et
1577 1940 1852 1995 Cantuarii
1884 1933 1931 1996 εὶ
1959 1942 2102 1998 Laur

593 2000 866 2074 deuictis“
919 2000 1084 2074 eidem
1126 2006 1244 2074 regi}
1273 2023 1327 2060 se
1371 2010 1739 2074 tradiderunt;
1778 2021 1824 2065 et
1872 2012 1938 2073 de

1720 2054 1733 2075 9

1998 2030 2029 2065 u

593 2014 866 2083 aonienses
919 2014 1084 2084 cutem
1126 2014 1244 2074 regi}
1273 2023 1327 2060 se
1371 2014 1739 2092 tradiderunt,-
1778 2021 1824 2065 et
1872 2014 1938 2073 de
1973 2014 2101 2136 fraga

593 2068 814 2152 leredt
856 2088 989 2152 regis
1015 2090 1133 2126 cum
1157 2091 1319 2135 uxore
1349 2087 1396 2130 et
1421 2078 1548 2147 ﬁliis
1572 2082 1641 2133 ad
1666 2081 1984 2137 Richardum
2047 2101 2102 2152 gu-

594 2154 702 2192 cem
735 2139 1243 2199 Northntannorum.

598 2247 694 2309 His
720 2259 901 2309 autem
950 2269 1053 2325 rex,
1086 2256 1307 2327 auditis,
1338 2274 1460 2315 cum
1494 2259 1843 2325 festinatione
1875 2273 2103 2331 cunctos

525 2337 628 2393 sub
667 2354 765 2394 suo
802 2341 1068 2420 regimine
1109 2346 1369 2417 degentes
1418 2354 1717 2423 praeparari
1748 2353 1931 2422 jussit.
1986 2354 2101 2412 Hac

525 2432 760 2523 illacque
785 2438 1096 2497 veredarios
1119 2443 1287 2509 misit,
1334 2445 1589 2523 diemque
1629 2450 1861 2520 praeﬁxit
1888 2453 2105 2522 quando

530 2522 728 2579 milites
748 2524 885 2581 lucri
919 2530 1147 2599 cupidos
1192 2534 1259 2587 de
1294 2537 1497 2595 exteris
1523 2539 1706 2609 regnis
1732 2545 1799 2594 ad
1848 2542 1989 2597 hanc
2015 2559 2105 2610 ex:

531 2614 861 2691 peditionem
888 2620 1078 2675 venire
1107 2622 1408 2683 mandavit.
1433 2626 1625 2695 Porro,
1681 2632 1913 2696 termino
1946 2635 2107 2688 adve-

532 2703 721 2758 niente
772 2713 996 2770 statuto,
1027 2710 1094 2762 ad
1149 2725 1320 2769 naves
1366 2714 1662 2771 immensus
1691 2718 1834 2777 illico
1867 2723 2109 2776 cucurrit

530 2794 828 2849 exercitus.
853 2798 927 2851 De
948 2797 1077 2855 hinc
1108 2802 1308 2869 regalia
1348 2804 1399 2859 in
1433 2807 1666 2863 sublime
1697 2809 1977 2865 elevantur
2016 2828 2110 2868 ve-

534 2881 688 2948 xilla,
710 2892 765 2937 et
786 2884 1046 2943 librantes
1073 2891 1249 2945 ventis
1272 2893 1699 2958 vela,veliﬂcato
1726 2902 1964 2969 protensi
1989 2918 2107 2958 mav

533 2972 613 3025 ris
642 2972 929 3034 intervallo
953 2978 1020 3031 ad
1051 2977 1297 3043 Eboraco
1338 2982 1681 3055 devehuntur
1713 2990 2003 3047 territoria.
2030 2992 2108 3049 lbi

532 3061 731 3132 quippe
762 3079 860 3127 rex
881 3065 1104 3123 dimisso
1130 3072 1373 3134 exercitu
1419 3088 1542 3129 cum
1570 3078 1842 3134 nonnullis
1878 3082 2107 3138 navibus

2200 520 2409 577 ceptus,
2463 527 2583 567 cum
2631 519 2844 586 magnis
2893 534 3053 592 Opum
3100 529 3449 595 apparatibus
3482 530 3643 599 omne
3686 538 3775 592 sui

2200 598 2467 658 incolatus
2487 603 2807 679 Retbomagi
2848 626 2969 667 cum
2991 629 3055 668 eo
3090 611 3265 687 exegit
3290 628 3519 691 tempus.
3750 620 3755 625 ’

2797 719 3025 780 CAPUT
3060 726 3189 782 Vill.

2199 795 2663 895 ιὶρῃιιιιίίιὶιειῖςςιι(31ιί⁶
2688 811 2822 895 regis
2842 815 2992 895 apud
3025 814 3377 895 Lundoniam,
3400 833 3448 876 et
3470 828 3610 895 quod
3632 826 3777 883 Clin-

2270 881 2426 924 nutus
2446 873 2591 950 ﬁlius
2613 873 2901 950 efus'patri
2929 887 3228 947 succedens,
3258 873 3445 944 iterum
3472 873 3772 950 1m'ercitum

2270 952 2451 1020 contra
2487 944 2683 1020 Anglos
2721 944 2908 1020 movit;
2945 964 2992 1005 et
3029 957 3092 1007 de
3129 944 3296 1010 reditu
3325 944 3771 1020 Eldredi

2268 1008 2427 1074 gliam
2481 1023 2530 1069 et
2581 1008 2650 1068 de
2702 1008 2924 1073 victoria
2972 1008 3773 1103 Danorumwapud'zugendu:

2268 1093 2411 1133 ηυιη.

2268 1167 2433 1236 igitur
2456 1170 2689 1238 Suenus,
2717 1176 2844 1237 dum
2875 1181 3014 1248 apud
3038 1180 3374 1249 Lundoniam
3399 1190 3466 1252 de
3496 1193 3644 1262 regni
3671 1202 3774 1248 tm

2197 1269 2371 1313 etarct
2400 1262 2788 1336 dispositione,
2804 1281 3032 1331 mortem
3067 1274 3200 1338 obiit
3241 1278 3575 1351 interceptus
3608 1287 3768 1355 πει-ἰν

2199 1349 2402 1405 tudine.
2426 1353 2592 1424 Cujus
2613 1371 2808 1427 corpus
2837 1359 2969 1415 Dani
3001 1367 3332 1422 aromatibus
3359 1349 3703 1439 coridierunl,
3721 1387 3775 1432 et

2200 1438 2251 1491 in
2279 1443 2404 1495 navi
2427 1444 2830 1515 disposuerunt,
2858 1460 2914 1504 et
2943 1466 3066 1507 cum
3121 1454 3470 1514 festinatione
3503 1465 3644 1532 apud
3674 1465 3777 1519 Dat-

2198 1533 2549 1587 namarcham
2610 1538 2977 1596 tumnlandum
3022 1542 3372 1602 devexerunt.
3420 1550 3537 1617 Quo
3598 1562 3784 1608 tumu-

2198 1616 2326 1684 lato,
2358 1620 2502 1678 ﬁlius
2538 1624 2679 1694 ejus,
2725 1630 2943 1687 nomine
2970 1631 3275 1704 Cbunutus,
3327 1653 3475 1694 arma
3508 1641 3655 1696 illius
3682 1658 3778 1698 su-

2201 1722 2353 1764 mens
2373 1715 2673 1771 exercitum
2712 1720 2943 1776 viriliter
2981 1726 3225 1793 roborat,
3270 1738 3327 1783 et
3369 1746 3435 1785 ne
3458 1731 3526 1785 ab
3580 1733 3782 1788 iterata

2200 1802 2545 1869 expeditione
2600 1810 2958 1881 resipiscant,
3010 1817 3137 1872 totis
3200 1819 3409 1877 nisibus
3460 1835 3778 1895 exaggerat.

2199 1890 2458 1962 Denique,
2484 1897 2664 1953 missis
2693 1899 2905 1972 legatis,
2936 1903 3069 1960 duos
3092 1923 3245 1977 reges
3290 1910 3371 1979 ad
3406 1890 3779 1981 suumevocat

2201 1982 2518 2054 suﬁragium
2547 2006 2559 2041 :
2590 1988 2828 2045 Lacman
2855 1995 3105 2062 equidem
3136 1997 3436 2055 Suavorum
3469 2012 3523 2057 et
3547 2002 3798 2067 Olavum_

2201 2070 2543 2131 Noricorum.
2604 2076 2669 2133 Hi
2716 2081 2781 2134 ad
2827 2082 2943 2150 ejus
2973 2085 3230 2139 auxilium
3272 2090 3625 2145 advenientes
3653 2107 3775 2145 enm

2203 2160 2315 2214 suis
2339 2163 2511 2231 copiis
2538 2164 2791 2232 militum,
2821 2170 2984 2224 totius
3012 2174 3175 2227 robur
3208 2176 3414 2245 militiae
3440 2194 3549 2247 suae
3580 2195 3775 2233 corro-

2200 2250 2530 2309 boraverunt
2549 2258 2772 2314 virtute.
2798 2261 3031 2327 Interea,
3060 2264 3187 2319 dum
3235 2267 3350 2321 inec
3387 2280 3669 2338 geruntur,
3697 2270 3785 2324 El-

2204 2343 2402 2398 dredus
2460 2359 2556 2400 rex
2588 2341 2815 2403 mortem
2865 2348 3028 2405 Sueni
3076 2354 3318 2417 audiens.
3373 2359 3688 2427 praeparatis
3717 2359 3788 2413 ad

2205 2434 2566 2505 navigandum
2606 2439 2880 2506 omnibus,
2907 2457 3029 2496 cum
3057 2459 3223 2498 uxore
3278 2445 3427 2512 lzetus
3464 2447 3782 2517 ad‘regnum

2206 2542 2363 2583 suum
2415 2532 2722 2600 regreditur
2764 2549 2777 2596 ;
2842 2535 2935 2589 sed
2984 2535 3122 2591 ﬁlios
3179 2553 3305 2592 Suos
3359 2539 3685 2594 Edwardum
3731 2546 3805 2593 et.

2204 2617 2498 2673 Alnredum
2529 2637 2650 2675 cum
2709 2624 2974 2681 avunculo
3004 2627 3247 2681 dimittit.
3280 2628 3393 2683 Rex
3422 2640 3600 2685 autem
3634 2630 3783 2686 Chu-

2207 2718 2391 2770 nutus,
2419 2709 2661 2764 collectis
2702 2713 3060 2782 undequaque
3084 2718 3309 2770 militum
3340 2718 3665 2789 legionibus,
3696 2735 3784 2772 ve-

2208 2795 2287 2851 lut
2316 2800 2475 2853 turbo
2496 2801 2705 2857 validus
2734 2818 2764 2857 a
2800 2821 2962 2875 regno
2997 2823 3094 2861 suo
3122 2823 3397 2877 egressus,
3428 2812 3802 2880 procellosum

2210 2902 2361 2942 mare
2383 2889 2612 2945 intentat
2643 2892 2957 2964 intrepidus.
2986 2894 3278 2952 Subductis
3298 2889 3479 2966 autem
3527 2899 3581 2953 in
3614 2900 3801 2963 altum,

2211 2979 2462 3043 navibus,
2492 2981 2720 3038 velivolo
2762 3000 2920 3039 cursu
2976 2987 3044 3040 ad
3066 2988 3294 3059 _A.nglos
3320 2989 3624 3042 devehitur.
3661 2989 3787 3042 inde

2211 3076 2402 3136 petens
2426 3069 2694 3125 Tbamisae
2715 3072 2956 3139 ﬂuvium,
2986 3076 3237 3131 celeriter
3262 3077 3468 3147 appulit
3490 3078 3795 3132 Lundoniae

534 3127 781 3224 petenda:
802 3157 951 3226 pacis
977 3167 1149 3229 gratia
1196 3131 1339 3231 apud

2212 3127 2231 3136 -
2942 3127 2956 3139 .
3264 3127 3785 3147 νην-η---η---ν-η.--

2213 3159 2553 3213 comitatum.
2583 3160 2679 3215 Cui
2714 3178 2837 3216 eum
2866 3165 2979 3219 suis
3000 3167 3295 3235 egredienti
3345 3168 3411 3221 de
3453 3169 3683 3222 navibus
3701 3184 3790 3222 oc-

531 3246 798 3301 chardum
825 3249 1153 3319 aggreditur.
1185 3252 1356 3318 Quem
1382 3270 1503 3310 cum
1530 3259 1637 3311 dux
1663 3262 1933 3330 aliquanta
1960 3278 2109 3322 mora

536 3335 791 3405 regaliter
815 3347 1098 3405 tractaret,
1136 3344 1263 3396 dum
1292 3354 1347 3398 et
1386 3345 1500 3416 ipse
1529 3356 1584 3402 et
1613 3349 1814 3406 milites
1837 3361 1961 3423 post
1989 3361 2111 3407 tan-

534 3435 647 3479 tum
690 3429 891 3499 navigii
947 3429 1191 3487 laborem
1250 3448 1653 3504 recrearentur,
1705 3456 1893 3499 vacem
1942 3444 2112 3499 conli-

537 3532 701 3571 uuam
738 3519 885 3574 inter
906 3535 967 3576 se
996 3521 1380 3592 ﬁrmaverunt;
1420 3542 1483 3582 ea
1511 3528 1766 3585 videlicet
1794 3531 1910 3603 lege
1934 3541 1993 3586 ut
2015 3549 2113 3603 per

533 3610 880 3666 suceedentia
939 3612 1212 3668 Danorum
1261 3632 1449 3687 regum
1502 3617 2113 3691 Northmannorumque

533 3701 729 3755 ducum
766 3718 830 3757 ac
876 3719 1063 3759 eorum
1089 3705 1363 3762 baeredum
1418 3717 1684 3780 tempora,
1736 3712 1889 3767 ﬁrma
1919 3727 2114 3783 perpe-

536 3788 756 3843 tualiter
791 3791 933 3845 inter
964 3807 1058 3847 eos
1088 3803 1358 3860 maneret,
1415 3805 1472 3850 et
1521 3812 1643 3867 quae
1679 3800 1812 3853 Dani
1856 3799 2111 3855 abstulis-

540 3886 663 3932 sent
695 3879 950 3945 inimicis,
987 3883 1215 3936 emenda
1244 3883 1561 3941 conferrent
1608 3887 2017 3948 Nortbmannis.
2054 3891 2112 3946 Si

514 3969 665 4037 quis
705 3984 838 4027 vero
885 3970 1160 4029 Danorum
1202 3973 1470 4031 invalidus
1509 3985 1603 4033 aut
1632 3979 1948 4035 vulneratus
1975 3981 2114 4036 ami-

540 4072 730 4112 corum
761 4059 1025 4129 indigeret
1046 4061 1347 4129 juvamine,
1368 4066 1509 4135 apud
1534 4066 1935 4125 Nortbmannos
1958 4072 2113 4141 quasi

538 4148 594 4201 in
619 4149 778 4204 domo
805 4151 1018 4219 propria
1050 4152 1149 4206 sub
1179 4154 1474 4210 securitate
1509 4168 1816 4213 sanaretur.
1850 4159 1981 4226 Qua:
2026 4160 2113 4216 lex

538 4246 600 4291 ut
633 4247 751 4293 rata
784 4250 1047 4306 maneret,
1076 4242 1146 4297 ab
1180 4253 1408 4313 utraque
1442 4256 1596 4315 parte
1640 4260 2112 4307 sacramentorum

540 4339 728 4386 tenore
758 4331 1035 4401 principes
1054 4347 1241 4389 eorum
1266 4335 1408 4390 illam
1439 4348 1759 4394 sanxerunt.
1786 4340 1993 4408 Quibus
2017 4356 2113 4397 rex

2212 3260 2495 3304 currentes
2536 3251 2693 3321 Angli
2723 3268 2789 3306 ex
2845 3256 2991 3309 omni
3027 3271 3191 3327 regno
3221 3257 3791 3326 apudAuxendunum

2213 3342 2543 3411 congregati,
2584 3344 2650 3397 ad
2681 3359 2835 3397 suam
2888 3347 3182 3415 perniciem
3226 3349 3669 3403 cruentissimum
3715 3350 3787 3405 illi

2212 3430 2414 3487 bellum
2452 3431 2771 3492 intulerunt.
2795 3434 2929 3489 Cum
2954 3437 3152 3504 quibus
3208 3453 3325 3503 rex,
3357 3437 3596 3493 eﬁeratis
3621 3438 3785 3509 legio-

2213 3535 2341 3573 num
2363 3534 2586 3575 suarum
2614 3523 2835 3583 animis,
2879 3526 3140 3581 atrociter
3170 3526 3486 3597 conﬂigens,
3518 3537 3668 3581 tanta
3696 3542 3795 3581 eos

2214 3611 2589 3669 internecione
2616 3615 2816 3669 delevit
2846 3657 2860 3680 ,
2888 3626 2945 3669 ut
2972 3618 3150 3672 nullus
3167 3619 3443 3673 hominum
3476 3630 3641 3689 queat
3666 3634 3794 3688 sup-

2214 3715 2405 3772 putare
2455 3714 2589 3774 quot
2635 3706 2801 3760 millia
2834 3707 2888 3761 in
2940 3709 3026 3764 die
3056 3710 3146 3763 illa
3202 3711 3509 3765 corruerint
3552 3709 3791 3781 Anglice;

2214 3795 2406 3863 gentis.

2816 3912 3044 3969 CAPUT
3083 3914 3175 3978 IX,

2217 3998 2370 4076 Quod
2401 4003 2873 4076 mortuo_Eldredo
2902 4023 3017 4075 rege
3054 4007 3341 4076 Anglorum
3360 4050 3373 4070 ,
3404 4008 3678 4063 Chunutus
3704 4025 3793 4063 rex

2288 4070 2837 4147 Danor_unt_Einmant
2872 4070 3083 4129 uxorem
3120 4070 3233 4147 Ejus
3264 4070 3411 4132 duxit
3446 4090 3493 4133 et
3528 4096 3593 4133 ea:
3617 4096 3679 4133 ea
3705 4096 3792 4147 ge-

2286 4144 2400 4195 nuit
2431 4140 2923 4209 llardeclmnutunt,
2962 4148 3051 4214 qui
3079 4140 3411 4216 postmodum
3449 4151 3496 4201 ei
3524 4140 3791 4202 successit.

2285 4231 2399 4287 Rex
2426 4248 2553 4288 vero
2588 4235 2761 4289 victor
2798 4235 3042 4302 eﬁ‘ectus,
3079 4239 3147 4292 ad
3179 4254 3344 4294 naves
3375 4254 3501 4294 suas
3527 4255 3652 4294 cum
3683 4243 3795 4294 suis

2215 4333 2296 4379 est
2334 4340 2600 4381 reversus.
2639 4326 2775 4382 Hinc
2800 4328 2962 4383 celeri
2998 4345 3059 4385 se
3088 4346 3309 4385 movens
3338 4332 3557 4396 ﬁducia,
3587 4332 3797 4387 Lundo-

538 4419 607 4472 ad
665 4430 850 4477 votum
899 4422 1152 4491 expletis,
1196 4428 1482 4498 condignis
1528 4444 1559 4483 a
1600 4430 1737 4485 duce
1797 4433 2114 4490 muneribus

2218 4415 2361 4469 niam
2398 4418 2705 4472 circumdat
2750 4419 3050 4477 obsidione.
3084 4420 3254 4487 Quam
3296 4423 3437 4476 intra
3474 4424 3667 4477 urbem
3709 4423 3797 4477 El-

520 4516 891 4577 ‘muneratus,
945 4516 1267 4581 quantocius
1304 4517 1372 4570 ad
1419 4533 1547 4573 suos
1592 4519 1895 4591 regreditur
1939 4522 2110 4579 laetus.

543 4599 646 4663 Qui
674 4608 732 4654 ut
758 4616 857 4656 suo
896 4602 1125 4671 junctus
1153 4614 1239 4661 est
1286 4608 1574 4673 exercitui,
1610 4613 1868 4667 continuo
1913 4613 2114 4684 Anglo-

542 4703 666 4744 rum
713 4706 936 4761 regnum
998 4696 1164 4752 tradit
1212 4697 1500 4755 ultricibus
1544 4699 1799 4759 ﬁammis.
1862 4701 2117 4759 Videntes

542 4779 729 4847 itaque
752 4780 981 4839 Eboraci
1020 4798 1050 4838 a
1105 4785 1254 4842 nullo
1296 4787 1497 4858 iuvari,
1552 4790 1697 4846 datis
1743 4792 2027 4847 obsidibus
2057 4809 2118 4849 se

543 4868 801 4938 subigunt
862 4871 1005 4927 illius
1051 4875 1372 4932 dominatui.
1425 4878 1553 4932 Inde
1588 4894 1718 4934 vero
1765 4895 2018 4950 egressus
2050 4882 2117 4937 ad

541 4954 811 5013 Thamisa:
849 4974 942 5016 ora
978 4964 1310 5031 provehitur.
1362 4965 1462 5023 Ubi
1492 4969 1773 5025 venientes
1828 4970 2114 5026 Cantuarii

541 5047 709 5101 simili
739 5049 900 5106 modo
929 5050 1044 5119 ejus
1064 5068 1123 5109 se
1149 5055 1388 5110 subdunt
1426 5061 1701 5128 potestati.
1735 5060 1942 5117 Deinde
1966 5062 2118 5115 avul-

541 5141 618 5193 sis
643 5141 863 5195 navium
887 5145 1163 5196 anchoris.
1198 5147 1409 5196 alveum
1441 5151 1659 5196 auinam:
1690 5146 1929 5196 ﬂumini:
1978 5154 2117 5196 nnmi

2217 4505 2414 4561 dredus
2431 4522 2525 4562 rex
2542 4509 2781 4573 graviter
2803 4512 3105 4581 :egrotavit,
3121 4521 3197 4577 et,
3224 4513 3578 4567 crudescente
3607 4513 3795 4568 morbo

2217 4602 2480 4667 corporis,
2517 4616 2622 4653 non
2664 4600 2832 4654 multo
2873 4612 2994 4671 post
3035 4604 3306 4657 hominem
3333 4605 3520 4658 exivit.
3557 4605 3673 4659 Rex
3701 4605 3798 4674 igi-

2220 4697 2305 4741 tur
2343 4689 2645 4756 Cliunutus,
2674 4693 2857 4747 audita
2887 4703 3061 4750 morte
3087 4696 3253 4765 regis,
3277 4695 3526 4750 consultu
3558 4696 3793 4750 ﬁdelium

2217 4793 2436 4833 suorum
2483 4797 2794 4852 prmeavms
2841 4785 2892 4839 in
2941 4786 3177 4840 futurum
3205 4827 3220 4852 ,
3266 4788 3510 4841 Emmam
3555 4788 3796 4856 reginam

2220 4870 2551 4927 abstractam
2591 4874 2658 4928 ab
2708 4876 2840 4931 urbe
2886 4885 3009 4944 post
3057 4877 3263 4948 aliquot
3308 4881 3423 4934 dies
3473 4879 3576 4934 sibi
3618 4879 3797 4948 junxit

2218 4962 2516 5017 christiano
2554 4980 2726 5029 more,
2776 4968 2913 5021 dans
2950 4982 3048 5037 pro
3089 4967 3179 5022 illa
3217 4981 3412 5024 cuncto
3439 4969 3708 5025 exercitui
3747 4969 3795 5021 in

2221 5066 2354 5107 auro
2393 5063 2448 5107 et
2485 5068 2711 5125 argento
2742 5072 2972 5127 pensum
3006 5059 3150 5113 illius
3177 5063 3441 5131 corporis.
3467 5062 3544 5117 Ex
3570 5076 3656 5125 ea,
3680 5076 3798 5114 suc-

2219 5144 2449 5196 cedente
2481 5155 2748 5196 temnere-
2800 5152 2984 5196 permit
3028 5151 3194 5196 lilium
3238 5154 3453 5196 nomine
3488 5152 3799 5196 Harilnchu—
