4040 5298
234 325 341 381 829

813 326 1159 384 IIISTORI/E
1195 326 1823 389 NOBTIIMANNOBUII
1868 326 2048 399 LIBRI
2109 327 2397 395 OCTO.-—
2422 329 2625 387 LIBER
2661 320 2987 401 QUINTUS.

3363 334 3470 391 830

235 438 337 493 sub
377 438 617 496 dominio
665 437 810 508 regis
855 438 1109 494 Chunuti.
1164 439 1290 496 Haec
1330 442 1381 496 in
1423 441 1583 512 hujus
1619 440 1797 510 operis
1826 445 1876 503 Α
1902 440 2208 497 devolutum
2261 457 2381 499 esse
2431 443 2779 509 vecordiam,
2830 442 3008 499 missis
3054 442 3284 515 legatis,
3334 444 3471 501 deos

234 529 374 585 serie
422 528 783 591 intexuimus,
827 538 886 581 ut
932 528 1182 583 Edwardi
1237 531 1377 599 regis
1416 542 1596 585 ortum
1652 530 1801 601 igno-

236 618 481 671 rantibus
525 627 971 672 monstraremus.
1006 617 1158 673 Nunc
1202 634 1331 674 vero
1363 621 1429 675 ad
1466 620 1799 689 propositum

235 716 614 777 retorqueatur
662 708 867 780 stylus,
910 724 941 764 a
986 725 1094 780 quo
1132 711 1403 782 paulisper
1439 711 1667 784 digressi
1710 727 1801 768 su-

232 811 369 852 "MS.

842 909 1070 967 CAPUT
1107 912 1176 967 Χ.

230 993 306 1048 De
333 996 600 1051 discordia
634 1000 768 1051 inter
798 998 1111 1054 Riclmrdum
1138 1002 1320 1057 durem
1355 1014 1404 1057 et
1443 1007 1677 1061 Odonem
1710 1024 1797 1061 co-

300 1066 475 1119 mitem
509 1066 896 1142 geritotertsem,
926 1082 1389 1142 proptergcastrum
1422 1074 1795 1142 Dorcasinum;

298 1146 347 1210 et
381 1136 522 1210 quod
562 1137 697 1210 idem
731 1138 841 1210 dua:
877 1136 1105 1194 castrum
1132 1140 1437 1210 ’I’egularias
1464 1161 1620 1210 super
1644 1136 1796 1200 Arva}

298 1160 345 1189 ct
381 1160 519 1198 ψιυιι
562 1160 697 1189 mem
731 1160 841 1191 uua;
877 1160 1105 1194 castrum
1138 1160 1201 1194 re
1238 1160 1437 1196 ωσι-παι
1464 1161 1620 1210 super
1644 1160 1795 1200 ιιι-ναξ

296 1206 517 1277 ﬂuvium
546 1207 807 1272 ﬁrmavit;
837 1218 882 1261 et
901 1211 1158 1277 quomodo
1186 1160 1537 1267 gert/Imaum
1564 1214 1795 1271 Odonem

298 1274 511 1341 et_duos
539 1277 751 1333 comites
778 1274 1045 1351 adjutores
1066 1280 1180 1349 ejus
1209 1282 1461 1343 vicerunt.

297 1364 657 1434 Temporibus
674 1368 901 1436 denique
929 1370 1029 1429 sub
1054 1372 1279 1436 eisdem,
1303 1372 1418 1428 Odo
1446 1374 1796 1433 Carnutensis

226 1469 411 1509 comes
455 1458 741 1523 quamdam
782 1459 933 1513 ducis
968 1474 1207 1515 sororem
1238 1464 1452 1517 nomine
1486 1465 1793 1523 Mathildem

224 1561 351 1599 cum
396 1547 726 1601 multimodis
761 1551 1074 1605 muneribus
1116 1568 1146 1606 a
1185 1554 1420 1609 fraterna
1454 1556 1613 1612 domo
1647 1560 1799 1615 aufe-

226 1649 377 1699 rens,
426 1635 529 1687 sibi
582 1636 634 1688 in
677 1636 1022 1691 matrimonio
1069 1639 1304 1710 legitime
1355 1646 1644 1714 ecpulavit.
1696 1647 1792 1702 Cui

224 1725 335 1783 dux
365 1727 717 1791 medietatem
741 1728 1019 1784 Dorcasini
1043 1734 1209 1787 castri
1238 1734 1385 1789 dedit
1409 1737 1549 1791 dotis
1579 1739 1794 1793 nomine

222 1831 348 1868 cum
378 1824 522 1871 terra
551 1832 713 1887 super
741 1820 900 1879 Arva:
928 1820 1147 1883 [luvium
1182 1824 1479 1892 adjacente.
1517 1827 1797 1884 llounullis

224 1907 355 1961 hinc
376 1907 712 1965 elabentibus
739 1913 916 1974 annis,
951 1914 1064 1969 haec
1102 1917 1289 1973 eadem
1328 1918 1621 1986 Mathildis,
1652 1920 1800 1992 judi-

223 2002 310 2054 cio
340 2001 659 2069 disponente
696 2004 812 2068 Dei,
837 2006 1066 2062 moritur
1093 2009 1297 2077 absque
1323 2011 1527 2067 liberis.
1556 2012 1683 2069 Post
1704 2030 1799 2071 οιιο

216 2088 309 2158 jus
361 2092 567 2146 obitum
633 2094 753 2156 duci
811 2105 1010 2150 terram
1076 2101 1452 2172 prmtitulatam
1510 2107 1793 2174 repetenti,

222 2195 412 2235 comes
455 2182 570 2237 Odo
598 2182 779 2239 nimiis
810 2186 1060 2247 versutiis
1099 2190 1261 2261 etrapit
1289 2193 1577 2259 contraire,
1611 2195 1797 2250 nolens

224 2270 299 2339 illi
350 2270 590 2338 quietam
639 2272 915 2329 dimittere
963 2274 1239 2333 Dorcasini
1276 2282 1437 2336 castri
1490 2283 1794 2340 tuitionem.

223 2361 567 2435 Quapropter
594 2366 721 2431 dux,
761 2369 945 2425 ascitis
972 2370 1282 2429 Britonibus
1308 2391 1429 2431 cum
1469 2374 1795 2436 Northman-

222 2470 417 2517 norum
468 2457 793 2527 legionibus.
842 2478 1005 2533 super
1047 2464 1203 2519 Arva:
1252 2465 1472 2522 ﬂuvium
1527 2470 1797 2527 hostiliter

221 2545 449 2603 veniens
474 2560 709 2606 castrum
752 2555 1023 2618 condidit,
1055 2556 1195 2624 quod
1228 2556 1532 2627 Tegulense
1558 2563 1793 2623 vocavit.

223 2636 470 2708 Sumptis
498 2649 677 2695 autem
705 2659 771 2697 ex
800 2644 1001 2700 Odonis
1036 2647 1291 2704 comitatu
1331 2649 1621 2715 alimoniis,
1648 2666 1797 2710 eam-

222 2726 342 2779 dem
373 2728 729 2784 munitioncm
766 2732 1241 2791 abundantissime-
1261 2738 1505 2804 replevit.
1534 2740 1795 2811 Nigellum

221 2817 753 2887 Constantinensem,
794 2833 957 2892 atque
993 2824 1278 2882 Rodull‘um
1303 2826 1698 2896 'I‘oennensem,
1738 2839 1795 2888 et

220 2906 515 2977 Rogeriutn
559 2911 725 2965 filium
760 2910 999 2980 ejusdem
1020 2954 1035 2979 ,
1064 2931 1185 2970 cum
1216 2931 1401 2972 eorum
1434 2919 1662 2977 militum
1694 2936 1793 2979 cu-

218 3002 427 3056 stodes
454 3002 508 3058 in
550 3018 613 3057 ea
674 3004 944 3091 reliqum.
973 3007 1177 3073 Quibus
1226 3010 1453 3078 patratis
1496 3027 1792 3082 prospere,

1903 545 2056 600 rcges
2100 547 2224 586 cum
2274 532 2531 602 paganica
2590 531 2931 587 multitudine
2974 546 3038 587 ex
3090 535 3470 589 transmarinis

1900 623 2162 693 partibus.
2201 624 2284 679 sui
2315 631 2503 679 evocat
2541 624 2597 678 in
2639 623 2941 683 auxilium;
2985 624 3212 679 Olavum
3261 626 3468 680 scilicet

1900 712 2215 769 Noricorum
2272 722 2329 769 et
2377 712 2612 769 Lacman
2666 713 2985 769 Suavorum.
3041 715 3207 783 Cujus
3260 716 3467 786 legatos

1900 818 2054 873 rcges
2086 814 2458 874 competenter
2487 806 2860 874 susceperunt,
2903 820 3025 860 cum
3074 807 3259 862 multis
3298 804 3468 862 dom.

1900 892 1997 947 riis
2023 894 2090 964 _ei
2138 895 2480 958 remiserunt,
2525 903 2580 949 et
2611 909 2715 949 non
2751 896 2919 948 multo
2948 904 3069 965 post
3112 911 3171 951 se
3212 906 3469 952 venturos

1897 998 2019 1038 esse
2068 985 2472 1039 nuntiaverunt.
2533 985 2737 1040 Deinde
2787 1000 2910 1040 cum
2965 987 3077 1041 suis
3133 988 3467 1043 exercitibus

1897 1074 2101 1143 pariter
2136 1076 2483 1146 congregati,
2512 1076 2803 1146 paucisque
2835 1077 3047 1131 navium
3082 1078 3215 1132 velis
3244 1094 3465 1149 spuma

1898 1167 2171 1221 sulcantes
2216 1180 2430 1236 aequora
2473 1168 2642 1237 ponti,
2673 1181 2835 1221 cursu
2868 1168 3029 1223 celeri
3080 1170 3145 1223 ad
3184 1169 3466 1226 Britanno.

1895 1273 2015 1312 rum
2056 1258 2283 1331 ﬁnitima
2336 1259 2512 1313 littora
2542 1267 2669 1312 sunt
2713 1260 2970 1313 devoluti.
3004 1259 3248 1315 Britones
3286 1270 3465 1316 autem

1896 1364 2084 1404 eorum
2119 1351 2459 1421 repentinum
2488 1360 2845 1420 agnoscentes
2870 1366 3172 1416 accessum,
3198 1368 3226 1406 a
3258 1353 3467 1409 cunctis

1900 1440 2044 1509 regni
2077 1441 2319 1509 partibus
2345 1444 2651 1511 congregati
2672 1481 2685 1505 .
2717 1457 2810 1495 eos
2837 1442 2902 1494 ad
2934 1442 3165 1510 praedam
3198 1442 3467 1496 inhiantes

1898 1529 2192 1602 [injcautos
2230 1546 2609 1602 praeoccupare
2653 1542 2780 1586 sunt
2810 1532 3077 1586 arbitrati.
3105 1532 3302 1602 Pagani
3337 1548 3467 1587 vero

1895 1637 2083 1675 eorum
2108 1622 2260 1676 dolos
2285 1624 2696 1692 comperientes,
2724 1624 2953 1693 quadam
2983 1624 3062 1677 usi
3086 1624 3341 1686 versutia,
3369 1638 3469 1693 per

1898 1714 2071 1783 campi
2116 1714 2389 1782 planitiem
2412 1754 2426 1777 ,
2454 1730 2560 1784 quo
2590 1716 2710 1769 illos
2739 1724 3007 1769 noverant
3032 1724 3287 1769 venturos
3316 1715 3465 1781 fore,

1900 1803 2348 1872 profundissimos
2388 1804 2639 1859 foderunt
2668 1804 2946 1859 cuniculos
2980 1805 3035 1859 ia
3064 1805 3347 1873 superficie
3372 1820 3469 1859 an-

1897 1898 2101 1965 gustus,
2147 1903 2208 1946 ut
2254 1895 2698 1962 supervenientes
2733 1895 2977 1962 equites,
3018 1894 3267 1948 cruribus
3302 1907 3471 1962 equo-

1901 2004 2017 2043 rum
2056 1989 2379 2053 confractis,
2416 1991 2725 2047 indecenter
2771 1992 2935 2045 humo
2972 1991 3466 2061 przecipitarentur,

1897 2080 2082 2148 sicque
2114 2079 2303 2150 gladiis
2333 2079 2545 2135 facilius
2580 2081 2993 2150 perimerentur.
3016 2076 3265 2136 Britones
3287 2086 3467 2137 autem

1897 2170 2119 2223 veniunt
2157 2176 2213 2222 et
2245 2171 2504 2224 continuo
2532 2185 2695 2240 super
2725 2172 2909 2226 hostes
2939 2170 3200 2225 atrociter
3231 2172 3467 2226 irruunt.

1897 2259 2004 2316 Sed
2048 2275 2380 2331 paganorum
2433 2264 2693 2333 decipulis
2730 2264 3010 2333 prostrati,
3059 2272 3263 2318 tantam
3313 2264 3469 2319 sazvi-

1898 2352 2028 2406 tiam
2080 2353 2222 2407 illico
2253 2363 2381 2408 sunt
2404 2354 2674 2424 perpessi,
2705 2362 2764 2407 ut
2792 2354 2879 2407 vix
2922 2367 2953 2407 e
2977 2354 3161 2424 praelia
3186 2346 3469 2408 elaberen-

1898 2453 1987 2499 tur
2025 2446 2301 2517 perpauci.
2341 2445 2466 2501 Inde
2494 2446 2709 2501 barbari
2741 2446 3003 2517 prolixius
3061 2445 3468 2517 progredientes

1896 2547 2131 2595 castrum
2172 2540 2283 2597 Doli
2311 2540 2581 2607 obsident,
2627 2549 2681 2597 et
2714 2549 2927 2611 captum
2950 2540 3070 2606 igne
3097 2540 3463 2609 geomburunt,

1895 2646 1958 2685 ac
1998 2630 2202 2685 incolas
2239 2630 2352 2699 ejus
2384 2646 2506 2685 cum
2553 2630 2841 2686 Salomone
2877 2630 3136 2685 advocat!)
3163 2628 3263 2681 loci
3296 2626 3466 2681 interr

1895 2722 2104 2776 ficiunt.
2139 2723 2341 2778 Deinde
2369 2722 2594 2777 sublatis
2623 2723 2878 2778 anchoris
2908 2730 3156 2791 repetunt
3194 2734 3342 2774 mare
3362 2759 3377 2783 ,
3408 2726 3466 2774 et

1896 2812 2199 2868 veliﬁcante
2227 2814 2398 2869 classe
2424 2815 2491 2867 ad
2520 2829 2615 2868 ora
2641 2814 2979 2868 devehuntur
3006 2811 3292 2881 Sequente.
3331 2809 3463 2863 Car-

1895 2914 2085 2975 pentes
2117 2920 2245 2961 vero
2269 2904 2509 2961 ﬂuminis
2537 2905 2774 2968 alveum,
2802 2903 3007 2974 pernici
3050 2901 3273 2971 remigio
3298 2898 3467 2970 appliv

1894 3006 2023 3053 cant
2068 2996 2507 3069 Rothomagum,
2560 3012 2760 3068 eosque
2805 2995 3113 3050 Richardus
3154 2993 3263 3048 dux
3311 2993 3466 3048 valde

220 3094 448 3149 recessit
494 3094 618 3149 inde
653 3086 1087 3168 unumquemque
1118 3101 1314 3169 jubens
1354 3104 1419 3157 ad
1458 3119 1553 3158 sua
1589 3105 1789 3163 redire,
1819 3102 1864 3164 ο
1895 3089 2113 3159 gavisus
2136 3090 2470 3159 competenti
2499 3090 2706 3145 honore
2735 3087 2989 3158 regaliter
3013 3086 3248 3155 excepit.

217 3182 333 3239 0.10
356 3199 488 3239 vero
510 3200 714 3250 comes,
752 3190 1062 3245 convocatis
1098 3190 1237 3245 clam
1274 3193 1341 3247 ad
1369 3194 1451 3248 sui
1478 3193 1791 3265 suffragium

216 3274 536 3337 comitibus.
572 3274 795 3345 Hugone
829 3279 1093 3347 siquidem
1126 3282 1517 3339 Cenomanensi
1560 3300 1625 3340 ac
1663 3284 1793 3341 Wa-

216 3362 444 3418 leranno
470 3364 835 3431 Mellendensi,
863 3385 985 3424 cum
1010 3385 1196 3426 eorum
1229 3374 1457 3427 militum
1482 3376 1654 3444 copiis
1680 3384 1790 3431 tota

219 3462 377 3507 nocte
396 3454 668 3522 equitans,
684 3456 919 3513 diluculo
942 3460 1009 3513 ad
1034 3459 1335 3529 Tegulense
1360 3473 1593 3518 castrum
1621 3466 1789 3530 venit,

215 3544 588 3609 praeeuntibus
635 3546 929 3617 signiferis.
976 3549 1122 3616 Quos
1151 3560 1209 3605 ut
1250 3553 1501 3609 viderunt
1542 3571 1792 3625 proceres

215 3634 566 3700 praetitulati,
616 3640 933 3695 custodibus
970 3642 1110 3695 intra
1143 3644 1494 3713 municipium
1524 3644 1789 3714 dimissis,

216 3727 501 3794 repentino
530 3729 733 3797 impetu
773 3729 918 3786 foras
942 3743 1287 3803 erumpentes
1316 3750 1439 3789 cum
1475 3737 1607 3803 suis,
1638 3753 1789 3793 com-

216 3817 484 3873 miserunt
533 3821 775 3887 prmlium
837 3838 959 3877 cum
1012 3824 1140 3879 illis.
1193 3825 1340 3882 Illico
1384 3836 1567 3897 partes
1616 3830 1789 3897 ducis,

218 3907 326 3961 Deo
359 3906 616 3976 iuvante,
656 3910 727 3963 ita
756 3926 849 3965 eos
875 3922 1290 3982 prostraverunt
1351 3926 1429 3985 ut,
1460 3919 1642 3975 multis
1668 3936 1791 3989 per-

216 3997 434 4066 emptis.
491 3998 740 4066 plurimis
771 4002 1086 4069 vulneratis,
1117 4020 1214 4074 per
1238 4008 1391 4061 devia
1422 4009 1611 4081 reliqui
1636 4009 1785 4080 fuge-

217 4094 359 4149 rent,
372 4092 431 4143 et
453 4087 747 4142 nutabundi
770 4105 937 4158 opaca
956 4092 1212 4148 silvarum
1233 4094 1449 4150 latibula
1464 4108 1788 4167 quaererent.

216 4176 331 4232 Odo
367 4190 502 4234 vero
539 4189 703 4249 atque
728 4181 1119 4249 Walerannus,
1152 4196 1455 4255 quaerentes
1478 4188 1791 4259 suffragium

215 4268 360 4338 vitm,
418 4271 775 4327 occuluerunt
823 4289 883 4328 se
918 4274 1199 4330 Dorcasini
1250 4278 1414 4331 castri
1470 4278 1787 4333 munitione.

220 4357 371 4427 llugo
412 4376 641 4431 nempe,
691 4378 831 4433 equo
874 4366 959 4419 cui
1014 4366 1288 4421 insederat
1342 4369 1610 4434 extincto,
1657 4371 1791 4439 pede

2522 3199 2749 3255 CAPUT
2789 3199 2900 3253 XII.

1897 3288 2052 3355 Quod
2082 3291 2336 3346 Robertus
2377 3306 2471 3344 rex
2508 3287 2839 3343 Francorum
2871 3290 3056 3341 timore
3097 3287 3465 3355 pret/lictorum

1964 3377 2141 3429 regum
2181 3360 2515 3417 concordiam
2557 3360 2683 3426 fecit
2737 3360 2872 3412 inter
2917 3354 3104 3412 ducem
3145 3354 3465 3411 Hic/tardum

1963 3440 2009 3481 et
2050 3429 2309 3483 Orionem.

1964 3538 2232 3594 Robertus
2257 3547 2437 3594 autem
2462 3539 2569 3593 dux
2592 3538 2944 3601 Francorum,
2976 3537 3199 3593 audiens
3224 3550 3464 3606 paganos

1896 3639 2042 3685 tanta
2084 3630 2357 3685 Britannis
2396 3631 2590 3693 probra
2619 3628 2886 3691 intulisse,
2913 3629 3212 3695 ducemque
3240 3626 3464 3680 Richar—

1893 3722 2019 3775 dum
2065 3721 2133 3775 ad
2174 3722 2558 3776 confutandam
2589 3720 2790 3776 Odonis
2827 3720 3040 3774 comitis
3068 3718 3462 3774 contumaciam

1893 3828 1989 3868 eos
2014 3818 2340 3877 accersisse,
2382 3828 2577 3867 verens
2611 3827 2678 3866 ne
2713 3812 2781 3865 ab
2809 3811 2893 3864 eis
2918 3810 3147 3864 Francia
3177 3808 3464 3863 demolire-

1895 3913 1999 3967 tur,
2053 3913 2300 3974 satrapas
2350 3904 2629 3973 regiminis
2677 3903 2757 3957 stti
2795 3901 3130 3966 convocavit,
3173 3901 3465 3969 ambosque

1894 3998 2168 4053 discordes
2186 3998 2252 4052 ad
2277 4013 2338 4052 se
2358 3998 2497 4068 apud
2511 3998 2735 4052 Coldras
2749 3997 3040 4052 convenire
3056 3996 3346 4049 mandavit.
3363 3996 3461 4051 Ubi

1892 4088 2018 4143 dum
2043 4102 2235 4143 causas
2264 4087 2659 4143 dissensionum
2688 4097 2917 4156 utraque
2945 4087 2997 4139 in
3029 4097 3182 4155 parte
3202 4086 3461 4147 audisset.

1893 4179 2084 4247 sopitis
2111 4193 2298 4234 eorum
2336 4178 2553 4237 animis.
2601 4178 2845 4245 protinus
2873 4176 2992 4229 illos
3023 4175 3318 4229 concordes
3345 4172 3466 4226 red-

1893 4271 2046 4334 didit,
2093 4284 2158 4323 eo
2178 4268 2393 4338 quidem
2420 4277 2605 4321 tenore
2637 4264 2826 4319 utOdo
2852 4264 3203 4317 Dorcasiniun
3224 4270 3461 4315 castrum

1895 4368 2118 4422 teneret,
2149 4366 2205 4412 et
2237 4358 2345 4409 dux
2394 4363 2714 4424 praereptam
2763 4362 2960 4407 terram
2998 4352 3289 4420 reciperet:
3327 4350 3465 4403 reci-

215 4447 427 4515 ῐιικξεοε
465 4451 533 4504 ad
562 4451 748 4507 cautas
772 4454 954 4508 ovium
984 4455 1224 4522 σίνεται,
1268 4466 1326 4512 ει
1373 4456 1593 4512 loricam
1629 4437 1789 4527 q'uam
1824 4438 1868 4496 Ι)
1896 4463 2058 4518 proce
2098 4444 2382 4516 Tegulensi
2427 4451 2612 4498 castro
2651 4442 2703 4496 in
2756 4450 2898 4497 statu
2936 4455 3035 4494 suo
3081 4437 3465 4508 perpetualiter

214 4538 433 4595 indutus
446 4552 585 4603 erat,
602 4543 701 4597 sub
724 4544 928 4600 telluris
945 4546 1096 4602 sulco
1116 4549 1268 4602 texit.
1287 4547 1488 4603 Deinde
1507 4550 1789 4619 chlamyde

210 4634 467 4703 opilionis
508 4652 566 4690 se
594 4637 877 4703 amiciens,
905 4648 1163 4709 septaque
1196 4654 1415 4711 gregum
1444 4640 1793 4711 infatigabili-

211 4733 292 4781 ter
325 4727 571 4780 humeris
597 4726 665 4780 de
696 4728 814 4782 loco
840 4730 907 4782 ad
937 4730 1113 4785 locum
1145 4730 1328 4785 ferens
1347 4769 1363 4796 ,
1390 4730 1790 4787 Northmannos

211 4815 537 4873 hortabatur
616 4828 674 4871 ut
718 4822 1043 4888 quantocius
1082 4832 1539 4891 persequerentur
1574 4824 1787 4889 hostes,

208 4920 315 4960 non
356 4906 522 4978 longe
566 4917 695 4962 ante
732 4908 854 4963 illos
888 4910 1116 4978 turpiter
1152 4913 1435 4967 abeuntes.
1477 4913 1583 4968 lllis
1609 4913 1789 4983 itaque

211 4996 615 5061 recedentibus,
663 5000 862 5068 prmio
912 5008 1127 5066 pastore
1162 5002 1420 5055 silvarum
1462 5003 1632 5058 lustra
1666 5019 1790 5058 car-

1892 4537 2244 4601 consistente,
2292 4534 2346 4588 in
2400 4534 2519 4603 ejus
2567 4533 2775 4588 scilicet
2821 4530 3199 4595 haeredumque
3241 4542 3460 4581 suorum

1890 4633 2178 4695 potestate.
2231 4623 2437 4689 Quibus
2467 4625 2571 4678 dux
2610 4625 2677 4677 ad
2724 4631 2906 4678 votum
2934 4618 3190 4690 peractis,
3216 4618 3281 4671 ad
3309 4632 3463 4686 reges

1893 4730 2019 4770 suos
2071 4714 2375 4783 regreditur
2407 4712 2580 4768 laetus.
2633 4712 2943 4766 Muneratos
2991 4714 3170 4760 autem
3209 4705 3463 4774 congruis

1891 4804 2047 4859 donis
2103 4802 2374 4873 regaliter,
2426 4803 2493 4857 ad
2542 4800 2755 4871 prppria
2804 4806 3029 4851 ovanter
3061 4795 3237 4848 redire
3267 4795 3466 4863 permi-

1890 4896 1989 4959 sit,
2042 4894 2365 4963 qnandoque
2409 4893 2476 4945 ad
2521 4891 2636 4959 ejus
2675 4890 2928 4958 jnvamen
2979 4891 3197 4957 paratos
3248 4884 3466 4942 reverti.

1856 4982 2004 5039 ’Rex
2050 4991 2233 5037 autem
2260 4981 2467 5049 ,Slavus
2508 4994 2666 5049 super
2694 4976 3003 5031 Christiana
3038 4972 3300 5039 religione
3322 4973 3472 5029 oble-
