4040 5298
201 324 311 382 853

730 320 1076 380 HISTORIA}
1119 321 1758 381 NORTHMANNORUN
1821 323 2000 378 LIBRI
2040 324 2242 380 OCTO.
2276 356 2345 366 —-
2399 326 2920 388 LIBER‘SEXTUS.

3354 337 3464 395 εει

201 440 302 509 git.
335 436 527 493 incola:
574 449 703 493 vero
749 436 852 494 loci
884 445 999 493 tuto
1031 436 1259 493 fidentes
1302 438 1622 503 munimine,
1659 437 1781 494 telis
1808 444 1855 503 Α
1884 438 2160 508 piissimus
2174 447 2228 499 et
2252 454 2547 517 pauperum
2570 452 2907 501 snstentator
2929 445 3252 504 indefessus.
3284 448 3379 506 His
3408 463 3464 506 ct

200 545 269 584 ac
294 528 508 599 sagittis
536 528 724 584 hostes
751 536 1037 598 ceperunt
1067 526 1353 583 confestim
1392 528 1459 581 ad
1488 528 1570 582 sui
1597 528 1780 598 perni-

199 623 343 674 ciem
371 633 691 689 provocare.
729 617 1087 673 Northmanni
1122 617 1421 673 suavissimo
1448 617 1631 673 furore
1652 633 1782 675 con-

197 712 379 775 citati,
404 718 642 765 castrum
668 726 790 765 cum
818 726 1013 781 magno
1039 711 1237 780 impetu
1268 724 1365 778 per
1393 724 1581 780 gyrum
1608 725 1779 779 oppu-

195 811 395 873 gnant,
449 809 667 871 repente
701 802 944 872 capiunt,
974 810 1029 856 et
1057 817 1179 855 cum
1220 800 1352 855 viris
1378 816 1442 855 ac
1468 800 1783 857 mulieribus

196 903 366 962 atque
403 892 644 961 parvulis
674 892 796 961 igne
832 902 973 946 terra
1005 903 1159 945 tenus
1188 890 1533 945 comburunt.
1556 890 1685 945 lude
1713 891 1781 947 ad

195 982 618 1039 Cabilonensem
651 984 839 1038 urbem
878 985 983 1038 iter
1019 984 1278 1050 dirigunt,
1304 981 1526 1051 ejusque
1548 984 1779 1051 patriam

197 1074 329 1144 igne
378 1083 730 1130 consumunt.
786 1074 1149 1130 Cousiderans
1195 1072 1358 1144 igitur
1408 1072 1561 1144 Hugo
1585 1082 1780 1130 contra

198 1173 417 1224 tantum
473 1166 745 1219 exercitus
808 1166 973 1220 robur
1008 1180 1065 1219 se
1112 1163 1259 1219 nullo
1282 1172 1444 1232 pacto
1469 1179 1623 1234 posse
1648 1164 1783 1219 resi-

182 1264 371 1319 ‘stere,
404 1250 927 1324 equestrcin‘seilam
964 1254 1150 1308 ferens
1175 1253 1435 1317 humeris,
1468 1252 1781 1322 provolutus

196 1344 430 1414 genibus
452 1344 707 1400 Richardi
731 1345 1111 1409 adolescentis,
1136 1359 1299 1413 prece
1325 1344 1550 1414 supplici
1570 1344 1779 1398 veniam

195 1444 457 1505 precatur
498 1436 799 1492 commissae
812 1435 1162 1491 temeritatis.
1188 1435 1302 1502 Qua
1335 1435 1537 1488 indulta
1566 1434 1781 1488 Rainal-

194 1526 327 1578 dum
352 1525 611 1593 reddidit,
640 1534 714 1593 et,
740 1527 1110 1582 obsidionibus
1130 1527 1287 1589 datis,
1313 1526 1452 1595 apud
1480 1527 1777 1580 liothoma~

179 1630 325 1684 :gum
352 1632 421 1672 ex
445 1619 549 1673 hoc
574 1634 633 1673 se
658 1619 775 1673 fore
802 1618 1208 1673 satisfacturum
1271 1618 1626 1688 jurejurando
1653 1619 1775 1674 duci

192 1710 476 1766 Ricbardo
501 1712 808 1782 spopondit.
860 1711 1069 1778 Quibus
1086 1711 1156 1765 ad
1186 1720 1367 1766 votum
1403 1712 1659 1781 peractis,
1686 1712 1778 1767 Ri-

182 1801 437 1855 cbardus
456 1802 676 1872 juvenis
708 1802 776 1857 ad
809 1811 1017 1872 patrem
1043 1804 1210 1858 rediit
1239 1818 1363 1859 cum
1387 1804 1526 1859 suis.

772 1915 1002 1972 CAPUT
1043 1915 1200 1970 XVII.

178 2001 353 2067 Quod
377 2004 491 2057 dua:
520 2003 815 2058 Riclmrdus
854 2009 922 2060 ad
951 2018 1181 2061 extrema
1212 2008 1414 2061 veniens
1455 2006 1773 2062 Hic/tardum

433 2075 602 2141 [ilium
634 2078 889 2129 seniorem
912 2077 1144 2145 putfacit
1174 2094 1269 2130 suo
1294 2078 1532 2133 ducatut'.

267 2181 573 2238 Richardus
638 2186 779 2250 dux,
851 2188 1101 2255 quamvis
1146 2189 1771 2257 prmcellentissimOrum

186 2282 415 2325 actuum
442 2276 817 2343 praerogativis
847 2276 1002 2347 longe
1032 2278 1244 2347 lateque
1264 2279 1536 2334 claruerat
1559 2280 1770 2348 perspi—

179 2369 347 2423 cuus,
381 2371 563 2418 tamen
586 2364 789 2419 Christi
844 2368 1020 2422 cultor
1048 2369 1227 2422 extitit
1266 2369 1530 2429 assiduus,
1557 2369 1694 2421 adeo
1716 2377 1774 2421 ut

176 2452 584 2509 mtiachorum
637 2466 801 2527 atque
851 2457 1175 2514 clericorum
1217 2458 1341 2527 jure
1370 2470 1591 2513 vocetur
1618 2465 1773 2527 pater

1886 528 2191 598 hujnsmudi
2241 531 2569 599 probitatum
2615 533 2804 603 vigens
2850 535 3044 603 titulis,
3100 538 3265 609 coepit
3292 540 3458 595 vehe-

1884 628 2096 673 menter
2136 621 2417 689 aggravari
2469 622 2793 692 aegritudine
2843 627 3108 697 corporis.
3162 628 3459 685 Robertum

1883 725 2011 780 ergo
2056 712 2525 783 archiepiscopum
2576 723 2632 768 et
2673 726 2900 772 cunctos
2964 717 3459 777 Northmannorum

1884 803 2156 873 principes
2201 806 2342 874 apud
2373 805 2700 862 Fiscannum
2730 819 3010 876 convocat,
3057 812 3248 883 eisque
3269 829 3328 867 se
3345 813 3457 883 jam

1881 892 2104 947 omnino
2150 893 2343 947 resolvi
2396 894 2622 949 indicat.
2679 896 2824 951 Illico
2849 914 2947 967 per
2986 909 3180 955 cuncta
3228 902 3457 957 triclinia

1887 984 2084 1038 domus
2135 983 2194 1037 fit
2248 986 2501 1042 omnibus
2557 987 2917 1045 intolerabilis
2979 990 3176 1048 luctus.
3204 993 3457 1064 Lugunre

1882 1076 2082 1143 quippe
2118 1075 2557 1133 lamentabantur
2582 1082 2831 1136 monachi
2865 1094 2920 1136 et
2944 1082 3152 1149 clerici,
3178 1101 3277 1153 pro
3307 1096 3459 1143 tanta

1881 1168 2116 1222 orbitate
2146 1166 2321 1235 patris
2344 1168 2672 1225 charissimi.
2698 1171 2932 1233 Heroum
2959 1190 3053 1228 ora
3079 1175 3359 1231 undabant
3381 1175 3460 1230 la-

1876 1260 2084 1329 crymis
2125 1274 2223 1328 pro
2251 1260 2543 1316 amissione
2592 1261 2936 1318 invictissimi
2966 1264 3144 1323 ducis.
3178 1264 3460 1336 Lugebant

1881 1364 2096 1419 quoque
2121 1358 2355 1406 caterva:
2404 1366 2699 1421 egenorum
2728 1369 2828 1423 per
2858 1355 3097 1425 compita
3126 1357 3331 1426 oppidi,
3361 1374 3459 1427 pro

1881 1441 2235 1497 destitutione
2264 1441 2349 1515 sui
2389 1443 2751 1499 consolatoris
2787 1454 2842 1499 et
2878 1447 3113 1515 patroni.
3151 1446 3457 1504 Novissime

1880 1542 2060 1587 autem
2115 1533 2344 1588 ascitum
2384 1533 2717 1591 Richardum
2774 1536 2942 1591 filium
2997 1552 3154 1592 suum
3208 1539 3455 1594 consultu

1878 1626 2181 1693 sapientum
2197 1624 2439 1692 praefecit
2455 1642 2555 1680 suo
2575 1628 2816 1693 ducatui,
2845 1639 2899 1682 et
2916 1629 3213 1686 Robertum
3230 1630 3454 1686 fratrem

1880 1717 1996 1786 ejus
2044 1716 2324 1770 comitatui
2385 1715 2689 1781 Oximensi,
2739 1729 2799 1774 ut
2848 1720 2973 1775 inde
3012 1720 3085 1774 illi
3128 1721 3457 1789 persolveret

1807 1782 1850 1841 Β
1879 1782 2117 1861 debitum
2168 1806 2433 1877 obsequii.
2476 1808 2722 1876 Denique
2757 1808 3008 1863 omnibus
3073 1782 3193 1878 qua:
3247 1809 3313 1864 ad
3362 1808 3453 1862 Dei

1878 1896 2085 1951 cultum
2130 1898 2407 1966 pertinere
2458 1898 2817 1963 videbantur,
2881 1907 3105 1954 strenue
3154 1897 3453 1967 dispositis,

1879 1990 2169 2043 millesimo
2227 1990 2487 2043 vicesimo
2543 1999 2696 2043 sexto
2762 2005 2903 2044 anno
2967 1992 3035 2043 ab
3087 1988 3458 2043 incarnatione

1893 2081 2103 2135 Domini
2153 2080 2426 2136 hominem
2454 2081 2644 2144 exivit,
2680 2086 2817 2136 viam
2847 2082 3153 2152 ingrediens
3188 2082 3458 2135 universa!

1876 2171 2080 2237 carnis,
2128 2181 2388 2243 regnante
2446 2176 2635 2228 eodem
2685 2172 2813 2227 Jesu
2869 2172 3090 2227 Christo
3146 2172 3199 2226 in
3245 2173 3455 2226 Dcitalc

1872 2274 2112 2335 paternae
2132 2262 2430 2331 Majestatis
2459 2273 2515 2317 et
2540 2264 2594 2318 in
2634 2265 2843 2318 unitate
2878 2263 3115 2332 Spiritus
3135 2263 3333 2327 sancti,
3356 2275 3453 2330 per

1872 2356 2055 2411 omnia
2078 2356 2275 2411 saecula
2300 2355 2645 2419 smcnlorum,
2675 2355 2869 2410 Amen.

228 2628 3427 2660 -_.________________________________._____._______

754 2771 1477 2885 HISTORUE
1580 2770 2896 2887 NORTHMANNORUM

1300 2982 1654 3069 LIBER
1714 2980 2209 3069 SEXTUS.

748 3157 826 3215 lle
852 3158 1002 3215 tertio
1024 3155 1292 3211 Ricltardo
1318 3164 1366 3208 et
1393 3152 1619 3207 Roberto
1643 3150 1808 3220 fratre
1829 3148 1967 3217 ejus,
1992 3146 2121 3218 [iliis
2160 3149 2393 3205 uidelicet
2434 3154 2648 3208 secundi
2675 3153 2944 3213 Richardi.

706 3422 934 3481 CAPUT
971 3416 1260 3476 PRIMUM.

177 3521 337 3589 Quod
378 3516 686 3589 Richardus
743 3515 946 3589 tertius,
998 3512 1113 3565 licet
1151 3508 1416 3589 paulisper
1444 3506 1497 3586 in
1520 3504 1769 3589 regimine

255 3576 482 3645 ducatus
535 3587 719 3657 fuerit,
770 3576 1050 3637 bonitatem
1098 3576 1271 3633 tamen
1318 3576 1481 3646 patris
1531 3576 1809 3640 imitatus/

255 3671 345 3714 cst.

258 3752 535 3804 llactenus
560 3742 885 3799 clarissimis
909 3738 1329 3811 praecedentium
1362 3733 1767 3788 Northntanno-

180 3854 305 3895 rum
336 3839 537 3892 ducum
589 3834 757 3905 gestis
785 3833 1059 3887 inelimato
1104 3829 1225 3899 styli
1278 3829 1453 3882 nitore
1488 3826 1539 3879 in
1574 3839 1767 3893 propa-

183 3931 357 3983 tulum
397 3929 694 3999 expressis,
723 3940 1063 3995 consequens
1102 3923 1316 3976 videtur
1373 3920 1548 3988 utqui
1578 3917 1766 3972 ﬂorue-

185 4006 316 4076 runt
340 4031 500 4076 atate
527 4020 697 4076 nostri
727 4017 1008 4088 temporis,
1038 4018 1089 4069 in
1110 4016 1270 4085 hujus
1294 4013 1472 4069 stadio
1497 4010 1762 4084 gymnasii

178 4123 549 4182 Opportunum
572 4111 851 4163 obtineant
878 4109 1052 4161 locum
1068 4104 1337 4160 stationis.
1355 4103 1593 4171 Quorum
1610 4110 1765 4157 actus

181 4202 385 4269 partim
417 4202 637 4265 intuitu,
670 4200 862 4269 partim
891 4195 1162 4250 veracium
1183 4194 1545 4262 comperimus
1566 4191 1761 4257 relatu,

179 4308 326 4362 quos
355 4292 712 4362 plurimorum
740 4290 967 4351 notitite,
991 4296 1149 4355 prout
1183 4287 1422 4341 tenuitas
1452 4284 1764 4363 dictaminis

181 4383 635 4452 suppeditavcrit,
696 4381 980 4450 propalare
1041 4378 1401 4433 decrevimus.
1447 4374 1616 4446 Igitur
1670 4373 1765 4427 lii-

180 4469 660 4538 chardusjuvenis
689 4470 741 4522 in
772 4470 967 4523 ducatu
1022 4474 1297 4536 superstes
1323 4463 1603 4532 genitoris,
1636 4463 1759 4517 licet

179 4561 460 4629 paulisper
510 4560 895 4628 supervixerit,
926 4559 1068 4613 sicut
1114 4557 1166 4610 in
1202 4554 1464 4610 vocabulo
1502 4555 1757 4617 nominis,

182 4654 257 4705 ita
288 4653 466 4707 haeres
493 4651 703 4705 exstitit
738 4664 966 4704 censura
1007 4663 1232 4704 summa:
1267 4647 1633 4716 ingenuitatis.
1660 4647 1759 4701 llic

182 4746 235 4798 in
270 4744 441 4798 armis
464 4743 672 4798 bellicis
696 4743 846 4798 valde
867 4743 1117 4807 idoneus,
1142 4749 1288 4796 totus
1319 4749 1498 4794 tamen
1529 4740 1631 4794 fide
1659 4739 1760 4793 fuit
1793 4731 1840 4788 ἰ)

182 4834 491 4888 catholicus
534 4843 589 4889 et
640 4833 783 4888 circa
828 4834 923 4889 Dei
955 4834 1191 4890 cultores
1226 4832 1492 4903 benignus
1513 4848 1577 4887 ac
1609 4847 1760 4885 man-

180 4934 393 4984 suetus,
416 4940 571 4993 aequo
610 4925 895 4980 libramine
916 4926 1177 4981 militares
1208 4935 1415 4981 turmas
1445 4927 1758 4991 moderans,

180 5028 318 5083 pace
342 5015 583 5089 gaudens
606 5017 708 5072 frui
739 5016 1018 5073 continua.

795 5125 1025 5184 CAPUT
1083 5128 1147 5183 Il.

738 5222 907 5250 ἔσει-ιη.
940 5228 985 5250 ss!
1018 5218 1293 5250 ΩΑΙιΑ-Ιοιυη
1333 5222 1545 5250 funi“-..-
1578 5239 1726 5250 -..-....

186 5213 260 5250 nn
289 5216 554 5250 dianus-tru-
584 5220 715 5250 ἔνθα..

1794 3397 1840 3456 C
1872 3412 2133 3465 adversus
2174 3425 2297 3465 eum
2352 3412 2632 3468 concitans
2679 3415 2746 3468 ad
2792 3416 3185 3474 rebellandum.
3224 3422 3273 3477 ls
3299 3425 3445 3480 enim

1872 3508 1997 3568 post
2045 3498 2348 3564 biennium,
2403 3510 2714 3571 contempto
2758 3505 2875 3573 cjns
2897 3505 3157 3573 dominio,
3185 3512 3318 3564 intra
3346 3514 3448 3567 Fa-

1869 3588 2013 3643 lesiae
2059 3578 2302 3644 castrum
2361 3606 2484 3646 cum
2539 3594 2652 3649 suis
2693 3595 3019 3652 satellitibus
3050 3615 3109 3654 se
3130 3603 3447 3662 contulitad

1870 3680 2252 3735 resistendum.
2300 3682 2602 3738 liichardus
2652 3696 2833 3740 autem
2862 3687 2968 3741 dux
3002 3689 3233 3747 furentis
3260 3694 3447 3752 fratris

1870 3771 2190 3825 temerarios
2216 3782 2443 3826 conatus
2473 3772 2666 3849 festiue
2692 3775 2920 3844 cupiens
2952 3778 3247 3848 refrenare,
3272 3799 3336 3837 ac
3373 3787 3440 3840 ad

1866 3864 2353 3935 obtemperantium
2407 3868 2602 3922 debita:
2646 3868 2969 3938 subjectioni
3022 3892 3298 3945 revocare,
3321 3897 3444 3936 cum

1867 3958 2104 4012 hostium
2155 3959 2500 4015 multitudine
2550 3961 2691 4018 infra
2739 3967 2902 4019 castri
2946 3968 3205 4024 ambitum
3230 3973 3447 4027 vallavit

1865 4061 1988 4100 cum
2017 4046 2322 4101 obsidione.
2346 4045 2499 4114 Quod
2522 4065 2645 4104 cum
2672 4051 2886 4107 crebris
2920 4055 3114 4111 ictibus
3135 4059 3367 4113 arietum
3389 4070 3445 4114 et

1867 4137 2189 4191 balistarum
2209 4139 2519 4208 aliquandiu
2546 4155 2902 4212 expugnaret,
2937 4149 3148 4202 tandem
3168 4166 3197 4201 a
3214 4153 3440 4216 perlitlia

1866 4228 2228 4297 resipiscente
2283 4229 2553 4296 Roberto,
2610 4234 2750 4287 datis
2794 4235 3000 4291 dextris
3046 4238 3097 4290 in
3152 4238 3438 4306 pristinam

1864 4319 2213 4372 concordiam
2260 4319 2560 4383 redierunt,
2585 4328 2641 4373 et
2692 4319 2921 4375 firmiter
2961 4337 3095 4392 pace
3141 4327 3439 4395 composita

1863 4409 1931 4462 ab
1960 4408 2191 4465 invicem
2241 4419 2603 4463 secesserunt.
2637 4410 2806 4467 Porro
2850 4414 2958 4467 dux
2996 4414 3302 4472 Richardus
3352 4420 3439 4471 di-

1864 4498 2028 4553 misso
2049 4497 2294 4573 exercitu
2318 4497 2711 4569 Rothomagum
2766 4502 2948 4568 rediit,
2980 4512 3036 4557 et
3066 4519 3186 4559 cum
3214 4521 3436 4563 suorum

1862 4586 2152 4651 nonnullis,
2209 4596 2270 4640 ut
2322 4587 2541 4657 plurimi
2597 4590 2919 4654 retulerunt,
2965 4607 3174 4648 veneno
3202 4605 3436 4653 mortem

1865 4679 2020 4733 obiit.
2074 4678 2187 4734 Hoc
2230 4679 2521 4735 millesimo
2568 4681 2828 4738 vicesimo
2854 4694 3048 4739 octavo
3093 4686 3161 4740 ab
3188 4686 3439 4744 incarna-

1865 4768 2013 4824 tione
2040 4769 2254 4824 Domini
2276 4785 2418 4825 anno
2438 4771 2685 4842 contigit.
2708 4773 2976 4832 Parvulus
2996 4774 3272 4833 Richardo
3296 4778 3441 4836 filius

1862 4855 2117 4914 Nicolaus
2165 4859 2366 4924 extitit,
2406 4861 2497 4930 qui
2544 4871 2775 4920 terrente
2820 4864 3157 4923 hereditatis
3181 4876 3350 4932 sortc,
3384 4880 3445 4926 ut

1862 4948 1977 5018 ipse
1998 4951 2141 5005 Deus
2165 4949 2252 5003 hic
2278 4959 2331 5003 et
2355 4950 2407 5004 in
2435 4967 2606 5006 sevum
2633 4970 2730 5010 sua
2746 4969 2874 5025 pars
2896 4964 3066 5023 esset,
3088 4959 3282 5012 caruit.
3307 4958 3444 5015 Nam

1864 5040 1932 5092 ab
1977 5040 2204 5096 infantia
2254 5037 2449 5096 litteris
2501 5045 2733 5101 traditus
2782 5054 2837 5099 et
2887 5046 2943 5105 in
2994 5047 3245 5103 cmuobio
3272 5050 3445 5104 sancti

1863 5131 2107 5187 Audoeni
2141 5130 2193 5183 in
2215 5130 2476 5189 snburhio
2506 5131 2935 5206 Rothomagensi
2969 5137 3231 5202 nutritus,
3258 5153 3447 5193 mona-

1867 5223 2003 5250 AI.:.~
2066 5223 2248 5250 :nnnulm
2292 5223 2589 5250 ’.ζιιοξκιιξσυιρ
2639 5244 2667 5250 -_
2686 5247 2699 5249 μ
2718 5239 2759 5250 Α.
2775 5230 2875 5250 --.9.
2963 5234 3006 5250 ἢ
3022 5228 3225 5250 -f.-_---
3274 5238 3358 5250 ---ι
3380 5247 3405 5249 ,ν
3432 5248 3439 5249 κ

2066 5223 2248 5250 :nmnllm
2292 5222 2589 5250 A:n-.:n-:Ma
