4040 5298
579 325 686 380 855

1398 316 1742 374 WILLELMI
1778 314 2072 375 CALCULI
2104 311 2657 369 CEMMETICENSIS
2712 311 3016 368 MONACHI

3718 314 3825 372 856

574 452 834 510 Willelmi
875 447 1325 525 Ruthomagensis
1373 444 1782 515 archiepiscopi.
1823 440 1976 498 Nunc
2016 455 2147 497 vero
2180 443 2224 502 Α
2251 440 2386 495 dens
2431 449 2488 495 ut
2543 442 2717 496 amico
2765 442 3258 512 congratulabatur,
3296 446 3415 500 sine
3454 461 3617 502 causa
3644 452 3826 518 capite

575 546 644 600 ad
677 544 1010 614 propositum
1042 549 1397 596 revertamur.

1184 650 1411 709 CAPUT
1447 649 1534 704 lll.

573 747 729 815 Quod
760 747 1013 802 Roberrus
1051 745 1207 814 fratri
1230 760 1337 815 suo
1380 737 1643 815 Riclturdo
1680 738 2044 815 successitket‘
2083 735 2148 790 de

649 818 879 871 moribus
899 817 1033 885 ejus,
1051 806 1112 869 ἐι
1139 814 1202 867 de
1226 811 1491 867 discordia
1515 812 1655 864 inter
1675 809 1845 877 ipsum
1872 818 1918 861 et
1944 806 2145 861 Robor-

642 898 752 940 tum
774 886 1244 955 archiepiscopum.

646 1000 1017 1055 Descendente
1039 999 1203 1067 igitur
1223 986 1357 1051 duce
1373 992 1649 1049 lticltardo
1672 1007 1702 1045 a
1727 990 1985 1046 mundani
2000 989 2150 1061 prius

573 1090 784 1159 cipatus
813 1088 1077 1150 culmine,
1119 1094 1175 1139 et
1218 1100 1405 1154 regna,
1467 1091 1527 1137 ut
1580 1081 1873 1146 credimus,
1926 1080 2147 1135 uranica

574 1178 891 1241 scandente,
940 1174 1212 1228 Rohertus
1266 1172 1433 1226 frater
1473 1168 1589 1238 ejus
1621 1169 1783 1224 totius
1812 1168 2146 1224 mouarchim

572 1264 865 1319 comitatus
911 1263 979 1318 ab
1028 1263 1279 1317 omnibus
1333 1262 1678 1330 subrogatur.
1740 1259 1843 1325 Qui
1903 1258 2151 1328 quamvis

573 1358 721 1413 circa
766 1355 996 1410 rebelles
1043 1354 1207 1409 fuerit
1254 1353 1487 1408 ferocior
1533 1350 1812 1417 moribus,
1876 1348 2149 1405 benevolis

575 1458 755 1502 tamen
778 1447 987 1503 exstitit
1015 1447 1153 1501 lenis
1174 1454 1228 1500 et
1261 1445 1547 1514 benignus,
1578 1452 1633 1497 et
1671 1457 1801 1512 erga
1833 1441 1927 1496 Dei
1948 1440 2148 1496 cultum

573 1540 698 1609 pius
729 1554 796 1592 ac
834 1537 1080 1592 devotus.
1108 1536 1469 1603 Quamobrem
1494 1533 1714 1588 diutinae
1740 1532 1894 1603 pacis
1914 1531 2150 1586 oblecta-

578 1640 763 1685 mento
783 1626 1210 1697 sempermeruit
1234 1624 1361 1688 frui,
1391 1631 1584 1694 praeter
1614 1623 1667 1678 id
1696 1621 1838 1692 quod
1857 1635 2149 1691 pravorum

578 1719 827 1776 consultu
880 1726 1073 1787 sponte
1125 1715 1226 1771 sibi
1278 1713 1494 1785 delegit.
1547 1709 1699 1767 Unde
1746 1711 1802 1765 in
1845 1708 2152 1779 primordiis

579 1821 802 1863 suorum
832 1814 1049 1860 actuum
1079 1811 1386 1874 suspectum
1419 1802 1622 1856 habens
1652 1801 1950 1855 Rohertum
1972 1799 2152 1853 archi-

579 1896 889 1969 praasulem,
910 1895 1090 1949 hostili
1113 1894 1394 1949 obsidione
1409 1891 1691 1946 Ebroicam
1704 1890 1987 1960 gyravitur
2008 1888 2151 1944 hem.

580 1989 711 2058 Ejus
748 1988 915 2057 igitur
934 1983 1130 2042 ell'eros
1167 1985 1397 2053 impetus
1425 1978 1772 2051 archiprzesul
1797 1979 2019 2050 cupiens
2052 1983 2154 2033 do-

581 2080 805 2142 clinare,
854 2077 998 2131 intra
1034 2074 1185 2130 urbis
1229 2073 1428 2128 mmnia
1467 2087 1589 2126 cum
1631 2070 1848 2125 militari
1878 2085 2035 2123 manu
2059 2069 2157 2125 ob-

582 2169 781 2225 struxit
807 2182 886 2222 se.
914 2166 1218 2221 Novissime
1237 2178 1368 2219 vero
1402 2163 1542 2217 datis
1584 2161 1791 2217 dextris
1814 2161 1893 2217 ab.
1918 2176 1982 2215 ea
2005 2174 2154 2215 sece-

581 2259 768 2325 dendi,
819 2259 1117 2314 Robertum
1171 2272 1351 2327 regem
1384 2255 1719 2311 Francorum
1749 2268 1873 2308 cum
1896 2254 2008 2308 suis
2032 2252 2155 2306 exul

580 2350 736 2423 adiit,
762 2358 815 2403 et
865 2346 1316 2403 Northmanuiam
1347 2342 1637 2412 pontiﬁcali
1661 2341 2002 2397 anathemate
2028 2356 2152 2411 per-

579 2443 770 2499 cussit.
785 2440 1053 2496 Robertus
1065 2453 1194 2509 ergo
1214 2438 1344 2500 dux,
1359 2446 1764 2507 recompensata
1789 2436 2153 2506 improborum

580 2534 802 2598 astutia,
831 2542 885 2588 et
912 2531 1253 2602 perpendens
1294 2544 1353 2584 se
1390 2527 1691 2583 inconsulte
1744 2528 1921 2595 egisse
1951 2525 2150 2587 omnia,

581 2625 1049 2693 archiepiscopum
1081 2638 1110 2677 a
1137 2621 1363 2676 Francia
1393 2622 1670 2673 revocavit
1698 2629 1754 2673 et
1789 2621 1842 2673 in
1869 2619 2154 2688 pristinum

580 2716 1132 2772 honoremrestituit.
1156 2713 1347 2767 Postea
1396 2711 1521 2765 mali
1551 2712 1816 2781 paenitens
1841 2712 1989 2775 facti,
2017 2712 2154 2776 suis,

583 2816 644 2863 ut
674 2814 886 2861 tantum
908 2806 1085 2859 virum
1134 2802 1381 2865 decebat,
1422 2800 1614 2856 ascivit
1650 2800 1919 2865 consiliis,
1945 2801 2001 2856 in
2033 2800 2155 2855 reli-

585 2909 753 2963 quum
788 2894 865 2949 illi
896 2894 1193 2963 persistens
1225 2890 1417 2945 fidelis.

1195 3002 1420 3059 CAPUT
1458 3002 1547 3057 IV.

589 3094 745 3187 9"}?!
757 3095 949 3187 ,ξείὟὶ
960 3095 1108 3187 1‘3"”.
1123 3092 1770 3187 .(²Ε¹ΞΞΨ¹ἱ-ῨῨίῗῖίῗ¹”ἱ²ἔηῖ
1781 3094 2153 3187 λάξμῖἷξῖηυῖω
2185 3125 2228 3187 C

655 3165 853 3286 obsedit
900 3165 1039 3219 intra
1070 3163 1332 3218 Alenlium
1370 3173 1623 3229 castrum,
1651 3173 1700 3218 et
1738 3165 1808 3217 ad
1840 3165 2155 3220 deditionem

655 3247 843 3286 coeat.

655 3247 843 3303 coegit.

657 3330 982 3398 Eliminatis.
1008 3342 1242 3413 denique
1273 3358 1302 3396 a
1348 3357 1407 3398 se
1438 3342 1602 3397 totius
1649 3341 1759 3397 litis
1791 3343 2156 3399 incentoribus

585 3447 641 3493 ct
665 3437 904 3493 subat-tis
924 3437 1040 3507 paci
1072 3436 1267 3491 animis
1305 3435 1641 3498 liberalibus.
1664 3438 1967 3505 sapientum
1992 3438 2158 3507 cmpit

586 3527 906 3582 tractatibus
935 3527 1012 3581 uti
1038 3534 1092 3581 et
1131 3526 1317 3581 solerti
1357 3526 1618 3580 industria
1647 3527 1711 3579 ad
1760 3528 1957 3583 summi
1993 3529 2162 3583 hono-

586 3617 663 3671 ris
709 3616 1044 3671 incrementa
1090 3614 1479 3685 pollentisslme
1516 3615 1759 3685 provehi.
1797 3613 1918 3670 iam
1957 3616 2159 3685 probos

584 3705 702 3772 ejus
734 3721 911 3759 mores
934 3712 987 3759 et
1009 3704 1271 3775 paciﬁcos
1305 3712 1460 3757 actus
1500 3702 1714 3757 laudum
1760 3702 2035 3759 favoribus
2063 3704 2158 3757 bs-

587 3811 778 3850 norum
806 3796 1021 3864 plurimi
1049 3802 1329 3863 cmperunt
1375 3792 1592 3857 efferre,
1633 3792 2000 3862 improborum
2029 3809 2160 3849 vero

588 3883 830 3937 nonnulli
889 3884 1112 3951 ignavite
1144 3881 1438 3935 ascribere.
1500 3880 1576 3934 Ex
1614 3895 1844 3949 quorum
1872 3883 2159 3936 contuber-

588 3973 679 4025 nio
704 3970 1011 4024 Willclinus
1060 3968 1422 4031 Belismensis,
1463 3966 1666 4022 Yvonis
1711 3968 1876 4032 illius,
1904 3972 2157 4024 animosi-

589 4072 756 4117 tatem
784 4060 899 4129 ejus
924 4061 1126 4114 audens
1141 4068 1426 4124 attentare,
1457 4073 1524 4112 ex
1554 4068 1735 4114 castro
1754 4059 1994 4125 Alentio,
2017 4062 2158 4130 quod

588 4148 837 4205 beneficii
870 4147 1086 4203 tenebat
1107 4146 1251 4215 jure,
1277 4162 1304 4199 a
1339 4145 1648 4200 set-viminis
1668 4143 1800 4216 jugo
1820 4147 2151 4216 pertinacem

587 4239 853 4294 cervicem
884 4247 1088 4292 temere
1113 4244 1322 4305 sunmta
1363 4235 1656 4289 rebellione
1692 4234 1843 4291 nisus
1870 4244 1957 4290 est
1980 4246 2159 4291 extor-

584 4343 780 4398 quere.
809 4328 890 4382 Ad
914 4326 1066 4395 cujus
1087 4334 1326 4381 atrocem
1357 4324 1696 4380 insolentiam
1723 4339 1952 4395 propere
1975 4336 2161 4381 conte-

587 4418 813 4471 rendam
872 4414 1166 4469 adveniens
1215 4414 1321 4468 dux
1368 4430 1490 4467 cum
1550 4412 1876 4468 militaribus
1932 4415 2152 4475 turmis,
2190 4448 2236 4504 υ
2329 4412 2469 4476 ἱηαιο
2518 4416 2633 4483 ,αα
2663 4423 2763 4475 ηξεί

583 4508 775 4560 tandiu
815 4522 938 4560 eum
978 4506 1118 4559 intra
1163 4505 1514 4557 munitionem
1542 4513 1701 4558 tanta:
1724 4505 2158 4573 prresumptionis

582 4597 907 4663 adjutricem
938 4594 1224 4656 conclusit,
1280 4594 1452 4648 donec
1488 4592 1603 4661 ejus
1628 4595 1970 4649 clementiam
1999 4610 2164 4665 espe-

585 4694 723 4739 teret
765 4696 818 4740 et
842 4686 999 4741 nudis
1024 4686 1263 4756 vestigiis
1291 4695 1598 4753 equestrem
1639 4686 1825 4740 sellam
1852 4685 1919 4740 ad
1945 4687 2161 4741 satisfae

580 4774 839 4829 cientium
869 4777 1112 4830 humeris
1165 4777 1347 4828 ferret.
1381 4775 1491 4828 bus
1536 4782 1713 4828 autem
1762 4776 1831 4839 ei,
1859 4775 1983 4830 licet
2012 4774 2156 4839 ﬁcte,

581 4863 943 4918 satisfacienti
972 4879 1073 4917 non
1106 4865 1262 4916 modo
1291 4872 1485 4916 cuncta
1515 4862 1753 4927 indulsit,
1782 4877 1967 4918 verum
1995 4864 2158 4917 etiam

585 4953 802 5011 reddito
828 4953 877 5005 ei
911 4953 1106 5021 oppido
1130 4952 1356 5007 festinus
1385 4971 1412 5003 ει
1439 4958 1556 5006 loco
1578 4953 1822 5006 secessit.
1852 4952 2160 5007 Willelmus

2248 531 2540 585 crudeliter
2562 531 2891 599 privaverat,
2926 547 3049 587 mox
3081 549 3111 586 a
3141 535 3407 589 daemonio
3442 547 3695 606 arreptus
3715 548 3821 603 est,

2247 629 2302 677 et
2347 621 2656 675 videntibus
2707 622 2870 677 sociis
2917 623 3008 692 qui
3035 623 3260 679 aderant
3321 628 3691 697 strangulatus
3717 636 3823 684 est;

2249 712 2445 770 lterum
2467 711 2771 768 Willelmus
2814 714 2880 768 ad
2912 723 3116 769 tantam
3171 721 3599 774 controversiam
3630 732 3823 777 contra

2250 806 2440 860 ducem
2470 803 2775 874 perjuratus
2801 805 3097 871 incanduit,
3124 817 3183 862 ut
3209 809 3471 880 intrepida
3501 827 3626 867 cum
3648 813 3825 866 audao

2248 895 2331 950 cia
2362 895 2501 950 filius
2531 910 2657 952 suos
2703 895 2991 952 Fulconem
3029 908 3190 968 atque
3232 900 3527 957 Roberthm
3563 919 3689 958 cum
3719 906 3829 960 mia

2250 986 2403 1041 litum
2432 988 2587 1055 capia
2635 986 2909 1056 dirigeret,
2958 990 3048 1057 qui
3080 990 3467 1059 direptionibus
3490 992 3826 1049 Northman-

2248 1076 2395 1130 niam
2424 1084 2701 1131 vexarent.
2732 1075 2930 1133 Verum
2951 1077 3165 1149 plurimi
3195 1090 3262 1134 ex
3286 1081 3445 1136 domo
3471 1083 3627 1137 ducis
3651 1098 3824 1153 expeo‘

2250 1165 2347 1220 diti
2370 1165 2643 1221 vernaculi
2672 1166 2927 1222 audacter
2948 1168 3027 1223 eis
3049 1183 3422 1238 occurrerunt,
3448 1182 3504 1228 et
3530 1174 3678 1228 intra
3712 1176 3825 1229 sal-

2251 1265 2364 1312 tum
2396 1257 2646 1314 Blavonis
2672 1268 2954 1315 cruentum
3000 1275 3128 1315 eum
3156 1263 3235 1316 eis
3258 1262 3499 1330 praelium
3532 1267 3829 1319 commise‘

2251 1354 2397 1415 runt,
2421 1365 2486 1405 ac
2510 1348 2839 1420 suffragante
2874 1351 2981 1407 Deo
3032 1354 3265 1421 graviter
3288 1354 3406 1408 illos
3435 1355 3827 1424 protriverunt.

2250 1442 2326 1497 lbi
2342 1441 2509 1497 Fulco
2532 1443 2959 1511 praevaricatoris
2986 1443 3126 1498 ﬁlius
3145 1445 3419 1515 jngulatus
3435 1455 3539 1509 est,
3555 1457 3610 1501 et
3634 1463 3828 1502 omnes

2250 1522 2388 1602 pene
2438 1535 2635 1592 milites
2691 1536 2869 1592 abrasi
2923 1546 3068 1592 sunt.
3125 1540 3396 1596 liohertus
3434 1550 3614 1597 autem
3658 1540 3829 1595 frater

2253 1625 2373 1695 ejus
2400 1625 2710 1681 vulneratus
2732 1628 2820 1680 vix
2848 1641 2878 1681 e
2914 1631 3207 1684 certamine
3231 1646 3353 1685 cum
3383 1632 3569 1701 paucis
3606 1631 3823 1700 elapsus

2254 1722 2355 1769 est.
2388 1712 2688 1770 Willelmus
2706 1730 2836 1770 vero
2864 1728 3020 1784 pater
3045 1732 3232 1774 eorum
3254 1718 3365 1788 jam
3389 1720 3631 1789 graviter
3656 1734 3827 1788 :egro-

2261 1813 2399 1870 tans,
2457 1815 2515 1860 ut
2564 1821 2658 1861 eos
2703 1806 2783 1860 sic
2845 1807 3115 1863 interiisse
3172 1808 3454 1877 comperit,
3498 1807 3828 1861 intrinsecus

2258 1897 2441 1952 dolore
2468 1897 2648 1953 cordis
2680 1906 2875 1961 tactus,
2916 1899 3171 1953 continuo
3213 1899 3448 1953 animam
3479 1896 3697 1952 efflavit.
3734 1896 3825 1950 Sic

2257 1987 2408 2044 ducis
2440 1987 2683 2041 hostibus
2708 1985 3024 2056 profligatis,
3053 1988 3248 2043 seditio
3283 2003 3470 2057 pressa
3502 1988 3554 2041 iu
3585 1985 3829 2055 partibus

2257 2077 2363 2134 illis
2388 2077 2527 2131 ultra
2553 2076 2837 2151 disparuit.

2878 2187 3105 2243 CAPUT
3143 2188 3207 2244 Ὺ.

2257 2278 2412 2347 Quod
2445 2277 2599 2348 (Iugo
2626 2277 2931 2349 anooensis
2960 2278 3417 2349 episwpus,ﬁlius
3447 2276 3710 2345 Rodulplti
3736 2295 3832 2332 ca.

2327 2350 2493 2429 mitis,
2522 2347 2753 2402 castrum
2774 2347 3045 2403 lbrtlicum
3068 2358 3236 2402 tenere
3266 2348 3446 2412 voluit,
3472 2349 3562 2402 sed
3594 2365 3699 2401 nou
3731 2366 3830 2417 po-

2330 2429 2448 2471 tuti.

2332 2538 2535 2584 mterea
2566 2529 2692 2583 dum
2721 2529 2833 2583 base
2860 2536 3142 2599 geruntur,
3174 2524 3326 2599 Hugo
3356 2526 3571 2583 Rodulﬁ
3603 2527 3827 2581 comitis

2257 2620 2421 2686 ﬁlius,
2456 2618 2781 2687 Bajoeasiute
2820 2620 2969 2674 urbis
2996 2618 3219 2689 praesul,
3248 2617 3522 2688 perspexit
3543 2616 3687 2687 quod
3719 2616 3829 2674 Ro-

2257 2715 2444 2769 bertus
2470 2714 2577 2767 dux
2607 2712 2765 2767 vellet
2795 2712 3141 2781 prudentium
3165 2709 3387 2765 consilia
3413 2718 3611 2764 sectari
3656 2718 3713 2763 et
3733 2724 3830 2762 sua

2258 2807 2569 2871 destituere,
2616 2805 2848 2873 quadam
2905 2818 3034 2858 usus
3090 2802 3197 2856 doli
3247 2801 3517 2865 versutia,
3552 2800 3829 2855 lbrilicum

2258 2905 2494 2949 castrum
2519 2896 2656 2949 clam
2697 2895 2859 2948 armis
2893 2903 2947 2947 et
2991 2894 3263 2947 alimouiis
3294 2892 3631 2947 sufﬁcienter
3657 2893 3833 2945 muni-

2258 2988 2352 3039 vit.
2378 2985 2580 3040 Deinde
2603 2984 2857 3041 custodes
2882 2985 3083 3055 posuit,
3104 2992 3160 3039 et
3183 2983 3467 3038 Franciam
3489 2983 3646 3039 oeins
3676 2984 3833 3044 adiit,

2258 3083 2319 3129 ut
2366 3075 2491 3129 inde
2539 3077 2737 3131 milites
2786 3077 3114 3130 conduceret
3163 3076 3253 3146 qui
3288 3074 3517 3129 viriliter
3561 3074 3712 3128 illum
3764 3074 3834 3127 ad

2262 3164 2667 3235 repugnandum
2687 3164 2961 3233 iuvarent.
2988 3165 3103 3221 Dux
3132 3179 3261 3220 vero
3288 3164 3494 3218 fraudis
3514 3165 3634 3234 ejus
3670 3164 3827 3217 moli-

2262 3256 2407 3311 mina
2434 3257 2746 3312 accelerans
2777 3257 3093 3327 anticipare,
3120 3256 3410 3311 contractis
3434 3254 3835 3310 Northmanno-

2261 3362 2378 3401 rum
2406 3347 2579 3417 copiis
2605 3347 2745 3402 idem
2778 3346 3057 3402 castellum
3105 3345 3497 3416 praeoccupavit
3522 3345 3832 3408 obsidione,

2261 3436 2442 3493 clausa
2470 3437 2779 3511 egrediendi
2826 3438 2893 3492 ab
2920 3452 2985 3492 eo
3028 3439 3142 3491 sive
3194 3435 3527 3507 ingrediendi
3577 3435 3833 3490 omnibus

2261 3529 2535 3584 facultate.
2564 3530 2611 3584 Δ
2663 3529 2818 3595 cujus
2871 3528 3118 3599 ingressu
3155 3544 3276 3582 cum
3318 3544 3378 3582 se
3428 3527 3580 3597 [lugu
3622 3528 3832 3580 videret

2261 3626 2566 3679 extrusum,
2606 3616 2873 3671 sollicitus
2926 3617 2992 3671 de
3047 3616 3158 3670 suis
3185 3615 3328 3669 intra
3356 3613 3483 3669 illud
3533 3613 3829 3676 conclusis,

2262 3704 2565 3761 libertatem
2593 3704 2828 3759 abeundi
2858 3719 2955 3775 per
2986 3704 3190 3774 legatos
3225 3721 3255 3758 a
3286 3705 3420 3759 duce
3459 3703 3613 3771 petiit
3661 3712 3717 3757 et
3740 3718 3832 3757 eos

2263 3793 2387 3848 inde
2414 3794 2657 3864 protinus
2700 3794 2897 3864 abegit.
2949 3793 3067 3864 lpse
3114 3807 3325 3862 quoque
3354 3807 3477 3846 cum
3527 3790 3665 3854 suis,
3697 3806 3836 3859 quos-

2262 3881 2580 3950 expetierat,
2606 3881 2808 3936 diutius
2828 3882 3061 3936 extorris
3088 3882 3403 3950 permansit.
3432 3880 3550 3933 Dux
3578 3895 3710 3933 vero
3739 3896 3833 3932 cu-

2261 3971 2505 4025 stodibus
2536 3986 2565 4023 a
2596 3970 2819 4027 castello
2850 3972 3065 4036 amotis,
3098 3973 3236 4025 idem
3266 3971 3322 4024 in
3358 3970 3630 4025 deditione
3653 3970 3829 4023 muni-

2264 4071 2378 4117 tum
2416 4064 2671 4133 suscepit.

2863 4192 3087 4249 CAPUT
3125 4192 3211 4248 Vl.

2262 4283 2415 4350 Quod
2440 4282 2734 4338 Balduino:
2756 4300 2924 4337 comes
2947 4282 3291 4337 Flandreusis
3319 4282 3431 4350 ﬁlio
3445 4299 3540 4335 suo
3560 4279 3831 4333 Balduino

2329 4355 2495 4421 ﬁlium
2528 4352 2742 4417 Βοιωτιὶ
2773 4356 2906 4421 regis
2935 4352 3505 4421 Francorumquwsirit
3535 4361 3580 4403 et
3609 4367 3829 4418 accepit,

2865 4423 3067 4476 obertus
3115 4422 3222 4474 dum:
3272 4421 3676 4475 Nortlmmnnice
3735 4421 3831 4472 sibi

2331 4494 2486 4560 ferret
2517 4491 2806 4556 auxilium;
2836 4502 2881 4543 et
2904 4494 2968 4560 de
2998 4501 3161 4545 morte
3188 4490 3401 4545 Roberti
3425 4491 3557 4559 regis
3587 4488 3830 4542 Francoé

2338 4577 2481 4627 rum,
2512 4563 2597 4614 cui
2619 4562 2866 4615 successit
2891 4559 3155 4615 Henricus
3179 4561 3328 4628 ﬁlius
3367 4560 3503 4629 ejus.

2330 4675 2444 4732 Sub
2470 4677 2657 4731 eodem
2697 4688 2936 4747 tempore
2968 4677 3258 4731 Balduinus
3287 4688 3503 4746 satrapa
3530 4675 3829 4731 Flandren-

2261 4765 2335 4821 sis
2355 4766 2588 4821 sobolem
2613 4782 2763 4821 suam
2784 4768 3008 4836 cupiens
3033 4768 3336 4822 innormare
3361 4767 3614 4836 prosapia
3638 4764 3827 4835 regali.

2262 4857 2555 4913 Robertum
2596 4872 2775 4927 regem
2812 4856 3141 4912 Francorum
3168 4856 3409 4926 expetiit,
3430 4865 3484 4909 et
3519 4854 3688 4909 filiam
3718 4856 3830 4925 ejus

2263 4947 2521 5001 Balduino
2545 4946 2770 5017 ﬁliosuo
2785 4948 2899 5001 dari
2929 4948 3189 5017 poposcit.
3214 4946 3257 4999 A
3287 4942 3694 5000 Palatinisvero
3731 4943 3828 4996 tri-
