4040 5298
236 230 338 287 857

773 215 1122 275 HISTORIA:
1160 201 1793 270 NORTHMNNOBUM
1834 207 2012 263 LIBRI
2049 205 2252 269 OCTO.
2305 203 2577 261 —LlBER
2617 201 2910 260 SEXTUS.

3330 174 3486 259 sas

238 346 352 399 Dux
380 352 512 411 ergo
540 334 737 393 nobilis
774 334 877 391 viri
931 332 1300 388 calamitatem
1342 328 1652 392 miseratus,
1686 339 1813 379 eon-
1842 341 1888 399 Α
1920 324 2044 378 irati
2072 336 2349 377 carcerem
2372 318 2638 411 violenter
2666 318 2994 411 irrumpunt,
3017 322 3073 371 et
3104 315 3402 374 Robertum

241 435 433 490 tractis
457 430 687 486 militum
708 427 918 483 viribus
944 426 1091 480 velut
1119 423 1372 480 horridus
1393 422 1552 477 turbo
1581 436 1611 474 a
1639 420 1816 490 patria

239 541 514 600 egressus,
541 520 897 579 Flandoniam
925 528 1011 574 est
1045 531 1349 589 aggressus,
1382 515 1527 570 illam
1561 512 1815 568 extermi-

240 633 379 675 nans
410 615 647 671 ﬂammis
699 609 1028 667 exitialibus.
1084 601 1444 678 ﬁogrediens
1502 606 1685 674 itaque
1750 602 1818 658 ad

240 718 483 765 castrum
508 704 651 775 quod
680 702 845 758 Cioca
869 701 1181 763 vocabatur,
1221 697 1507 753 confestim
1538 694 1663 750 illud
1695 696 1819 749 sub-

241 801 432 863 vertit,
465 806 523 852 et
554 793 735 850 omnia
764 808 885 863 qua:
914 792 967 845 in
998 806 1064 846 eo
1090 789 1462 846 consistebant
1503 787 1818 842 combussit.

244 888 506 946 V'identes
534 894 713 939 autem
740 882 931 951 reliqui
957 895 1233 952 proceres,
1262 888 1317 934 et
1346 878 1544 935 similia
1571 878 1679 949 pati
1709 880 1826 933 [οῖ-

244 979 539 1043 midantes,
570 974 761 1030 relicto
811 971 923 1029 lilio
974 971 1042 1025 ad
1094 978 1303 1040 patrem
1352 968 1558 1023 reversi
1610 967 1828 1022 obsides

247 1068 487 1138 dirigunt
512 1064 656 1120 duci.
679 1061 1011 1117 Adolescens
1041 1074 1168 1115 vero
1194 1058 1487 1113 Balduinus
1515 1057 1730 1113 intuens
1770 1070 1829 1111 se

245 1174 358 1214 non
387 1169 549 1227 posse
570 1152 678 1208 ullo
724 1151 885 1206 modo
932 1148 1231 1204 subsistere
1262 1157 1389 1202 ante
1437 1145 1590 1200 ducis
1638 1144 1831 1200 intole-

247 1244 451 1301 rabiles
476 1256 762 1304 excursus,
794 1239 1001 1310 legatos
1028 1238 1103 1292 illi
1132 1252 1253 1293 cum
1290 1236 1543 1307 precibus
1588 1234 1831 1291 humilli—

248 1337 357 1392 mis
377 1331 741 1405 dirigit,patri
767 1345 828 1387 se
854 1343 1054 1401 cupere
1068 1343 1134 1383 eo
1149 1328 1448 1383 mediatore
1469 1324 1828 1381 reconciliari.

248 1424 535 1481 Desiderio
559 1422 675 1490 ejus
698 1436 762 1476 ac
788 1418 1033 1490 petitioni
1077 1420 1160 1472 vir
1187 1433 1411 1472 summa:
1438 1415 1830 1471 benevolentia:

251 1511 659 1585 congratulanti
689 1509 883 1564 aﬂ‘ectu
912 1507 1065 1575 favit,
1094 1518 1150 1563 et
1187 1518 1445 1577 utrosque
1492 1507 1658 1562 libato
1684 1507 1833 1577 pacis

247 1605 443 1661 osculo
469 1603 523 1657 in
540 1601 834 1673 pristinam
856 1599 1200 1655 concordiam
1222 1599 1482 1655 continuo
1508 1598 1683 1654 redire
1708 1612 1835 1669 per-

1917 412 2175 477 Belismo,
2207 410 2489 467 securibus
2509 412 2685 478 capite
2709 409 2825 478 ejus
2868 408 3064 462 ibidem
3109 410 3345 464 contrito
3390 409 3497 465 mi-

1918 504 2225 559 serabiliter
2242 503 2517 559 occidunt.
2542 501 2660 568 Quo
2690 501 2965 567 deluncto,
2982 500 3284 558 Willelmus
3309 500 3500 558 Talvxv

1919 594 2037 649 cius
2078 594 2249 648 frater
2296 593 2412 664 ejus
2439 592 2702 649 successit
2739 592 2795 646 in
2848 594 3050 648 honore
3082 592 3337 648 fraterno.
3379 593 3501 662 Ipso

1922 684 2132 739 cunctis
2156 682 2417 740 fratribus
2462 686 2576 740 suis
2616 684 2669 739 in
2707 684 2959 740 omnibus
3004 683 3222 755 ﬂagitiis
3266 685 3501 740 deterior

1922 773 2044 838 fuit,
2070 784 2125 828 et
2148 775 2201 829 in
2224 773 2340 843 ejus
2356 776 2583 831 seminis
2606 776 2907 832 heredibus
2927 778 3281 834 immoderata
3312 779 3504 849 nequi-

1926 864 1999 917 tia
2030 876 2199 934 usque
2228 866 2388 921 hodie
2407 867 2594 936 viguit.

2517 992 2747 1051 CAPUT
2780 994 2910 1051 VIII.

1931 1081 2084 1147 Quod
2106 1084 2216 1137 dux
2247 1083 2497 1138 Robertus
2524 1097 2706 1139 contra
2730 1086 2992 1140 Alannum
3015 1098 3253 1141 comitem
3290 1087 3508 1143 Britan-

2001 1170 2189 1206 norum
2216 1171 2611 1225 Apetgeustnon
2657 1155 2807 1225 longe
2841 1174 2871 1208 a
2899 1159 3116 1225 ﬂumine
3153 1157 3383 1212 Coisnon
3418 1176 3509 1212 ca-

2002 1232 2168 1276 strum
2198 1223 2455 1281 Comicus
2481 1223 2793 1297 [Carrucas]
2822 1223 3074 1280 condidit.

1987 1331 2368 1390 Britannorum
2380 1350 2595 1406 quoque
2615 1352 2797 1390 comes
2811 1335 3052 1390 Alannus
3068 1338 3355 1405 proterviae
3367 1337 3510 1393 fastu

1932 1423 2125 1487 elatus,
2151 1439 2181 1478 a
2213 1424 2436 1481 Iloberti
2467 1426 2618 1480 ducis
2648 1426 2873 1481 servitio
2918 1442 2977 1481 se
3022 1428 3304 1498 subripere
3347 1432 3516 1498 perti-

1936 1516 2149 1569 naciter
2175 1525 2257 1571 est
2285 1532 2592 1587 aggressus.
2631 1517 2751 1571 Dux
2778 1517 2944 1588 igitur
2972 1519 3233 1573 adversus
3274 1535 3396 1574 eum
3431 1521 3518 1573 in-

1940 1607 2330 1660 numerabilem
2357 1608 2656 1662 exercitum
2686 1611 2878 1672 movit,
2909 1616 2963 1662 et
2993 1624 3100 1663 non
3119 1608 3278 1679 longe
3300 1624 3329 1662 a
3353 1608 3517 1663 ﬂuvio

251 1696 449 1753 suasit.
508 1693 601 1749 Sic
651 1692 836 1748 litibus
864 1691 1209 1761 compressis,
1242 1690 1469 1746 ulterius
1519 1690 1574 1745 in
1616 1704 1750 1760 pace
1777 1699 1832 1744 et
1868 1680 1908 1737 Β
1937 1694 2170 1750 Coisnon
2202 1698 2629 1768 castrum,quod
2657 1699 2869 1753 vocavit
2897 1697 3187 1765 Carrucas,
3213 1698 3507 1763 stabilivit;

252 1801 442 1842 amore
468 1798 575 1854 quo
598 1782 777 1839 decuit
804 1782 1178 1852 perstiterunt.
1208 1782 1325 1851 Ipse
1345 1797 1473 1837 vero
1499 1781 1628 1845 dux,
1652 1781 1838 1835 demo-

252 1880 373 1933 litis
420 1875 701 1932 rebellium
754 1876 952 1937 rebus,
997 1888 1119 1927 cum
1174 1873 1429 1929 incolumi
1490 1873 1733 1928 exercitu
1782 1871 1835 1926 in

254 1967 706 2030 ﬂunhmanniam
730 1966 1051 2036 regreditur.
1081 1966 1196 2032 Qua
1219 1975 1540 2037 tempestate
1571 1966 1838 2021 Bobertus

255 2073 356 2119 ra
387 2059 720 2115 Francorum
734 2058 1082 2125 moritur,eui
1110 2060 1376 2114 successit
1402 2058 1669 2129 Henricus
1697 2056 1840 2112 filius

256 2165 399 2219 ejus.

856 2265 1083 2321 CAPUT
1128 2266 1237 2321 Vll.

259 2358 538 2424 Quomodo
560 2360 697 2414 idem
717 2359 826 2413 dua:
838 2359 978 2429 juvit
1009 2358 1291 2412 Ilenricum
1320 2367 1487 2429 regem
1510 2352 1845 2416 Francorum

331 2439 516 2483 contra
543 2428 908 2484 Constantiam
948 2440 1167 2481 matrem
1188 2444 1362 2482 suam.

332 2540 448 2595 Rex
479 2541 626 2595 enim
667 2540 931 2595 Henricus
960 2548 1116 2609 patre
1161 2538 1398 2593 Roberto
1432 2540 1649 2595 vivente
1676 2540 1847 2595 Fran-

260 2636 455 2686 corum
507 2646 678 2700 regno
726 2631 953 2701 potitus,
1008 2639 1157 2685 tanto
1208 2630 1548 2698 postmodum
1594 2646 1624 2684 a
1674 2640 1848 2687 matre

260 2720 587 2776 Constantia
610 2719 881 2775 novercali
906 2718 1131 2785 odlocst
1154 2717 1397 2783 allectus,
1428 2728 1506 2783 ut,
1533 2720 1849 2788 conspiran-

262 2813 415 2866 tibus
442 2811 704 2866 adversus
730 2826 851 2865 eum
877 2810 1187 2874 comitibus,
1213 2825 1243 2864 a
1282 2809 1448 2880 regali
1480 2809 1694 2880 fastigio
1723 2825 1846 2865 eum

266 2903 541 2969 deponere
566 2908 861 2969 satageret,
888 2908 944 2952 et
972 2898 1268 2953 Robertum
1315 2899 1540 2953 fratrem
1566 2898 1683 2967 ejus
1710 2899 1846 2954 Bur-

265 2987 603 3058 gundionum
636 2989 827 3042 ducem
860 2987 1001 3042 illius
1030 2988 1145 3043 loco
1168 2990 1465 3057 subregare
1517 2988 1847 3059 disponeret.

266 3077 529 3132 Consulto
544 3076 725 3147 itaque
739 3091 958 3131 suorum
976 3078 1040 3131 ad
1056 3076 1346 3133 llobertum
1360 3077 1852 3133 Northmannoruin

268 3177 462 3220 ducem
500 3181 623 3221 cum
658 3167 939 3221 duodecim
966 3167 1233 3222 clientulis
1264 3168 1577 3236 confugiqu
1610 3166 1758 3228 fecit.
1792 3183 1855 3222 ac

271 3257 417 3326 apud
442 3257 772 3312 Fiscannum
799 3273 895 3327 per
930 3258 1055 3312 ﬁdei
1080 3259 1319 3312 debitum
1345 3258 1444 3311 sibi
1470 3259 1537 3311 ab
1566 3273 1629 3313 eo
1662 3258 1857 3313 Subve-

271 3348 378 3402 niri
412 3348 590 3418 petiit.
617 3347 734 3403 Dux
759 3363 883 3402 eum
913 3348 1211 3402 bonorilicc
1240 3348 1464 3416 recepit,
1492 3347 1675 3402 nmltis
1704 3348 1858 3403 dosis

272 3438 586 3506 honoravit,
612 3447 667 3493 et
690 3454 794 3493 non
825 3437 993 3492 multo
1023 3447 1141 3506 post
1161 3440 1411 3492 decenter
1440 3439 1595 3505 equis
1616 3446 1668 3489 et
1696 3439 1859 3493 annis

274 3530 623 3592 inStructum,
656 3537 848 3598 patruo
886 3543 982 3583 sua
1007 3527 1262 3598 Malgerio
1308 3529 1490 3582 comiti
1523 3529 1859 3583 Corbuliensi

277 3618 594 3684 destinavit,
649 3620 927 3685 mandans;
959 3628 1014 3672 ut
1045 3619 1157 3673 suis
1208 3619 1260 3672 in
1291 3620 1537 3687 partibus
1565 3635 1753 3674 omnes
1784 3620 1862 3675 in-

276 3708 489 3761 cendiis
516 3723 579 3761 ac
605 3710 889 3761 tormentis
912 3692 1194 3778 adligeret,
1210 3724 1346 3778 quos
1372 3710 1439 3763 ab
1464 3709 1581 3777 ejus
1604 3708 1862 3764 fidelitate

278 3799 514 3853 deiicere
545 3798 772 3852 videret.
805 3798 922 3868 Ipse
957 3814 1086 3853 vero
1118 3814 1213 3869 per
1252 3810 1447 3856 cuncta
1479 3817 1589 3856 suae
1637 3802 1863 3856 ditionis

281 3891 513 3945 castella
564 3891 811 3945 Franciee
837 3892 1173 3946 contermina
1219 3893 1451 3947 militum
1476 3892 1862 3948 validissimum

284 3996 509 4035 manum
541 3982 737 4051 posuit,
772 3991 825 4036 et
852 3980 1196 4038 conﬂictibus
1219 3985 1427 4040 crebris
1458 3984 1643 4039 tandiu
1690 3983 1867 4039 rebel-

280 4073 363 4128 les
391 4073 663 4128 violenter
686 4075 1037 4144 oppugnavit,
1061 4076 1232 4131 donec
1269 4077 1573 4131 cervicibus
1600 4074 1771 4145 plexis
1811 4084 1866 4129 et

284 4166 399 4221 suis
443 4165 697 4220 omnibus
724 4167 1080 4235 consumptis,
1116 4168 1291 4222 coacti
1337 4182 1434 4221 suo
1471 4167 1581 4236 regi
1625 4166 1868 4221 reconci-

284 4255 552 4310 liarentur
588 4264 644 4310 et
697 4254 1083 4310 infelicissimae
1132 4257 1323 4311 matris
1368 4266 1594 4310 conatus
1645 4258 1867 4311 omnino

1881 1848 1886 1855 _
1938 1787 2006 1841 ad
2054 1788 2330 1843 munimen
2362 1790 2615 1845 videlicet
2645 1788 3058 1844 Northmannici
3092 1790 3304 1857 limitis,
3331 1805 3394 1845 ac
3421 1790 3523 1843 do.

1942 1883 2201 1936 mandum
2250 1882 2449 1938 tumidi
2487 1883 2855 1951 arrogantiam
2910 1883 3341 1952 przesumptoris.
3393 1880 3523 1935 inde

1942 1978 2274 2031 Britanniam
2303 1977 2519 2042 invasit,
2547 1985 2825 2045 totumque
2853 1975 2970 2031 Doli
3018 1975 3340 2030 comitatum
3367 1989 3532 2028 vora-

1942 2069 2095 2124 cibus
2123 2067 2354 2123 ﬂammis
2382 2067 2622 2122 tradidit.
2653 2066 2860 2133 Quibus
2909 2066 3214 2119 luculenter
3261 2066 3521 2135 peractis,

1944 2173 2065 2213 cum
2094 2156 2271 2228 praeda
2297 2157 2496 2227 ingenti
2524 2155 2972 2209 Northmanniam
3006 2154 3243 2224 repetiit.
3284 2154 3529 2208 Alanuus

1948 2257 2126 2302 autem
2149 2256 2274 2317 post
2302 2245 2419 2314 ejus
2460 2245 2773 2299 abscessum
2823 2243 3050 2311 cupiens
3081 2242 3270 2296 ulcisci
3317 2241 3526 2295 illatum

1947 2339 2050 2393 sibi
2099 2336 2513 2407 itnproperium,
2541 2334 2606 2387 ad
2638 2333 3035 2388 demoliendum
3075 2331 3525 2385 Abrincateusem

1945 2428 2263 2484 comitatum
2292 2442 2416 2480 cum
2448 2439 2642 2492 magno
2674 2422 2917 2477 exercitu
2946 2437 3013 2477 eo
3034 2436 3066 2477 e
3095 2421 3323 2487 vestigio
3347 2432 3533 2489 perse-

1949 2519 2133 2587 quitur
2153 2516 2325 2573 illum.
2378 2514 2621 2584 Nigellus
2646 2528 2778 2567 vero
2801 2522 2857 2566 et
2879 2511 3149 2566 Aluredus
3176 2518 3531 2580 cognomento

1948 2605 2132 2675 Gigas.
2189 2603 2505 2674 pnetitulati
2557 2600 2768 2656 castelli
2817 2600 3092 2663 custodes,
3138 2614 3263 2654 cum
3318 2597 3431 2652 suis
3480 2596 3533 2651 ei

1950 2705 2265 2757 occurrunt.
2299 2702 2353 2747 et
2383 2708 2507 2748 cum
2539 2708 2604 2747 eo
2659 2699 2934 2746 certantes
2965 2690 3111 2745 illico
3155 2700 3301 2744 tanta
3352 2699 3535 2757 strage

1950 2786 2204 2841 Britones
2232 2784 2546 2856 depopulati
2571 2793 2696 2839 sunt
2721 2824 2737 2845 .
2768 2791 2829 2837 ut
2878 2797 2977 2854 per
3021 2795 3333 2851 camporum
3375 2778 3559 2850 plana_

1953 2878 2068 2931 sive
2112 2876 2361 2945 pra-dicti
2404 2874 2642 2928 fluminis
2675 2874 2860 2928 littora
2905 2874 3162 2944 prostrati
3229 2873 3539 2926 viderentur

1957 2966 2118 3034 quasi
2146 2965 2417 3019 bidentes.
2452 2964 2695 3019 Alaunus
2723 2964 2903 3035 itaque
2932 2978 3029 3018 sua
3052 2964 3224 3019 tristis
3249 2964 3540 3035 |repeteus,

1956 3070 2081 3113 cum
2111 3055 2388 3111 dedecore
2402 3053 2639 3109 Bedonis
2660 3054 2825 3107 venit.

2565 3183 2795 3239 CAPL'T
2834 3182 2926 3237 IX.

1958 3277 2037 3333 De
2075 3277 2284 3332 abbatia
2316 3278 2472 3348 Beeci
2495 3288 2542 3331 et
2568 3282 2736 3347 primo
2764 3280 2949 3333 abbate
2977 3288 3027 3332 et
3064 3277 3346 3346 fundatore
3372 3280 3540 3348 ipsius

2031 3348 2311 3402 venerabili
2370 3347 2653 3413 Herluino,
2709 3359 2756 3402 et
2807 3349 2872 3402 de
2931 3364 3228 3403 successore
3286 3347 3401 3419 ejus
3426 3349 3543 3403 An-

2032 3419 2215 3472 ulmo.

2031 3525 2187 3582 Circa
2218 3529 2331 3584 luec
2355 3536 2617 3597 tempora,
2637 3544 2780 3583 anno
2805 3530 3140 3585 videlicetab
3165 3532 3538 3586 incarnatione

1966 3620 2175 3675 Domini
2199 3620 2334 3675 1056
2348 3621 2577 3674 domnus
2600 3620 2768 3675 abbas
2783 3620 3095 3687 Herluiuus,
3122 3624 3541 3694 quadragesimo

1964 3709 2142 3763 mtatis
2179 3724 2291 3765 sum
2322 3725 2464 3763 anno
2493 3712 2749 3763 deserens
2794 3713 3109 3765 smcularem
3153 3714 3343 3777 vitam,
3370 3727 3544 3773 sacra:

1968 3798 2244 3867 religionis
2275 3799 2520 3853 habitum
2553 3801 2793 3869 suscepit
2822 3802 2890 3855 ab
2921 3803 3177 3873 episcopo
3219 3802 3548 3858 Luxoviensi
3583 3802 3587 3806 ”

1969 3886 2259 3953 llerberto;
2293 3898 2345 3943 ct
2374 3898 2564 3959 postea
2588 3891 2657 3944 ab
2680 3891 2869 3945 eodem
2903 3894 3133 3962 praesule
3158 3894 3414 3949 sacerdos
3456 3908 3549 3947 or-

1967 3978 2205 4043 dinatus,
2235 3988 2396 4049 atque
2427 3980 2595 4034 abbas
2618 3984 2947 4036 constitutus
2968 3994 3071 4038 est.
3112 3985 3238 4039 inde
3274 3984 3546 4039 Beccense

1969 4070 2275 4124 coenobium
2308 4071 2470 4140 erepit
2504 4072 2703 4127 habere
2725 4074 2956 4127 initium.
2984 4074 3090 4129 Sed
3117 4078 3242 4144 quia
3268 4079 3403 4130 tanti
3440 4076 3545 4128 Pa-

1972 4167 2073 4218 tris
2105 4164 2330 4220 fecimus
2352 4167 2701 4231 mentionem,
2742 4167 2873 4220 libet
2900 4168 2965 4219 ad
2994 4168 3313 4221 memoriam
3364 4178 3546 4235 poste,-

1971 4253 2146 4307 ritatis
2168 4254 2254 4307 bis
2282 4254 2559 4308 annalium
2590 4255 2802 4323 paginis
2836 4256 3016 4323 aliqua
3045 4256 3111 4309 de
3143 4271 3208 4310 eo
3233 4267 3286 4310 et
3319 4260 3546 4311 ecclesia

285 4346 720 4401 exinanirentur.
757 4345 909 4400 Tunc
959 4346 1228 4401 Robertus
1260 4346 1516 4400 Willelmi
1571 4346 1867 4401 Belismen-
1902 4335 1944 4390 ll
1973 4341 2041 4395 ab
2063 4358 2127 4397 eo
2150 4353 2456 4398 constructa
2482 4344 2640 4413 paulo
2661 4343 2824 4399 latius
2848 4345 3107 4399 inserere.
3131 4346 3173 4399 Α
3198 4346 3360 4399 Danis
3385 4347 3551 4415 igitur

287 4436 366 4491 sis
392 4436 680 4505 potestatis
708 4435 884 4491 haeres
924 4445 980 4490 et
1027 4437 1384 4501 crudelitatis,
1415 4451 1511 4504 per
1544 4436 1749 4506 aliquot
1772 4452 1869 4490 au-

290 4544 391 4582 nos
439 4528 673 4582 infestus
721 4535 839 4582 erat
887 4527 1083 4581 vicinis
1136 4527 1238 4582 sibi
1278 4526 1775 4581 Cenomanensibus
1816 4538 1871 4581 et

135 4684 145 4692 ,
210 4614 222 4626 ’
289 4618 702 4676 Northmannis.
750 4618 1158 4686 Expeditionem
1215 4610 1399 4687 itaque
1454 4618 1592 4671 ultra
1654 4617 1868 4672 Sartam

286 4721 475 4776 agens,
501 4721 531 4759 a
559 4706 1057 4761 Cenomanensibus
1092 4707 1326 4777 capitur,
1352 4720 1414 4759 ac
1464 4707 1603 4775 apud
1649 4704 1870 4761 Balanm

292 4807 536 4853 castrum
566 4797 775 4851 duobus
801 4798 959 4850 annis
1004 4798 1053 4850 in
1098 4812 1316 4851 carcere
1363 4798 1684 4852 custoditur.
1745 4798 1873 4854 Post

292 4887 574 4942 biennium
607 4900 737 4940 vero
760 4884 1064 4942 Willelmus
1099 4886 1279 4941 Geroii
1323 4887 1487 4952 (ilius,
1520 4889 1718 4956 aliique
1768 4887 1873 4939 Rn-

293 4977 437 5032 berti
460 4991 713 5046 proceres
740 4975 1038 5031 exercitum
1057 4985 1410 5049 congregant,
1436 4990 1489 5033 et
1509 4979 1874 5035 Ceuomannis

294 5068 553 5123 comitem
580 5067 645 5121 ad
669 5081 899 5137 pugnam
931 5079 1183 5123 revocant
1205 5076 1260 5123 et
1306 5067 1542 5125 viriliter
1569 5069 1874 5139 proeliantes

291 5174 323 5215 e
344 5158 493 5213 bello
516 5155 770 5224 eﬁugant.
796 5155 870 5209 lbi
895 5153 1207 5214 Walterium
1233 5158 1300 5211 de
1326 5153 1875 5230 Sordeniaegreginm

295 5249 553 5298 militem.
575 5262 693 5298 cum
716 5246 929 5298 duobus
962 5242 1086 5298 ﬁliis
1135 5245 1400 5298 miliaibus
1457 5250 1696 5298 eximiis.
1728 5264 1879 5298 com-

1975 4432 2067 4500 qui
2101 4431 2549 4487 Northmanniam
2569 4435 2731 4503 primi
2783 4434 3069 4488 obtinuere
3115 4444 3268 4503 pater
3295 4434 3413 4504 ejus
3442 4435 3554 4490 ori-

1975 4526 2153 4593 ginem
2183 4523 2360 4587 duxit,
2392 4535 2565 4578 mater
2597 4527 2899 4593 proximam
2943 4525 3140 4578 dueum
3191 4523 3549 4589 Morinorum,

1976 4627 2111 4683 quos
2150 4613 2394 4668 moderni
2430 4614 2694 4669 Flandros
2722 4617 3129 4685 cognominant,
3165 4618 3553 4684 consanguini-

1980 4710 2143 4755 tatem
2172 4702 2374 4772 attigit.
2402 4704 2675 4772 Ansgotus
2705 4704 2810 4766 ille.
2839 4706 2939 4758 ista
2964 4705 3145 4759 llelois
3169 4721 3362 4760 nomen
3384 4708 3554 4760 habeo

1977 4792 2086 4846 bat.
2127 4790 2460 4847 Gislebertus
2508 4794 2822 4848 Bricmensis
2862 4810 3068 4860 eomes,
3097 4798 3253 4867 primi
3285 4796 3547 4853 Bicbardi

1979 4883 2382 4937 Northmanniae
2403 4885 2557 4940 ducis
2578 4899 2744 4954 nepos
2765 4900 2829 4939 ex
2856 4886 2967 4944 tilio
2988 4890 3209 4945 consule
3240 4888 3560 4957 Godet‘rido,

1980 4973 2131 5027 illum
2161 4973 2460 5027 enutritutn
2508 4988 2673 5043 penes
2723 4987 2782 5028 se
2832 4973 2977 5032 inter
3026 4992 3214 5033 omnes
3236 4980 3399 5036 curiae
3445 4998 3557 5036 sua:

1980 5064 2238 5132 primates
2272 5062 2461 5116 habuit
2502 5062 2897 5132 acceptissime.
2940 5066 3144 5123 ﬂabilis
3180 5067 3268 5122 ille
3313 5071 3380 5123 ad
3403 5085 3558 5124 arma

1983 5154 2272 5224 plurimum
2292 5162 2431 5215 erat,
2458 5168 2556 5208 nec
2587 5157 2783 5210 minori
2812 5171 2875 5209 ea
2909 5162 3256 5216 animositate
3291 5164 3557 5232 gestabat.

1983 5244 2184 5298 Omnes
2207 5241 2448 5296 omnium
2481 5246 2644 5298 totius
2673 5244 3085 5298 Northniannim
3115 5250 3377 5298 maiorum
3407 5251 3561 5298 fami-
