4040 5298
563 314 668 369 839

1381 310 1727 367 WlLLELMl
1765 302 2060 372 CALCULl
2096 293 2653 364 GEMMETICENSlS
2692 304 2997 363 KONACHI

3705 312 3814 368 840

562 426 771 483 militiae
805 423 1231 481 commilitonum
1254 437 1475 478 suorum
1523 422 2001 493 praestantissimus
2026 437 2133 476 non
2168 428 2210 486 Α
2239 428 2400 474 stere.
2426 418 2681 473 Sentibus
2704 428 2759 474 et
2781 420 2951 489 spinis
2975 419 3065 474 alii
3090 435 3278 491 agrum
3302 422 3692 489 emundabant,
3720 426 3813 482 alii

559 534 705 587 esse,
732 517 1018 586 impatiens
1064 522 1202 572 erat.
1247 515 1451 580 Quibus
1480 515 1548 570 de
1601 516 1760 569 rebus
1808 529 1918 569 non
1964 515 2138 570 solum

558 612 887 683 singularem
918 608 1119 664 domini
1147 608 1231 662 sui
1250 606 1559 663 obtinuerat
1582 607 1845 673 favorem,
1874 620 2060 662 verum
2086 614 2141 661 et

562 702 705 773 apud
725 701 1025 756 Robertum
1048 698 1211 754 totius
1237 699 1429 769 patria:
1443 698 1659 762 ducem.
1688 706 1743 755 et
1766 700 1904 769 apud
1927 708 2139 754 extera-

560 808 683 847 rum
724 790 970 847 dominos
995 790 1300 860 regionum,
1332 798 1621 858 pepererat
1649 789 1753 845 sibi
1797 804 1994 845 nomen
2021 789 2138 860 plu-

560 882 782 947 rimum,
805 894 1194 950 accessumque
1224 879 1571 935 familiarem.

632 972 766 1025 Vitae
788 970 947 1040 hujus
966 970 1361 1039 jucundissimo
1387 979 1531 1024 statu
1560 984 1731 1025 annos
1775 969 1864 1025 ille
1903 968 2018 1036 jam
2049 984 2139 1025 ex-

559 1069 803 1117 cesserat
841 1061 1058 1131 triginta
1103 1070 1334 1131 septem.
1366 1077 1489 1115 cum
1516 1062 1737 1115 tandem
1779 1061 1962 1115 divino
1989 1069 2135 1115 metu

559 1151 813 1206 succendi
860 1165 1045 1206 amore
1094 1167 1248 1225 meus
1295 1152 1437 1208 illius
1485 1154 1672 1222 coepit,
1725 1160 1781 1207 et
1831 1152 1899 1210 ab
1952 1166 2137 1207 amore

558 1243 744 1298 mundi
773 1251 1069 1313 tepescere,
1112 1243 1423 1313 sensimque
1466 1243 1521 1299 in
1549 1244 1667 1298 dies
1713 1242 2022 1315 frigescere.
2053 1243 2136 1299 Ab

558 1333 920 1387 exterioribus
948 1332 1163 1388 oculum
1199 1333 1381 1389 cordis
1409 1342 1733 1389 convertens
1763 1335 1829 1389 ad
1872 1334 2132 1403 seipsum.

556 1421 668 1479 ibat
714 1421 1052 1493 frequentius
1101 1422 1167 1476 ad
1221 1422 1526 1491 ecclesiam,
1576 1426 1770 1479 orabat
1812 1424 2028 1490 devote,
2071 1439 2135 1479 ac

555 1526 698 1581 sznpe
720 1514 1173 1583 prorumpebatur
1199 1512 1252 1567 in
1284 1513 1573 1585 lacrymas.
1606 1514 1834 1569 Ludicra
1886 1528 1946 1569 re
1987 1514 2132 1569 omni

554 1603 778 1669 omissa,
804 1602 916 1671 jam
948 1603 1125 1657 minus
1155 1603 1412 1672 frequens
1451 1613 1569 1658 erat
1612 1604 1663 1658 in
1691 1606 1864 1659 curia.
1892 1605 2006 1671 Qua
2030 1605 2134 1659 hoc

554 1691 670 1747 solo
694 1691 1054 1756 detinebatur,
1082 1693 1227 1762 quod
1252 1693 1449 1761 praedia
1468 1708 1568 1747 sua
1592 1694 1701 1748 Deo
1725 1709 1907 1750 secum
1933 1693 2130 1749 lucrari

553 1784 857 1852 satagebat.
900 1782 1055 1848 Quod
1102 1790 1158 1837 et
1192 1783 1448 1847 obtinuit,
1500 1794 1829 1855 extorqueas
1856 1800 1918 1840 ea
1963 1785 2063 1839 sibi
2103 1802 2132 1838 a

553 1873 773 1927 domino
803 1887 902 1927 suo
924 1873 1090 1926 multa
1119 1873 1373 1929 instantia
1403 1876 1649 1942 servitii;
1681 1877 1870 1932 ditioni
1895 1875 2039 1931 illius
2071 1893 2134 1932 ac

554 1963 779 2018 servitio
804 1964 920 2033 ipso
947 1964 1167 2019 domino
1194 1965 1438 2020 tradente
1462 1968 1721 2038 quidquid
1754 1968 1963 2036 paterni
1996 1967 2134 2037 juris

552 2050 829 2105 habebant
876 2050 1075 2107 fratres
1120 2052 1225 2118 sui,
1275 2056 1364 2124 qui
1417 2056 1606 2111 eadem
1660 2057 1920 2127 dignitate
1968 2057 2132 2127 geniti

554 2140 879 2194 exStiterant
907 2141 1033 2196 sibi.
1081 2142 1215 2207 Quia
1244 2144 1454 2212 dignior
1481 2154 1537 2199 et
1563 2160 1689 2199 vera
1720 2145 2000 2201 nobilitate
2043 2160 2135 2213 ge-

554 2235 804 2288 nerosior
861 2235 1137 2305 germanis
1194 2234 1561 2301 eﬂiciebatur,
1628 2237 1753 2307 jure
1805 2240 1875 2294 ab
1924 2240 2005 2293 eis
2059 2239 2132 2293 illi

555 2323 769 2393 subjici,
801 2340 902 2379 nec
957 2325 1238 2396 indignum
1285 2336 1379 2379 aut
1417 2327 1734 2395 iujuriosum
1772 2330 2131 2385 mtimabatur.

624 2412 876 2467 Protinus
899 2413 953 2468 in
980 2413 1104 2466 villa
1132 2428 1252 2482 quae
1279 2414 1474 2468 dicitur
1492 2415 1857 2485 Burneuvilla,
1879 2430 2134 2473 extrueno

554 2502 683 2555 dum
713 2503 934 2557 servitio
976 2504 1070 2559 Dei
1114 2518 1250 2573 opus
1292 2506 1521 2575 arripuit
1551 2523 1658 2563 non
1704 2526 1954 2580 parvum,
1982 2514 2132 2571 brevi

554 2598 855 2660 peractum.
902 2590 1020 2660 Ipse
1068 2607 1173 2647 non
1222 2593 1393 2648 solum
1443 2597 1593 2664 operi
1639 2599 1985 2667 przesidebat,
2039 2602 2134 2656 sed

554 2697 691 2752 opus
721 2683 897 2753 ipsum
924 2681 1209 2749 efficiebat,
1254 2694 1453 2740 terrain
1500 2686 1730 2757 fodiens,
1775 2695 1976 2759 fossam
2004 2693 2135 2749 etle—

556 2787 706 2837 rens,
732 2773 957 2843 lapides,
990 2774 1589 2846 sabulum,calcemque
1623 2781 1862 2837 humeris
1890 2797 2135 2853 compor-

558 2871 700 2929 tans,
724 2877 786 2918 ac
822 2865 960 2919 eain
985 2866 1245 2934 parietem
1279 2868 1507 2936 ipsemet
1527 2886 1873 2941 componens.
1906 2876 2131 2941 Quibus.

526 2956 648 3017 'alii
685 2964 1112 3035 horisjaberant,
1132 2966 1243 3035 ipse
1268 2964 1597 3037 congerebat
1618 2980 1738 3034 qua:
1765 2966 1831 3020 ad
1857 2981 1991 3035 opus
2021 2966 2134 3021 exi-

556 3056 860 3123 gebantur,
912 3057 1203 3113 excludens
1237 3058 1407 3113 otium
1462 3059 1530 3112 ab
1579 3058 1725 3112 omni
1782 3069 1937 3127 parte
2002 3057 2127 3113 diei.
2162 3092 2200 3149 (ς
2237 3058 2357 3112 qua?
2384 3057 2525 3113 ὃτερθ
2558 3056 2824 3100 ιηιτοτευε
2875 3056 3209 3110 οηοῦωιιυΐν
3256 3056 3631 3114 εωιιιιαοιετο
3676 3061 3774 3099 mu

557 3144 774 3205 Quanto
815 3147 1054 3201 vanitate
1092 3147 1294 3201 tumida
1324 3147 1451 3202 olim
1487 3146 1787 3205 delicatior.
1823 3156 1973 3203 tanto
2005 3162 2132 3202 vera
2191 3131 2207 3149 ’
2238 3143 2357 3188 tum
2388 3144 2445 3189 ει
2472 3136 2703 3189 θηκῖπίο
2752 3136 2834 3190 Ad
2876 3151 2939 3191 ea
2985 3136 3131 3192 enim
3177 3136 3569 3205 componenda.
3613 3136 3708 3205 τιυὶ
3761 3136 3774 3189 ί

2264 3150 2357 3187 um
2388 3150 2445 3189 et
2472 3150 2703 3189 anxnart.
2752 3150 2834 3190 Aa
2876 3151 2939 3191 ea
2985 3151 3131 3192 enim
3177 3150 3569 3205 componenda,
3613 3150 3708 3205 qui
3761 3152 3815 3191 in

557 3144 774 3210 Quanto
815 3147 1054 3201 vanitate
1092 3147 1294 3201 tumida
1324 3147 1451 3202 olim
1487 3146 1787 3211 delicatior,
1823 3156 1973 3203 tanto
2005 3162 2132 3202 vera

557 3238 862 3293 humilitate
889 3254 1035 3294 nunc
1063 3239 1132 3294 ad
1167 3254 1380 3295 omnem
1415 3239 1615 3295 laboris
1640 3238 1981 3295 tolerantiam
2006 3255 2134 3309 pro-

554 3341 679 3400 pter
724 3330 894 3385 Deum
945 3330 1257 3401 patientior.
1307 3330 1496 3386 Cibum
1554 3340 1751 3401 praeter
1796 3331 1992 3401 quibus
2030 3345 2134 3385 non

556 3420 687 3476 licet
728 3420 941 3488 diebus,
973 3422 1138 3477 semel
1182 3423 1500 3493 accipiebat,
1552 3439 1654 3477 nec
1707 3424 2036 3494 exquisitum
2082 3433 2139 3479 et

554 3525 722 3579 parce
754 3511 907 3577 satis,
934 3511 1149 3581 expleto
1171 3527 1293 3566 cum
1323 3512 1413 3567 die
1437 3528 1601 3583 opere
1629 3529 1745 3567 suo.

629 3596 810 3653 Prima
842 3599 1144 3653 litterarum
1169 3600 1434 3655 elementa
1467 3602 1677 3667 didicit,
1708 3617 1829 3657 cum
1867 3600 1984 3670 jam
2023 3601 2137 3656 exi-

558 3696 729 3743 steret
757 3705 1024 3744 annorum
1053 3706 1221 3760 prope
1249 3692 1628 3761 quadraginta,
1658 3700 1713 3745 et
1738 3692 1917 3748 divina
1956 3692 2135 3761 opitu-

556 3772 705 3829 lante
734 3778 907 3843 gratia
947 3791 1013 3831 co
1044 3792 1214 3847 usque
1253 3781 1551 3848 processit,
1580 3790 1639 3834 ut
1665 3782 1831 3835 etiam
1873 3782 2006 3851 ipsis
2046 3799 2138 3850 ap-

558 3869 737 3937 prime
763 3868 992 3923 eruditis
1018 3872 1368 3939 grammatica
1399 3872 1450 3925 in
1473 3873 1804 3940 exponendis
1837 3888 1902 3927 ac
1942 3874 2137 3927 intelli-

562 3955 754 4025 gendis
807 3956 1109 4009 divinarum
1158 3956 1560 4026 Seripturarum
1608 3961 1890 4015 sententiis
1942 3964 2138 4017 merito

560 4045 854 4100 haberetur
881 4045 1239 4100 admirabilis.
1272 4046 1425 4113 Quod
1457 4058 1513 4102 ut
1543 4048 1709 4104 solius
1729 4050 1923 4104 divina:
1950 4053 2138 4121 gratia:

560 4133 798 4189 efﬁcacia
855 4142 1032 4189 actam
1089 4135 1364 4202 credatur,
1415 4139 1695 4195 nocturnis
1732 4148 1940 4196 tantum
1988 4142 2137 4197 horis

560 4222 690 4277 huic
734 4224 914 4277 studio
940 4224 1193 4287 vacabat,
1242 4225 1366 4293 quia
1408 4236 1629 4296 prepter
1660 4226 1948 4284 lectionem
1994 4246 2137 4285 nun-

559 4326 720 4380 quam
747 4312 937 4381 diurni.
956 4313 1135 4383 operis
1165 4313 1451 4369 intermisit
1480 4317 1903 4374 exsecutionem.
1928 4321 2137 4375 Avulsit

2242 508 2425 561 limum
2454 506 2685 575 scapulis
2718 516 3117 576 comportantes
3141 512 3486 578 spargebant.
3513 510 3577 564 lii
3605 513 3816 567 sarrie-

2240 598 2392 663 bant,
2421 598 2493 652 illi
2522 599 2792 662 serebant,
2820 614 2977 655 nemo
3018 612 3208 670 panem
3238 594 3557 657 absumebat
3594 604 3648 657 in
3674 605 3812 660 otio.

2239 688 2319 742 Ad
2349 689 2539 742 horam
2568 688 2760 756 agendi
2788 688 2946 744 officii
2975 691 3027 743 in
3056 690 3507 753 ecclesia,omnes
3526 693 3593 747 ad
3618 675 3813 748 unam-

2238 793 2508 849 quamque
2540 779 2953 835 conveniebant.
2998 780 3185 836 Victus
3235 781 3602 851 quotidianus,
3654 785 3814 852 panis

2238 871 2536 942 siligineus,
2582 880 2637 926 et
2668 871 2849 927 herbae
2879 884 2999 927 cum
3031 884 3168 943 aqua
3199 881 3254 927 et
3308 873 3443 928 sale.
3496 874 3651 944 Aqua
3702 892 3812 930 non

2238 962 2341 1016 nisi
2383 960 2667 1028 lutulenta,
2712 962 2840 1030 quia
2864 960 2986 1017 fons
3027 977 3291 1031 nusquam
3330 963 3398 1017 ad
3425 962 3532 1018 duo
3558 964 3810 1019 milliaria

2238 1050 2556 1108 habebatur.

2250 1186 2253 1193 ,
2308 1142 2483 1197 Simili
2513 1158 2572 1198 se
2599 1141 2728 1197 inibi
2756 1150 2978 1213 propter
2997 1143 3165 1198 Deum
3193 1144 3438 1199 servituti
3466 1144 3665 1200 nobilis
3691 1161 3811 1199 ma-

2237 1242 2322 1289 ter
2342 1232 2459 1303 ejus
2484 1234 2715 1300 addixit.
2733 1245 2791 1291 et
2818 1238 3095 1292 concessis
3126 1238 3236 1293 Deo
3258 1238 3478 1308 pnediis
3499 1254 3622 1308 quae
3645 1238 3816 1295 babes

2236 1323 2347 1387 bat,
2375 1324 2580 1379 ancilla:
2615 1322 2935 1397 fungebatur
2966 1327 3171 1392 officio;
3214 1336 3491 1383 sertorum
3534 1328 3627 1383 Dei
3672 1344 3812 1397 pana

2237 1429 2334 1467 nos
2360 1413 2586 1468 abluens
2617 1421 2673 1469 et
2700 1416 2960 1487 quidquid
2986 1414 3362 1489 injungebatur
3375 1418 3605 1473 extremi
3627 1418 3814 1490 operis

2236 1502 2641 1558 accuratissime
2668 1518 2854 1573 agens.

2304 1593 2459 1656 Dein,
2490 1602 2610 1661 post
2634 1593 2971 1663 aliquantum
3003 1594 3281 1665 temponis,
3309 1611 3406 1667 per
3437 1596 3615 1651 visum
3658 1611 3813 1652 com-

2234 1684 2470 1740 monitus
2499 1695 2582 1741 est
2624 1695 2709 1751 ut,
2758 1686 2980 1742 dimissa
3022 1687 3308 1743 solitudine
3347 1690 3661 1772 campestri,
3693 1704 3817 1759 qua

2169 1765 2209 1822 Β
2237 1777 2562 1846 competenti
2610 1778 3013 1848 opportunitate
3058 1779 3280 1834 omnino
3318 1765 3560 1843 carebat,
3587 1792 3714 1833 eum
3745 1782 3814 1834 ad

2236 1868 2411 1924 locum
2440 1870 2523 1925 sui
2563 1869 2705 1940 juris
2741 1871 3081 1926 mansionem
3118 1872 3456 1936 transferret,
3502 1872 3593 1942 qui
3635 1888 3667 1927 a
3698 1872 3817 1926 rivo

2237 1958 2346 2014 illic
2395 1962 2637 2015 mananti
2686 1960 2891 2016 Beecus
2944 1961 3267 2031 appellatur.
3320 1962 3385 2015 ad
3426 1961 3740 2017 milliarium
3781 1977 3813 2015 a

2234 2057 2416 2104 castro
2442 2051 2584 2118 quod
2615 2059 2842 2106 vocatur
2870 2050 3204 2105 Brionuium.
3225 2050 3320 2104 Est
3339 2051 3429 2105 hic
3451 2050 3602 2106 locus
3628 2050 3680 2104 in
3697 2052 3816 2121 ipso

2234 2140 2373 2197 saltu
2405 2141 2749 2208 Brionnensi,
2778 2140 2920 2195 valle
2947 2140 3055 2195 ima
3098 2140 3371 2195 montibus
3400 2140 3662 2195 saltuosis
3688 2140 3817 2194 hinc

2235 2235 2360 2289 inde
2414 2234 2700 2300 conclusa,
2752 2233 2900 2288 omni
2948 2233 3351 2303 opportunitate
3401 2232 3641 2287 humano
3690 2231 3812 2286 usui

2235 2324 2813 2394 commodus.Propter
2837 2322 3157 2379 densitatem
3184 2338 3248 2376 ac
3270 2322 3369 2376 rivi
3397 2321 3815 2385 recreationeni,

2234 2412 2473 2470 ferarum
2517 2414 2627 2469 illic
2654 2414 2854 2468 multus
2895 2420 3015 2468 erat
3062 2427 3339 2467 accursus.
3374 2411 3561 2466 Trium
3595 2418 3816 2465 tantum

2237 2506 2665 2560 molendinorum
2693 2513 2802 2559 tres
2821 2504 3011 2561 domus
3035 2503 3145 2560 illic
3170 2513 3349 2569 erant,
3377 2512 3432 2559 ct
3452 2503 3810 2575 solumjhabi~

2238 2595 2399 2651 tabile
2432 2595 2826 2667 permodicum.

2305 2686 2633 2741 Consecrata
2670 2684 2856 2755 paucis
2883 2692 3133 2740 extructa
3180 2682 3337 2738 annis
3365 2698 3468 2737 non
3502 2696 3670 2753 parra
3719 2696 3813 2738 ec-

2235 2775 2423 2839 etesia.
2450 2775 2714 2831 columnis
2742 2791 2809 2832 ex
2842 2775 3032 2845 ligneis
3058 2775 3354 2830 claustrum
3393 2774 3727 2838 construxit,
3759 2776 3812 2829 in

2236 2880 2341 2935 quo
2371 2865 2436 2921 ad
2464 2879 2669 2920 morem
2700 2866 2888 2935 patriae
2913 2863 3109 2920 fratres
3130 2864 3243 2932 jam
3269 2879 3532 2933 nusquam
3562 2878 3813 2935 progres-

2237 2966 2393 3008 suros
2432 2954 2712 3009 considere
2740 2955 2995 3010 instituit.
3042 2955 3222 3010 Variis
3246 2970 3374 3024 ergo
3414 2954 3813 3022 simultatibus,

2237 3058 2357 3112 qua:
2384 3057 2525 3113 stepe
2558 3045 2824 3100 introrsus
2875 3045 3209 3110 oriebantur,
3256 3044 3423 3114 cmpit
3449 3044 3631 3099 dolere
3676 3046 3816 3099 mul-

2237 3223 2481 3279 claustro
2508 3225 2847 3295 praesideret,
2892 3225 3114 3281 minime
3147 3235 3285 3291 erat,
3323 3233 3635 3295 sumptuum
3687 3241 3815 3281 con-

2236 3315 2591 3384 gerendorum
2623 3315 2918 3371 necessitas
2966 3314 3113 3369 illum
3145 3316 3419 3369 immorari
3462 3326 3622 3370 extra
3665 3330 3814 3372 coma

2237 3404 2491 3473 pellebat.
2518 3404 2629 3460 Hac
2655 3406 2720 3461 de
2748 3421 2830 3471 re,
2860 3422 2982 3462 cum
3010 3406 3122 3475 jam
3157 3406 3327 3460 Deum
3370 3407 3644 3463 multoties
3678 3424 3813 3462 ειη-ο

2237 3504 2431 3559 rasset,
2454 3496 2635 3551 divina
2657 3496 2759 3553 sibi
2782 3498 3061 3553 miseratio
3082 3497 3506 3553 accommodavit
3528 3498 3811 3560 auxilium.

2237 3585 2511 3642 sulliciens
2548 3587 2617 3642 ad
2664 3588 2917 3645 universa
2966 3604 3087 3660 quae
3131 3588 3337 3660 agenda
3387 3588 3565 3644 ferent
3610 3588 3813 3660 [erant]

2237 3676 2573 3749 suffragium-

2308 3777 2474 3832 Ortus
2503 3776 2653 3834 Italia
2677 3777 2898 3848 quidam
2927 3777 3012 3832 vir
3038 3786 3180 3843 erat,
3220 3791 3381 3847 quem
3433 3774 3724 3843 Latinitas,
3756 3778 3810 3833 in

2238 3868 2517 3938 antiquum
2544 3870 2615 3923 ab
2640 3883 2707 3924 eo
2738 3869 2989 3923 restituta
3021 3868 3263 3923 scientia:
3300 3875 3525 3933 statum,
3560 3877 3675 3925 toto
3722 3884 3813 3923 su—

2238 3974 2482 4029 premum
2522 3959 2707 4014 debito
2730 3974 2852 4013 cum
2883 3973 3071 4013 amore
3097 3967 3151 4013 et
3183 3959 3385 4013 honore
3406 3959 3673 4026 agnoscit,
3708 3974 3811 4014 no-

2240 4048 2383 4102 mine
2410 4046 2765 4101 Lanfrancus.
2806 4046 2924 4117 ipsa
2951 4061 3167 4116 quoque
3194 4046 3246 4101 in
3281 4046 3591 4101 liberalibus
3618 4047 3813 4102 studiis

2238 4136 2475 4203 gentium
2507 4136 2761 4206 magistra
2797 4135 3003 4192 Graecia
3046 4134 3340 4206 discipulos
3389 4135 3535 4190 illius
3577 4135 3815 4191 libenter

2238 4218 2489 4281 audiebat
2517 4238 2572 4281 et
2594 4226 2983 4281 admirabatur.
3028 4225 3077 4281 ls
3106 4227 3281 4296 patria
3312 4240 3590 4296 egressus,
3613 4241 3811 4297 quam-

2240 4315 2420 4384 plures
2464 4314 2881 4368 multinominis
2918 4312 3196 4369 scholares
3238 4327 3419 4368 secum
3468 4313 3702 4379 habens,
3759 4315 3813 4369 in

560 4403 706 4458 illico
742 4414 1002 4474 paternas
1030 4404 1243 4471 domos,
1274 4406 1417 4462 unde
1454 4422 1733 4464 servorum
1784 4409 1876 4465 Dei
1927 4410 2129 4467 habita.
2167 4414 2211 4470 ι)
2239 4404 2682 4458 Northmanniam
2729 4403 2967 4458 devenit.
3012 4403 3245 4458 Beccum
3297 4402 3480 4471 itaque
3518 4402 3677 4469 adiit,
3706 4418 3814 4473 quo

560 4496 679 4551 cula
716 4497 1040 4551 construxit.

632 4583 855 4638 Sacrata
879 4599 1008 4638 vero
1038 4599 1199 4654 quam
1227 4590 1532 4641 construxit
1557 4586 1781 4645 ecclesia
1806 4590 1875 4644 ab
1889 4588 2139 4659 episcopo

561 4676 892 4733 Luxoviensi
922 4679 1206 4743 Herberto,
1235 4695 1443 4734 comam
1474 4682 1805 4748 totundit,ac
1826 4683 2136 4736 saecularem

560 4769 809 4822 habitum
846 4770 1121 4839 deponens
1153 4773 1221 4825 ab
1266 4773 1455 4826 eodem
1489 4773 1744 4840 pontifice
1785 4787 1953 4827 sacrae
1987 4773 2139 4827 habi-

564 4866 678 4910 tum
711 4857 986 4928 religionis
1028 4863 1260 4929 accepit,
1310 4862 1465 4916 miles
1511 4862 1712 4918 Christi
1757 4878 1855 4932 per
1886 4871 1964 4916 tot
1989 4864 2135 4932 peri-

564 4946 680 4978 nlaln
718 4947 873 4980 rAnI:n
905 4959 1029 4980 nulla
1057 4960 1306 4980 ιιι-..Α-ο-υ-
1368 4952 1619 4982 υἷι-«πλαιν.
1654 4954 1858 4982 Λυδίη-εἶα

1910 4968 2030 4984 num
2075 4968 2137 4984 an

2244 4496 2445 4550 nullum
2474 4510 2697 4564 nsquam
2726 4495 3013 4564 pauperius
3037 4493 3408 4549 aestimabatur
3442 4492 3527 4548 vel
3546 4494 3815 4563 abjectius

2241 4585 2566 4641 coenobium.
2616 4582 2778 4637 Forte
2814 4594 2943 4638 tunc
2979 4584 3150 4637 abbas
3205 4583 3550 4637 exstruendaz
3601 4583 3809 4637 fornaci

2239 4683 2552 4742 occupatus,
2606 4674 2719 4742 ipse
2775 4672 3100 4742 operabatur
3155 4673 3401 4726 manibus
3458 4673 3593 4727 suis.
3647 4673 3813 4743 Cujus

2241 4766 2597 4821 luuuilitateui
2662 4765 2872 4828 animi,
2929 4763 3302 4835 sermonisque
3356 4764 3676 4832 dignitatem
3723 4764 3812 4818 ille

2239 4857 2527 4925 plurimum
2556 4863 2843 4908 veneratus
2888 4863 2943 4908 et
2986 4869 3195 4919 amans,
3233 4855 3532 4908 monachus
3581 4853 3655 4910 ibi
3702 4853 3814 4909 elli-

2238 4954 2395 4984 nihu‘,
