4040 5298
215 349 316 407 8H

791 353 1137 411 HISTORle
1173 355 1802 415 NOIITIIBIANNORUM
1845 362 2018 420 [.Illlll
2072 365 2274 426 OCTO.
2298 403 2363 411 --
2394 371 2586 429 LIBER
2622 375 2917 437 SEXTUS.

3383 390 3490 444 SI)

215 463 432 520 bilitate
467 465 590 520 viri.
632 465 779 522 Multi
807 478 908 536 pro
937 468 1106 538 Ipsius
1151 481 1337 524 amore
1384 471 1582 527 multas
1626 474 1800 528 eidem
1834 481 1876 538 Α
1909 476 2090 548 lapsus
2123 481 2756 555 fueratdissolutionem,
2801 493 2869 548 ad
2914 497 3353 564 probatissimam
3405 523 3491 561 res

213 555 464 611 ecclesiae
517 565 691 612 terras
733 558 1034 614 contulere.
1091 560 1301 614 Dilatur
1338 561 1478 616 illico
1520 563 1806 620 Beccensis

215 644 370 702 locus
394 648 754 714 ornamentis,
777 652 1232 718 possessionibus;
1262 654 1511 722 personis
1535 655 1805 712 nubilibus

215 745 267 793 et
294 737 564 795 honestis.
596 739 826 796 Interius
874 741 1062 808 religio
1104 750 1268 812 atque
1314 744 1546 799 eruditio
1577 746 1803 802 multum

214 839 556 895 accrescere,
600 831 844 885 exterius
879 845 1063 884 rermu
1092 833 1332 887 omnium
1371 836 1802 892 necessariarum

215 917 650 974 suhmiuistratio
689 919 854 990 carpit
880 921 945 974 ad
976 921 1191 991 pleumu
1223 922 1518 978 abundare.
1538 925 1641 992 Qui
1670 941 1802 997 ergo

215 1008 267 1063 in
308 1009 481 1081 ipsius
502 999 819 1067 monasterii
845 1013 1186 1068 iucbOatioue
1207 1009 1455 1070 domibus
1476 1021 1802 1074 necessariis

213 1101 387 1157 solum
413 1102 684 1159 sufﬁciens
712 1120 819 1159 non
849 1105 1055 1170 habuit,
1087 1106 1205 1176 ejus
1234 1122 1437 1178 paucos
1459 1108 1598 1164 infra
1632 1125 1804 1168 annos

209 1193 278 1247 ad
311 1193 565 1249 milliaria
595 1196 938 1266 protenditur
959 1197 1278 1252 dominium.

278 1284 399 1340 Non
444 1287 617 1340 multo
656 1296 800 1358 post,
831 1297 1049 1358 propter
1097 1289 1516 1348 inhabitantium
1554 1285 1802 1350 multitu-

210 1373 416 1439 dinem,
448 1377 678 1446 contigit
709 1379 760 1431 in
784 1393 847 1432 ea
871 1378 1002 1432 illud
1032 1394 1062 1433 a
1093 1379 1322 1435 Domino
1343 1397 1440 1450 per
1461 1382 1651 1437 lsaia~n
1678 1399 1803 1454 pro-

207 1465 469 1534 pltetam:
504 1466 769 1536 Angustus
797 1470 926 1522 mihi
959 1480 1034 1524 est
1074 1470 1240 1534 locus,
1286 1474 1373 1544 fac
1399 1478 1626 1546 spatium
1675 1471 1801 1532 mihi

208 1555 596 1610 utiuhabitcm.
629 1558 940 1614 Adunatam
983 1555 1184 1616 etenim
1223 1564 1331 1620 illic
1379 1566 1612 1622 fratrum
1664 1569 1803 1622 mul-

209 1643 498 1699 titudinem
528 1646 655 1715 quia
687 1647 971 1703 domorum
995 1652 1315 1720 spaciositas
1337 1653 1447 1723 jam
1465 1661 1661 1725 capere
1691 1672 1796 1711 non

205 1733 422 1788 valebat
449 1744 504 1790 et
541 1737 669 1806 quia
719 1738 857 1793 situs
916 1738 1021 1794 loci
1070 1741 1380 1812 degentium
1441 1745 1799 1802 incolumitati

193 1825 518 1881 contrarius
540 1827 837 1894 existebat,
868 1831 1197 1887 venerabilis
1242 1833 1582 1892 Lanfraucus
1631 1837 1798 1892 abba-
1827 1828 1872 1888 Β

203 1919 313 1967 tem
343 1913 662 1971 Ilerluinum
695 1919 763 1973 de
790 1919 1011 1990 majoris
1036 1927 1354 1980 monasterii
1381 1937 1435 1981 et
1455 1927 1795 1983 ollicinarum

201 2005 566 2064 aediﬁcatione
595 2010 922 2080 compellare
966 2014 1152 2085 erepit.
1215 2015 1371 2071 Tanti
1421 2019 1600 2088 operis
1624 2020 1798 2076 solam

202 2097 686 2154 commonitionem
711 2099 798 2154 ille
822 2102 1095 2168 extimuit,
1135 2106 1311 2160 :etatis
1339 2105 1453 2174 jam
1493 2107 1798 2164 deﬁcientis

201 2188 416 2244 viribus
446 2189 736 2260 plurimum
772 2193 1038 2250 dilIideus.
1068 2194 1296 2253 Noleute
1325 2195 1416 2254 illo
1449 2200 1797 2271 aliquatenus

202 2285 577 2352 acquiescere,
612 2283 800 2342 divino
849 2296 982 2342 nutu
1035 2292 1354 2346 monasterii
1397 2293 1795 2364 presbyterium

199 2373 430 2428 corruit.
465 2374 706 2430 Tandem
733 2376 933 2443 victus,
981 2393 1131 2448 spem
1176 2381 1229 2434 in
1275 2380 1387 2437 Deo
1433 2385 1796 2440 certissimam

199 2476 397 2534 gerens
416 2473 473 2518 et
502 2461 796 2534 plurimum
834 2465 888 2520 in
922 2467 1221 2522 consiliarii
1254 2468 1337 2523 sui
1367 2484 1468 2540 ope
1495 2472 1793 2539 conlidens,

198 2553 354 2624 cujus
379 2571 545 2626 opera
573 2556 676 2612 sibi
706 2557 848 2614 bona
889 2559 1073 2614 omnia
1109 2562 1527 2631 proveniebant,
1561 2566 1616 2618 in
1653 2564 1797 2620 salu-

199 2647 369 2704 briori
424 2650 653 2706 multum
695 2651 802 2708 situ
841 2669 983 2708 nova
1040 2653 1348 2724 inchoavit;
1405 2660 1794 2715 monasterium

199 2751 253 2795 et
278 2739 544 2805 ofﬁcinas,
569 2758 705 2814 opus
738 2745 1066 2814 pergrande,
1095 2747 1340 2818 dignum,
1364 2748 1520 2819 cujus
1543 2751 1792 2823 dignitati

198 2831 424 2888 ditiores
474 2833 656 2888 multa:
697 2850 802 2891 non
854 2837 1122 2893 accedunt
1163 2840 1418 2895 abbatim.
1455 2842 1536 2895 Ad
1584 2843 1796 2898 initian-

199 2922 327 2979 dum
353 2939 494 2997 opus
517 2926 620 2982 hoc
644 2934 876 2994 tantum,
902 2945 1010 2984 non
1037 2945 1123 2986 res
1152 2945 1282 2997 suae,
1319 2949 1440 3003 qua:
1468 2935 1795 3004 permodica:

199 3025 381 3083 erant,
427 3018 522 3072 sed
554 3018 789 3073 maxima
819 3019 874 3074 in
911 3021 1079 3076 Deum
1110 3021 1243 3078 ﬁdes
1267 3024 1505 3079 animum
1535 3025 1790 3082 ﬁrmavit.

197 3103 328 3173 Quae
342 3108 594 3164 universa
619 3109 948 3166 conferendo
965 3113 1044 3167 sic
1076 3113 1460 3182 accumulavit,
1477 3117 1621 3184 quod
1647 3132 1677 3170 a
1705 3119 1792 3174 die

1911 568 2176 627 formatur
2208 577 2550 648 disciplinam
2603 589 3079 647 monasteriorum.
3134 592 3332 653 Clerici
3386 602 3489 656 sub

1908 667 2206 723 canonicnli
2233 682 2558 728 coercentur
2591 678 2812 748 regula;
2846 685 3098 754 populus,
3125 689 3326 745 rituum
3358 693 3487 748 bar-

1907 756 2161 815 barorum
2185 763 2468 822 interdicta
2485 771 2740 838 vanitate,
2767 775 2834 828 ad
2861 789 3006 832 recta
3035 780 3292 839 credendi
3323 793 3489 856 atque

1907 851 2121 908 vivendi
2174 856 2403 915 formam
2460 864 2726 920 eruditur.
2791 867 3259 932 Nobilissimorum
3321 851 3487 951 atque

1905 948 2255 1018 optimorum,
2287 963 2396 1009 tam
2417 955 2736 1014 clericorum
2765 967 2926 1030 quam
2950 963 3228 1034 laicorum,
3254 986 3321 1026 ex
3347 948 3487 1028 mul-

1908 1037 1976 1094 tis
2004 1042 2250 1110 partibus
2283 1048 2431 1102 orbis
2469 1050 2576 1106 ilhc
2607 1053 2873 1112 adunatus
2922 1074 3178 1118 numerus
3212 1063 3279 1118 ad
3307 1076 3489 1124 ccntc-

1905 1132 2113 1188 nariam
2141 1137 2969 1220 protendebatur[pertingebat]
3005 1167 3293 1210 summam.

1975 1222 2121 1279 Nova
2157 1228 2384 1283 necdum
2427 1246 2639 1314 sacrata
2682 1249 2803 1293 erat
2832 1242 3084 1310 ecclesia,
3122 1248 3375 1314 quoniam
3418 1253 3488 1307 ab

1905 1312 2022 1383 ipso
2052 1317 2204 1388 cujus
2231 1335 2350 1374 eam
2383 1311 2666 1380 consilium
2693 1326 2968 1385 inchoavit
2995 1342 3048 1388 et
3071 1311 3330 1393 misiliam
3353 1357 3486 1396 cun-

1903 1411 2214 1476 summavit,
2262 1415 2586 1483 expectabat
2621 1425 2951 1488 consecrari,
2993 1426 3257 1485 instanter
3305 1432 3408 1490 hoe
3454 1454 3486 1492 a

1903 1501 2015 1556 Deo
2044 1519 2363 1574 exposcens.
2409 1508 2574 1577 Cujus
2603 1513 2871 1580 petitiOui,
2903 1518 2997 1587 qui
3022 1521 3091 1575 ad
3137 1534 3337 1580 cmtera
3378 1529 3483 1584 sibi

1903 1593 2167 1666 beu‘gnus
2188 1600 2735 1674 exstiterat,0ptatum
2759 1608 2898 1664 Deus
2920 1615 3189 1671 concessit
3209 1618 3481 1688 ell'ectum,

1901 1687 2204 1758 adimpleus
2240 1707 2336 1762 per
2375 1696 2557 1751 omnia
2595 1713 2759 1769 super
2795 1701 2898 1758 hac
2946 1721 3005 1761 re
3034 1707 3176 1764 illius
3204 1687 3482 1771 allectum.

1902 1779 2068 1837 Multo
2093 1786 2236 1840 enim
2272 1787 2521 1857 ampliori
2553 1805 2714 1860 quam
2744 1809 3077 1864 praesumere
3111 1811 3345 1874 poterat,
3387 1808 3486 1864 ho-

1900 1876 2244 1933 noriﬁcentia
2267 1893 2582 1937 consecrata
2607 1894 2690 1940 est
2713 1902 2744 1941 a
2773 1903 2881 1958 quo
2908 1895 3223 1962 exoptabat.

1967 1970 2135 2042 Igitur
2176 1990 2208 2028 ι
2264 1973 2383 2029 Kal.
2431 1976 2772 2046 Novembris,
2815 2000 2959 2040 anno
2997 1987 3067 2042 ab
3105 1987 3488 2051 lucarnatione

1897 2063 2108 2119 Domini
2162 2067 2321 2130 l077,
2375 2078 2576 2125 sancta:
2621 2075 2801 2131 omnis
2845 2076 3102 2136 Ecclesia:
3149 2089 3484 2144 reverendus

1897 2159 2135 2227 gentium
2160 2162 2643 2218 transmarinarum
2679 2181 2923 2225 summus
2954 2175 3193 2242 pontifex
3217 2175 3484 2238 Lanfrau-

1897 2261 1996 2308 cus
2053 2255 2307 2320 advenit,
2356 2259 2727 2339 consecrando
2784 2277 3263 2326 consummaturus
3309 2275 3487 2332 ecclco

1897 2346 2054 2410 siam,
2085 2361 2249 2416 quam
2295 2347 2597 2418 inspirante
2646 2351 2757 2410 Deo
2805 2357 3112 2428 inchoavit,
3145 2373 3201 2419 et
3239 2365 3292 2420 in
3327 2368 3481 2440 cujus

1895 2439 2236 2495 cxstrucndis
2251 2439 2616 2524 fundamentis
2630 2445 2860 2516 lapidem
2873 2454 3166 2510 secundum
3183 2457 3196 2510 i
3203 2474 3297 2529 pse
3312 2439 3480 2518 manu

1900 2549 1998 2589 sua
2049 2533 2322 2604 imposuit.
2365 2535 2745 2594 Convcncrunt
2795 2543 3032 2602 universi
3071 2533 3485 2612 Northmanuim

1895 2627 2154 2697 epiSCOPi,
2188 2627 2413 2684 abbates
2448 2640 2500 2686 et
2531 2631 2620 2686 alii
2649 2636 2850 2707 quique
2879 2638 3118 2711 religiosi
3147 2644 3268 2699 viri.
3305 2647 3487 2705 Alluc-

1897 2728 2026 2773 runt
2051 2735 2304 2786 proceres
2342 2722 2513 2793 regni.
2547 2723 2663 2781 Rex
2692 2728 2813 2784 aliis
2855 2729 3096 2789 intentus
3123 2739 3352 2808 negotiis
3385 2740 3483 2796 ad-'-

1897 2827 2018 2867 csse
2047 2827 2154 2868 non
2195 2815 2391 2883 potuit.
2426 2815 2633 2888 Regina
2667 2818 2944 2880 Mathildis
2995 2824 3172 2884 libens
3215 2829 3479 2897 aﬂuisset,

1897 2904 1999 2960 nisi
2029 2907 2190 2978 regiis
2220 2908 2440 2964 detenta
2462 2913 2910 2983 occupationibus
2953 2917 3170 2976 fuisset.
3198 2922 3368 2980 Alluit
3402 2937 3484 2982 ta'-

1899 3011 2020 3051 men
2048 3015 2144 3068 per
2167 2999 2556 3057 eondecentem
2581 3004 2952 3066 beneﬁcentia:
2980 3025 3093 3067 sua:
3114 3013 3480 3086 largitionem.

1897 3087 2075 3146 Noluit
2108 3107 2201 3147 rex
2227 3107 2497 3164 supernus
2521 3099 2674 3168 Operi
2717 3103 2907 3170 gratia:
2949 3118 3060 3160 sure
3087 3122 3267 3179 regem
3312 3121 3482 3168 terre~

196 3215 304 3272 qua
347 3203 525 3271 primo
559 3201 906 3258 fundamenta
957 3206 1133 3275 posita
1180 3215 1330 3271 smn,
1387 3223 1562 3278 usque
1593 3210 1660 3263 ad
1698 3226 1789 3266 εχ,
1818 3188 1865 3250 ς
1899 3197 2025 3238 num
2047 3199 2353 3254 supremam
2386 3205 2602 3244 manum
2629 3191 2927 3263 imponere,
2959 3197 3059 3253 sibi
3094 3207 3263 3256 totum
3309 3218 3484 3260 reser:

199 3296 356 3352 tremi
389 3296 583 3367 lapidis
626 3295 1027 3367 impositionem
1071 3314 1172 3355 nec
1199 3300 1428 3355 materia
1470 3299 1662 3370 defuit,
1692 3317 1792 3358 nec

196 3396 465 3459 sumptus.

267 3481 398 3536 Post
446 3481 665 3537 triennii
715 3499 844 3540 vero
901 3483 1320 3554 complctionem
1377 3483 1488 3538 sola
1555 3483 1790 3539 necdum

196 3573 466 3643 completa
493 3573 743 3642 basilica,
770 3577 1096 3633 venerabilis
1125 3575 1459 3632 Lanfrancus
1479 3578 1640 3645 empti
1663 3592 1790 3647 ope-

197 3649 271 3720 ris
293 3665 594 3728 institutor.
628 3677 738 3722 tam
765 3669 1005 3733 Domini,
1035 3683 1199 3737 quam
1229 3665 1642 3722 Northmannize
1674 3667 1788 3737 pri-

197 3767 404 3813 matum
450 3759 845 3828 supplicatione
897 3767 1154 3824 coactus,
1188 3759 1430 3814 ecclesia:
1463 3758 1788 3813 Gadomensi

194 3854 363 3909 abbas
406 3855 724 3924 praeﬁcitur;
754 3855 966 3911 Interea
1011 3854 1474 3910 Nortmannorum
1517 3855 1625 3909 dux
1655 3852 1789 3910 Wil-

196 3944 389 4000 lelmus
413 3944 819 4000 harreditarium
845 3946 946 4001 sibi
977 3945 1184 4016 Anglia:
1209 3958 1434 4016 regnum
1461 3944 1784 4015 pervadens,

197 4039 487 4107 imperium
515 4038 717 4095 rebelle
744 4040 912 4094 armis
953 4040 1021 4092 ad
1059 4054 1180 4108 qum
1212 4037 1382 4092 voluit
1412 4034 1536 4105 jura
1567 4051 1790 4106 compo-

193 4133 326 4188 Suit.
377 4131 505 4186 Dein
549 4130 618 4186 ad
659 4131 1021 4187 meliorandos
1049 4130 1404 4185 ecclesiarum
1452 4138 1626 4184 Status
1673 4129 1787 4182 ani-

194 4237 343 4276 mum
388 4221 638 4276 intendit.
687 4222 877 4277 Totius
925 4221 1093 4292 igitur
1141 4220 1558 4275 Christianitatis
1589 4217 1785 4273 summi

195 4318 470 4389 pontiﬁcis
488 4317 808 4384 Alexandri,
840 4317 942 4371 viri
966 4316 1075 4370 vita
1100 4323 1156 4371 et
1187 4315 1414 4370 scientia
1439 4312 1784 4367 excellentis-

195 4409 341 4475 simi,
370 4409 621 4466 consultu
670 4419 726 4464 et
775 4417 992 4480 rogatu,
1022 4408 1263 4463 omnium
1309 4420 1524 4476 quoque
1573 4403 1785 4474 Anglici

196 4502 350 4572 regni
379 4511 434 4558 et
461 4501 782 4557 Nortmanni
811 4501 1025 4570 imperii
1056 4507 1373 4570 magnatum
1423 4495 1785 4552 libentissime

196 4610 422 4650 assensu
452 4609 546 4650 rex
582 4593 888 4649 Willelmus
926 4593 1074 4662 quod
1114 4591 1460 4662 potissimum
1504 4588 1787 4657 solumque

197 4685 515 4756 acceptabat
536 4683 846 4748 consilium,
878 4683 1160 4738 doctorem
1211 4693 1376 4752 supra
1428 4687 1786 4734 memoratum

197 4777 261 4828 ad
287 4775 391 4830 hoc
417 4775 579 4846 elegit
609 4774 906 4844 negotium.
943 4772 1130 4827 Victus
1165 4768 1448 4840 multiplici
1484 4767 1694 4822 ratione
1732 4767 1786 4821 in

192 4866 445 4937 Angliam
482 4866 806 4922 conducitur
862 4872 918 4920 et
960 4879 1080 4934 qua:
1124 4862 1428 4918 insularum
1466 4859 1786 4915 transmari-

194 4973 390 5012 narum
441 4959 733 5028 primatum
794 4956 1021 5021 obtinet,
1075 4954 1484 5012 Cantuarieusis
1543 4952 1787 5008 eCelesize

196 5051 434 5080 -oonn.\u-:l
465 5051 811 5080 I\-M.II‘.A.III\\
864 5047 964 5080 non:
997 5048 1285 5080 ηιηΙΙαιηιση
1344 5048 1416 5080 λς.
1437 5055 1544 5080 ἉΙΙΙΩ
1599 5045 1787 5080 nmn“-

1895 3285 2029 3330 vans
2090 3281 2451 3336 consummati
2507 3283 2801 3353 gaudium,
2859 3288 3001 3356 quod
3052 3291 3193 3346 infra
3238 3296 3478 3352 sedecnu

1893 3379 2067 3422 annos
2093 3368 2221 3424 solis
2251 3385 2548 3440 pauperum
2586 3377 2840 3444 expensis
2882 3380 3176 3449 complevit
3208 3395 3482 3443 monaste-

1894 3459 2034 3514 rium
2063 3469 2183 3515 Cmn
2212 3463 2462 3519 omnibus
2489 3464 2740 3532 oﬁicinis,
2771 3473 2908 3540 opus
2947 3472 3234 3542 pulchrum
3265 3486 3322 3531 et
3368 3495 3482 3534 ma.

1893 3552 2121 3607 ximum.
2153 3554 2440 3610 Alfuerunt
2473 3567 2529 3612 et
2566 3562 2714 3630 regni
2747 3561 2994 3620 Francia:
3027 3566 3315 3624 clarissimi
3354 3586 3482 3625 cou-

1893 3643 2038 3698 sules
2075 3653 2130 3699 et
2179 3661 2247 3701 ex
2285 3647 2406 3703 aliis
2459 3651 2608 3718 regni
2661 3650 2902 3720 ejusdem
2952 3657 3274 3726 primatibus
3323 3677 3466 3717 cmu-

1894 3733 2096 3804 plures,
2140 3734 2349 3804 clerici,
2379 3740 2651 3806 monachi,
2683 3757 2750 3796 ex
2797 3744 3063 3803 universis
3106 3748 3479 3820 adjacentibus

1892 3826 2206 3896 provinciis.

1961 3920 2254 3993 Aliquanto
2274 3932 2406 3980 vero
2429 3927 2684 3996 temporis
2708 3937 2830 4000 post
2852 3926 3244 3990 dedicationem
3261 3945 3479 4003 exacto,

1893 4017 2239 4072 venerandus
2261 4017 2424 4074 Pater
2451 4019 2747 4076 Herluinus
2773 4023 2922 4078 omni
2961 4025 3328 4083 membrorum
3360 4031 3480 4086 olli-

1889 4108 2212 4165 ciodestitui
2239 4111 2456 4180 penitus
2481 4113 2666 4183 coepit,
2697 4122 2754 4168 et
2805 4115 2960 4186 longe
2991 4128 3119 4173 ante
3157 4121 3264 4176 diei
3309 4123 3480 4190 ipsius

1891 4216 2127 4258 annuam
2151 4204 2542 4260 revolutionem
2573 4208 2717 4276 quod
2737 4216 3040 4277 optaverat,
3063 4211 3314 4267 obtinuit.
3337 4215 3472 4270 Nam

1889 4295 2136 4363 proximo
2157 4297 2444 4352 subsecuto
2473 4312 2659 4353 mense
2686 4300 3061 4368 Augusto,xm
3091 4302 3210 4357 Kal.
3241 4317 3473 4373 septem-

1890 4383 2024 4452 bris,
2056 4387 2146 4442 die
2185 4387 2484 4452 Dominica,
2523 4403 2589 4444 ex
2617 4397 2732 4444 toto
2767 4391 2912 4446 lecto
2933 4393 3211 4449 decubuit.
3245 4395 3478 4465 Vesper-

1894 4478 2005 4532 tina
2034 4493 2064 4532 a
2091 4479 2353 4535 fratribus
2382 4488 2604 4550 peracta
2634 4484 2852 4554 synaxi,
2889 4500 3012 4540 cum
3041 4485 3147 4541 diei
3188 4502 3253 4542 ac
3291 4487 3476 4544 diurni

1890 4570 2054 4626 cilicii
2084 4571 2342 4637 ﬁne,vit:e
2365 4572 2618 4630 humanae
2638 4575 2871 4630 stadium
2893 4574 3036 4632 felici
3055 4593 3217 4634 cursu
3244 4579 3473 4650 peregit,

1890 4672 2048 4719 nocte
2070 4665 2184 4735 jam
2217 4665 2484 4735 proxima,
2506 4682 2628 4736 qua:
2649 4668 2706 4723 in
2732 4668 3070 4725 Dominicam
3101 4671 3475 4736 illuccscebat,

1889 4772 1966 4811 vn
1997 4755 2116 4811 Kal.
2142 4756 2500 4827 Septembris.
2528 4759 2723 4816 Actum
2747 4769 2831 4816 est
2878 4762 2930 4816 in
2957 4761 3199 4832 capitulo
3238 4762 3314 4817 illi
3359 4777 3480 4816 nio-

1891 4859 2235 4914 numentum,
2277 4851 2543 4905 bonorum
2587 4861 2808 4907 actuum
2851 4862 3118 4909 aeternum
3148 4856 3277 4912 ﬁliis
3305 4855 3479 4909 moui‘s

1891 4952 2158 4999 mentum.
2199 4941 2330 4999 Jure
2355 4959 2465 5013 quo
2497 4943 2565 4998 de
2593 4945 2970 5015 Spirilualibus
3005 4945 3242 5008 locuturi
3283 4945 3478 5001 studiis

1891 5036 2243 5080 conveniunt-
2302 5035 2446 5080 illius
2499 5045 2863 5080 nrmsnnlnlnr
2921 5043 3184 5080 mnmnrio
3269 5037 3360 5080 mli
3413 5051 3478 5080 91
