4040 5298
546 170 654 226 853

550 284 814 350 Quattuor
840 281 1082 336 undecies
1106 280 1358 350 transegit
1389 279 1692 333 caenobialis

623 376 823 446 Alanos,
849 375 943 430 rite
972 390 1095 427 suos
1122 372 1451 425 diniidiando
1474 371 1608 424 dies.
1631 387 1636 392 ·

549 465 681 522 Cum
717 465 968 518 l’luebeus
1001 481 1196 518 nonum
1230 463 1323 518 sub
1365 461 1578 531 Virgine
1609 461 1824 532 protulit
1857 473 2052 528 ortum,

538 555 541 558 ’
621 555 1025 625 Conuuigrando
1055 553 1191 608 diem
1221 553 1410 608 clausit
1443 564 1490 607 et
1525 553 1924 607 hebdomadem.

552 647 843 703 L'erhtimts
867 657 998 706 erat.
1023 648 1069 700 si
1096 646 1212 717 quis
1235 646 1299 700 de
1328 647 1536 700 nomine
1559 657 1783 716 quierat,

523 751 532 794 ε
620 740 717 792 Cui
745 755 860 793 cum
885 739 1080 792 sanctis
1111 737 1194 792 det
1221 737 1476 808 quidquid
1499 738 1572 794 eis
1601 736 1745 792 Deus
1772 747 1869 790 est.

1169 845 1301 884 ITEM
1340 845 1520 902 ALIUD.

553 916 600 976 11
610 939 707 974 uuc
735 930 972 990 spectans
1001 921 1282 987 tumulum,
1315 921 1468 974 titulo
1495 936 1743 992 cognosce
1772 917 2047 992 sepultum.

625 1009 714 1063 Est
745 1011 824 1064 via
858 1012 1062 1064 virtutis
1094 1028 1243 1064 nosse
1271 1012 1387 1081 quis
1420 1011 1526 1082 ipse
1561 1011 1682 1080 fuit.

547 1097 686 1156 Dum
721 1115 905 1173 quater
929 1105 1013 1156 hic
1039 1104 1199 1156 denos
1225 1105 1322 1157 (rvi
1351 1106 1568 1158 renis-set
1600 1105 1667 1158 ad
1707 1122 1894 1170 annos,

620 1193 751 1260 Qua:
773 1195 982 1263 fuerant
1012 1195 1156 1249 strcli
1181 1198 1369 1264 spreuit
1399 1213 1575 1266 nutare
1607 1197 1718 1252 Dei.

546 1286 766 1340 Mutuus
795 1305 914 1356 ergo
939 1289 1094 1354 vices,
1127 1288 1189 1341 de
1212 1290 1394 1341 mundi
1425 1289 1590 1342 milite
1614 1290 1762 1344 επὶ-ἐδ

621 1375 708 1430 Fit
741 1375 934 1431 Christi
957 1378 1154 1444 subito,
1187 1379 1473 1432 monachus
1500 1396 1564 1434 ex
1594 1380 1751 1434 laico.

547 1467 688 1521 Hinc
718 1468 816 1522 sibi
845 1485 986 1522 more
1009 1479 1218 1538 patrum
1249 1470 1456 1524 socians
1486 1469 1704 1541 collegia
1741 1470 1991 1542 {rati-um,

618 1557 760 1612 Cura
788 1577 892 1630 qua
927 1560 1122 1626 docuit,
1149 1561 1279 1614 rexit
1311 1577 1419 1625 eos,
1445 1560 1598 1614 aluit.

547 1647 686 1716 Quot
715 1659 1037 1721 quantasque
1063 1651 1222 1718 vides,
1256 1651 1339 1704 hic
1361 1650 1502 1705 solus
1529 1651 1763 1706 condidit
1794 1654 1954 1718 toties,

620 1739 742 1794 Non
773 1751 878 1795 tum
906 1742 1099 1795 divitiis
1127 1759 1285 1813 quam
1315 1743 1438 1796 ﬁdei
1467 1745 1687 1798 meritis.

548 1831 696 1897 Quas
719 1850 850 1904 puer
870 1833 1012 1886 haud
1039 1834 1222 1887 didicit
1255 1832 1560 1898 Scriptores
1590 1844 1770 1904 postea
1799 1835 1968 1900 scivit,

619 1921 814 1976 Doctus
838 1925 891 1976 ut
918 1923 1182 1980 indoctum
1208 1923 1292 1978 ria:
1314 1937 1611 1995 sequeretur
1639 1942 1776 1980 eum.

549 2013 827 2069 Flentibus
856 2017 995 2070 hunc
1027 2017 1172 2071 nobis
1198 2017 1320 2071 tulit
1351 2018 1682 2072 inclementia
1707 2019 1913 2086 mortis,

626 2105 843 2160 Sextiiis
871 2109 1035 2177 quina
1065 2108 1242 2178 bisque
1272 2108 1355 2162 die
1379 2109 1606 2180 decima.

555 2195 810 2252 llerluine
840 2197 1024 2266 Pater,
1054 2201 1128 2254 sic
1152 2201 1331 2254 coalicu
1362 2203 1573 2256 scandfs
1595 2213 1830 2269 oranter,

627 2289 850 2345 Credere
880 2308 1110 2360 namque
1139 2292 1242 2346 tuis
1269 2293 1364 2346 hoc
1393 2291 1511 2346 licet
1537 2311 1601 2347 ea:
1630 2297 1845 2348 mentis.

619 2381 860 2436 Decessit
905 2391 1086 2436 autem
1142 2382 1284 2438 idem
1331 2385 1658 2440 venerabilis
1697 2384 1860 2440 Pater
1904 2402 1974 2441 vn
2024 2385 2140 2441 Kal.

549 2473 912 2542 Septembris,
937 2475 1128 2530 aetatis
1167 2493 1278 2531 suae
1328 2493 1468 2532 anno
1503 2478 1591 2544 84,
1630 2480 1985 2535 monaehatus
2015 2496 2144 2536 vero

546 2563 651 2628 ei;
684 2565 980 2635 paucisque
1007 2566 1344 2638 interpositis
1371 2568 1582 2636 diebus,
1625 2570 1830 2626 electus
1867 2581 1950 2626 est
1977 2572 2146 2628 ahhas

547 2659 838 2715 Aiselmus
859 2674 958 2728 pro
988 2674 1070 2724 eo,
1102 2662 1191 2730 qui
1227 2671 1353 2716 ιιιιίο
1387 2671 1505 2716 erat
1556 2663 1709 2733 prior
1747 2663 1986 2734 ejusdem
2017 2665 2142 2720 lori.

552 2749 656 2815 Qui
684 2759 902 2819 quanta:
929 2750 1094 2806 fuerit
1124 2753 1420 2824 religionis,
1447 2763 1730 2822 quantmve
1755 2756 2054 2826 sapientize,
2092 2759 2144 2813 in

549 2839 690 2896 libro
712 2842 801 2911 qui
833 2843 898 2897 de
931 2843 1040 2898 vita
1067 2843 1234 2914 ipsius
1272 2845 1547 2912 scribitur,
1579 2845 1736 2902 facile
1768 2850 1856 2918 qui
1893 2849 2144 2904 eumdem

551 2931 750 2986 librum
781 2933 972 3005 legerit
1003 2937 1261 3007 reperiet.
1293 2937 1524 3007 Scripsit
1553 2953 1683 2994 vero
1715 2940 1854 2994 idem
1883 2942 1966 2995 vir
1996 2955 2143 2998 reve-

1298 165 1635 250 WILLELMI
1679 163 1994 222 CALCUIJ.
2031 193 2098 204 ιη·
2125 153 2678 224 CESIMETICENSIS
2719 165 3038 223 MONACIII.

2181 315 2216 374 Α
2248 293 2343 333 cos
2377 279 2426 332 iu
2456 279 2676 334 Bai-ensi
2714 281 2964 344 concilio,
3001 289 3259 350 negantes
3298 278 3558 349 Spiritum
3587 287 3836 334 sanetum

3729 165 3836 222 8H

2247 389 2276 428 a
2315 373 2452 427 Filio
2499 376 2809 443 procedere.
2867 372 3018 428 Unde
3065 382 3276 443 smnpta
3323 373 3590 436 materia,
3643 379 3841 441 rogatu

2249 463 2500 518 lhleberti
2533 461 3000 518 Cenomannorum
3027 461 3263 530 episcopi
3295 462 3434 514 hunc
3463 461 3661 514 librum
3695 475 3842 516 com-

2246 559 2446 630 posuit.
2489 559 2554 612 Et
2591 557 2712 628 quia
2744 558 2809 612 de
2845 557 2948 611 hoc
2981 555 3272 610 venerabili
3323 555 3438 608 viro
3473 555 3654 622 aliqua
3705 552 3844 606 dixi-

2247 667 2399 715 mus,
2431 650 2559 705 libet
2588 649 2968 719 compendiose
3007 648 3242 719 spatium
3273 648 3397 703 vita:
3429 646 3550 716 ejus
3591 661 3842 716 compre-

2246 743 2352 798 ben
2363 743 2506 798 dere.

2317 831 2482 887 Ortus
2511 831 2675 902 igitur
2713 845 2780 885 ex
2830 828 3110 901 generosis
3154 828 3472 898 parentibus
3523 827 3578 882 in
3613 827 3840 882 civitate

2243 921 2511 992 Augusta,
2543 935 2662 992 qua:
2689 920 2940 990 contigua
2975 928 3058 972 est
3089 917 3411 988 Burgundite
3440 927 3494 972 et
3523 915 3714 980 italiae,
3743 931 3842 984 per

2247 1015 2457 1070 diversa
2489 1013 2605 1067 loca
2644 1013 2835 1068 similis
2883 1013 3184 1066 litterarum
3225 1024 3444 1077 operam
3497 1009 3676 1062 dando
3714 1021 3842 1076 pcr-

2245 1106 2395 1160 venit
2445 1104 2916 1167 Northmanniam,
2948 1113 3002 1155 et
3047 1103 3099 1154 in
3149 1099 3478 1155 monasterio
3523 1100 3704 1163 Becci,
3749 1098 3842 1152 ubi

2247 1204 2378 1250 tunc
2419 1195 2680 1264 temporis
2708 1209 2936 1264 magnus
2983 1192 3070 1246 ille
3119 1191 3461 1260 supradictus
3499 1188 3844 1243 Lanfiancns

2247 1287 2448 1357 prioris
2475 1286 2796 1358 ltittgehatur
2827 1284 3021 1348 ollicio,
3053 1299 3176 1338 cum
3222 1282 3344 1337 aliis
3389 1281 3842 1337 conscholasticis

2245 1379 2316 1433 ab
2350 1379 2542 1434 eodem
2587 1385 2694 1431 tam
2743 1376 2938 1432 divinis
2965 1390 3126 1444 quam
3157 1373 3504 1428 stecularibus
3542 1371 3742 1426 litteris
3769 1371 3846 1424 in-

2247 1470 2489 1534 structis,
2523 1469 2691 1538 ipsius
2719 1469 2933 1522 hortatu
2962 1476 3014 1520 et
3039 1465 3264 1520 consilio
3296 1464 3470 1520 factus
3513 1471 3599 1518 est
3645 1476 3840 1517 mona-

2246 1560 2384 1614 chus
2412 1559 2566 1614 Beeei
2609 1574 2754 1614 anno
2781 1558 2955 1613 anatis
2986 1572 3096 1612 sua:
3125 1556 3217 1622 27,
3249 1555 3337 1610 ubi
3369 1555 3502 1610 vixit
3533 1552 3844 1609 claustralis

2175 1663 2222 1723 Β
2253 1649 2374 1707 sine
2415 1649 2731 1721 prielatione
2775 1649 2948 1704 tribus
2993 1648 3170 1712 annis,
3217 1647 3279 1701 l5
3323 1645 3475 1716 prior
3510 1653 3635 1715 post
3688 1643 3842 1698 bona

2245 1743 2523 1800 memoiim
2563 1743 2880 1812 praedictum
2931 1740 3294 1810 Lant'raneom
3320 1781 3341 1808 ,
3381 1739 3832 1795 Cantuariensem

2245 1833 2734 1906 archiepiscopum.
2767 1831 2969 1886 Deinde
3001 1831 3068 1886 l5
3094 1830 3252 1886 annis
3285 1830 3451 1884 abbas
3481 1828 3696 1884 exstitit
3723 1835 3844 1896 post

2245 1940 2348 1996 pia:
2380 1923 2776 1980 recordationis
2811 1922 3180 1978 venerabilem
3234 1919 3570 1986 llerluinum,
3601 1919 3842 1990 primum

2246 2015 2500 2072 abbatem
2525 2015 2696 2086 ipsius
2723 2013 2850 2069 loci.
2883 2013 3011 2069 Inde
3041 2021 3353 2082 assumptus
3375 2021 3452 2068 est
3481 2011 3548 2066 ad
3574 2009 3846 2080 archiepi-

2247 2115 2534 2178 sc0patum
2561 2105 3004 2161 Cantuariensem
3032 2103 3546 2174 postvenerandum
3577 2100 3844 2156 Lanfran-

2247 2215 2392 2262 emn,
2426 2212 2585 2268 quem
2620 2196 2760 2250 rexit
2805 2194 2871 2250 16
2897 2195 3072 2249 annis.
3125 2193 3367 2262 Septimo
3398 2193 3612 2247 decimo
3662 2201 3840 2244 autem

2247 2287 2745 2356 archiepiscopatus
2799 2300 2960 2348 anno,
2995 2283 3349 2338 monachams
3389 2297 3518 2337 vero
3561 2281 3660 2347 69,
3681 2293 3843 2351 porro

2246 2379 2421 2434 aetatis
2445 2379 2533 2444 76,
2565 2378 2833 2432 transiite
2859 2378 3060 2432 mundo
3083 2392 3138 2430 χι
3163 2375 3280 2430 Kal.
3309 2374 3450 2436 Maii,
3481 2375 3616 2428 feria
3649 2383 3842 2443 quarta

2247 2479 2374 2528 ante
2403 2470 2626 2524 Coenam
2654 2467 2884 2525 Domini.
2914 2469 3032 2538 Ipso
3053 2473 3194 2523 anno
3221 2468 3322 2522 fuit
3345 2467 3591 2522 ultimum
3607 2465 3840 2531 Pascha,

2246 2563 2348 2618 hoc
2381 2571 2462 2618 est
2488 2578 2561 2617 vn
2587 2561 2704 2615 Kal.
2737 2561 2884 2616 Maii.

2318 2655 2414 2710 llis
2436 2671 2534 2726 per
2555 2654 2994 2724 anticipationem
3024 2653 3182 2710 dictis
3206 2652 3271 2708 de
3293 2651 3580 2708 iundetore
3603 2651 3842 2706 Beccen-

2249 2746 2326 2802 sis
2377 2747 2634 2810 cmuobii,
2666 2761 2786 2800 cum
2825 2745 3123 2800 reverentia
3171 2743 3496 2800 nominando
3547 2737 3841 2796 venerabili

2247 2836 2511 2891 llerluino
2539 2845 2593 2891 et
2623 2850 2934 2892 successore
2974 2835 3090 2906 ejus
3129 2836 3246 2889 viro
3279 2835 3584 2888 clarissimo
3616 2833 3671 2886 in
3703 2832 3840 2886 divi-

2247 2929 2332 2982 nis
2377 2927 2536 2982 rebus
2585 2927 2861 2992 Ansehno,
2913 2927 2979 2981 ad
3026 2926 3270 2980 ordinem
3313 2937 3588 2996 gestorum
3639 2926 3838 2979 ducum

550 3024 754 3079 rendus
790 3027 1044 3096 nonnulla
1084 3028 1240 3098 digna
1287 3031 1562 3084 memoria:
1607 3048 1724 3103 quae
1769 3033 1954 3089 subter
1981 3049 2137 3091 anne-

2249 3015 2674 3083 Northmanniai,
2703 3031 2730 3070 a
2757 3017 2952 3087 quibus
2980 3013 3254 3086 paululum
3283 3013 3514 3085 digressi
3539 3013 3839 3076 fueramus,

551 3123 701 3171 ctere
730 3118 1061 3173 curavimus.
1091 3119 1227 3176 Dum
1262 3122 1438 3176 adhuc
1459 3123 1610 3192 prior
1635 3133 1781 3182 esset
1805 3126 1857 3180 in
1886 3125 2142 3184 Beccensi

549 3208 800 3263 ctenobio
829 3209 1045 3280 scripsit
1079 3219 1343 3268 tractatus
1373 3221 1507 3281 tres,
1533 3215 1766 3286 primum
1789 3219 1864 3273 De
1891 3221 2138 3287 veritate,

547 3302 844 3356 secundum
870 3303 944 3358 De
975 3303 1226 3360 libertate
1253 3307 1490 3372 arbitrii,
1512 3309 1732 3363 tertium
1763 3311 1839 3365 De
1867 3327 1994 3366 casu
2023 3313 2140 3368 dia-

547 3388 681 3445 boli.
713 3391 942 3462 Scripsit
973 3402 1026 3448 et
1053 3406 1329 3464 quartum,
1375 3412 1536 3465 quem
1567 3399 1803 3454 titulavit
1841 3401 1915 3455 De
1961 3418 2141 3472 gram-

548 3481 786 3543 matico;
817 3483 999 3554 inquo
1027 3485 1310 3555 discipulo,
1343 3503 1504 3557 quem
1537 3503 1721 3545 secum
1744 3492 2138 3562 disceptantem

551 3571 872 3636 introducit,
907 3575 1198 3644 respondet
1227 3585 1280 3630 et
1311 3578 1508 3633 nmitas
1545 3581 1860 3639 dialecticas
1887 3585 2142 3654 quar‘stio-

553 3673 653 3712 nes
683 3662 934 3728 proponit
963 3677 1012 3716 et
1043 3664 1226 3718 solvit.
1273 3667 1426 3722 Fecit
1458 3684 1672 3740 quoque
1711 3673 1953 3730 libellum
1985 3677 2140 3746 quiu-

532 3759 687 3813 tum,
722 3764 882 3818 quem
921 3751 1293 3824 Monologium-
1332 3759 1643 3828 appellavit.
1693 3762 1852 3820 Solus
1892 3769 2035 3823 enim
2083 3771 2135 3825 in

554 3855 622 3892 eo
643 3849 698 3894 et
733 3857 914 3896 secum
945 3844 1201 3915 loquitur,
1229 3863 1294 3904 ac
1319 3851 1482 3905 tacita
1509 3855 1654 3908 omni
1691 3858 1901 3915 ratione
1943 3865 2138 3932 quaerit

553 3941 610 3984 et
636 3932 858 4000 invenit,
901 3943 955 3989 et
983 3939 1126 4006 quod
1155 3955 1282 3994 vera
1322 3939 1456 3997 fides
1484 3942 1552 3998 de
1579 3945 1690 4002 Deo
1715 3951 1880 4005 sentit
1910 3953 2136 4010 invinci-

550 4023 646 4078 hili
677 4025 884 4079 ratione
911 4027 1010 4094 sic,
1060 4045 1162 4084 nec
1192 4032 1346 4086 aliter
1385 4049 1506 4090 esse
1535 4052 1692 4106 posse
1719 4043 1913 4111 probat
1953 4056 2006 4100 et
2049 4063 2137 4104 as-

557 4117 708 4212 truit.
735 4117 1049 4191 Composuit
1081 4125 1244 4179 etiam
1285 4126 1479 4184 librum
1517 4143 1726 4190 sextum
1778 4137 1899 4193 licet
1937 4158 2136 4212 parvu-

553 4205 684 4270 lum,
717 4209 812 4262 sed
847 4215 1239 4270 sententiarum
1288 4215 1763 4282 ac'suhtilissimce
1807 4205 2130 4304 contempla-

553 4299 719 4354 tionis
756 4303 996 4370 pondere
1026 4321 1276 4378 magnum

551 4391 650 4485 vit.
691 4392 1000 4485 Alloquitur
1035 4401 1178 4454 enim
1221 4401 1274 4455 in
1323 4419 1389 4459 eo
1435 4421 1597 4476 apere
1639 4421 1731 4467 aut
1774 4415 2010 4485 seipsmn
2047 4431 2138 4475 aut

555 4479 754 4572 Deum.
777 4483 1010 4556 Scripsit
1045 4498 1099 4543 et
1143 4491 1432 4561 septimum
1467 4497 1661 4553 librum
1689 4479 2036 4572 epistularum
2069 4512 2135 4564 ad

555 4569 820 4636 diversos,
847 4575 1074 4634 diversis
1095 4593 1284 4636 eorum
1315 4587 1544 4655 negotiis
1583 4569 1935 4660 respondens,
1959 4597 2042 4650 vel
2073 4613 2135 4654 ea

555 4677 677 4728 «pce
729 4677 827 4718 sua
871 4667 1168 4726 intererant
1210 4689 1506 4745 procurare
1553 4687 1839 4741 mandans.
1887 4686 2039 4744 Fecit
2082 4701 2136 4745 et

553 4760 808 4852 petavum
837 4754 912 4810 De
943 4758 1314 4823 incarnatione
1341 4767 1523 4826 Verbi.
1563 4773 1714 4840 Quod
1761 4793 1896 4847 opus
1935 4783 2136 4852 episto-

551 4837 654 4892 lari
705 4841 846 4911 stylo
899 4852 1262 4918 conscriptum
1317 4871 1520 4917 sanetae
1574 4837 1831 4922 ilomanae
1881 4837 2134 4929 Ecclesia:

545 4943 767 5018 summo
795 4933 1034 4999 pontiﬁci
1073 4939 1289 4998 Urbano
1318 4948 1537 5016 dicavit,
1569 4955 1879 5013 destinavit.
1920 4959 2130 5018 Nonum

552 5017 751 5122 librum
802 5024 988 5122 edidit,
1043 5045 1202 5098 quem
1253 5037 1362 5091 Cur
1409 5039 1549 5098 Deus
1601 5045 1765 5102 homo
1798 5051 2127 5122 appellavit;

553 5109 821 5164 decimum
853 5113 926 5166 De
961 5129 1219 5188 conceptu
1246 5126 1514 5197 virginali,
1547 5109 1889 5194 undecimum
1918 5143 1984 5198 de
2013 5109 2131 5199 ora:

553 5199 792 5254 tionibus
823 5201 890 5254 ad
923 5203 1164 5260 diversos
1196 5225 1427 5276 sanctos.
1459 5234 1594 5289 quos
1642 5227 1857 5294 plurimi
1905 5232 2130 5288 Medita-

2249 3124 2400 3164 rever
2417 3116 2612 3163 lantur.

2871 3239 3097 3296 CAPUT
3145 3240 3212 3295 Χ.

2244 3335 2321 3389 De
2367 3333 2532 3388 classe
2583 3349 2738 3402 quant
2785 3333 2894 3386 dux
2939 3331 3191 3386 [ἰαίνει-ιω
3235 3331 3489 3399 disposuit
3535 3331 3742 3402 mittere
3783 3329 3838 3384 is

2318 3405 2559 3474 Angliam
2581 3401 2632 3457 in
2655 3407 2720 3454 ad
2719 3403 2856 3468 juto:
2871 3403 2974 3456 ium
2991 3414 3329 3474 cognatorum
3347 3418 3564 3455 suorum
3581 3401 3834 3455 Edwardi

2317 3489 2362 3530 et
2389 3472 2626 3540 Aluredi,
2651 3474 2884 3542 ﬁliorum
2909 3475 3040 3543 regis
3063 3472 3334 3526 Edelredi.
3419 3543 3422 3546 ν

2314 3608 2579 3677 Tempore
2610 3621 2716 3676 quo
2743 3589 3062 3671 Etielredus,
3095 3621 3186 3660 rex
3214 3603 3532 3675 Anglorum,
3564 3613 3626 3657 ut
3667 3618 3831 3674 supra

2243 3700 2606 3762 recitavimns,
2631 3697 2661 3750 'a
2696 3697 2896 3762 Sueno,
2929 3698 3202 3752 Danorum
3245 3710 3390 3767 rege,
3430 3709 3601 3764 regno
3626 3695 3834 3766 pulsus,

2240 3801 2292 3846 et
2323 3789 2777 3845 Northmannium
2804 3788 3062 3860 profugus
3092 3789 3254 3853 venit,
3273 3789 3406 3842 duos
3431 3787 3591 3852 ﬁlios,
3615 3787 3835 3844 Edwar-

2239 3883 2366 3938 dum
2392 3889 2444 3936 et
2477 3880 2791 3945 Aluredum,
2829 3895 2930 3934 non
2963 3884 3117 3949 longe
3140 3886 3260 3949 post
3297 3878 3528 3948 patriam
3559 3891 3834 3949 repetens,

2239 3973 2510 4030 llichardo
2563 3987 2749 4028 eorum
2797 3961 3066 4026 avunculo.
3112 3971 3426 4026 nutriendos
3475 3971 3720 4040 reliquit.
3771 3970 3834 4026 lli

2237 4066 2381 4120 enim
2434 4065 2574 4119 intra
2605 4062 3100 4118 Northmannorum
3141 4063 3335 4116 dueum
3373 4061 3554 4116 aulam
3589 4061 3829 4126 educati,

2241 4169 2389 4214 tanto
2431 4159 2634 4214 honore
2679 4171 2710 4211 a
2755 4157 2892 4211 duce
2927 4165 3054 4212 sum
3092 4156 3282 4221 habiti,
3315 4165 3374 4210 ut
3415 4155 3614 4210 summi
3665 4171 3836 4210 nexus

2238 4249 2438 4304 amoris
2467 4258 2723 4318 tanquam
2757 4247 2954 4302 fratres
2980 4263 3073 4302 eos
3111 4248 3394 4317 adoptaret
3431 4247 3553 4301 sibi.
3589 4247 3834 4314 Quorum

1298 4350 1311 4376 ,
1345 4325 1506 4381 quem
1549 4315 1850 4391 Proliogion
1893 4328 2134 4382 nomina-

2245 4341 2498 4396 diuturno
2523 4355 2840 4410 compassus
2858 4338 3146 4405 exsulatui,
3167 4337 3346 4393 missis
3371 4337 3582 4409 legatis,
3609 4337 3836 4392 manda-

2240 4433 2319 4486 vit
2345 4431 2599 4486 Chunuto
2629 4430 2758 4501 regi,
2791 4439 2849 4484 ut
2881 4429 2991 4499 jam
3019 4430 3240 4501 jamque
3263 4429 3489 4484 satiatus
3511 4442 3706 4482 eorum
3737 4443 3834 4482 ex-

2240 4525 2490 4580 lcrminio
2521 4523 2624 4579 illis
2651 4533 2916 4593 parceret,
2970 4533 3022 4577 et
3063 4537 3162 4576 sua
3197 4523 3278 4576 eis
3323 4521 3406 4575 vel
3453 4535 3576 4576 sero
3619 4535 3720 4589 pro
3749 4518 3830 4574 sui

2239 4617 2442 4671 amoris
2481 4616 2704 4672 obtentu
2747 4615 3012 4669 redderet.
3047 4616 3114 4668 At
3147 4613 3236 4668 ille
3271 4612 3578 4668 salubribus
3610 4613 3830 4666 monitis

2235 4711 2351 4778 eius
2380 4725 2483 4764 non
2512 4707 2800 4778 acquievit,
2840 4707 2934 4762 sed
2977 4708 3198 4776 legatos,
3235 4705 3448 4760 infectis
3479 4705 3664 4769 rebus,
3701 4707 3830 4759 nihil

2233 4796 2414 4852 licium
2447 4805 2720 4868 portantes
2763 4797 2990 4851 remisit.
3023 4797 3174 4852 Tunc
3212 4797 3316 4850 dux
3359 4795 3826 4851 vehementissimi

2235 4889 2432 4944 furoris
2481 4889 2678 4947 rubore
2728 4905 3049 4952 succensus,
3097 4890 3412 4944 convocatis
3461 4889 3698 4944 ducatus
3745 4889 3830 4943 sui

2211 4979 2586 5050 principibus,
2608 4979 3038 5048 jussitmagnam
3064 4979 3278 5033 navium
3309 4979 3537 5034 classem
3569 4978 3829 5034 festinato

2233 5070 2510 5125 fabricari.
2555 5069 2728 5135 Quam
2779 5085 2845 5123 ex
2877 5070 3146 5124 'omnibus
3191 5069 3606 5126 Nortlunannici
3661 5071 3828 5125 maris

2231 5161 2474 5228 partibus
2505 5167 2770 5223 coactam,
2801 5169 2856 5213 et
2887 5159 3023 5213 infra
3059 5161 3240 5230 exigui
3285 5159 3545 5230 temporis
3583 5163 3823 5230 spatium

2235 5251 2285 5298 in
2313 5250 2584 5298 anchoris-
2619 5243 2784 5298 inuitis
2811 5251 3224 5298 Imminilmsnue
3261 5251 3659 5298 robustissist
3695 5253 3824 5298 dili-
