4040 5298
211 334 327 392 845

801 334 1147 391 1115⁸1⁵011ιῶ
1188 335 1819 398 NORTIIMANNORUM
1859 343 2036 400 Lllilll
2075 345 2280 402 0&1‘0.
2315 379 2384 389 —
2425 349 2636 406 ιιΒΕῐι
2655 348 2950 412 SEXTUS.

3395 364 3502 422 856

208 456 351 504 sunt
382 445 643 503 devoluti.
674 445 826 514 Quod
855 457 988 518 puto
1020 448 1093 504 ita
1129 447 1330 505 factum
1370 465 1514 516 esse,
1564 451 1674 508 Deo
1716 468 1802 509 au-
1836 465 1886 525 Α
1915 464 2168 525 appetere
2206 457 2749 532 llierosolymitanam
2801 448 3288 541 peregrinationem
3329 482 3504 534 maui-

210 548 396 601 οισι-ο,
421 554 518 610 pro
543 537 809 595 Edwardo
831 555 984 611 rege,
1008 555 1170 610 quem
1199 541 1517 613 disponebat
1543 545 1596 600 in
1627 546 1811 604 futuro
1853 554 1861 562 °
1914 543 2149 602 festavit.
2184 547 2391 616 Quibus
2419 553 2601 607 verbis
2647 570 2838 612 omnes
2872 537 3222 621 vehementer
3259 571 3474 626 attoniti

208 646 453 701 regnare
498 632 615 688 sine
660 633 939 705 sanguinis
993 635 1274 693 eﬂ‘usione.
1328 637 1430 695 Ubi
1475 640 1604 696 dum
1649 641 1809 714 longo

209 723 598 780 detinerentur
619 733 882 797 tempore,
913 736 1075 784 vento
1113 727 1342 786 adverso
1378 725 1580 789 diutius
1619 730 1806 802 ﬂante,

207 813 320 868 dux
347 814 594 872 eﬂ'eratis
623 817 819 874 animis
848 819 1150 876 incredibili
1181 822 1529 878 cruciabatur
1549 840 1800 882 mmrore.

208 902 526 961 Novissime
552 918 730 962 autem
753 909 946 965 videns
979 925 1039 966 se
1083 911 1230 966 nullo
1258 915 1418 969 modo
1444 929 1604 983 posse
1631 925 1807 973 trans-

206 994 440 1061 fretare,
464 999 667 1068 gyratis
700 1001 916 1056 navium
945 1002 1142 1072 proris,
1172 1005 1310 1073 apud
1355 1006 1539 1061 Sancti
1567 1006 1803 1064 Michae-

206 1084 274 1139 lis
316 1099 568 1143 montem
615 1100 854 1148 remeato
893 1092 1058 1149 limbo
1105 1095 1271 1150 maris
1318 1098 1642 1167 quantocius
1677 1109 1805 1156 sunt

206 1177 449 1245 appulsi.

823 1272 1050 1330 CAPUT
1096 1274 1186 1330 Xl.

207 1359 364 1440 Qunod.
412 1370 615 1440 partem
663 1362 896 1440 ejusdem
938 1365 1121 1440 classis
1170 1367 1309 1421 misi!
1360 1369 1429 1422 ad
1476 1369 1802 1440 aﬂligendam

265 1429 630 1509 lirilunniam,
656 1429 794 1509 etde
823 1448 950 1509 price
993 1438 1344 1508 redintegrata
1385 1429 1535 1493 inter?
1555 1429 1724 1509 ipsum
1751 1451 1800 1492 et

275 1499 553 1554 Alcimum
586 1499 831 1557 comitem
853 1505 1164 1562 Britannice.

272 1591 394 1646 Dux
451 1604 631 1649 autem
682 1595 952 1654 Robertus
1001 1602 1290 1670 quamdam
1344 1613 1551 1673 partem
1607 1604 1800 1660 classis

203 1679 430 1764 ﬂabello
450 1683 748 1742 fortissimo
778 1688 936 1744 militi
967 1690 1209 1757 tradidit,
1239 1708 1303 1747 ac
1348 1694 1415 1748 ad
1456 1693 1797 1763 allligendam

204 1774 476 1831 incendiis
513 1786 572 1832 et
614 1781 831 1848 prtediis
865 1781 1197 1839 Britanniam
1236 1786 1452 1841 direxit.
1488 1786 1604 1856 Ipse
1639 1802 1792 1853 vero,

202 1875 492 1922 contracto
553 1871 798 1926 exercitu
857 1875 1140 1943 equestri,
1201 1876 1428 1946 parabat
1485 1893 1550 1932 ex
1621 1878 1794 1933 altera

205 1967 354 2026 parte
379 1974 504 2012 eam
528 1961 1029 2031 aggredi.Alannus
1051 1965 1235 2036 itaque
1260 1967 1612 2023 considerans
1634 1983 1795 2040 grave

206 2048 304 2102 sibi
334 2048 404 2103 ab
435 2051 682 2122 utrisque
713 2055 954 2124 partibus
977 2056 1265 2114 discrimen
1299 2059 1604 2124 imminere,
1629 2061 1794 2114 missa
1879 2091 1884 2098 -

203 2136 491 2206 legatione,
537 2141 827 2198 Robertum
874 2146 1158 2217 utriusque
1203 2152 1551 2214 avunculum,
1590 2150 1791 2205 North-

207 2243 538 2284 niannorum
566 2233 814 2289 videlicet
841 2235 1300 2307 archiprtesulem,
1330 2240 1395 2295 ad
1423 2256 1482 2296 se
1515 2241 1792 2297 mandavit

206 2320 528 2379 festinanter
577 2326 778 2382 venire.
826 2327 923 2384 Cui
983 2345 1105 2385 cum
1168 2333 1438 2388 exitialem
1498 2333 1792 2389 Britannia:

201 2415 750 2483 exterminationem,
782 2426 836 2473 et
857 2421 1116 2476 concitati
1158 2422 1307 2477 ducis
1349 2432 1585 2480 atrocem
1631 2440 1792 2495 super

210 2518 265 2558 se
298 2516 615 2564 enarrasset
648 2511 1065 2580 expeditionem,
1095 2515 1308 2583 praesul,
1335 2531 1432 2572 sua
1472 2518 1787 2588 interposita

208 2593 327 2656 ﬁde,
371 2610 498 2650 eum
539 2602 788 2669 sumpsit,
821 2617 883 2656 ac
913 2605 978 2658 ad
1024 2617 1261 2660 montem
1309 2607 1570 2663 Tumbam
1613 2610 1788 2664 sancti

207 2685 485 2744 Michaelis
515 2692 730 2748 domum
764 2695 987 2750 adduxit
1037 2706 1094 2752 et
1133 2698 1475 2774 clementiam
1524 2702 1788 2774 siquidem

208 2779 352 2834 ducis
409 2780 564 2836 illum
616 2783 868 2840 invadere
913 2787 1264 2858 disponentis.
1297 2790 1416 2844 Mox
1451 2792 1674 2847 nimium
1712 2793 1790 2850 ri-

203 2870 316 2939 giu'a
348 2888 541 2928 eorum
573 2877 894 2945 praecordia,
927 2881 1254 2949 propitiante
1289 2883 1530 2948 Christo.
1571 2900 1688 2944 eam
1721 2887 1788 2940 ad

202 2961 431 3032 quietem
498 2970 836 3036 composuit,
885 2980 946 3026 ut
991 2973 1138 3027 omni
1196 2974 1592 3032 dissensionum
1638 2986 1787 3038 motu

204 3055 405 3121 sedato,
439 3071 632 3112 serena
661 3063 947 3116 concordia
981 3078 1076 3118 eos
1106 3066 1306 3132 uniret,
1343 3076 1398 3123 et
1436 3069 1704 3124 Alanmun
1732 3071 1786 3127 in

204 3147 420 3204 servitio
473 3151 625 3205 ducis
676 3163 831 3221 pacta
893 3155 1150 3212 ﬁdelitate
1213 3161 1509 3229 supplicem
1565 3163 1787 3218 omnino

201 3238 572 3316 complicaret.
601 3241 726 3297 Post
752 3245 865 3300 lucc
894 3245 1099 3315 legatos
1121 3251 1229 3303 dux
1258 3251 1429 3318 misit,
1452 3237 1506 3307 et
1532 3263 1724 3309 nautas
1756 3269 1788 3308 a

205 3313 507 3386 Britannica
537 3335 820 3391 vexatione
855 3340 1110 3395 recedere
1135 3341 1320 3411 jussit.

803 3448 1031 3506 CAPUT
1073 3450 1181 3506 Xll.

206 3523 350 3616 Quod
388 3530 700 3616 Cltulnutus,
745 3538 1203 3616 regAngAlorunt,
1249 3541 1442 3616 obtulit
1467 3561 1560 3614 per
1595 3545 1790 3616 legatos

268 3615 387 3654 suos
403 3600 691 3687 βάψαιμρ
719 3618 766 3660 et
794 3600 1378 3687 Aluredolnedietalem
1410 3600 1614 3684 Anglici
1644 3600 1791 3687 regni

267 3685 358 3754 pro
375 3673 566 3754 timore
596 3673 826 3742 Roberti,
850 3679 997 3754 ducis
1023 3673 1516 3754 Nortltmnnnoruni
1535 3703 1555 3750 ;
1577 3697 1625 3738 et
1651 3673 1790 3754 quod

267 3740 402 3794 idem
455 3743 566 3824 dua:
614 3740 828 3815 pergens
874 3749 1168 3826 Jerusalem
1189 3740 1565 3826 ,__Wil_lelmum
1617 3740 1789 3826 ﬂiium

267 3826 416 3947 rum
467 3816 850 3886 quinquennem
904 3821 1121 3874 ducatui
1188 3816 1784 3881 Nortltmaunt'te'urte-

293 3893 408 3935 cett.
1561 3925 1566 3928 ’

293 3893 408 3935 eett.
1561 3925 1566 3928 ’

270 3969 474 4036 Quibus
503 3974 571 4030 ad
603 3976 864 4049 liquidum
901 3983 1110 4053 septtis,
1145 3999 1212 4040 en
1253 3987 1449 4041 adsunt
1488 3985 1646 4054 legati
1680 3987 1792 4044 llo--

207 4053 354 4115 berto
382 4063 504 4119 duci
538 4079 568 4120 a
599 4067 850 4125 Chunuto
877 4086 1004 4141 rege
1029 4073 1244 4140 directi,
1279 4053 1590 4132 nuntiantes
1637 4078 1786 4134 illmn

205 4151 544 4209 medietatem
571 4155 779 4229 Anglici
823 4163 970 4230 regni
1012 4163 1147 4219 velle
1179 4165 1403 4220 reddere
1448 4167 1573 4222 ﬁliis
1624 4169 1786 4224 Edel-

207 4241 312 4297 redi
341 4247 503 4317 regis,
535 4263 671 4318 pace
695 4259 810 4306 rata
855 4253 908 4308 in
955 4255 1143 4311 diebus
1180 4258 1312 4321 suis,
1343 4273 1408 4313 eo
1435 4263 1577 4329 quod
1611 4256 1786 4318 valida

207 4345 514 4398 gravaretur
567 4339 1010 4401 incommoditate
1057 4348 1343 4418 corporali.
1395 4349 1601 4406 Idcirco
1651 4351 1781 4419 dux,

208 4420 509 4486 intermissa
558 4433 735 4488 navali
779 4436 1144 4505 expeditione,
1195 4439 1403 4494 distulit
1443 4440 1736 4510 incoeptum
1765 4483 1781 4511 ,

1909 645 2130 707 prepter
2159 637 2277 708 ejus
2313 641 2618 699 absentiam
2656 646 3020 709 formidabant
3055 659 3284 726 patriam
3318 663 3473 720 multi

1909 731 2068 786 mode
2110 735 2436 800 perturbari.
2486 735 2775 808 Exponens
2815 753 2995 800 autem
3042 749 3121 805 eis
3166 751 3499 811 Willelmum

1910 819 2078 875 ﬁlium
2107 837 2286 890 suum,
2316 842 2478 896 quem
2508 831 2728 886 unicum
2753 836 2893 905 apud
2924 837 3187 896 Falcsiam
3212 857 3496 916 genuerat,

1907 909 1976 964 ab
1999 911 2082 966 ’eis
2108 917 2468 972 attentissime
2501 921 2772 992 exigebat,
2815 935 2873 980 ut
2916 928 3060 986 lumc
3095 934 3197 989 sibi
3216 909 3367 994 ⁷Ιορο
3411 909 3494 997 sui

1906 1001 2184 1060 dominum
2214 1007 2494 1080 eligerent,
2535 1022 2591 1068 et
2635 1016 2838 1072 militia:
2881 1035 2992 1076 sua:
3025 1027 3322 1098 principem
3357 1045 3496 1100 prae-

1905 1095 2149 1157 ﬁcerent.
2190 1099 2290 1164 Qui
2322 1101 2445 1157 licet
2484 1105 2584 1159 sub
2617 1109 2908 1164 tenerrima
2958 1095 3288 1172 detineretur
3333 1095 3496 1180 aetate

1904 1189 2121 1257 puerili,
2164 1201 2339 1245 tamen
2383 1195 2449 1247 de
2493 1195 2610 1262 ejus
2657 1201 3022 1258 consolatione
3066 1221 3255 1264 omnes
3296 1212 3495 1281 oppido

1903 1279 2214 1345 exhilarati,
2236 1286 2393 1350 juxta
2416 1286 2690 1342 decretqu
2713 1290 2868 1346 ducis
2887 1295 3133 1359 protinus
3158 1313 3280 1353 eum
3313 1279 3494 1372 prom-

1903 1380 1995 1439 pta
2026 1372 2314 1428 vivacitate
2346 1390 2503 1430 suum
2551 1379 2927 1438 collaudavere
2978 1386 3276 1458 principem
3304 1406 3368 1446 ac
3397 1393 3494 1448 do-

1903 1463 2129 1529 miuum,
2160 1476 2457 1538 pangentes
2504 1469 2579 1524 illi
2631 1471 2941 1530 ﬁdelitatem
2970 1492 3078 1533 non
3118 1481 3380 1540 violandis
3405 1501 3496 1542 sa-

1903 1555 2213 1610 cramentis.
2255 1556 2370 1611 Dux
2402 1559 2584 1630 itaque
2634 1561 2903 1620 Robertns
2947 1578 3229 1641 postquam
3272 1575 3388 1631 haec
3423 1582 3491 1632 ad

1900 1653 2084 1701 votum
2137 1647 2395 1718 explevit,
2436 1651 2606 1707 ﬁlium
2653 1669 2808 1712 suum
2861 1658 3106 1717 ﬁdelibus
3153 1673 3209 1719 et
3261 1670 3493 1725 sensatis

1900 1738 2172 1794 tutoribus
2203 1749 2258 1794 et
2284 1743 2599 1800 auctoribus
2636 1761 2808 1817 usque
2839 1750 2906 1803 ad
2951 1749 3244 1822 legitimam
3274 1767 3488 1815 {etatem

1827 1830 2128 1910 Bvsubegit,
2167 1841 2224 1888 et
2259 1833 2535 1904 dispositis
2579 1849 2949 1909 competenter
2993 1846 3156 1901 rebus
3195 1849 3265 1903 ad
3300 1854 3490 1920 patria:

1897 1923 2267 1982 moderamina
2295 1932 2734 2000 congruentibus,
2767 1934 2913 2004 pium
2944 1939 3064 1993 vale
3091 1940 3276 1997 dicens
3303 1945 3486 1998 omni-

1895 2016 2020 2085 bus,
2049 2033 2171 2073 cum
2209 2034 2306 2075 suo
2337 2022 2675 2080 nobilissimo
2717 2027 2977 2082 comitatu
3015 2029 3160 2086 illam
3201 2037 3489 2108 sanctissi-

1894 2122 2040 2160 mam
2071 2111 2561 2186 peregrinationem
2591 2123 2673 2170 est
2711 2132 3016 2188 aggressus.
3054 2120 3183 2188 Quae
3230 2139 3359 2182 vero
3387 2128 3489 2183 liu-

1892 2213 1995 2269 gua
2026 2200 2113 2254 vel
2148 2217 2329 2258 sermo
2363 2205 2654 2274 explicabit
2700 2209 3164 2284 eleemosynarum
3195 2219 3488 2277 exhibitio-

1893 2306 1990 2346 nes
2004 2293 2188 2360 egenis
2214 2293 2282 2348 ab
2300 2310 2364 2350 eo
2386 2299 2625 2365 quotidie
2647 2299 3003 2358 distributas?
3026 2304 3136 2360 Aut
3155 2322 3274 2378 quae
3301 2309 3484 2378 vidua,

1892 2383 1975 2436 vel
2016 2385 2314 2454 orphanus,
2347 2403 2657 2460 egenusque
2703 2394 2936 2460 exstitit,
2973 2398 3063 2466 qui
3098 2415 3202 2454 non
3243 2401 3358 2470 ejus
3383 2420 3482 2459 ex-

1892 2476 2075 2545 pensis
2130 2477 2538 2536 sublevaretur?
2584 2483 2822 2540 Tandem
2868 2489 3134 2554 conl'ecto,
3164 2495 3359 2550 itinere
3409 2500 3479 2553 ad

1893 2565 2020 2620 illud
2067 2570 2373 2625 venerabile
2408 2573 2734 2654 sepulcrum‘
2764 2580 3043 2646 pervenit,
3084 2581 3138 2636 in
3180 2599 3286 2653 quo
3315 2581 3483 2658 Regis

1891 2656 2129 2713 caelestis
2159 2663 2557 2719 sanetissimum
2589 2681 2784 2737 corpus
2821 2668 3014 2739 jacuit.
3052 2667 3183 2742 Quis
3219 2692 3350 2746 ergo
3382 2656 3482 2734 lio-

1890 2750 2098 2804 minum
2132 2754 2408 2810 cnarrabit
2437 2766 2568 2826 quot
2591 2772 2690 2828 per
2717 2771 2942 2819 octonos
2971 2765 3087 2822 dies
3117 2767 3480 2841 lacrymarum

1891 2842 2080 2898 rivulis
2109 2844 2239 2900 illud
2270 2847 2482 2916 eluerit,
2517 2850 2600 2906 vel
2631 2862 2762 2922 quot
2809 2857 2927 2912 auri
2976 2861 3290 2917 muneribus
3318 2878 3482 2919 accu-

1891 2934 2214 2992 mulaverizi

2485 3088 2715 3156 CAPUT
2756 3095 2890 3159 Xlll.

1817 3199 1861 3262 C
1896 3204 2050 3272 Quod
2091 3207 2382 3300 idrm‘dua:
2433 3211 2688 3300 Refertur
2743 3195 3476 3300 rediens_abnilierosolymis

2107 3280 2248 3342 apud
2272 3282 2450 3335 urbem
2487 3283 2762 3340 Nica'nam
2800 3290 2922 3343 obiit
2957 3292 3010 3345 iit
3037 3292 3262 3349 Christo.

1964 3408 2156 3475 Porro,
2183 3412 2382 3465 invitus
2407 3413 2536 3480 dux,
2566 3417 2687 3486 pius
2722 3428 2776 3472 et
2806 3421 2914 3474 Deo
2940 3425 3213 3491 amabilis,
3244 3430 3472 3500 adorato

1893 3497 2107 3556 Christo
2152 3517 2271 3555 eum
2325 3503 2658 3560 internarum
2707 3509 3034 3579 singultunm
3085 3518 3364 3586 suspiriis,
3419 3497 3478 3577 ct

1891 3593 2191 3662 peragratis
2243 3594 2568 3650 Sanctorum
2609 3597 2772 3662 locis,
2825 3594 3196 3658 felicissimum
3241 3622 3472 3664 conver—

1895 3691 2014 3736 tens
2045 3685 2166 3742 iter.
2201 3685 2267 3739 ad
2301 3685 2574 3741 Niczenam
2608 3704 2890 3757 regressus
2922 3701 3006 3746 est
3037 3693 3246 3751 urbem.
3271 3697 3326 3752 ln
3364 3715 3472 3769 qua

1891 3784 2176 3844 correptus
2209 3777 2527 3846 aegrimonia
2558 3782 2823 3850 corporis,
2859 3783 3151 3843 millesimo
3199 3790 3474 3848 tricesimo

1890 3869 2082 3938 quinto
2130 3871 2198 3924 ab
2241 3871 2620 3930 lucarnatione
2663 3876 2874 3932 Domini
2907 3893 3070 3947 anno,
3098 3881 3240 3936 viam
3278 3893 3474 3954 petens

1889 3963 2128 4018 universi
2156 3965 2370 4034 generis
2387 3966 2626 4029 humani,
2655 3971 3012 4039 gaudentibus
3031 3973 3256 4043 angelis,
3280 3977 3476 4033 divina:

1889 4057 2192 4111 vocationis
2236 4057 2392 4126 jussu
2446 4059 2500 4114 in
2548 4059 2656 4115 ﬁne
2704 4064 2958 4119 occubuit
3009 4081 3060 4120 vt
3094 4065 3275 4122 Nonas
3317 4067 3470 4126 Julii.

1888 4146 2005 4202 Non
2033 4151 2176 4204 enim
2210 4150 2487 4219 indignum
2515 4153 2726 4207 aestimo
2753 4156 2978 4212 credere
3000 4166 3055 4211 et
3074 4173 3266 4227 penna:
3291 4159 3468 4217 ollicio

1888 4240 2126 4310 signare,
2162 4242 2306 4313 quod
2342 4253 2548 4305 aeterno
2575 4246 2815 4301 caelestis
2847 4247 3187 4304 Hierusalem
3219 4246 3471 4307 Modera-

1891 4333 2017 4398 tori,
2065 4333 2218 4403 cujus
2263 4343 2318 4389 et
2349 4335 2639 4404 sepulturae
2684 4336 2864 4392 locum
2899 4340 3127 4395 interra
3174 4354 3471 4401 veneratus

1887 4429 1992 4484 est,
2032 4421 2086 4475 in
2119 4423 2277 4492 hujus
2303 4423 2427 4478 vitae
2458 4425 2636 4480 medio
2681 4425 2869 4483 labore
2901 4429 2968 4484 ad
2999 4432 3253 4500 perennis
3285 4433 3470 4503 gloriae

206 4512 350 4577 prius
400 4521 624 4590 cupiens
675 4525 743 4579 ab
799 4525 1185 4594 Hierosolymis
1245 4531 1446 4597 redire,
1498 4533 1639 4604 quod
1692 4535 1782 4588 diu
1811 4550 1860 4611 ι)
1887 4512 2223 4611 θοηδίξτίίξηη
2253 4529 2376 4611 ίῖ¹¹¹η
2413 4528 2692 4611 3559mm
2720 4517 3013 4588 placuerit;
3047 4537 3116 4611 "9
3151 4522 3309 4577 beam
3350 4526 3472 4580 ani'

211 4608 482 4670 Optaverat
507 4611 865 4669 devotissimo
893 4617 1098 4673 animo.
1120 4617 1252 4673 Nam
1274 4623 1611 4690 perpendens
1641 4623 1783 4679 hanc

211 4691 368 4752 vitam
398 4703 676 4773 prodigam
698 4705 817 4762 fore
847 4718 902 4763 et
934 4709 1171 4778 labilem,
1198 4713 1471 4784 verbaque
1504 4717 1782 4772 D‘ominica

209 4783 290 4874 ι)Ῑο
317 4799 476 4860 atque
505 4793 651 4850 felici
681 4799 846 4852 corde
887 4801 1155 4869 volutans,
1182 4783 1436 4859 divitibus
1464 4803 1736 4874 loquentia
1766 4825 1780 4863 :

222 4869 302 4930 Vte
333 4883 487 4952 rubis,
530 4889 621 4957 qui
665 4889 866 4944 habetis
891 4904 1114 4948 vestram
1158 4896 1584 4959 consolationem,
1620 4899 1784 4970 elegit

213 4971 374 5060 magis
401 4989 605 5049 pauper
634 4979 835 5036 Christi
871 4983 988 5039 ﬁeri
1032 5000 1192 5056 quam
1224 4987 1614 5060 gehennalibus
1646 4990 1781 5059 ignia

211 5057 302 5100 hic
347 5069 493 5100 ἤι’-.-ε
515 5087 525 5095 ι
568 5073 860 5100 ῃΑιιΑ-Ι-ιιιι..
927 5094 1015 5100 -..κ

1886 4615 1974 4652 tua
2007 4599 2239 4668 plurimo
2262 4602 2374 4670 jam
2404 4605 2738 4672 optimorum
2767 4623 2992 4678 operum
3025 4609 3312 4680 splendore
3340 4629 3472 4670 can-

1888 4698 2105 4763 didata,
2154 4708 2278 4770 post
2317 4700 2606 4757 mundanis
2644 4703 2858 4760 actibus
2903 4705 3180 4776 implicata
3227 4711 3471 4764 maculas

1886 4789 2185 4860 colligeret.
2242 4790 2498 4860 Sepultus
2543 4801 2629 4847 est
2675 4794 2838 4848 etiam
2896 4795 2948 4849 in
2997 4796 3223 4854 basilica
3269 4809 3476 4855 sancta:

1858 4880 2071 4936 Maria:
2103 4897 2132 4936 a
2173 4882 2311 4946 suis,
2353 4882 2494 4936 intra
2543 4883 3019 4945 maeniaNicaenm
3071 4890 3340 4952 civitatis;
3388 4906 3477 4951 re-

1889 4982 2092 5042 gnante
2123 4974 2352 5029 Domino
2377 4980 2566 5028 nostro
2593 4972 2718 5030 Jesu
2743 4976 2962 5034 Christo
2988 4978 3040 5032 in
3072 4988 3314 5048 paternae
3357 4995 3478 5052 ma-

2154 5068 2355 5100 Annulo
2426 5079 2551 5100 ﬂllm
2601 5069 2980 5100 Aﬂmnllnl;lnln
3021 5071 3252 5100 Qui—2s..-
3298 5076 3480 5100 annnl:

1893 5066 2107 5100 ίηοιιιοῗο
