  <div class='ocr_page' id='page_1' title='image "/cluster/home/n/w/nwhite01/storage/ocr_20150623/149/hvd.32044015473770/429.png"; bbox 0 0 4040 5298; ppageno 0'>
   <div class='ocr_carea' id='block_1_1' title="bbox 556 279 662 335">
    <p class='ocr_par' dir='ltr' id='par_1_1' title="bbox 556 279 662 335">
     <span class='ocr_line' id='line_1_1' title="bbox 556 279 662 335; baseline 0 0"><span class='ocrx_word' id='word_1_1' title='bbox 556 279 662 335; x_wconf 68' lang='lat' dir='ltr'><strong>Si?</strong></span> 
     </span>
    </p>
   </div>
   <div class='ocr_carea' id='block_1_2' title="bbox 1381 267 2986 342">
    <p class='ocr_par' dir='ltr' id='par_1_2' title="bbox 1381 267 2986 342">
     <span class='ocr_line' id='line_1_2' title="bbox 1381 267 2986 342; baseline 0.004 -6"><span class='ocrx_word' id='word_1_2' title='bbox 1381 279 1724 336; x_wconf 76' lang='lat' dir='ltr'><strong>WILLELMI</strong></span> <span class='ocrx_word' id='word_1_3' title='bbox 1745 279 2040 337; x_wconf 73' lang='lat' dir='ltr'><strong>CALCULI</strong></span> <span class='ocrx_word' id='word_1_4' title='bbox 2081 267 2224 338; x_wconf 65' lang='lat' dir='ltr'><strong>GEM</strong></span> <span class='ocrx_word' id='word_1_5' title='bbox 2236 283 2636 340; x_wconf 71' lang='lat' dir='ltr'><strong>METICENSIS</strong></span> <span class='ocrx_word' id='word_1_6' title='bbox 2679 283 2986 342; x_wconf 74' lang='lat' dir='ltr'><strong>MONACH&#39;</strong></span> 
     </span>
    </p>
   </div>
   <div class='ocr_carea' id='block_1_3' title="bbox 3727 287 3828 347">
    <p class='ocr_par' dir='ltr' id='par_1_3' title="bbox 3727 287 3828 347">
     <span class='ocr_line' id='line_1_3' title="bbox 3727 287 3828 347; baseline 0.04 -4"><span class='ocrx_word' id='word_1_7' title='bbox 3727 287 3828 347; x_wconf 61' lang='lat'><strong>8‘8</strong></span> 
     </span>
    </p>
   </div>
   <div class='ocr_carea' id='block_1_4' title="bbox 583 417 3824 443">
    <p class='ocr_par' dir='ltr' id='par_1_4' title="bbox 583 417 3824 443">
     <span class='ocr_line' id='line_1_4' title="bbox 583 417 3824 443; baseline 0.002 -7"><span class='ocrx_word' id='word_1_8' title='bbox 583 417 3824 443; x_wconf 49' lang='lat' dir='ltr'>ww</span> 
     </span>
    </p>
   </div>
   <div class='ocr_carea' id='block_1_5' title="bbox 1191 537 3198 664">
    <p class='ocr_par' dir='ltr' id='par_1_5' title="bbox 1191 537 3198 664">
     <span class='ocr_line' id='line_1_5' title="bbox 1191 537 3198 664; baseline 0.004 -13"><span class='ocrx_word' id='word_1_9' title='bbox 1191 537 1917 656; x_wconf 79' lang='lat' dir='ltr'><strong>HlSTOBI/E</strong></span> <span class='ocrx_word' id='word_1_10' title='bbox 2002 542 3198 664; x_wconf 81' lang='lat' dir='ltr'><strong>NORTMANNORUM</strong></span> 
     </span>
    </p>
   </div>
   <div class='ocr_carea' id='block_1_6' title="bbox 1673 755 2720 876">
    <p class='ocr_par' dir='ltr' id='par_1_6' title="bbox 1673 755 2720 876">
     <span class='ocr_line' id='line_1_6' title="bbox 1673 755 2720 876; baseline 0.004 -32"><span class='ocrx_word' id='word_1_11' title='bbox 1673 755 2032 844; x_wconf 83' lang='lat' dir='ltr'><strong>LIBER</strong></span> <span class='ocrx_word' id='word_1_12' title='bbox 2091 756 2720 876; x_wconf 83' lang='lat' dir='ltr'><strong>SEPTIMUS.</strong></span> 
     </span>
    </p>
   </div>
   <div class='ocr_carea' id='block_1_7' title="bbox 1470 919 2860 1004">
    <p class='ocr_par' dir='ltr' id='par_1_7' title="bbox 1470 919 2860 1004">
     <span class='ocr_line' id='line_1_7' title="bbox 1470 919 2860 1004; baseline 0.004 -22"><span class='ocrx_word' id='word_1_13' title='bbox 1470 919 1552 982; x_wconf 79' lang='lat' dir='ltr'><strong>De</strong></span> <span class='ocrx_word' id='word_1_14' title='bbox 1576 921 1842 982; x_wconf 81' lang='lat' dir='ltr'><strong>Willelmo</strong></span> <span class='ocrx_word' id='word_1_15' title='bbox 1871 925 2024 994; x_wconf 82' lang='lat' dir='ltr'><strong>duce,</strong></span> <span class='ocrx_word' id='word_1_16' title='bbox 2052 926 2142 998; x_wconf 79' lang='lat' dir='ltr'><strong>qui</strong></span> <span class='ocrx_word' id='word_1_17' title='bbox 2168 925 2414 998; x_wconf 80' lang='lat' dir='ltr'><strong>Angliam</strong></span> <span class='ocrx_word' id='word_1_18' title='bbox 2443 930 2609 988; x_wconf 74' lang='lat' dir='ltr'><strong>armis</strong></span> <span class='ocrx_word' id='word_1_19' title='bbox 2640 931 2860 1004; x_wconf 76' lang='lat' dir='ltr'><strong>subegit.</strong></span> 
     </span>
    </p>
   </div>
   <div class='ocr_carea' id='block_1_8' title="bbox 1983 1061 2376 1077">
    <p class='ocr_par' dir='ltr' id='par_1_8' title="bbox 1983 1061 2376 1077">
     <span class='ocr_line' id='line_1_8' title="bbox 1983 1061 2376 1077; baseline 0.005 -2"><span class='ocrx_word' id='word_1_20' title='bbox 1983 1061 2376 1077; x_wconf 42' lang='lat'><strong>*—</strong></span> 
     </span>
    </p>
   </div>
   <div class='ocr_carea' id='block_1_9' title="bbox 1059 1221 1618 1286">
    <p class='ocr_par' dir='ltr' id='par_1_9' title="bbox 1059 1221 1618 1286">
     <span class='ocr_line' id='line_1_9' title="bbox 1059 1221 1618 1286; baseline 0.002 -4"><span class='ocrx_word' id='word_1_21' title='bbox 1059 1221 1292 1284; x_wconf 71' lang='lat' dir='ltr'><strong>CM’UT</strong></span> <span class='ocrx_word' id='word_1_22' title='bbox 1328 1227 1618 1286; x_wconf 72' lang='lat' dir='ltr'><strong>PRIMUM.</strong></span> 
     </span>
    </p>
   </div>
   <div class='ocr_carea' id='block_1_10' title="bbox 555 1314 2132 1389">
    <p class='ocr_par' dir='ltr' id='par_1_10' title="bbox 555 1314 2132 1389">
     <span class='ocr_line' id='line_1_10' title="bbox 555 1314 2132 1389; baseline 0.006 -21"><span class='ocrx_word' id='word_1_23' title='bbox 555 1315 700 1382; x_wconf 78' lang='lat' dir='ltr'><strong>Quos</strong></span> <span class='ocrx_word' id='word_1_24' title='bbox 741 1314 946 1370; x_wconf 80' lang='lat' dir='ltr'><strong>labores</strong></span> <span class='ocrx_word' id='word_1_25' title='bbox 977 1315 1278 1372; x_wconf 77' lang='lat' dir='ltr'><strong>Willelmus</strong></span> <span class='ocrx_word' id='word_1_26' title='bbox 1315 1335 1446 1388; x_wconf 84' lang='lat' dir='ltr'><strong>puer</strong></span> <span class='ocrx_word' id='word_1_27' title='bbox 1478 1336 1751 1389; x_wconf 77' lang='lat' dir='ltr'><strong>perpessus</strong></span> <span class='ocrx_word' id='word_1_28' title='bbox 1783 1331 1855 1376; x_wconf 80' lang='lat' dir='ltr'><strong>est</strong></span> <span class='ocrx_word' id='word_1_29' title='bbox 1899 1339 1951 1376; x_wconf 79' lang='grc' dir='ltr'><strong>ιη</strong></span> <span class='ocrx_word' id='word_1_30' title='bbox 1983 1322 2132 1378; x_wconf 82' lang='lat' dir='ltr'><strong>initio</strong></span> 
     </span>
    </p>
   </div>
   <div class='ocr_carea' id='block_1_11' title="bbox 725 1389 1950 1462">
    <p class='ocr_par' dir='ltr' id='par_1_11' title="bbox 725 1389 1950 1462">
     <span class='ocr_line' id='line_1_11' title="bbox 725 1389 1950 1462; baseline 0.006 -23"><span class='ocrx_word' id='word_1_31' title='bbox 725 1389 806 1440; x_wconf 79' lang='lat' dir='ltr'><strong>sui</strong></span> <span class='ocrx_word' id='word_1_32' title='bbox 845 1389 1188 1458; x_wconf 71' lang='lat' dir='ltr'><strong>principatus,</strong></span> <span class='ocrx_word' id='word_1_33' title='bbox 1215 1391 1546 1458; x_wconf 67' lang='lat' dir='ltr'><strong>perversitate</strong></span> <span class='ocrx_word' id='word_1_34' title='bbox 1579 1391 1950 1462; x_wconf 80' lang='lat' dir='ltr'><strong>quorumdam.</strong></span> 
     </span>
    </p>
   </div>
   <div class='ocr_carea' id='block_1_12' title="bbox 625 1499 2131 1572">
    <p class='ocr_par' dir='ltr' id='par_1_12' title="bbox 625 1499 2131 1572">
     <span class='ocr_line' id='line_1_12' title="bbox 625 1499 2131 1572; baseline 0.007 -18"><span class='ocrx_word' id='word_1_35' title='bbox 625 1499 934 1556; x_wconf 78' lang='lat' dir='ltr'><strong>Recensitis</strong></span> <span class='ocrx_word' id='word_1_36' title='bbox 979 1501 1224 1556; x_wconf 88' lang='lat' dir='ltr'><strong>scriatim</strong></span> <span class='ocrx_word' id='word_1_37' title='bbox 1273 1501 1497 1558; x_wconf 80' lang='lat' dir='ltr'><strong>Roberti</strong></span> <span class='ocrx_word' id='word_1_38' title='bbox 1531 1503 1707 1572; x_wconf 83' lang='lat' dir='ltr'><strong>magni</strong></span> <span class='ocrx_word' id='word_1_39' title='bbox 1736 1503 1890 1561; x_wconf 88' lang='lat' dir='ltr'><strong>ducis</strong></span> <span class='ocrx_word' id='word_1_40' title='bbox 1919 1507 2131 1564; x_wconf 82' lang='lat' dir='ltr'><strong>actibus</strong></span> 
     </span>
    </p>
   </div>
   <div class='ocr_carea' id='block_1_13' title="bbox 549 1590 2129 1664">
    <p class='ocr_par' dir='ltr' id='par_1_13' title="bbox 549 1590 2129 1664">
     <span class='ocr_line' id='line_1_13' title="bbox 549 1590 2129 1664; baseline 0.005 -19"><span class='ocrx_word' id='word_1_41' title='bbox 549 1599 606 1645; x_wconf 87' lang='lat' dir='ltr'><strong>et</strong></span> <span class='ocrx_word' id='word_1_42' title='bbox 663 1590 958 1646; x_wconf 90' lang='lat' dir='ltr'><strong>multorum</strong></span> <span class='ocrx_word' id='word_1_43' title='bbox 1009 1591 1198 1646; x_wconf 88' lang='lat' dir='ltr'><strong>solerti</strong></span> <span class='ocrx_word' id='word_1_44' title='bbox 1249 1593 1506 1662; x_wconf 84' lang='lat' dir='ltr'><strong>indagine</strong></span> <span class='ocrx_word' id='word_1_45' title='bbox 1558 1595 1821 1650; x_wconf 79' lang='lat' dir='ltr'><strong>inlimatis</strong></span> <span class='ocrx_word' id='word_1_46' title='bbox 1872 1597 2129 1664; x_wconf 87' lang='lat' dir='ltr'><strong>aurilms,</strong></span> 
     </span>
    </p>
   </div>
   <div class='ocr_carea' id='block_1_14' title="bbox 547 1681 2130 1756">
    <p class='ocr_par' dir='ltr' id='par_1_14' title="bbox 547 1681 2130 1756">
     <span class='ocr_line' id='line_1_14' title="bbox 547 1681 2130 1756; baseline 0.004 -19"><span class='ocrx_word' id='word_1_47' title='bbox 547 1691 864 1752; x_wconf 87' lang='lat' dir='ltr'><strong>competens</strong></span> <span class='ocrx_word' id='word_1_48' title='bbox 905 1681 1137 1746; x_wconf 84' lang='lat' dir='ltr'><strong>videtur,</strong></span> <span class='ocrx_word' id='word_1_49' title='bbox 1187 1691 1245 1736; x_wconf 92' lang='lat' dir='ltr'><strong>ut</strong></span> <span class='ocrx_word' id='word_1_50' title='bbox 1295 1685 1361 1738; x_wconf 88' lang='lat' dir='ltr'><strong>ad</strong></span> <span class='ocrx_word' id='word_1_51' title='bbox 1407 1683 1738 1740; x_wconf 88' lang='lat' dir='ltr'><strong>Willelmum</strong></span> <span class='ocrx_word' id='word_1_52' title='bbox 1795 1685 1963 1741; x_wconf 81' lang='lat' dir='ltr'><strong>(ilium</strong></span> <span class='ocrx_word' id='word_1_53' title='bbox 2010 1685 2130 1756; x_wconf 75' lang='lat' dir='ltr'><strong>ejus</strong></span> 
     </span>
    </p>
   </div>
   <div class='ocr_carea' id='block_1_15' title="bbox 547 1773 2129 1847">
    <p class='ocr_par' dir='ltr' id='par_1_15' title="bbox 547 1773 2129 1847">
     <span class='ocr_line' id='line_1_15' title="bbox 547 1773 2129 1847; baseline 0.005 -23"><span class='ocrx_word' id='word_1_54' title='bbox 547 1773 808 1826; x_wconf 73' lang='lat' dir='ltr'><strong>articulus</strong></span> <span class='ocrx_word' id='word_1_55' title='bbox 835 1781 1109 1837; x_wconf 90' lang='lat' dir='ltr'><strong>vertatur;</strong></span> <span class='ocrx_word' id='word_1_56' title='bbox 1163 1773 1558 1829; x_wconf 78' lang='lat' dir='ltr'><strong>subscribendo</strong></span> <span class='ocrx_word' id='word_1_57' title='bbox 1607 1775 1826 1840; x_wconf 81' lang='lat' dir='ltr'><strong>futuris,</strong></span> <span class='ocrx_word' id='word_1_58' title='bbox 1875 1791 1982 1847; x_wconf 88' lang='lat' dir='ltr'><strong>quo</strong></span> <span class='ocrx_word' id='word_1_59' title='bbox 2033 1793 2129 1834; x_wconf 77' lang='lat' dir='ltr'><strong>su-</strong></span> 
     </span>
    </p>
   </div>
   <div class='ocr_carea' id='block_1_16' title="bbox 549 1861 2129 1936">
    <p class='ocr_par' dir='ltr' id='par_1_16' title="bbox 549 1861 2129 1936">
     <span class='ocr_line' id='line_1_16' title="bbox 549 1861 2129 1936; baseline 0.008 -20"><span class='ocrx_word' id='word_1_60' title='bbox 549 1861 684 1918; x_wconf 74' lang='lat' dir='ltr'><strong>dare</strong></span> <span class='ocrx_word' id='word_1_61' title='bbox 712 1862 914 1918; x_wconf 87' lang='lat' dir='ltr'><strong>laboris</strong></span> <span class='ocrx_word' id='word_1_62' title='bbox 959 1865 1304 1919; x_wconf 84' lang='lat' dir='ltr'><strong>inimicorum</strong></span> <span class='ocrx_word' id='word_1_63' title='bbox 1353 1863 1579 1936; x_wconf 83' lang='lat' dir='ltr'><strong>laqueos</strong></span> <span class='ocrx_word' id='word_1_64' title='bbox 1609 1869 1866 1934; x_wconf 80' lang='lat' dir='ltr'><strong>evaserit,</strong></span> <span class='ocrx_word' id='word_1_65' title='bbox 1914 1879 1970 1924; x_wconf 91' lang='lat' dir='ltr'><strong>et</strong></span> <span class='ocrx_word' id='word_1_66' title='bbox 2016 1870 2129 1927; x_wconf 86' lang='lat' dir='ltr'><strong>suis</strong></span> 
     </span>
    </p>
   </div>
   <div class='ocr_carea' id='block_1_17' title="bbox 548 1953 2125 2026">
    <p class='ocr_par' dir='ltr' id='par_1_17' title="bbox 548 1953 2125 2026">
     <span class='ocr_line' id='line_1_17' title="bbox 548 1953 2125 2026; baseline 0.007 -20"><span class='ocrx_word' id='word_1_67' title='bbox 548 1969 741 2007; x_wconf 90' lang='lat' dir='ltr'><strong>eorum</strong></span> <span class='ocrx_word' id='word_1_68' title='bbox 795 1953 969 2010; x_wconf 77' lang='lat' dir='ltr'><strong>ferina</strong></span> <span class='ocrx_word' id='word_1_69' title='bbox 1019 1955 1159 2011; x_wconf 91' lang='lat' dir='ltr'><strong>colla</strong></span> <span class='ocrx_word' id='word_1_70' title='bbox 1199 1956 1439 2026; x_wconf 74' lang='lat' dir='ltr'><strong>vestigiis</strong></span> <span class='ocrx_word' id='word_1_71' title='bbox 1477 1958 1704 2014; x_wconf 89' lang='lat' dir='ltr'><strong>viriliter</strong></span> <span class='ocrx_word' id='word_1_72' title='bbox 1739 1961 2125 2017; x_wconf 83' lang='lat' dir='ltr'><strong>substraverit.</strong></span> 
     </span>
    </p>
   </div>
   <div class='ocr_carea' id='block_1_18' title="bbox 545 2043 2127 2124">
    <p class='ocr_par' dir='ltr' id='par_1_18' title="bbox 545 2043 2127 2124">
     <span class='ocr_line' id='line_1_18' title="bbox 545 2043 2127 2124; baseline 0.004 -24"><span class='ocrx_word' id='word_1_73' title='bbox 545 2043 829 2116; x_wconf 86' lang='lat' dir='ltr'><strong>Plerisque</strong></span> <span class='ocrx_word' id='word_1_74' title='bbox 878 2047 1078 2102; x_wconf 88' lang='lat' dir='ltr'><strong>etenim</strong></span> <span class='ocrx_word' id='word_1_75' title='bbox 1128 2047 1422 2120; x_wconf 74' lang='lat' dir='ltr'><strong>Scriptum</strong></span> <span class='ocrx_word' id='word_1_76' title='bbox 1466 2051 1736 2120; x_wconf 78' lang='lat' dir='ltr'><strong>reperitur</strong></span> <span class='ocrx_word' id='word_1_77' title='bbox 1792 2051 1845 2106; x_wconf 93' lang='lat' dir='ltr'><strong>in</strong></span> <span class='ocrx_word' id='word_1_78' title='bbox 1893 2053 2127 2124; x_wconf 79' lang='lat' dir='ltr'><strong>paginis,</strong></span> 
     </span>
    </p>
   </div>
   <div class='ocr_carea' id='block_1_19' title="bbox 545 2137 2130 2208">
    <p class='ocr_par' dir='ltr' id='par_1_19' title="bbox 545 2137 2130 2208">
     <span class='ocr_line' id='line_1_19' title="bbox 545 2137 2130 2208; baseline 0.004 -18"><span class='ocrx_word' id='word_1_79' title='bbox 545 2137 788 2208; x_wconf 81' lang='lat' dir='ltr'><strong>nequitia</strong></span> <span class='ocrx_word' id='word_1_80' title='bbox 834 2139 1006 2208; x_wconf 84' lang='lat' dir='ltr'><strong>patris</strong></span> <span class='ocrx_word' id='word_1_81' title='bbox 1059 2137 1228 2208; x_wconf 89' lang='lat' dir='ltr'><strong>iniqui</strong></span> <span class='ocrx_word' id='word_1_82' title='bbox 1275 2141 1493 2195; x_wconf 85' lang='lat' dir='ltr'><strong>domum</strong></span> <span class='ocrx_word' id='word_1_83' title='bbox 1530 2139 1624 2195; x_wconf 82' lang='lat' dir='ltr'><strong>lilii</strong></span> <span class='ocrx_word' id='word_1_84' title='bbox 1666 2140 1941 2208; x_wconf 79' lang='lat' dir='ltr'><strong>subverti;</strong></span> <span class='ocrx_word' id='word_1_85' title='bbox 1982 2157 2012 2197; x_wconf 91' lang='lat' dir='ltr'><strong>e</strong></span> <span class='ocrx_word' id='word_1_86' title='bbox 2041 2143 2130 2196; x_wconf 70' lang='lat' dir='ltr'><strong>di-</strong></span> 
     </span>
    </p>
   </div>
   <div class='ocr_carea' id='block_1_20' title="bbox 541 2231 2126 2306">
    <p class='ocr_par' dir='ltr' id='par_1_20' title="bbox 541 2231 2126 2306">
     <span class='ocr_line' id='line_1_20' title="bbox 541 2231 2126 2306; baseline 0.004 -22"><span class='ocrx_word' id='word_1_87' title='bbox 541 2243 704 2286; x_wconf 74' lang='lat' dir='ltr'><strong>verso</strong></span> <span class='ocrx_word' id='word_1_88' title='bbox 731 2245 892 2298; x_wconf 87' lang='lat' dir='ltr'><strong>vero,</strong></span> <span class='ocrx_word' id='word_1_89' title='bbox 927 2231 1122 2288; x_wconf 88' lang='lat' dir='ltr'><strong>merito</strong></span> <span class='ocrx_word' id='word_1_90' title='bbox 1153 2231 1279 2287; x_wconf 88' lang='lat' dir='ltr'><strong>boni</strong></span> <span class='ocrx_word' id='word_1_91' title='bbox 1313 2233 1543 2289; x_wconf 88' lang='lat' dir='ltr'><strong>solidius</strong></span> <span class='ocrx_word' id='word_1_92' title='bbox 1580 2234 1847 2289; x_wconf 73' lang='lat' dir='ltr'><strong>robor-ari.</strong></span> <span class='ocrx_word' id='word_1_93' title='bbox 1885 2235 2126 2306; x_wconf 83' lang='lat' dir='ltr'><strong>Denique</strong></span> 
     </span>
    </p>
   </div>
   <div class='ocr_carea' id='block_1_21' title="bbox 540 2323 2126 2399">
    <p class='ocr_par' dir='ltr' id='par_1_21' title="bbox 540 2323 2126 2399">
     <span class='ocr_line' id='line_1_21' title="bbox 540 2323 2126 2399; baseline 0.004 -21"><span class='ocrx_word' id='word_1_94' title='bbox 540 2325 790 2399; x_wconf 71' lang='lat' dir='ltr'><strong>Christus</strong></span> <span class='ocrx_word' id='word_1_95' title='bbox 837 2323 1074 2381; x_wconf 79' lang='lat' dir='ltr'><strong>Roberto</strong></span> <span class='ocrx_word' id='word_1_96' title='bbox 1125 2325 1270 2394; x_wconf 90' lang='lat' dir='ltr'><strong>duci,</strong></span> <span class='ocrx_word' id='word_1_97' title='bbox 1307 2327 1508 2397; x_wconf 87' lang='lat' dir='ltr'><strong>spretis</strong></span> <span class='ocrx_word' id='word_1_98' title='bbox 1551 2329 1620 2382; x_wconf 89' lang='lat' dir='ltr'><strong>ab</strong></span> <span class='ocrx_word' id='word_1_99' title='bbox 1665 2341 1731 2382; x_wconf 85' lang='lat' dir='ltr'><strong>eo</strong></span> <span class='ocrx_word' id='word_1_100' title='bbox 1775 2327 2126 2384; x_wconf 70' lang='lat' dir='ltr'><strong>steeularibus</strong></span> 
     </span>
    </p>
   </div>
   <div class='ocr_carea' id='block_1_22' title="bbox 479 2417 2124 2490">
    <p class='ocr_par' dir='ltr' id='par_1_22' title="bbox 479 2417 2124 2490">
     <span class='ocr_line' id='line_1_22' title="bbox 479 2417 2124 2490; baseline 0 -14"><span class='ocrx_word' id='word_1_101' title='bbox 479 2465 490 2476; x_wconf 94' lang='lat'><strong>.</strong></span> <span class='ocrx_word' id='word_1_102' title='bbox 539 2417 776 2488; x_wconf 83' lang='lat' dir='ltr'><strong>pompis,</strong></span> <span class='ocrx_word' id='word_1_103' title='bbox 807 2417 1023 2472; x_wconf 89' lang='lat' dir='ltr'><strong>domum</strong></span> <span class='ocrx_word' id='word_1_104' title='bbox 1065 2417 1352 2486; x_wconf 84' lang='lat' dir='ltr'><strong>stabilivit,</strong></span> <span class='ocrx_word' id='word_1_105' title='bbox 1384 2419 1511 2473; x_wconf 91' lang='lat' dir='ltr'><strong>dum</strong></span> <span class='ocrx_word' id='word_1_106' title='bbox 1538 2419 1762 2490; x_wconf 81' lang='lat' dir='ltr'><strong>perenni</strong></span> <span class='ocrx_word' id='word_1_107' title='bbox 1791 2434 1914 2475; x_wconf 86' lang='lat' dir='ltr'><strong>eum</strong></span> <span class='ocrx_word' id='word_1_108' title='bbox 1947 2421 2124 2490; x_wconf 79' lang='lat' dir='ltr'><strong>palma</strong></span> 
     </span>
    </p>
   </div>
   <div class='ocr_carea' id='block_1_23' title="bbox 542 2509 2124 2584">
    <p class='ocr_par' dir='ltr' id='par_1_23' title="bbox 542 2509 2124 2584">
     <span class='ocr_line' id='line_1_23' title="bbox 542 2509 2124 2584; baseline 0.003 -19"><span class='ocrx_word' id='word_1_109' title='bbox 542 2511 938 2576; x_wconf 83' lang='lat' dir='ltr'><strong>renumeravit,</strong></span> <span class='ocrx_word' id='word_1_110' title='bbox 984 2519 1041 2565; x_wconf 91' lang='lat' dir='ltr'><strong>ct</strong></span> <span class='ocrx_word' id='word_1_111' title='bbox 1080 2509 1413 2566; x_wconf 74' lang='lat' dir='ltr'><strong>Willehuum</strong></span> <span class='ocrx_word' id='word_1_112' title='bbox 1445 2509 1614 2566; x_wconf 76' lang='lat' dir='ltr'><strong>lilium</strong></span> <span class='ocrx_word' id='word_1_113' title='bbox 1643 2511 1780 2580; x_wconf 84' lang='lat' dir='ltr'><strong>ejus,</strong></span> <span class='ocrx_word' id='word_1_114' title='bbox 1825 2512 2124 2584; x_wconf 74' lang='lat' dir='ltr'><strong>proﬂigatis</strong></span> 
     </span>
    </p>
   </div>
   <div class='ocr_carea' id='block_1_24' title="bbox 539 2598 2118 2672">
    <p class='ocr_par' dir='ltr' id='par_1_24' title="bbox 539 2598 2118 2672">
     <span class='ocr_line' id='line_1_24' title="bbox 539 2598 2118 2672; baseline 0.002 -15"><span class='ocrx_word' id='word_1_115' title='bbox 539 2598 810 2667; x_wconf 84' lang='lat' dir='ltr'><strong>inimicis,</strong></span> <span class='ocrx_word' id='word_1_116' title='bbox 867 2599 1063 2654; x_wconf 78' lang='lat' dir='ltr'><strong>tlu&#39;ono</strong></span> <span class='ocrx_word' id='word_1_117' title='bbox 1110 2600 1276 2672; x_wconf 81' lang='lat' dir='ltr'><strong>regali</strong></span> <span class='ocrx_word' id='word_1_118' title='bbox 1321 2601 1666 2670; x_wconf 82' lang='lat' dir='ltr'><strong>postmodum</strong></span> <span class='ocrx_word' id='word_1_119' title='bbox 1712 2603 1980 2672; x_wconf 71' lang='lat' dir='ltr'><strong>prmexit.</strong></span> <span class='ocrx_word' id='word_1_120' title='bbox 2015 2601 2118 2660; x_wconf 82' lang='lat' dir='ltr'><strong>Ve-</strong></span> 
     </span>
    </p>
   </div>
   <div class='ocr_carea' id='block_1_25' title="bbox 539 2687 2120 2771">
    <p class='ocr_par' dir='ltr' id='par_1_25' title="bbox 539 2687 2120 2771">
     <span class='ocr_line' id='line_1_25' title="bbox 539 2687 2120 2771; baseline 0.001 -19"><span class='ocrx_word' id='word_1_121' title='bbox 539 2687 879 2766; x_wconf 76' lang='lat' dir='ltr'><strong>rumtamen,</strong></span> <span class='ocrx_word' id='word_1_122' title='bbox 924 2700 1122 2769; x_wconf 86' lang='lat' dir='ltr'><strong>quibus</strong></span> <span class='ocrx_word' id='word_1_123' title='bbox 1170 2698 1525 2755; x_wconf 88' lang='lat' dir='ltr'><strong>victoriarum</strong></span> <span class='ocrx_word' id='word_1_124' title='bbox 1580 2700 1870 2771; x_wconf 82' lang='lat' dir='ltr'><strong>triumphis</strong></span> <span class='ocrx_word' id='word_1_125' title='bbox 1915 2700 1967 2755; x_wconf 91' lang='lat' dir='ltr'><strong>in</strong></span> <span class='ocrx_word' id='word_1_126' title='bbox 2019 2701 2120 2756; x_wconf 80' lang='lat' dir='ltr'><strong>du-</strong></span> 
     </span>
    </p>
   </div>
   <div class='ocr_carea' id='block_1_26' title="bbox 540 2790 2113 2860">
    <p class='ocr_par' dir='ltr' id='par_1_26' title="bbox 540 2790 2113 2860">
     <span class='ocr_line' id='line_1_26' title="bbox 540 2790 2113 2860; baseline -0.001 -14"><span class='ocrx_word' id='word_1_127' title='bbox 540 2799 665 2846; x_wconf 85' lang='lat' dir='ltr'><strong>catu</strong></span> <span class='ocrx_word' id='word_1_128' title='bbox 708 2791 991 2858; x_wconf 81' lang='lat' dir='ltr'><strong>claruerit,</strong></span> <span class='ocrx_word' id='word_1_129' title='bbox 1027 2797 1186 2860; x_wconf 86' lang='lat' dir='ltr'><strong>prout</strong></span> <span class='ocrx_word' id='word_1_130' title='bbox 1214 2790 1349 2844; x_wconf 88' lang='lat' dir='ltr'><strong>ordo</strong></span> <span class='ocrx_word' id='word_1_131' title='bbox 1391 2806 1570 2844; x_wconf 87' lang='lat' dir='ltr'><strong>rerum</strong></span> <span class='ocrx_word' id='word_1_132' title='bbox 1597 2790 1946 2846; x_wconf 85' lang='lat' dir='ltr'><strong>ve:acissime</strong></span> <span class='ocrx_word' id='word_1_133' title='bbox 1975 2806 2113 2846; x_wconf 85' lang='lat' dir='ltr'><strong>com-</strong></span> 
     </span>
    </p>
   </div>
   <div class='ocr_carea' id='block_1_27' title="bbox 541 2879 2121 2952">
    <p class='ocr_par' dir='ltr' id='par_1_27' title="bbox 541 2879 2121 2952">
     <span class='ocr_line' id='line_1_27' title="bbox 541 2879 2121 2952; baseline 0.001 -16"><span class='ocrx_word' id='word_1_134' title='bbox 541 2891 824 2952; x_wconf 83' lang='lat' dir='ltr'><strong>pertorum</strong></span> <span class='ocrx_word' id='word_1_135' title='bbox 867 2882 1176 2944; x_wconf 83' lang='lat' dir='ltr'><strong>dictaverit,</strong></span> <span class='ocrx_word' id='word_1_136' title='bbox 1229 2881 1361 2936; x_wconf 87' lang='lat' dir='ltr'><strong>libet</strong></span> <span class='ocrx_word' id='word_1_137' title='bbox 1406 2879 1651 2937; x_wconf 83' lang='lat' dir='ltr'><strong>venturis</strong></span> <span class='ocrx_word' id='word_1_138' title='bbox 1699 2881 2002 2950; x_wconf 79' lang='lat' dir='ltr'><strong>notitieare,</strong></span> <span class='ocrx_word' id='word_1_139' title='bbox 2055 2899 2121 2938; x_wconf 91' lang='lat' dir='ltr'><strong>ne</strong></span> 
     </span>
    </p>
   </div>
   <div class='ocr_carea' id='block_1_28' title="bbox 540 2971 2118 3044">
    <p class='ocr_par' dir='ltr' id='par_1_28' title="bbox 540 2971 2118 3044">
     <span class='ocr_line' id='line_1_28' title="bbox 540 2971 2118 3044; baseline 0 -16"><span class='ocrx_word' id='word_1_140' title='bbox 540 2981 791 3044; x_wconf 77' lang='lat' dir='ltr'><strong>tegantur</strong></span> <span class='ocrx_word' id='word_1_141' title='bbox 837 2973 983 3028; x_wconf 88' lang='lat' dir='ltr'><strong>inani</strong></span> <span class='ocrx_word' id='word_1_142' title='bbox 1035 2972 1286 3044; x_wconf 81' lang='lat' dir='ltr'><strong>segnitie,</strong></span> <span class='ocrx_word' id='word_1_143' title='bbox 1337 2987 1458 3042; x_wconf 68' lang='lat' dir='ltr'><strong>quze</strong></span> <span class='ocrx_word' id='word_1_144' title='bbox 1507 2971 1758 3042; x_wconf 70' lang='lat' dir='ltr'><strong>gloriosa:</strong></span> <span class='ocrx_word' id='word_1_145' title='bbox 1812 2975 2118 3029; x_wconf 67' lang='lat' dir='ltr'><strong>u&#39;ticuerunt</strong></span> 
     </span>
    </p>
   </div>
   <div class='ocr_carea' id='block_1_29' title="bbox 538 3063 2116 3136">
    <p class='ocr_par' dir='ltr' id='par_1_29' title="bbox 538 3063 2116 3136">
     <span class='ocr_line' id='line_1_29' title="bbox 538 3063 2116 3136; baseline 0.002 -17"><span class='ocrx_word' id='word_1_146' title='bbox 538 3064 717 3120; x_wconf 65' lang='lat' dir='ltr'><strong>aetatis</strong></span> <span class='ocrx_word' id='word_1_147' title='bbox 755 3071 956 3120; x_wconf 75' lang='lat' dir='ltr'><strong>nostra:</strong></span> <span class='ocrx_word' id='word_1_148' title='bbox 988 3072 1252 3135; x_wconf 90' lang='lat' dir='ltr'><strong>tempore.</strong></span> <span class='ocrx_word' id='word_1_149' title='bbox 1283 3063 1332 3119; x_wconf 90' lang='lat' dir='ltr'><strong>ls</strong></span> <span class='ocrx_word' id='word_1_150' title='bbox 1363 3064 1546 3134; x_wconf 86' lang='lat' dir='ltr'><strong>itaque</strong></span> <span class='ocrx_word' id='word_1_151' title='bbox 1589 3064 1695 3118; x_wconf 74' lang='lat' dir='ltr'><strong>dux</strong></span> <span class='ocrx_word' id='word_1_152' title='bbox 1737 3065 1788 3119; x_wconf 92' lang='lat' dir='ltr'><strong>in</strong></span> <span class='ocrx_word' id='word_1_153' title='bbox 1821 3066 2116 3136; x_wconf 82' lang='lat' dir='ltr'><strong>puerilibus</strong></span> 
     </span>
    </p>
   </div>
   <div class='ocr_carea' id='block_1_30' title="bbox 538 3155 2114 3229">
    <p class='ocr_par' dir='ltr' id='par_1_30' title="bbox 538 3155 2114 3229">
     <span class='ocr_line' id='line_1_30' title="bbox 538 3155 2114 3229; baseline 0.001 -17"><span class='ocrx_word' id='word_1_154' title='bbox 538 3156 696 3214; x_wconf 86' lang='lat' dir='ltr'><strong>annis</strong></span> <span class='ocrx_word' id='word_1_155' title='bbox 745 3166 899 3229; x_wconf 86' lang='lat' dir='ltr'><strong>patre</strong></span> <span class='ocrx_word' id='word_1_156' title='bbox 941 3157 1198 3220; x_wconf 85' lang='lat' dir='ltr'><strong>orbatus,</strong></span> <span class='ocrx_word' id='word_1_157' title='bbox 1251 3155 1430 3226; x_wconf 87' lang='lat' dir='ltr'><strong>sagaci</strong></span> <span class='ocrx_word' id='word_1_158' title='bbox 1485 3164 1720 3210; x_wconf 89' lang='lat' dir='ltr'><strong>tutorum</strong></span> <span class='ocrx_word' id='word_1_159' title='bbox 1771 3157 2114 3226; x_wconf 82' lang='lat' dir='ltr'><strong>providentia</strong></span> 
     </span>
    </p>
   </div>
   <div class='ocr_carea' id='block_1_31' title="bbox 535 3245 2112 3306">
    <p class='ocr_par' dir='ltr' id='par_1_31' title="bbox 535 3245 2112 3306">
     <span class='ocr_line' id='line_1_31' title="bbox 535 3245 2112 3306; baseline -0.002 -2"><span class='ocrx_word' id='word_1_160' title='bbox 535 3249 844 3306; x_wconf 74' lang='lat' dir='ltr'><strong>liberalium</strong></span> <span class='ocrx_word' id='word_1_161' title='bbox 902 3261 1114 3304; x_wconf 86' lang='lat' dir='ltr'><strong>morum</strong></span> <span class='ocrx_word' id='word_1_162' title='bbox 1176 3245 1566 3302; x_wconf 88' lang='lat' dir='ltr'><strong>instituebatur</strong></span> <span class='ocrx_word' id='word_1_163' title='bbox 1625 3245 1692 3300; x_wconf 90' lang='lat' dir='ltr'><strong>ad</strong></span> <span class='ocrx_word' id='word_1_164' title='bbox 1754 3245 2112 3301; x_wconf 89' lang='lat' dir='ltr'><strong>incrementa.</strong></span> 
     </span>
    </p>
   </div>
   <div class='ocr_carea' id='block_1_32' title="bbox 533 3335 2113 3412">
    <p class='ocr_par' dir='ltr' id='par_1_32' title="bbox 533 3335 2113 3412">
     <span class='ocr_line' id='line_1_32' title="bbox 533 3335 2113 3412; baseline -0.006 -13"><span class='ocrx_word' id='word_1_165' title='bbox 533 3339 650 3400; x_wconf 81' lang='lat' dir='ltr'><strong>Sub</strong></span> <span class='ocrx_word' id='word_1_166' title='bbox 696 3341 814 3412; x_wconf 88' lang='lat' dir='ltr'><strong>ejus</strong></span> <span class='ocrx_word' id='word_1_167' title='bbox 863 3339 1083 3394; x_wconf 88' lang='lat' dir='ltr'><strong>ineunte</strong></span> <span class='ocrx_word' id='word_1_168' title='bbox 1129 3345 1311 3403; x_wconf 66' lang='lat' dir='ltr'><strong>actate,</strong></span> <span class='ocrx_word' id='word_1_169' title='bbox 1348 3335 1846 3391; x_wconf 80' lang='lat' dir='ltr'><strong>Northmannorum</strong></span> <span class='ocrx_word' id='word_1_170' title='bbox 1895 3335 2113 3406; x_wconf 85' lang='lat' dir='ltr'><strong>plurimi</strong></span> 
     </span>
    </p>
   </div>
   <div class='ocr_carea' id='block_1_33' title="bbox 531 3427 2114 3501">
    <p class='ocr_par' dir='ltr' id='par_1_33' title="bbox 531 3427 2114 3501">
     <span class='ocr_line' id='line_1_33' title="bbox 531 3427 2114 3501; baseline -0.006 -9"><span class='ocrx_word' id='word_1_171' title='bbox 531 3437 852 3492; x_wconf 85' lang='lat' dir='ltr'><strong>aberrantes</strong></span> <span class='ocrx_word' id='word_1_172' title='bbox 882 3433 949 3487; x_wconf 89' lang='lat' dir='ltr'><strong>ab</strong></span> <span class='ocrx_word' id='word_1_173' title='bbox 980 3431 1098 3501; x_wconf 83' lang='lat' dir='ltr'><strong>ejus</strong></span> <span class='ocrx_word' id='word_1_174' title='bbox 1127 3429 1391 3485; x_wconf 80' lang='lat' dir='ltr'><strong>ﬁdelitate</strong></span> <span class='ocrx_word' id='word_1_175' title='bbox 1419 3427 1571 3498; x_wconf 87' lang='lat' dir='ltr'><strong>plura</strong></span> <span class='ocrx_word' id='word_1_176' title='bbox 1605 3443 1702 3498; x_wconf 88' lang='lat' dir='ltr'><strong>per</strong></span> <span class='ocrx_word' id='word_1_177' title='bbox 1737 3428 1852 3484; x_wconf 88' lang='lat' dir='ltr'><strong>loca</strong></span> <span class='ocrx_word' id='word_1_178' title='bbox 1887 3443 2114 3500; x_wconf 79' lang='lat' dir='ltr'><strong>aggeres</strong></span> 
     </span>
    </p>
   </div>
   <div class='ocr_carea' id='block_1_34' title="bbox 531 3519 2110 3592">
    <p class='ocr_par' dir='ltr' id='par_1_34' title="bbox 531 3519 2110 3592">
     <span class='ocr_line' id='line_1_34' title="bbox 531 3519 2110 3592; baseline -0.004 -12"><span class='ocrx_word' id='word_1_179' title='bbox 531 3531 848 3592; x_wconf 80' lang='lat' dir='ltr'><strong>erexerunt,</strong></span> <span class='ocrx_word' id='word_1_180' title='bbox 873 3532 928 3578; x_wconf 87' lang='lat' dir='ltr'><strong>et</strong></span> <span class='ocrx_word' id='word_1_181' title='bbox 957 3522 1259 3576; x_wconf 81' lang='lat' dir='ltr'><strong>latissimas</strong></span> <span class='ocrx_word' id='word_1_182' title='bbox 1287 3519 1390 3575; x_wconf 88' lang='lat' dir='ltr'><strong>sibi</strong></span> <span class='ocrx_word' id='word_1_183' title='bbox 1423 3519 1751 3573; x_wconf 87' lang='lat' dir='ltr'><strong>munitiones</strong></span> <span class='ocrx_word' id='word_1_184' title='bbox 1785 3527 2110 3574; x_wconf 77' lang='lat' dir='ltr'><strong>construxe-</strong></span> 
     </span>
    </p>
   </div>
   <div class='ocr_carea' id='block_1_35' title="bbox 531 3605 2111 3679">
    <p class='ocr_par' dir='ltr' id='par_1_35' title="bbox 531 3605 2111 3679">
     <span class='ocr_line' id='line_1_35' title="bbox 531 3605 2111 3679; baseline -0.003 -13"><span class='ocrx_word' id='word_1_185' title='bbox 531 3619 676 3666; x_wconf 77' lang='lat' dir='ltr'><strong>runt.</strong></span> <span class='ocrx_word' id='word_1_186' title='bbox 701 3613 940 3679; x_wconf 83' lang='lat' dir='ltr'><strong>Quarum</strong></span> <span class='ocrx_word' id='word_1_187' title='bbox 963 3609 1092 3664; x_wconf 79' lang='lat' dir='ltr'><strong>dum</strong></span> <span class='ocrx_word' id='word_1_188' title='bbox 1110 3607 1374 3662; x_wconf 84' lang='lat' dir='ltr'><strong>auderent</strong></span> <span class='ocrx_word' id='word_1_189' title='bbox 1401 3605 1483 3659; x_wconf 83' lang='lat' dir='ltr'><strong>ﬁsi</strong></span> <span class='ocrx_word' id='word_1_190' title='bbox 1513 3606 1832 3670; x_wconf 87' lang='lat' dir='ltr'><strong>munimine,</strong></span> <span class='ocrx_word' id='word_1_191' title='bbox 1861 3609 2111 3675; x_wconf 86' lang='lat' dir='ltr'><strong>protinus</strong></span> 
     </span>
    </p>
   </div>
   <div class='ocr_carea' id='block_1_36' title="bbox 531 3696 2109 3760">
    <p class='ocr_par' dir='ltr' id='par_1_36' title="bbox 531 3696 2109 3760">
     <span class='ocr_line' id='line_1_36' title="bbox 531 3696 2109 3760; baseline -0.003 -4"><span class='ocrx_word' id='word_1_192' title='bbox 531 3703 672 3757; x_wconf 89' lang='lat' dir='ltr'><strong>inter</strong></span> <span class='ocrx_word' id='word_1_193' title='bbox 704 3715 800 3756; x_wconf 91' lang='lat' dir='ltr'><strong>eos</strong></span> <span class='ocrx_word' id='word_1_194' title='bbox 831 3699 1032 3756; x_wconf 84' lang='lat' dir='ltr'><strong>diversi</strong></span> <span class='ocrx_word' id='word_1_195' title='bbox 1065 3709 1244 3754; x_wconf 76' lang='lat' dir='ltr'><strong>motus</strong></span> <span class='ocrx_word' id='word_1_196' title='bbox 1277 3699 1622 3760; x_wconf 84' lang='lat' dir='ltr'><strong>exoriuntur,</strong></span> <span class='ocrx_word' id='word_1_197' title='bbox 1653 3696 1947 3752; x_wconf 87' lang='lat' dir='ltr'><strong>seditiones</strong></span> <span class='ocrx_word' id='word_1_198' title='bbox 1975 3713 2109 3752; x_wconf 90' lang='lat' dir='ltr'><strong>cou-</strong></span> 
     </span>
    </p>
   </div>
   <div class='ocr_carea' id='block_1_37' title="bbox 531 3784 2109 3856">
    <p class='ocr_par' dir='ltr' id='par_1_37' title="bbox 531 3784 2109 3856">
     <span class='ocr_line' id='line_1_37' title="bbox 531 3784 2109 3856; baseline -0.002 -12"><span class='ocrx_word' id='word_1_199' title='bbox 531 3792 806 3856; x_wconf 85' lang='lat' dir='ltr'><strong>citantur,</strong></span> <span class='ocrx_word' id='word_1_200' title='bbox 853 3805 918 3845; x_wconf 90' lang='lat' dir='ltr'><strong>ac</strong></span> <span class='ocrx_word' id='word_1_201' title='bbox 965 3803 1105 3844; x_wconf 78' lang='lat' dir='ltr'><strong>steva</strong></span> <span class='ocrx_word' id='word_1_202' title='bbox 1151 3787 1342 3856; x_wconf 70' lang='lat' dir='ltr'><strong>patria:</strong></span> <span class='ocrx_word' id='word_1_203' title='bbox 1380 3784 1627 3840; x_wconf 87' lang='lat' dir='ltr'><strong>incendia</strong></span> <span class='ocrx_word' id='word_1_204' title='bbox 1675 3785 1872 3855; x_wconf 86' lang='lat' dir='ltr'><strong>ubique</strong></span> <span class='ocrx_word' id='word_1_205' title='bbox 1919 3800 2109 3856; x_wconf 88' lang='lat' dir='ltr'><strong>perpe-</strong></span> 
     </span>
    </p>
   </div>
   <div class='ocr_carea' id='block_1_38' title="bbox 535 3863 2106 3950">
    <p class='ocr_par' dir='ltr' id='par_1_38' title="bbox 535 3863 2106 3950">
     <span class='ocr_line' id='line_1_38' title="bbox 535 3863 2106 3950; baseline -0.002 -14"><span class='ocrx_word' id='word_1_206' title='bbox 535 3888 765 3936; x_wconf 72' lang='lat' dir='ltr'><strong>tiantur.</strong></span> <span class='ocrx_word' id='word_1_207' title='bbox 800 3879 858 3935; x_wconf 91' lang='lat' dir='ltr'><strong>In</strong></span> <span class='ocrx_word' id='word_1_208' title='bbox 891 3863 1044 3934; x_wconf 79' lang='lat' dir='ltr'><strong>tanto</strong></span> <span class='ocrx_word' id='word_1_209' title='bbox 1069 3881 1268 3950; x_wconf 85' lang='lat' dir='ltr'><strong>quippe</strong></span> <span class='ocrx_word' id='word_1_210' title='bbox 1292 3877 1695 3934; x_wconf 86' lang='lat' dir='ltr'><strong>dissensionum</strong></span> <span class='ocrx_word' id='word_1_211' title='bbox 1723 3878 1936 3933; x_wconf 85' lang='lat' dir='ltr'><strong>turbine</strong></span> <span class='ocrx_word' id='word_1_212' title='bbox 1963 3877 2106 3934; x_wconf 83' lang='lat' dir='ltr'><strong>Mars</strong></span> 
     </span>
    </p>
   </div>
   <div class='ocr_carea' id='block_1_39' title="bbox 2159 1218 3820 1314">
    <p class='ocr_par' dir='ltr' id='par_1_39' title="bbox 2159 1218 3820 1314">
     <span class='ocr_line' id='line_1_39' title="bbox 2159 1218 3820 1314; baseline 0.006 -26"><span class='ocrx_word' id='word_1_213' title='bbox 2159 1218 2205 1278; x_wconf 74' lang='grc' dir='ltr'><strong>Α</strong></span> <span class='ocrx_word' id='word_1_214' title='bbox 2237 1235 2464 1292; x_wconf 90' lang='lat' dir='ltr'><strong>toribus.</strong></span> <span class='ocrx_word' id='word_1_215' title='bbox 2518 1234 2796 1294; x_wconf 88' lang='lat' dir='ltr'><strong>Osbernus</strong></span> <span class='ocrx_word' id='word_1_216' title='bbox 2857 1255 3074 1311; x_wconf 88' lang='lat' dir='ltr'><strong>quoque</strong></span> <span class='ocrx_word' id='word_1_217' title='bbox 3131 1251 3451 1312; x_wconf 86' lang='lat' dir='ltr'><strong>procurator</strong></span> <span class='ocrx_word' id='word_1_218' title='bbox 3501 1242 3820 1314; x_wconf 80' lang='lat' dir='ltr'><strong>principalis</strong></span> 
     </span>
    </p>
   </div>
   <div class='ocr_carea' id='block_1_40' title="bbox 2235 1329 3812 1402">
    <p class='ocr_par' dir='ltr' id='par_1_40' title="bbox 2235 1329 3812 1402">
     <span class='ocr_line' id='line_1_40' title="bbox 2235 1329 3812 1402; baseline 0.004 -18"><span class='ocrx_word' id='word_1_219' title='bbox 2235 1329 2456 1397; x_wconf 89' lang='lat' dir='ltr'><strong>domus,</strong></span> <span class='ocrx_word' id='word_1_220' title='bbox 2489 1329 2726 1388; x_wconf 80' lang='lat' dir='ltr'><strong>llcrl&#39;asti</strong></span> <span class='ocrx_word' id='word_1_221' title='bbox 2765 1331 3039 1389; x_wconf 84' lang='lat' dir='ltr'><strong>Gunnoris</strong></span> <span class='ocrx_word' id='word_1_222' title='bbox 3081 1335 3372 1390; x_wconf 74' lang='lat' dir='ltr'><strong>comitissa:</strong></span> <span class='ocrx_word' id='word_1_223' title='bbox 3413 1335 3603 1392; x_wconf 80' lang='lat' dir='ltr'><strong>fratris</strong></span> <span class='ocrx_word' id='word_1_224' title='bbox 3646 1337 3812 1402; x_wconf 85' lang='lat' dir='ltr'><strong>lilins,</strong></span> 
     </span>
    </p>
   </div>
   <div class='ocr_carea' id='block_1_41' title="bbox 2231 1424 3816 1500">
    <p class='ocr_par' dir='ltr' id='par_1_41' title="bbox 2231 1424 3816 1500">
     <span class='ocr_line' id='line_1_41' title="bbox 2231 1424 3816 1500; baseline 0.005 -24"><span class='ocrx_word' id='word_1_225' title='bbox 2231 1424 2464 1493; x_wconf 82' lang='lat' dir='ltr'><strong>quadam</strong></span> <span class='ocrx_word' id='word_1_226' title='bbox 2510 1434 2692 1490; x_wconf 89' lang='lat' dir='ltr'><strong>nocte,</strong></span> <span class='ocrx_word' id='word_1_227' title='bbox 2737 1426 2863 1481; x_wconf 90' lang='lat' dir='ltr'><strong>dum</strong></span> <span class='ocrx_word' id='word_1_228' title='bbox 2895 1427 2946 1482; x_wconf 90' lang='lat' dir='ltr'><strong>in</strong></span> <span class='ocrx_word' id='word_1_229' title='bbox 2978 1427 3227 1484; x_wconf 90' lang='lat' dir='ltr'><strong>cubiculo</strong></span> <span class='ocrx_word' id='word_1_230' title='bbox 3257 1430 3408 1486; x_wconf 89' lang='lat' dir='ltr'><strong>ducis</strong></span> <span class='ocrx_word' id='word_1_231' title='bbox 3447 1447 3572 1486; x_wconf 88' lang='lat' dir='ltr'><strong>cum</strong></span> <span class='ocrx_word' id='word_1_232' title='bbox 3617 1431 3736 1500; x_wconf 86' lang='lat' dir='ltr'><strong>ipso</strong></span> <span class='ocrx_word' id='word_1_233' title='bbox 3763 1431 3816 1484; x_wconf 87' lang='lat' dir='ltr'><strong>in</strong></span> 
     </span>
    </p>
   </div>
   <div class='ocr_carea' id='block_1_42' title="bbox 2234 1514 3814 1592">
    <p class='ocr_par' dir='ltr' id='par_1_42' title="bbox 2234 1514 3814 1592">
     <span class='ocr_line' id='line_1_42' title="bbox 2234 1514 3814 1592; baseline 0.008 -25"><span class='ocrx_word' id='word_1_234' title='bbox 2234 1514 2373 1569; x_wconf 90' lang='lat' dir='ltr'><strong>valle</strong></span> <span class='ocrx_word' id='word_1_235' title='bbox 2416 1515 2624 1571; x_wconf 77' lang='lat' dir='ltr'><strong>ltodnili</strong></span> <span class='ocrx_word' id='word_1_236' title='bbox 2673 1533 2900 1573; x_wconf 88' lang='lat' dir='ltr'><strong>securus</strong></span> <span class='ocrx_word' id='word_1_237' title='bbox 2945 1531 3260 1589; x_wconf 86' lang='lat' dir='ltr'><strong>soporatur,</strong></span> <span class='ocrx_word' id='word_1_238' title='bbox 3299 1534 3520 1592; x_wconf 85' lang='lat' dir='ltr'><strong>repente</strong></span> <span class='ocrx_word' id='word_1_239' title='bbox 3563 1525 3618 1578; x_wconf 91' lang='lat' dir='ltr'><strong>in</strong></span> <span class='ocrx_word' id='word_1_240' title='bbox 3669 1535 3814 1580; x_wconf 86' lang='lat' dir='ltr'><strong>statu</strong></span> 
     </span>
    </p>
   </div>
   <div class='ocr_carea' id='block_1_43' title="bbox 2231 1607 3814 1688">
    <p class='ocr_par' dir='ltr' id='par_1_43' title="bbox 2231 1607 3814 1688">
     <span class='ocr_line' id='line_1_43' title="bbox 2231 1607 3814 1688; baseline 0.006 -27"><span class='ocrx_word' id='word_1_241' title='bbox 2231 1620 2330 1662; x_wconf 88' lang='lat' dir='ltr'><strong>suo</strong></span> <span class='ocrx_word' id='word_1_242' title='bbox 2355 1622 2387 1662; x_wconf 86' lang='lat' dir='ltr'><strong>a</strong></span> <span class='ocrx_word' id='word_1_243' title='bbox 2415 1607 2686 1663; x_wconf 80' lang='lat' dir='ltr'><strong>Willelmo</strong></span> <span class='ocrx_word' id='word_1_244' title='bbox 2716 1609 2932 1680; x_wconf 69' lang='lat' dir='ltr'><strong>liogerii</strong></span> <span class='ocrx_word' id='word_1_245' title='bbox 2961 1613 3026 1666; x_wconf 88' lang='lat' dir='ltr'><strong>de</strong></span> <span class='ocrx_word' id='word_1_246' title='bbox 3055 1612 3234 1670; x_wconf 80' lang='lat' dir='ltr'><strong>Monte</strong></span> <span class='ocrx_word' id='word_1_247' title='bbox 3265 1613 3486 1670; x_wconf 88' lang='lat' dir='ltr'><strong>Gumeri</strong></span> <span class='ocrx_word' id='word_1_248' title='bbox 3515 1616 3630 1671; x_wconf 78' lang='lat' dir='ltr'><strong>tilio</strong></span> <span class='ocrx_word' id='word_1_249' title='bbox 3653 1617 3814 1688; x_wconf 81' lang='lat' dir='ltr'><strong>jugu-</strong></span> 
     </span>
    </p>
   </div>
   <div class='ocr_carea' id='block_1_44' title="bbox 2231 1696 3814 1772">
    <p class='ocr_par' dir='ltr' id='par_1_44' title="bbox 2231 1696 3814 1772">
     <span class='ocr_line' id='line_1_44' title="bbox 2231 1696 3814 1772; baseline 0.006 -22"><span class='ocrx_word' id='word_1_250' title='bbox 2231 1696 2393 1752; x_wconf 86' lang='lat' dir='ltr'><strong>latur.</strong></span> <span class='ocrx_word' id='word_1_251' title='bbox 2419 1699 2687 1770; x_wconf 76' lang='lat' dir='ltr'><strong>Rogerius</strong></span> <span class='ocrx_word' id='word_1_252' title='bbox 2714 1703 2857 1755; x_wconf 87' lang='lat' dir='ltr'><strong>enim</strong></span> <span class='ocrx_word' id='word_1_253' title='bbox 2885 1717 2980 1772; x_wconf 90' lang='lat' dir='ltr'><strong>pro</strong></span> <span class='ocrx_word' id='word_1_254' title='bbox 3001 1703 3228 1772; x_wconf 70' lang='lat' dir='ltr'><strong>perfidia</strong></span> <span class='ocrx_word' id='word_1_255' title='bbox 3250 1720 3348 1760; x_wconf 84' lang='lat' dir='ltr'><strong>sua</strong></span> <span class='ocrx_word' id='word_1_256' title='bbox 3375 1713 3501 1760; x_wconf 91' lang='lat' dir='ltr'><strong>tunc</strong></span> <span class='ocrx_word' id='word_1_257' title='bbox 3527 1707 3814 1762; x_wconf 78' lang='lat' dir='ltr'><strong>exsulabat</strong></span> 
     </span>
    </p>
   </div>
   <div class='ocr_carea' id='block_1_45' title="bbox 2231 1789 3811 1866">
    <p class='ocr_par' dir='ltr' id='par_1_45' title="bbox 2231 1789 3811 1866">
     <span class='ocr_line' id='line_1_45' title="bbox 2231 1789 3811 1866; baseline 0.004 -20"><span class='ocrx_word' id='word_1_258' title='bbox 2231 1791 2371 1860; x_wconf 84' lang='lat' dir='ltr'><strong>apud</strong></span> <span class='ocrx_word' id='word_1_259' title='bbox 2395 1789 2635 1848; x_wconf 85' lang='lat' dir='ltr'><strong>Parisios</strong></span> <span class='ocrx_word' id='word_1_260' title='bbox 2659 1802 2714 1847; x_wconf 92' lang='lat' dir='ltr'><strong>et</strong></span> <span class='ocrx_word' id='word_1_261' title='bbox 2736 1793 2974 1864; x_wconf 88' lang='lat' dir='ltr'><strong>quinque</strong></span> <span class='ocrx_word' id='word_1_262' title='bbox 2997 1794 3090 1850; x_wconf 83' lang='lat' dir='ltr'><strong>lilii</strong></span> <span class='ocrx_word' id='word_1_263' title='bbox 3118 1795 3234 1864; x_wconf 89' lang='lat' dir='ltr'><strong>ejus</strong></span> <span class='ocrx_word' id='word_1_264' title='bbox 3268 1794 3417 1866; x_wconf 80' lang='lat' dir='ltr'><strong>Ilugo</strong></span> <span class='ocrx_word' id='word_1_265' title='bbox 3437 1807 3490 1852; x_wconf 89' lang='lat' dir='ltr'><strong>et</strong></span> <span class='ocrx_word' id='word_1_266' title='bbox 3517 1796 3811 1863; x_wconf 68' lang='lat' dir='ltr'><strong>ltobertus,</strong></span> 
     </span>
    </p>
   </div>
   <div class='ocr_carea' id='block_1_46' title="bbox 2230 1883 3812 1958">
    <p class='ocr_par' dir='ltr' id='par_1_46' title="bbox 2230 1883 3812 1958">
     <span class='ocr_line' id='line_1_46' title="bbox 2230 1883 3812 1958; baseline 0.004 -21"><span class='ocrx_word' id='word_1_267' title='bbox 2230 1883 2498 1954; x_wconf 80' lang='lat' dir='ltr'><strong>Rogerius</strong></span> <span class='ocrx_word' id='word_1_268' title='bbox 2523 1895 2577 1941; x_wconf 90' lang='lat' dir='ltr'><strong>et</strong></span> <span class='ocrx_word' id='word_1_269' title='bbox 2610 1885 2919 1942; x_wconf 81' lang='lat' dir='ltr'><strong>Willelmus</strong></span> <span class='ocrx_word' id='word_1_270' title='bbox 2947 1898 3112 1958; x_wconf 88' lang='lat' dir='ltr'><strong>atque</strong></span> <span class='ocrx_word' id='word_1_271' title='bbox 3139 1887 3498 1955; x_wconf 82' lang='lat' dir='ltr'><strong>Gislebertus,</strong></span> <span class='ocrx_word' id='word_1_272' title='bbox 3529 1890 3584 1944; x_wconf 85' lang='lat' dir='ltr'><strong>in</strong></span> <span class='ocrx_word' id='word_1_273' title='bbox 3617 1889 3812 1944; x_wconf 76' lang='lat' dir='ltr'><strong>North-</strong></span> 
     </span>
    </p>
   </div>
   <div class='ocr_carea' id='block_1_47' title="bbox 2229 1976 3806 2050">
    <p class='ocr_par' dir='ltr' id='par_1_47' title="bbox 2229 1976 3806 2050">
     <span class='ocr_line' id='line_1_47' title="bbox 2229 1976 3806 2050; baseline 0.004 -20"><span class='ocrx_word' id='word_1_274' title='bbox 2229 1976 2450 2032; x_wconf 87' lang='lat' dir='ltr'><strong>mannia</strong></span> <span class='ocrx_word' id='word_1_275' title='bbox 2497 1993 2840 2050; x_wconf 87' lang='lat' dir='ltr'><strong>summopere</strong></span> <span class='ocrx_word' id='word_1_276' title='bbox 2881 1979 3246 2036; x_wconf 87' lang='lat' dir='ltr'><strong>inserviebant</strong></span> <span class='ocrx_word' id='word_1_277' title='bbox 3291 1981 3424 2038; x_wconf 81' lang='lat' dir='ltr'><strong>diris</strong></span> <span class='ocrx_word' id='word_1_278' title='bbox 3449 1981 3806 2040; x_wconf 79' lang='lat' dir='ltr'><strong>facinoribus.</strong></span> 
     </span>
    </p>
   </div>
   <div class='ocr_carea' id='block_1_48' title="bbox 2228 2069 3812 2144">
    <p class='ocr_par' dir='ltr' id='par_1_48' title="bbox 2228 2069 3812 2144">
     <span class='ocr_line' id='line_1_48' title="bbox 2228 2069 3812 2144; baseline 0.001 -18"><span class='ocrx_word' id='word_1_279' title='bbox 2228 2069 2334 2126; x_wconf 83' lang='lat' dir='ltr'><strong>Sed</strong></span> <span class='ocrx_word' id='word_1_280' title='bbox 2363 2069 2669 2126; x_wconf 78' lang='lat' dir='ltr'><strong>Willelmus</strong></span> <span class='ocrx_word' id='word_1_281' title='bbox 2695 2087 2795 2141; x_wconf 83' lang='lat' dir='ltr'><strong>pro</strong></span> <span class='ocrx_word' id='word_1_282' title='bbox 2834 2072 3041 2128; x_wconf 87' lang='lat' dir='ltr'><strong>scelere</strong></span> <span class='ocrx_word' id='word_1_283' title='bbox 3073 2072 3410 2142; x_wconf 55' lang='lat' dir='ltr'><strong>praescripto,</strong></span> <span class='ocrx_word' id='word_1_284' title='bbox 3449 2073 3596 2144; x_wconf 90' lang='lat' dir='ltr'><strong>quod</strong></span> <span class='ocrx_word' id='word_1_285' title='bbox 3621 2089 3812 2144; x_wconf 87' lang='lat' dir='ltr'><strong>opera-</strong></span> 
     </span>
    </p>
   </div>
   <div class='ocr_carea' id='block_1_49' title="bbox 2231 2163 3808 2234">
    <p class='ocr_par' dir='ltr' id='par_1_49' title="bbox 2231 2163 3808 2234">
     <span class='ocr_line' id='line_1_49' title="bbox 2231 2163 3808 2234; baseline 0.003 -20"><span class='ocrx_word' id='word_1_286' title='bbox 2231 2171 2317 2217; x_wconf 90' lang='lat' dir='ltr'><strong>tus</strong></span> <span class='ocrx_word' id='word_1_287' title='bbox 2343 2169 2450 2227; x_wconf 86' lang='lat' dir='ltr'><strong>est,</strong></span> <span class='ocrx_word' id='word_1_288' title='bbox 2481 2178 2586 2218; x_wconf 88' lang='lat' dir='ltr'><strong>non</strong></span> <span class='ocrx_word' id='word_1_289' title='bbox 2620 2163 2790 2218; x_wconf 90' lang='lat' dir='ltr'><strong>multo</strong></span> <span class='ocrx_word' id='word_1_290' title='bbox 2813 2172 2934 2234; x_wconf 90' lang='lat' dir='ltr'><strong>post</strong></span> <span class='ocrx_word' id='word_1_291' title='bbox 2961 2163 3284 2234; x_wconf 81' lang='lat' dir='ltr'><strong>condignam</strong></span> <span class='ocrx_word' id='word_1_292' title='bbox 3313 2165 3617 2220; x_wconf 84' lang='lat' dir='ltr'><strong>mercedem</strong></span> <span class='ocrx_word' id='word_1_293' title='bbox 3647 2165 3808 2222; x_wconf 84' lang='lat' dir='ltr'><strong>retri-</strong></span> 
     </span>
    </p>
   </div>
   <div class='ocr_carea' id='block_1_50' title="bbox 2227 2252 3810 2326">
    <p class='ocr_par' dir='ltr' id='par_1_50' title="bbox 2227 2252 3810 2326">
     <span class='ocr_line' id='line_1_50' title="bbox 2227 2252 3810 2326; baseline 0.003 -20"><span class='ocrx_word' id='word_1_294' title='bbox 2227 2252 2428 2308; x_wconf 88' lang='lat' dir='ltr'><strong>buente</strong></span> <span class='ocrx_word' id='word_1_295' title='bbox 2457 2253 2567 2309; x_wconf 86' lang='lat' dir='ltr'><strong>Deo</strong></span> <span class='ocrx_word' id='word_1_296' title='bbox 2597 2263 2788 2311; x_wconf 87' lang='lat' dir='ltr'><strong>nactus</strong></span> <span class='ocrx_word' id='word_1_297' title='bbox 2815 2264 2920 2310; x_wconf 88' lang='lat' dir='ltr'><strong>est.</strong></span> <span class='ocrx_word' id='word_1_298' title='bbox 2956 2253 3135 2310; x_wconf 87' lang='lat' dir='ltr'><strong>Barno</strong></span> <span class='ocrx_word' id='word_1_299' title='bbox 3165 2255 3362 2326; x_wconf 85' lang='lat' dir='ltr'><strong>quippe</strong></span> <span class='ocrx_word' id='word_1_300' title='bbox 3386 2255 3451 2310; x_wconf 88' lang='lat' dir='ltr'><strong>de</strong></span> <span class='ocrx_word' id='word_1_301' title='bbox 3473 2254 3652 2311; x_wconf 82' lang='lat' dir='ltr'><strong>Glotis</strong></span> <span class='ocrx_word' id='word_1_302' title='bbox 3677 2273 3810 2326; x_wconf 78' lang='lat' dir='ltr'><strong>pra:-</strong></span> 
     </span>
    </p>
   </div>
   <div class='ocr_carea' id='block_1_51' title="bbox 2227 2343 3811 2418">
    <p class='ocr_par' dir='ltr' id='par_1_51' title="bbox 2227 2343 3811 2418">
     <span class='ocr_line' id='line_1_51' title="bbox 2227 2343 3811 2418; baseline 0.003 -21"><span class='ocrx_word' id='word_1_303' title='bbox 2227 2344 2438 2414; x_wconf 90' lang='lat' dir='ltr'><strong>positus</strong></span> <span class='ocrx_word' id='word_1_304' title='bbox 2469 2343 2698 2402; x_wconf 83' lang='lat' dir='ltr'><strong>Osberui</strong></span> <span class='ocrx_word' id='word_1_305' title='bbox 2737 2346 2992 2416; x_wconf 81' lang='lat' dir='ltr'><strong>injustam</strong></span> <span class='ocrx_word' id='word_1_306' title='bbox 3024 2363 3209 2403; x_wconf 87' lang='lat' dir='ltr'><strong>necem</strong></span> <span class='ocrx_word' id='word_1_307' title='bbox 3242 2347 3442 2402; x_wconf 77' lang='lat' dir='ltr'><strong>domini</strong></span> <span class='ocrx_word' id='word_1_308' title='bbox 3474 2347 3557 2402; x_wconf 90' lang='lat' dir='ltr'><strong>sui</strong></span> <span class='ocrx_word' id='word_1_309' title='bbox 3583 2349 3811 2418; x_wconf 82' lang='lat' dir='ltr'><strong>cupiens</strong></span> 
     </span>
    </p>
   </div>
   <div class='ocr_carea' id='block_1_52' title="bbox 2227 2433 3808 2510">
    <p class='ocr_par' dir='ltr' id='par_1_52' title="bbox 2227 2433 3808 2510">
     <span class='ocr_line' id='line_1_52' title="bbox 2227 2433 3808 2510; baseline 0.004 -24"><span class='ocrx_word' id='word_1_310' title='bbox 2227 2433 2460 2500; x_wconf 87' lang='lat' dir='ltr'><strong>ulcisci,</strong></span> <span class='ocrx_word' id='word_1_311' title='bbox 2507 2447 2666 2492; x_wconf 87' lang='lat' dir='ltr'><strong>nocte</strong></span> <span class='ocrx_word' id='word_1_312' title='bbox 2709 2437 2942 2507; x_wconf 88' lang='lat' dir='ltr'><strong>quadam</strong></span> <span class='ocrx_word' id='word_1_313' title='bbox 2999 2439 3280 2508; x_wconf 79' lang='lat' dir='ltr'><strong>expeditos</strong></span> <span class='ocrx_word' id='word_1_314' title='bbox 3327 2437 3536 2508; x_wconf 80' lang='lat' dir='ltr'><strong>pugiles</strong></span> <span class='ocrx_word' id='word_1_315' title='bbox 3581 2453 3808 2510; x_wconf 81' lang='lat' dir='ltr'><strong>congre-</strong></span> 
     </span>
    </p>
   </div>
   <div class='ocr_carea' id='block_1_53' title="bbox 2227 2525 3806 2598">
    <p class='ocr_par' dir='ltr' id='par_1_53' title="bbox 2227 2525 3806 2598">
     <span class='ocr_line' id='line_1_53' title="bbox 2227 2525 3806 2598; baseline 0.003 -20"><span class='ocrx_word' id='word_1_316' title='bbox 2227 2525 2394 2596; x_wconf 81' lang='lat' dir='ltr'><strong>gavit,</strong></span> <span class='ocrx_word' id='word_1_317' title='bbox 2429 2535 2482 2582; x_wconf 88' lang='lat' dir='ltr'><strong>et</strong></span> <span class='ocrx_word' id='word_1_318' title='bbox 2527 2527 2772 2594; x_wconf 67' lang='lat' dir='ltr'><strong>dou&#39;mm,</strong></span> <span class='ocrx_word' id='word_1_319' title='bbox 2809 2529 2896 2582; x_wconf 88' lang='lat' dir='ltr'><strong>ubi</strong></span> <span class='ocrx_word' id='word_1_320' title='bbox 2935 2528 3240 2584; x_wconf 75' lang='lat' dir='ltr'><strong>With-imus</strong></span> <span class='ocrx_word' id='word_1_321' title='bbox 3283 2539 3336 2583; x_wconf 87' lang='lat' dir='ltr'><strong>et</strong></span> <span class='ocrx_word' id='word_1_322' title='bbox 3379 2529 3680 2598; x_wconf 85' lang='lat' dir='ltr'><strong>compliees</strong></span> <span class='ocrx_word' id='word_1_323' title='bbox 3727 2529 3806 2583; x_wconf 88' lang='lat' dir='ltr'><strong>sui</strong></span> 
     </span>
    </p>
   </div>
   <div class='ocr_carea' id='block_1_54' title="bbox 2227 2619 3806 2688">
    <p class='ocr_par' dir='ltr' id='par_1_54' title="bbox 2227 2619 3806 2688">
     <span class='ocr_line' id='line_1_54' title="bbox 2227 2619 3806 2688; baseline 0.003 -18"><span class='ocrx_word' id='word_1_324' title='bbox 2227 2619 2590 2684; x_wconf 88' lang='lat' dir='ltr'><strong>dormiebant,</strong></span> <span class='ocrx_word' id='word_1_325' title='bbox 2615 2621 2772 2688; x_wconf 87' lang='lat' dir='ltr'><strong>adiit,</strong></span> <span class='ocrx_word' id='word_1_326' title='bbox 2804 2636 2866 2676; x_wconf 89' lang='lat' dir='ltr'><strong>ac</strong></span> <span class='ocrx_word' id='word_1_327' title='bbox 2891 2635 3080 2677; x_wconf 88' lang='lat' dir='ltr'><strong>omnes</strong></span> <span class='ocrx_word' id='word_1_328' title='bbox 3107 2621 3270 2676; x_wconf 85' lang='lat' dir='ltr'><strong>simul</strong></span> <span class='ocrx_word' id='word_1_329' title='bbox 3296 2621 3437 2678; x_wconf 86' lang='lat' dir='ltr'><strong>sicut</strong></span> <span class='ocrx_word' id='word_1_330' title='bbox 3466 2631 3806 2688; x_wconf 80' lang='lat' dir='ltr'><strong>meruerant,</strong></span> 
     </span>
    </p>
   </div>
   <div class='ocr_carea' id='block_1_55' title="bbox 2223 2705 2768 2768">
    <p class='ocr_par' dir='ltr' id='par_1_55' title="bbox 2223 2705 2768 2768">
     <span class='ocr_line' id='line_1_55' title="bbox 2223 2705 2768 2768; baseline 0.002 -2"><span class='ocrx_word' id='word_1_331' title='bbox 2223 2711 2410 2766; x_wconf 84' lang='lat' dir='ltr'><strong>statim</strong></span> <span class='ocrx_word' id='word_1_332' title='bbox 2439 2705 2768 2768; x_wconf 24' lang='lat' dir='ltr'><strong>trucidavit.‘</strong></span> 
     </span>
    </p>
   </div>
   <div class='ocr_carea' id='block_1_56' title="bbox 2834 2841 3188 2904">
    <p class='ocr_par' dir='ltr' id='par_1_56' title="bbox 2834 2841 3188 2904">
     <span class='ocr_line' id='line_1_56' title="bbox 2834 2841 3188 2904; baseline 0 0"><span class='ocrx_word' id='word_1_333' title='bbox 2834 2841 3062 2904; x_wconf 80' lang='lat' dir='ltr'><strong>CAPUT</strong></span> <span class='ocrx_word' id='word_1_334' title='bbox 3104 2849 3188 2904; x_wconf 90' lang='lat' dir='ltr'><strong>lll.</strong></span> 
     </span>
    </p>
   </div>
   <div class='ocr_carea' id='block_1_57' title="bbox 2223 2937 3802 3012">
    <p class='ocr_par' dir='ltr' id='par_1_57' title="bbox 2223 2937 3802 3012">
     <span class='ocr_line' id='line_1_57' title="bbox 2223 2937 3802 3012; baseline 0.005 -23"><span class='ocrx_word' id='word_1_335' title='bbox 2223 2937 2496 3012; x_wconf 77' lang='lat' dir='ltr'><strong>Quomng</strong></span> <span class='ocrx_word' id='word_1_336' title='bbox 2538 2937 2800 3012; x_wconf 23' lang='lat' dir='ltr'><strong>Aliogerius</strong></span> <span class='ocrx_word' id='word_1_337' title='bbox 2848 2939 2912 2993; x_wconf 87' lang='lat' dir='ltr'><strong>de</strong></span> <span class='ocrx_word' id='word_1_338' title='bbox 2963 2939 3303 3004; x_wconf 75' lang='lat' dir='ltr'><strong>Bellomonte,</strong></span> <span class='ocrx_word' id='word_1_339' title='bbox 3337 2941 3478 3008; x_wconf 81' lang='lat' dir='ltr'><strong>ﬁlius</strong></span> <span class='ocrx_word' id='word_1_340' title='bbox 3542 2939 3802 3012; x_wconf 75' lang='lat' dir='ltr'><strong>llnnfrt&#39;di</strong></span> 
     </span>
    </p>
   </div>
   <div class='ocr_carea' id='block_1_58' title="bbox 2289 3008 3800 3080">
    <p class='ocr_par' dir='ltr' id='par_1_58' title="bbox 2289 3008 3800 3080">
     <span class='ocr_line' id='line_1_58' title="bbox 2289 3008 3800 3080; baseline 0.005 -20"><span class='ocrx_word' id='word_1_341' title='bbox 2289 3009 2354 3061; x_wconf 83' lang='lat' dir='ltr'><strong>de</strong></span> <span class='ocrx_word' id='word_1_342' title='bbox 2399 3008 2614 3074; x_wconf 72' lang='lat' dir='ltr'><strong>Vetelia,</strong></span> <span class='ocrx_word' id='word_1_343' title='bbox 2666 3011 2829 3078; x_wconf 84' lang='lat' dir='ltr'><strong>patris</strong></span> <span class='ocrx_word' id='word_1_344' title='bbox 2861 3012 3097 3080; x_wconf 75' lang='lat' dir='ltr'><strong>jussiune</strong></span> <span class='ocrx_word' id='word_1_345' title='bbox 3131 3012 3412 3080; x_wconf 60' lang='lat' dir='ltr'><strong>[inger-inut</strong></span> <span class='ocrx_word' id='word_1_346' title='bbox 3465 3013 3532 3066; x_wconf 83' lang='lat' dir='ltr'><strong>de</strong></span> <span class='ocrx_word' id='word_1_347' title='bbox 3578 3008 3800 3068; x_wconf 70' lang='lat' dir='ltr'><strong>Toéneéo</strong></span> 
     </span>
    </p>
   </div>
   <div class='ocr_carea' id='block_1_59' title="bbox 2289 3091 2570 3148">
    <p class='ocr_par' dir='ltr' id='par_1_59' title="bbox 2289 3091 2570 3148">
     <span class='ocr_line' id='line_1_59' title="bbox 2289 3091 2570 3148; baseline 0 -16"><span class='ocrx_word' id='word_1_348' title='bbox 2289 3095 2474 3148; x_wconf 62' lang='lat' dir='ltr'><strong>supcrat</strong></span> <span class='ocrx_word' id='word_1_349' title='bbox 2485 3091 2570 3134; x_wconf 68' lang='grc' dir='ltr'><strong>ινιτ.</strong></span> 
     </span>
    </p>
   </div>
   <div class='ocr_carea' id='block_1_60' title="bbox 2287 3213 3795 3290">
    <p class='ocr_par' dir='ltr' id='par_1_60' title="bbox 2287 3213 3795 3290">
     <span class='ocr_line' id='line_1_60' title="bbox 2287 3213 3795 3290; baseline 0.005 -22"><span class='ocrx_word' id='word_1_350' title='bbox 2287 3213 2552 3284; x_wconf 76' lang='lat' dir='ltr'><strong>Rugerius</strong></span> <span class='ocrx_word' id='word_1_351' title='bbox 2597 3213 2854 3272; x_wconf 87' lang='lat' dir='ltr'><strong>Toenites</strong></span> <span class='ocrx_word' id='word_1_352' title='bbox 2897 3217 2963 3273; x_wconf 87' lang='lat' dir='ltr'><strong>de</strong></span> <span class='ocrx_word' id='word_1_353' title='bbox 2993 3217 3167 3289; x_wconf 82' lang='lat' dir='ltr'><strong>stirpe</strong></span> <span class='ocrx_word' id='word_1_354' title='bbox 3190 3217 3520 3286; x_wconf 78' lang='lat' dir='ltr'><strong>Malahulcii,</strong></span> <span class='ocrx_word' id='word_1_355' title='bbox 3543 3220 3638 3290; x_wconf 91' lang='lat' dir='ltr'><strong>qui</strong></span> <span class='ocrx_word' id='word_1_356' title='bbox 3669 3220 3795 3275; x_wconf 59' lang='lat' dir='ltr'><strong>nolo</strong></span> 
     </span>
    </p>
   </div>
   <div class='ocr_carea' id='block_1_61' title="bbox 2216 3304 3796 3378">
    <p class='ocr_par' dir='ltr' id='par_1_61' title="bbox 2216 3304 3796 3378">
     <span class='ocr_line' id='line_1_61' title="bbox 2216 3304 3796 3378; baseline 0.006 -20"><span class='ocrx_word' id='word_1_357' title='bbox 2216 3304 2356 3362; x_wconf 89' lang='lat' dir='ltr'><strong>lonis</strong></span> <span class='ocrx_word' id='word_1_358' title='bbox 2403 3307 2558 3362; x_wconf 84' lang='lat' dir='ltr'><strong>ducis</strong></span> <span class='ocrx_word' id='word_1_359' title='bbox 2583 3317 2809 3378; x_wconf 88' lang='lat' dir='ltr'><strong>patruus</strong></span> <span class='ocrx_word' id='word_1_360' title='bbox 2855 3307 3035 3364; x_wconf 80' lang='lat' dir='ltr'><strong>fuerat</strong></span> <span class='ocrx_word' id='word_1_361' title='bbox 3063 3323 3118 3366; x_wconf 92' lang='lat' dir='ltr'><strong>et</strong></span> <span class='ocrx_word' id='word_1_362' title='bbox 3146 3327 3265 3365; x_wconf 85' lang='lat' dir='ltr'><strong>eum</strong></span> <span class='ocrx_word' id='word_1_363' title='bbox 3297 3326 3362 3366; x_wconf 85' lang='lat' dir='ltr'><strong>eo</strong></span> <span class='ocrx_word' id='word_1_364' title='bbox 3389 3311 3632 3368; x_wconf 81' lang='lat' dir='ltr'><strong>Francos</strong></span> <span class='ocrx_word' id='word_1_365' title='bbox 3657 3323 3796 3368; x_wconf 83' lang='lat' dir='ltr'><strong>atte-</strong></span> 
     </span>
    </p>
   </div>
   <div class='ocr_carea' id='block_1_62' title="bbox 2216 3398 3796 3475">
    <p class='ocr_par' dir='ltr' id='par_1_62' title="bbox 2216 3398 3796 3475">
     <span class='ocr_line' id='line_1_62' title="bbox 2216 3398 3796 3475; baseline 0.005 -23"><span class='ocrx_word' id='word_1_366' title='bbox 2216 3414 2343 3454; x_wconf 85' lang='lat' dir='ltr'><strong>rens</strong></span> <span class='ocrx_word' id='word_1_367' title='bbox 2375 3398 2824 3454; x_wconf 72' lang='lat' dir='ltr'><strong>Northmauniam</strong></span> <span class='ocrx_word' id='word_1_368' title='bbox 2863 3401 3080 3456; x_wconf 80' lang='lat' dir='ltr'><strong>fortiter</strong></span> <span class='ocrx_word' id='word_1_369' title='bbox 3105 3403 3452 3472; x_wconf 83' lang='lat' dir='ltr'><strong>acquisierat,</strong></span> <span class='ocrx_word' id='word_1_370' title='bbox 3496 3405 3582 3458; x_wconf 89' lang='lat' dir='ltr'><strong>vir</strong></span> <span class='ocrx_word' id='word_1_371' title='bbox 3607 3414 3796 3475; x_wconf 85' lang='lat' dir='ltr'><strong>potens</strong></span> 
     </span>
    </p>
   </div>
   <div class='ocr_carea' id='block_1_63' title="bbox 2214 3489 3791 3564">
    <p class='ocr_par' dir='ltr' id='par_1_63' title="bbox 2214 3489 3791 3564">
     <span class='ocr_line' id='line_1_63' title="bbox 2214 3489 3791 3564; baseline 0.004 -23"><span class='ocrx_word' id='word_1_372' title='bbox 2214 3497 2270 3542; x_wconf 82' lang='lat' dir='ltr'><strong>et</strong></span> <span class='ocrx_word' id='word_1_373' title='bbox 2307 3489 2592 3560; x_wconf 59' lang='lat' dir='ltr'><strong>superbus,</strong></span> <span class='ocrx_word' id='word_1_374' title='bbox 2639 3505 2705 3545; x_wconf 88' lang='lat' dir='ltr'><strong>ac</strong></span> <span class='ocrx_word' id='word_1_375' title='bbox 2749 3491 2911 3547; x_wconf 89' lang='lat' dir='ltr'><strong>totius</strong></span> <span class='ocrx_word' id='word_1_376' title='bbox 2951 3491 3358 3550; x_wconf 69' lang='lat' dir='ltr'><strong>Northmannim</strong></span> <span class='ocrx_word' id='word_1_377' title='bbox 3385 3493 3614 3564; x_wconf 76' lang='lat' dir='ltr'><strong>signifer</strong></span> <span class='ocrx_word' id='word_1_378' title='bbox 3657 3505 3791 3550; x_wconf 82' lang='lat' dir='ltr'><strong>erat.</strong></span> 
     </span>
    </p>
   </div>
   <div class='ocr_carea' id='block_1_64' title="bbox 2214 3578 3788 3657">
    <p class='ocr_par' dir='ltr' id='par_1_64' title="bbox 2214 3578 3788 3657">
     <span class='ocr_line' id='line_1_64' title="bbox 2214 3578 3788 3657; baseline 0.007 -25"><span class='ocrx_word' id='word_1_379' title='bbox 2214 3578 2312 3636; x_wconf 77' lang='lat' dir='ltr'><strong>Hic</strong></span> <span class='ocrx_word' id='word_1_380' title='bbox 2336 3597 2484 3650; x_wconf 86' lang='lat' dir='ltr'><strong>vero,</strong></span> <span class='ocrx_word' id='word_1_381' title='bbox 2523 3584 2649 3638; x_wconf 89' lang='lat' dir='ltr'><strong>dum</strong></span> <span class='ocrx_word' id='word_1_382' title='bbox 2675 3583 2948 3640; x_wconf 78' lang='lat' dir='ltr'><strong>Robertus</strong></span> <span class='ocrx_word' id='word_1_383' title='bbox 2976 3585 3086 3640; x_wconf 76' lang='lat' dir='ltr'><strong>dux</strong></span> <span class='ocrx_word' id='word_1_384' title='bbox 3126 3602 3350 3657; x_wconf 83' lang='lat' dir='ltr'><strong>peregre</strong></span> <span class='ocrx_word' id='word_1_385' title='bbox 3391 3599 3715 3657; x_wconf 78' lang='lat' dir='ltr'><strong>perrexerat</strong></span> <span class='ocrx_word' id='word_1_386' title='bbox 3741 3588 3788 3643; x_wconf 91' lang='lat' dir='ltr'><strong>in</strong></span> 
     </span>
    </p>
   </div>
   <div class='ocr_carea' id='block_1_65' title="bbox 2213 3671 3790 3748">
    <p class='ocr_par' dir='ltr' id='par_1_65' title="bbox 2213 3671 3790 3748">
     <span class='ocr_line' id='line_1_65' title="bbox 2213 3671 3790 3748; baseline 0.005 -24"><span class='ocrx_word' id='word_1_387' title='bbox 2213 3671 2551 3743; x_wconf 77' lang='lat' dir='ltr'><strong>Hispaniam.</strong></span> <span class='ocrx_word' id='word_1_388' title='bbox 2601 3676 2690 3730; x_wconf 88' lang='lat' dir='ltr'><strong>ubi</strong></span> <span class='ocrx_word' id='word_1_389' title='bbox 2743 3691 2841 3746; x_wconf 88' lang='lat' dir='ltr'><strong>per</strong></span> <span class='ocrx_word' id='word_1_390' title='bbox 2885 3691 3009 3732; x_wconf 87' lang='lat' dir='ltr'><strong>eum</strong></span> <span class='ocrx_word' id='word_1_391' title='bbox 3059 3678 3242 3733; x_wconf 65' lang='lat' dir='ltr'><strong>multa</strong></span> <span class='ocrx_word' id='word_1_392' title='bbox 3285 3677 3590 3748; x_wconf 85' lang='lat' dir='ltr'><strong>probitates</strong></span> <span class='ocrx_word' id='word_1_393' title='bbox 3633 3693 3790 3748; x_wconf 88' lang='lat' dir='ltr'><strong>super</strong></span> 
     </span>
    </p>
   </div>
   <div class='ocr_carea' id='block_1_66' title="bbox 2207 3770 3788 3842">
    <p class='ocr_par' dir='ltr' id='par_1_66' title="bbox 2207 3770 3788 3842">
     <span class='ocr_line' id='line_1_66' title="bbox 2207 3770 3788 3842; baseline 0.003 -21"><span class='ocrx_word' id='word_1_394' title='bbox 2207 3781 2453 3838; x_wconf 83' lang='lat' dir='ltr'><strong>paganus</strong></span> <span class='ocrx_word' id='word_1_395' title='bbox 2482 3773 2637 3826; x_wconf 74' lang='lat' dir='ltr'><strong>l&#39;actze</strong></span> <span class='ocrx_word' id='word_1_396' title='bbox 2675 3780 2819 3834; x_wconf 88' lang='lat' dir='ltr'><strong>sunt,</strong></span> <span class='ocrx_word' id='word_1_397' title='bbox 2859 3770 3137 3841; x_wconf 85' lang='lat' dir='ltr'><strong>profectus</strong></span> <span class='ocrx_word' id='word_1_398' title='bbox 3179 3771 3372 3828; x_wconf 80' lang='lat' dir='ltr'><strong>fuerat.</strong></span> <span class='ocrx_word' id='word_1_399' title='bbox 3409 3772 3515 3826; x_wconf 88' lang='lat' dir='ltr'><strong>Sed</strong></span> <span class='ocrx_word' id='word_1_400' title='bbox 3543 3781 3664 3842; x_wconf 87' lang='lat' dir='ltr'><strong>post</strong></span> <span class='ocrx_word' id='word_1_401' title='bbox 3695 3772 3788 3826; x_wconf 80' lang='lat' dir='ltr'><strong>aii-</strong></span> 
     </span>
    </p>
   </div>
   <div class='ocr_carea' id='block_1_67' title="bbox 2209 3861 3788 3934">
    <p class='ocr_par' dir='ltr' id='par_1_67' title="bbox 2209 3861 3788 3934">
     <span class='ocr_line' id='line_1_67' title="bbox 2209 3861 3788 3934; baseline 0.002 -19"><span class='ocrx_word' id='word_1_402' title='bbox 2209 3872 2472 3932; x_wconf 87' lang='lat' dir='ltr'><strong>qnantum</strong></span> <span class='ocrx_word' id='word_1_403' title='bbox 2499 3865 2758 3933; x_wconf 88' lang='lat' dir='ltr'><strong>temporis</strong></span> <span class='ocrx_word' id='word_1_404' title='bbox 2783 3864 2832 3917; x_wconf 88' lang='lat' dir='ltr'><strong>in</strong></span> <span class='ocrx_word' id='word_1_405' title='bbox 2859 3879 2956 3918; x_wconf 89' lang='lat' dir='ltr'><strong>sua</strong></span> <span class='ocrx_word' id='word_1_406' title='bbox 2997 3879 3277 3934; x_wconf 79' lang='lat' dir='ltr'><strong>regressus</strong></span> <span class='ocrx_word' id='word_1_407' title='bbox 3307 3872 3407 3919; x_wconf 87' lang='lat' dir='ltr'><strong>est.</strong></span> <span class='ocrx_word' id='word_1_408' title='bbox 3435 3861 3788 3932; x_wconf 80' lang='lat' dir='ltr'><strong>Comperiens</strong></span> 
     </span>
    </p>
   </div>
   <div class='ocr_carea' id='block_1_68' title="bbox 530 3950 3783 4042">
    <p class='ocr_par' dir='ltr' id='par_1_68' title="bbox 530 3950 3783 4042">
     <span class='ocr_line' id='line_1_68' title="bbox 530 3950 3783 4042; baseline 0.001 -33"><span class='ocrx_word' id='word_1_409' title='bbox 530 3972 789 4028; x_wconf 55' lang='grc' dir='ltr'><strong>διε-θείων</strong></span> <span class='ocrx_word' id='word_1_410' title='bbox 815 3979 1113 4042; x_wconf 55' lang='lat' dir='ltr'><strong>grassatur,</strong></span> <span class='ocrx_word' id='word_1_411' title='bbox 1141 3979 1198 4024; x_wconf 68' lang='grc' dir='ltr'><strong>ει</strong></span> <span class='ocrx_word' id='word_1_412' title='bbox 1237 3985 1342 4024; x_wconf 71' lang='lat' dir='ltr'><strong>non</strong></span> <span class='ocrx_word' id='word_1_413' title='bbox 1377 3969 1623 4027; x_wconf 69' lang='lat' dir='ltr'><strong>modicus</strong></span> <span class='ocrx_word' id='word_1_414' title='bbox 1655 3969 1976 4026; x_wconf 53' lang='lat' dir='ltr'><strong>bellatorum</strong></span> <span class='ocrx_word' id='word_1_415' title='bbox 2007 3987 2104 4026; x_wconf 73' lang='lat' dir='ltr'><strong>cu-</strong></span> <span class='ocrx_word' id='word_1_416' title='bbox 2133 3950 2178 4012; x_wconf 87' lang='lat' dir='ltr'><strong><em>C</em></strong></span> <span class='ocrx_word' id='word_1_417' title='bbox 2210 3967 2392 4012; x_wconf 86' lang='lat' dir='ltr'><strong>autem</strong></span> <span class='ocrx_word' id='word_1_418' title='bbox 2424 3959 2568 4028; x_wconf 83' lang='lat' dir='ltr'><strong>quod</strong></span> <span class='ocrx_word' id='word_1_419' title='bbox 2601 3956 2904 4011; x_wconf 73' lang='lat' dir='ltr'><strong>“&#39;illelmus</strong></span> <span class='ocrx_word' id='word_1_420' title='bbox 2933 3972 3066 4026; x_wconf 90' lang='lat' dir='ltr'><strong>puer</strong></span> <span class='ocrx_word' id='word_1_421' title='bbox 3090 3957 3142 4010; x_wconf 89' lang='lat' dir='ltr'><strong>in</strong></span> <span class='ocrx_word' id='word_1_422' title='bbox 3171 3956 3368 4012; x_wconf 86' lang='lat' dir='ltr'><strong>ducatu</strong></span> <span class='ocrx_word' id='word_1_423' title='bbox 3395 3955 3536 4027; x_wconf 89' lang='lat' dir='ltr'><strong>patri</strong></span> <span class='ocrx_word' id='word_1_424' title='bbox 3569 3971 3783 4011; x_wconf 87' lang='lat' dir='ltr'><strong>succes-</strong></span> 
     </span>
    </p>
   </div>
   <div class='ocr_carea' id='block_1_69' title="bbox 529 4063 1281 4122">
    <p class='ocr_par' dir='ltr' id='par_1_69' title="bbox 529 4063 1281 4122">
     <span class='ocr_line' id='line_1_69' title="bbox 529 4063 1281 4122; baseline -0.005 0"><span class='ocrx_word' id='word_1_425' title='bbox 529 4077 670 4122; x_wconf 84' lang='lat' dir='ltr'><strong>neus</strong></span> <span class='ocrx_word' id='word_1_426' title='bbox 694 4063 892 4122; x_wconf 80' lang='lat' dir='ltr'><strong>frustra</strong></span> <span class='ocrx_word' id='word_1_427' title='bbox 920 4064 1281 4122; x_wconf 79' lang='lat' dir='ltr'><strong>consumitur.</strong></span> 
     </span>
    </p>
   </div>
   <div class='ocr_carea' id='block_1_70' title="bbox 1101 4171 1476 4236">
    <p class='ocr_par' dir='ltr' id='par_1_70' title="bbox 1101 4171 1476 4236">
     <span class='ocr_line' id='line_1_70' title="bbox 1101 4171 1476 4236; baseline 0 -3"><span class='ocrx_word' id='word_1_428' title='bbox 1101 4171 1104 4174; x_wconf 56' lang='grc'><em>’</em></span> <span class='ocrx_word' id='word_1_429' title='bbox 1150 4177 1376 4236; x_wconf 69' lang='lat' dir='ltr'><strong>CAPUT</strong></span> <span class='ocrx_word' id='word_1_430' title='bbox 1411 4177 1476 4234; x_wconf 78' lang='lat' dir='ltr'><strong>ll.</strong></span> 
     </span>
    </p>
   </div>
   <div class='ocr_carea' id='block_1_71' title="bbox 525 4265 2104 4332">
    <p class='ocr_par' dir='ltr' id='par_1_71' title="bbox 525 4265 2104 4332">
     <span class='ocr_line' id='line_1_71' title="bbox 525 4265 2104 4332; baseline -0.005 0"><span class='ocrx_word' id='word_1_431' title='bbox 525 4273 604 4332; x_wconf 78' lang='lat' dir='ltr'><strong>De</strong></span> <span class='ocrx_word' id='word_1_432' title='bbox 643 4272 776 4328; x_wconf 84' lang='lat' dir='ltr'><strong>bella</strong></span> <span class='ocrx_word' id='word_1_433' title='bbox 809 4273 945 4327; x_wconf 51' lang='lat' dir='ltr'><strong>inter</strong></span> <span class='ocrx_word' id='word_1_434' title='bbox 991 4271 1266 4326; x_wconf 81' lang='lat' dir='ltr'><strong>Tustinnm</strong></span> <span class='ocrx_word' id='word_1_435' title='bbox 1316 4271 1379 4324; x_wconf 84' lang='lat' dir='ltr'><strong>de</strong></span> <span class='ocrx_word' id='word_1_436' title='bbox 1425 4271 1742 4324; x_wconf 76' lang='lat' dir='ltr'><strong>Bastenborc</strong></span> <span class='ocrx_word' id='word_1_437' title='bbox 1768 4279 1816 4322; x_wconf 79' lang='lat' dir='ltr'><strong>et</strong></span> <span class='ocrx_word' id='word_1_438' title='bbox 1854 4265 2104 4324; x_wconf 79' lang='lat' dir='ltr'><strong>Walche-</strong></span> 
     </span>
    </p>
   </div>
   <div class='ocr_carea' id='block_1_72' title="bbox 592 4340 2101 4409">
    <p class='ocr_par' dir='ltr' id='par_1_72' title="bbox 592 4340 2101 4409">
     <span class='ocr_line' id='line_1_72' title="bbox 592 4340 2101 4409; baseline -0.003 -13"><span class='ocrx_word' id='word_1_439' title='bbox 592 4343 759 4397; x_wconf 77' lang='lat' dir='ltr'><strong>linum</strong></span> <span class='ocrx_word' id='word_1_440' title='bbox 807 4343 872 4398; x_wconf 86' lang='lat' dir='ltr'><strong>de</strong></span> <span class='ocrx_word' id='word_1_441' title='bbox 921 4341 1209 4409; x_wconf 73' lang='lat' dir='ltr'><strong>Fet-rariis,</strong></span> <span class='ocrx_word' id='word_1_442' title='bbox 1258 4351 1304 4396; x_wconf 86' lang='lat' dir='ltr'><strong>et</strong></span> <span class='ocrx_word' id='word_1_443' title='bbox 1365 4343 1430 4395; x_wconf 84' lang='lat' dir='ltr'><strong>de</strong></span> <span class='ocrx_word' id='word_1_444' title='bbox 1485 4354 1648 4395; x_wconf 81' lang='lat' dir='ltr'><strong>morte</strong></span> <span class='ocrx_word' id='word_1_445' title='bbox 1701 4340 1946 4405; x_wconf 80' lang='lat' dir='ltr'><strong>Osberm‘,</strong></span> <span class='ocrx_word' id='word_1_446' title='bbox 2001 4341 2101 4409; x_wconf 82' lang='lat' dir='ltr'><strong>ﬁlii</strong></span> 
     </span>
    </p>
   </div>
   <div class='ocr_carea' id='block_1_73' title="bbox 594 4413 857 4484">
    <p class='ocr_par' dir='ltr' id='par_1_73' title="bbox 594 4413 857 4484">
     <span class='ocr_line' id='line_1_73' title="bbox 594 4413 857 4484; baseline -0.004 -16"><span class='ocrx_word' id='word_1_447' title='bbox 594 4413 857 4484; x_wconf 77' lang='lat' dir='ltr'><strong>llerfasti.</strong></span> 
     </span>
    </p>
   </div>
   <div class='ocr_carea' id='block_1_74' title="bbox 587 4519 2099 4597">
    <p class='ocr_par' dir='ltr' id='par_1_74' title="bbox 587 4519 2099 4597">
     <span class='ocr_line' id='line_1_74' title="bbox 587 4519 2099 4597; baseline -0.003 -17"><span class='ocrx_word' id='word_1_448' title='bbox 587 4526 721 4581; x_wconf 66' lang='lat' dir='ltr'><strong>Nam</strong></span> <span class='ocrx_word' id='word_1_449' title='bbox 753 4523 908 4597; x_wconf 83' lang='lat' dir='ltr'><strong>llugo</strong></span> <span class='ocrx_word' id='word_1_450' title='bbox 933 4525 998 4579; x_wconf 86' lang='lat' dir='ltr'><strong>de</strong></span> <span class='ocrx_word' id='word_1_451' title='bbox 1023 4521 1328 4578; x_wconf 76' lang='lat' dir='ltr'><strong>Montel‘orti</strong></span> <span class='ocrx_word' id='word_1_452' title='bbox 1365 4521 1505 4578; x_wconf 83' lang='lat' dir='ltr'><strong>ﬁlius</strong></span> <span class='ocrx_word' id='word_1_453' title='bbox 1537 4522 1748 4578; x_wconf 85' lang='lat' dir='ltr'><strong>Tustini</strong></span> <span class='ocrx_word' id='word_1_454' title='bbox 1781 4537 1905 4577; x_wconf 90' lang='lat' dir='ltr'><strong>cum</strong></span> <span class='ocrx_word' id='word_1_455' title='bbox 1944 4519 2099 4576; x_wconf 85' lang='lat' dir='ltr'><strong>Wal-</strong></span> 
     </span>
    </p>
   </div>
   <div class='ocr_carea' id='block_1_75' title="bbox 517 4614 2094 4679">
    <p class='ocr_par' dir='ltr' id='par_1_75' title="bbox 517 4614 2094 4679">
     <span class='ocr_line' id='line_1_75' title="bbox 517 4614 2094 4679; baseline -0.006 -3"><span class='ocrx_word' id='word_1_456' title='bbox 517 4619 734 4676; x_wconf 89' lang='lat' dir='ltr'><strong>cheliuo</strong></span> <span class='ocrx_word' id='word_1_457' title='bbox 781 4619 848 4674; x_wconf 88' lang='lat' dir='ltr'><strong>de</strong></span> <span class='ocrx_word' id='word_1_458' title='bbox 889 4616 1158 4672; x_wconf 78' lang='lat' dir='ltr'><strong>Ferrariis</strong></span> <span class='ocrx_word' id='word_1_459' title='bbox 1201 4615 1432 4670; x_wconf 83' lang='lat' dir='ltr'><strong>certavit</strong></span> <span class='ocrx_word' id='word_1_460' title='bbox 1465 4655 1479 4679; x_wconf 86' lang='lat'><strong>,</strong></span> <span class='ocrx_word' id='word_1_461' title='bbox 1528 4621 1584 4670; x_wconf 91' lang='lat' dir='ltr'><strong>et</strong></span> <span class='ocrx_word' id='word_1_462' title='bbox 1631 4616 1684 4668; x_wconf 89' lang='lat' dir='ltr'><strong>in</strong></span> <span class='ocrx_word' id='word_1_463' title='bbox 1735 4629 1802 4670; x_wconf 86' lang='lat' dir='ltr'><strong>eo</strong></span> <span class='ocrx_word' id='word_1_464' title='bbox 1838 4614 2094 4669; x_wconf 81' lang='lat' dir='ltr'><strong>conﬂictu</strong></span> 
     </span>
    </p>
   </div>
   <div class='ocr_carea' id='block_1_76' title="bbox 518 4705 2092 4782">
    <p class='ocr_par' dir='ltr' id='par_1_76' title="bbox 518 4705 2092 4782">
     <span class='ocr_line' id='line_1_76' title="bbox 518 4705 2092 4782; baseline -0.004 -16"><span class='ocrx_word' id='word_1_465' title='bbox 518 4721 748 4782; x_wconf 87' lang='lat' dir='ltr'><strong>uterque</strong></span> <span class='ocrx_word' id='word_1_466' title='bbox 771 4709 985 4766; x_wconf 89' lang='lat' dir='ltr'><strong>occisus</strong></span> <span class='ocrx_word' id='word_1_467' title='bbox 1018 4706 1296 4765; x_wconf 88' lang='lat' dir='ltr'><strong>occubuit.</strong></span> <span class='ocrx_word' id='word_1_468' title='bbox 1343 4705 1512 4761; x_wconf 86' lang='lat' dir='ltr'><strong>Porro</strong></span> <span class='ocrx_word' id='word_1_469' title='bbox 1544 4707 1801 4760; x_wconf 84' lang='lat' dir='ltr'><strong>immanis</strong></span> <span class='ocrx_word' id='word_1_470' title='bbox 1827 4721 2092 4776; x_wconf 87' lang='lat' dir='ltr'><strong>quorum-</strong></span> 
     </span>
    </p>
   </div>
   <div class='ocr_carea' id='block_1_77' title="bbox 519 4793 2095 4864">
    <p class='ocr_par' dir='ltr' id='par_1_77' title="bbox 519 4793 2095 4864">
     <span class='ocr_line' id='line_1_77' title="bbox 519 4793 2095 4864; baseline -0.005 -8"><span class='ocrx_word' id='word_1_471' title='bbox 519 4801 644 4856; x_wconf 86' lang='lat' dir='ltr'><strong>dam</strong></span> <span class='ocrx_word' id='word_1_472' title='bbox 680 4797 860 4854; x_wconf 82' lang='lat' dir='ltr'><strong>rabies</strong></span> <span class='ocrx_word' id='word_1_473' title='bbox 887 4805 1120 4862; x_wconf 86' lang='lat' dir='ltr'><strong>eructat,</strong></span> <span class='ocrx_word' id='word_1_474' title='bbox 1159 4811 1223 4852; x_wconf 86' lang='lat' dir='ltr'><strong>ac</strong></span> <span class='ocrx_word' id='word_1_475' title='bbox 1252 4795 1318 4850; x_wconf 88' lang='lat' dir='ltr'><strong>ad</strong></span> <span class='ocrx_word' id='word_1_476' title='bbox 1359 4794 1550 4864; x_wconf 64' lang='lat' dir='ltr'><strong>patria!</strong></span> <span class='ocrx_word' id='word_1_477' title='bbox 1581 4793 1966 4849; x_wconf 86' lang='lat' dir='ltr'><strong>detrimentum</strong></span> <span class='ocrx_word' id='word_1_478' title='bbox 2013 4795 2095 4849; x_wconf 91' lang='lat' dir='ltr'><strong>ni-</strong></span> 
     </span>
    </p>
   </div>
   <div class='ocr_carea' id='block_1_78' title="bbox 517 4883 2090 4962">
    <p class='ocr_par' dir='ltr' id='par_1_78' title="bbox 517 4883 2090 4962">
     <span class='ocr_line' id='line_1_78' title="bbox 517 4883 2090 4962; baseline -0.004 -15"><span class='ocrx_word' id='word_1_479' title='bbox 517 4893 624 4948; x_wconf 85' lang='lat' dir='ltr'><strong>mis</strong></span> <span class='ocrx_word' id='word_1_480' title='bbox 664 4893 878 4962; x_wconf 80' lang='lat' dir='ltr'><strong>regnat.</strong></span> <span class='ocrx_word' id='word_1_481' title='bbox 911 4889 1192 4958; x_wconf 88' lang='lat' dir='ltr'><strong>Siquidem</strong></span> <span class='ocrx_word' id='word_1_482' title='bbox 1235 4883 1574 4942; x_wconf 84' lang='lat' dir='ltr'><strong>Gislebertus</strong></span> <span class='ocrx_word' id='word_1_483' title='bbox 1615 4899 1802 4941; x_wconf 88' lang='lat' dir='ltr'><strong>comes</strong></span> <span class='ocrx_word' id='word_1_484' title='bbox 1846 4883 2090 4950; x_wconf 84' lang='lat' dir='ltr'><strong>Oeensis,</strong></span> 
     </span>
    </p>
   </div>
   <div class='ocr_carea' id='block_1_79' title="bbox 487 4977 2094 5044">
    <p class='ocr_par' dir='ltr' id='par_1_79' title="bbox 487 4977 2094 5044">
     <span class='ocr_line' id='line_1_79' title="bbox 487 4977 2094 5044; baseline -0.006 -4"><span class='ocrx_word' id='word_1_485' title='bbox 487 5005 492 5010; x_wconf 94' lang='grc'><strong>·</strong></span> <span class='ocrx_word' id='word_1_486' title='bbox 519 4985 665 5040; x_wconf 82' lang='lat' dir='ltr'><strong>ﬁlius</strong></span> <span class='ocrx_word' id='word_1_487' title='bbox 694 4979 970 5040; x_wconf 85' lang='lat' dir='ltr'><strong>Godel&#39;ridi</strong></span> <span class='ocrx_word' id='word_1_488' title='bbox 989 4979 1228 5044; x_wconf 85' lang='lat' dir='ltr'><strong>comitis,</strong></span> <span class='ocrx_word' id='word_1_489' title='bbox 1250 4978 1478 5034; x_wconf 90' lang='lat' dir='ltr'><strong>callidus</strong></span> <span class='ocrx_word' id='word_1_490' title='bbox 1504 4985 1558 5033; x_wconf 91' lang='lat' dir='ltr'><strong>et</strong></span> <span class='ocrx_word' id='word_1_491' title='bbox 1593 4977 1769 5042; x_wconf 81' lang='lat' dir='ltr'><strong>fortis,</strong></span> <span class='ocrx_word' id='word_1_492' title='bbox 1794 4985 1941 5032; x_wconf 82' lang='lat' dir='ltr'><strong>tutor</strong></span> <span class='ocrx_word' id='word_1_493' title='bbox 1961 4977 2094 5033; x_wconf 77' lang='lat' dir='ltr'><strong>Wil-</strong></span> 
     </span>
    </p>
   </div>
   <div class='ocr_carea' id='block_1_80' title="bbox 513 5069 2091 5144">
    <p class='ocr_par' dir='ltr' id='par_1_80' title="bbox 513 5069 2091 5144">
     <span class='ocr_line' id='line_1_80' title="bbox 513 5069 2091 5144; baseline -0.003 -16"><span class='ocrx_word' id='word_1_494' title='bbox 513 5075 661 5130; x_wconf 86' lang='lat' dir='ltr'><strong>lelmi</strong></span> <span class='ocrx_word' id='word_1_495' title='bbox 679 5073 854 5144; x_wconf 84' lang='lat' dir='ltr'><strong>pueri,</strong></span> <span class='ocrx_word' id='word_1_496' title='bbox 886 5071 980 5127; x_wconf 89' lang='lat' dir='ltr'><strong>sed</strong></span> <span class='ocrx_word' id='word_1_497' title='bbox 1001 5069 1475 5139; x_wconf 84' lang='lat' dir='ltr'><strong>domini,quodam</strong></span> <span class='ocrx_word' id='word_1_498' title='bbox 1501 5083 1660 5124; x_wconf 84' lang='lat' dir='ltr'><strong>mane</strong></span> <span class='ocrx_word' id='word_1_499' title='bbox 1689 5069 1818 5123; x_wconf 89' lang='lat' dir='ltr'><strong>dum</strong></span> <span class='ocrx_word' id='word_1_500' title='bbox 1841 5069 2091 5138; x_wconf 88' lang='lat' dir='ltr'><strong>equitaus</strong></span> 
     </span>
    </p>
   </div>
   <div class='ocr_carea' id='block_1_81' title="bbox 514 5157 2091 5234">
    <p class='ocr_par' dir='ltr' id='par_1_81' title="bbox 514 5157 2091 5234">
     <span class='ocr_line' id='line_1_81' title="bbox 514 5157 2091 5234; baseline -0.003 -15"><span class='ocrx_word' id='word_1_501' title='bbox 514 5165 832 5234; x_wconf 73' lang='lat' dir='ltr'><strong>loqueretur</strong></span> <span class='ocrx_word' id='word_1_502' title='bbox 861 5175 984 5216; x_wconf 90' lang='lat' dir='ltr'><strong>cum</strong></span> <span class='ocrx_word' id='word_1_503' title='bbox 1023 5157 1301 5228; x_wconf 87' lang='lat' dir='ltr'><strong>compatre</strong></span> <span class='ocrx_word' id='word_1_504' title='bbox 1335 5175 1434 5215; x_wconf 91' lang='lat' dir='ltr'><strong>suo</strong></span> <span class='ocrx_word' id='word_1_505' title='bbox 1479 5159 1788 5215; x_wconf 86' lang='lat' dir='ltr'><strong>Wasceliuo</strong></span> <span class='ocrx_word' id='word_1_506' title='bbox 1827 5163 1894 5214; x_wconf 86' lang='lat' dir='ltr'><strong>de</strong></span> <span class='ocrx_word' id='word_1_507' title='bbox 1921 5158 2091 5215; x_wconf 85' lang='lat' dir='ltr'><strong>Ponte</strong></span> 
     </span>
    </p>
   </div>
   <div class='ocr_carea' id='block_1_82' title="bbox 510 5249 1404 5274">
    <p class='ocr_par' dir='ltr' id='par_1_82' title="bbox 510 5249 1404 5274">
     <span class='ocr_line' id='line_1_82' title="bbox 510 5249 1404 5274; baseline 0 0"><span class='ocrx_word' id='word_1_508' title='bbox 510 5257 586 5274; x_wconf 46' lang='lat' dir='ltr'><strong>H.</strong></span> <span class='ocrx_word' id='word_1_509' title='bbox 627 5257 638 5274; x_wconf 92' lang='lat' dir='ltr'><strong>I</strong></span> <span class='ocrx_word' id='word_1_510' title='bbox 669 5269 706 5274; x_wconf 34' lang='grc' dir='ltr'><em>,γ</em></span> <span class='ocrx_word' id='word_1_511' title='bbox 738 5251 802 5274; x_wconf 76' lang='grc' dir='ltr'><strong>ιι-.</strong></span> <span class='ocrx_word' id='word_1_512' title='bbox 833 5251 869 5272; x_wconf 75' lang='lat'><strong>.1!</strong></span> <span class='ocrx_word' id='word_1_513' title='bbox 956 5249 1091 5274; x_wconf 63' lang='grc' dir='ltr'><strong>..ξιει</strong></span> <span class='ocrx_word' id='word_1_514' title='bbox 1139 5249 1266 5274; x_wconf 65' lang='grc' dir='ltr'><strong>-..ηιξ</strong></span> <span class='ocrx_word' id='word_1_515' title='bbox 1317 5267 1404 5274; x_wconf 73' lang='grc'><strong>-.--</strong></span> 
     </span>
    </p>
   </div>
   <div class='ocr_carea' id='block_1_83' title="bbox 1407 5259 2085 5274">
    <p class='ocr_par' dir='ltr' id='par_1_83' title="bbox 1407 5259 2085 5274">
     <span class='ocr_line' id='line_1_83' title="bbox 1407 5259 2085 5274; baseline 0 0"><span class='ocrx_word' id='word_1_516' title='bbox 1407 5259 1592 5274; x_wconf 55' lang='grc' dir='ltr'><strong>...ἕρ-...-</strong></span> <span class='ocrx_word' id='word_1_517' title='bbox 1649 5259 1909 5274; x_wconf 46' lang='grc' dir='ltr'><strong>ει-ΑἷνΙξΙ-.-</strong></span> <span class='ocrx_word' id='word_1_518' title='bbox 1971 5267 2085 5274; x_wconf 53' lang='grc' dir='ltr'><strong>--α-..ι</strong></span> 
     </span>
    </p>
   </div>
   <div class='ocr_carea' id='block_1_84' title="bbox 2207 4049 3786 4120">
    <p class='ocr_par' dir='ltr' id='par_1_84' title="bbox 2207 4049 3786 4120">
     <span class='ocr_line' id='line_1_84' title="bbox 2207 4049 3786 4120; baseline 0.002 -16"><span class='ocrx_word' id='word_1_519' title='bbox 2207 4051 2375 4113; x_wconf 86' lang='lat' dir='ltr'><strong>serit,</strong></span> <span class='ocrx_word' id='word_1_520' title='bbox 2419 4051 2772 4105; x_wconf 86' lang='lat' dir='ltr'><strong>vehementer</strong></span> <span class='ocrx_word' id='word_1_521' title='bbox 2823 4049 3132 4120; x_wconf 81' lang='lat' dir='ltr'><strong>indignatus</strong></span> <span class='ocrx_word' id='word_1_522' title='bbox 3181 4058 3303 4114; x_wconf 88' lang='lat' dir='ltr'><strong>est,</strong></span> <span class='ocrx_word' id='word_1_523' title='bbox 3340 4062 3395 4104; x_wconf 89' lang='lat' dir='ltr'><strong>et</strong></span> <span class='ocrx_word' id='word_1_524' title='bbox 3447 4049 3657 4106; x_wconf 87' lang='lat' dir='ltr'><strong>tumide</strong></span> <span class='ocrx_word' id='word_1_525' title='bbox 3697 4051 3786 4107; x_wconf 88' lang='lat' dir='ltr'><strong>de-</strong></span> 
     </span>
    </p>
   </div>
   <div class='ocr_carea' id='block_1_85' title="bbox 2206 4142 3784 4211">
    <p class='ocr_par' dir='ltr' id='par_1_85' title="bbox 2206 4142 3784 4211">
     <span class='ocr_line' id='line_1_85' title="bbox 2206 4142 3784 4211; baseline 0.003 -16"><span class='ocrx_word' id='word_1_526' title='bbox 2206 4145 2380 4210; x_wconf 78' lang='lat' dir='ltr'><strong>spexit</strong></span> <span class='ocrx_word' id='word_1_527' title='bbox 2423 4143 2498 4196; x_wconf 90' lang='lat' dir='ltr'><strong>illi</strong></span> <span class='ocrx_word' id='word_1_528' title='bbox 2540 4143 2766 4208; x_wconf 89' lang='lat' dir='ltr'><strong>servire,</strong></span> <span class='ocrx_word' id='word_1_529' title='bbox 2794 4143 3002 4208; x_wconf 87' lang='lat' dir='ltr'><strong>dicens,</strong></span> <span class='ocrx_word' id='word_1_530' title='bbox 3031 4142 3172 4211; x_wconf 90' lang='lat' dir='ltr'><strong>quod</strong></span> <span class='ocrx_word' id='word_1_531' title='bbox 3201 4143 3402 4198; x_wconf 89' lang='lat' dir='ltr'><strong>nothus</strong></span> <span class='ocrx_word' id='word_1_532' title='bbox 3431 4158 3539 4197; x_wconf 88' lang='lat' dir='ltr'><strong>non</strong></span> <span class='ocrx_word' id='word_1_533' title='bbox 3567 4145 3784 4200; x_wconf 85' lang='lat' dir='ltr'><strong>deberet</strong></span> 
     </span>
    </p>
   </div>
   <div class='ocr_carea' id='block_1_86' title="bbox 2205 4235 3785 4305">
    <p class='ocr_par' dir='ltr' id='par_1_86' title="bbox 2205 4235 3785 4305">
     <span class='ocr_line' id='line_1_86' title="bbox 2205 4235 3785 4305; baseline 0.001 -15"><span class='ocrx_word' id='word_1_534' title='bbox 2205 4236 2306 4291; x_wconf 88' lang='lat' dir='ltr'><strong>sibi</strong></span> <span class='ocrx_word' id='word_1_535' title='bbox 2375 4235 2604 4304; x_wconf 83' lang='lat' dir='ltr'><strong>aliisque</strong></span> <span class='ocrx_word' id='word_1_536' title='bbox 2667 4235 3060 4290; x_wconf 67' lang='lat' dir='ltr'><strong>Nortiuuanuis</strong></span> <span class='ocrx_word' id='word_1_537' title='bbox 3133 4236 3422 4305; x_wconf 86' lang='lat' dir='ltr'><strong>imperare.</strong></span> <span class='ocrx_word' id='word_1_538' title='bbox 3481 4235 3785 4292; x_wconf 79' lang='lat' dir='ltr'><strong>Willelmus</strong></span> 
     </span>
    </p>
   </div>
   <div class='ocr_carea' id='block_1_87' title="bbox 2202 4328 3784 4393">
    <p class='ocr_par' dir='ltr' id='par_1_87' title="bbox 2202 4328 3784 4393">
     <span class='ocr_line' id='line_1_87' title="bbox 2202 4328 3784 4393; baseline -0.001 -9"><span class='ocrx_word' id='word_1_539' title='bbox 2202 4330 2347 4384; x_wconf 87' lang='lat' dir='ltr'><strong>enim</strong></span> <span class='ocrx_word' id='word_1_540' title='bbox 2395 4345 2460 4384; x_wconf 71' lang='lat' dir='ltr'><strong>ex</strong></span> <span class='ocrx_word' id='word_1_541' title='bbox 2495 4330 2798 4384; x_wconf 87' lang='lat' dir='ltr'><strong>concubina</strong></span> <span class='ocrx_word' id='word_1_542' title='bbox 2843 4329 3064 4384; x_wconf 80' lang='lat' dir='ltr'><strong>Roberti</strong></span> <span class='ocrx_word' id='word_1_543' title='bbox 3091 4329 3262 4393; x_wconf 86' lang='lat' dir='ltr'><strong>ducis,</strong></span> <span class='ocrx_word' id='word_1_544' title='bbox 3299 4328 3516 4382; x_wconf 89' lang='lat' dir='ltr'><strong>nomine</strong></span> <span class='ocrx_word' id='word_1_545' title='bbox 3559 4328 3784 4384; x_wconf 82' lang='lat' dir='ltr'><strong>llerleva</strong></span> 
     </span>
    </p>
   </div>
   <div class='ocr_carea' id='block_1_88' title="bbox 2205 4417 3784 4493">
    <p class='ocr_par' dir='ltr' id='par_1_88' title="bbox 2205 4417 3784 4493">
     <span class='ocr_line' id='line_1_88' title="bbox 2205 4417 3784 4493; baseline -0.001 -19"><span class='ocrx_word' id='word_1_546' title='bbox 2205 4419 2519 4493; x_wconf 70' lang='lat' dir='ltr'><strong>[Ilerlotta],</strong></span> <span class='ocrx_word' id='word_1_547' title='bbox 2571 4420 2812 4475; x_wconf 88' lang='lat' dir='ltr'><strong>Fulbcrti</strong></span> <span class='ocrx_word' id='word_1_548' title='bbox 2865 4419 3186 4475; x_wconf 83' lang='lat' dir='ltr'><strong>cubicularii</strong></span> <span class='ocrx_word' id='word_1_549' title='bbox 3239 4419 3391 4474; x_wconf 78' lang='lat' dir='ltr'><strong>ducis</strong></span> <span class='ocrx_word' id='word_1_550' title='bbox 3441 4417 3554 4472; x_wconf 82' lang='lat' dir='ltr'><strong>lilia</strong></span> <span class='ocrx_word' id='word_1_551' title='bbox 3603 4429 3784 4484; x_wconf 76' lang='lat' dir='ltr'><strong>natus,</strong></span> 
     </span>
    </p>
   </div>
   <div class='ocr_carea' id='block_1_89' title="bbox 2203 4511 3756 4584">
    <p class='ocr_par' dir='ltr' id='par_1_89' title="bbox 2203 4511 3756 4584">
     <span class='ocr_line' id='line_1_89' title="bbox 2203 4511 3756 4584; baseline -0.001 -16"><span class='ocrx_word' id='word_1_552' title='bbox 2203 4514 2478 4568; x_wconf 85' lang='lat' dir='ltr'><strong>nobilibus</strong></span> <span class='ocrx_word' id='word_1_553' title='bbox 2504 4513 2770 4584; x_wconf 82' lang='lat' dir='ltr'><strong>indigenis</strong></span> <span class='ocrx_word' id='word_1_554' title='bbox 2795 4521 2850 4568; x_wconf 87' lang='lat' dir='ltr'><strong>et</strong></span> <span class='ocrx_word' id='word_1_555' title='bbox 2874 4513 3106 4567; x_wconf 74' lang='lat' dir='ltr'><strong>maxime</strong></span> <span class='ocrx_word' id='word_1_556' title='bbox 3127 4527 3190 4566; x_wconf 80' lang='lat' dir='ltr'><strong>ex</strong></span> <span class='ocrx_word' id='word_1_557' title='bbox 3219 4511 3621 4566; x_wconf 82' lang='lat' dir='ltr'><strong>Richardorum</strong></span> <span class='ocrx_word' id='word_1_558' title='bbox 3657 4529 3756 4582; x_wconf 88' lang='lat' dir='ltr'><strong>pro</strong></span> 
     </span>
    </p>
   </div>
   <div class='ocr_carea' id='block_1_90' title="bbox 2200 4603 3782 4674">
    <p class='ocr_par' dir='ltr' id='par_1_90' title="bbox 2200 4603 3782 4674">
     <span class='ocr_line' id='line_1_90' title="bbox 2200 4603 3782 4674; baseline -0.002 -16"><span class='ocrx_word' id='word_1_559' title='bbox 2200 4605 2350 4674; x_wconf 89' lang='lat' dir='ltr'><strong>sapia</strong></span> <span class='ocrx_word' id='word_1_560' title='bbox 2400 4605 2540 4659; x_wconf 87' lang='lat' dir='ltr'><strong>natis</strong></span> <span class='ocrx_word' id='word_1_561' title='bbox 2571 4604 2846 4674; x_wconf 75' lang='lat' dir='ltr'><strong>deSpectni</strong></span> <span class='ocrx_word' id='word_1_562' title='bbox 2883 4613 3023 4669; x_wconf 87' lang='lat' dir='ltr'><strong>erat,</strong></span> <span class='ocrx_word' id='word_1_563' title='bbox 3073 4612 3260 4672; x_wconf 88' lang='lat' dir='ltr'><strong>utpote</strong></span> <span class='ocrx_word' id='word_1_564' title='bbox 3307 4603 3528 4657; x_wconf 90' lang='lat' dir='ltr'><strong>nothus.</strong></span> <span class='ocrx_word' id='word_1_565' title='bbox 3559 4603 3782 4668; x_wconf 71' lang='lat' dir='ltr'><strong>Vertnn,</strong></span> 
     </span>
    </p>
   </div>
   <div class='ocr_carea' id='block_1_91' title="bbox 2197 4695 3782 4768">
    <p class='ocr_par' dir='ltr' id='par_1_91' title="bbox 2197 4695 3782 4768">
     <span class='ocr_line' id='line_1_91' title="bbox 2197 4695 3782 4768; baseline -0.001 -16"><span class='ocrx_word' id='word_1_566' title='bbox 2197 4709 2484 4768; x_wconf 89' lang='lat' dir='ltr'><strong>postquam</strong></span> <span class='ocrx_word' id='word_1_567' title='bbox 2531 4699 3053 4766; x_wconf 78' lang='lat' dir='ltr'><strong>llierosolymitauus</strong></span> <span class='ocrx_word' id='word_1_568' title='bbox 3105 4699 3214 4752; x_wconf 81' lang='lat' dir='ltr'><strong>dux</strong></span> <span class='ocrx_word' id='word_1_569' title='bbox 3269 4695 3440 4763; x_wconf 89' lang='lat' dir='ltr'><strong>obiit,</strong></span> <span class='ocrx_word' id='word_1_570' title='bbox 3491 4697 3782 4752; x_wconf 78' lang='lat' dir='ltr'><strong>lierluinus</strong></span> 
     </span>
    </p>
   </div>
   <div class='ocr_carea' id='block_1_92' title="bbox 2195 4789 3782 4862">
    <p class='ocr_par' dir='ltr' id='par_1_92' title="bbox 2195 4789 3782 4862">
     <span class='ocr_line' id='line_1_92' title="bbox 2195 4789 3782 4862; baseline -0.001 -18"><span class='ocrx_word' id='word_1_571' title='bbox 2195 4791 2419 4862; x_wconf 87' lang='lat' dir='ltr'><strong>quidam</strong></span> <span class='ocrx_word' id='word_1_572' title='bbox 2461 4792 2662 4862; x_wconf 89' lang='lat' dir='ltr'><strong>probus</strong></span> <span class='ocrx_word' id='word_1_573' title='bbox 2699 4791 2854 4847; x_wconf 88' lang='lat' dir='ltr'><strong>miles</strong></span> <span class='ocrx_word' id='word_1_574' title='bbox 2890 4789 3176 4845; x_wconf 83' lang='lat' dir='ltr'><strong>llerlevam</strong></span> <span class='ocrx_word' id='word_1_575' title='bbox 3229 4803 3452 4842; x_wconf 79' lang='lat' dir='ltr'><strong>uxorem</strong></span> <span class='ocrx_word' id='word_1_576' title='bbox 3492 4789 3674 4854; x_wconf 74' lang='lat' dir='ltr'><strong>duxit,</strong></span> <span class='ocrx_word' id='word_1_577' title='bbox 3715 4805 3782 4844; x_wconf 72' lang='lat' dir='ltr'><strong>ex</strong></span> 
     </span>
    </p>
   </div>
   <div class='ocr_carea' id='block_1_93' title="bbox 2195 4881 3782 4954">
    <p class='ocr_par' dir='ltr' id='par_1_93' title="bbox 2195 4881 3782 4954">
     <span class='ocr_line' id='line_1_93' title="bbox 2195 4881 3782 4954; baseline 0.001 -18"><span class='ocrx_word' id='word_1_578' title='bbox 2195 4899 2301 4954; x_wconf 86' lang='lat' dir='ltr'><strong>qua</strong></span> <span class='ocrx_word' id='word_1_579' title='bbox 2331 4883 2467 4940; x_wconf 79' lang='lat' dir='ltr'><strong>duos</strong></span> <span class='ocrx_word' id='word_1_580' title='bbox 2493 4885 2634 4939; x_wconf 84' lang='lat' dir='ltr'><strong>ﬁlios</strong></span> <span class='ocrx_word' id='word_1_581' title='bbox 2659 4884 2898 4940; x_wconf 85' lang='lat' dir='ltr'><strong>Odonem</strong></span> <span class='ocrx_word' id='word_1_582' title='bbox 2941 4891 2997 4937; x_wconf 90' lang='lat' dir='ltr'><strong>ct</strong></span> <span class='ocrx_word' id='word_1_583' title='bbox 3043 4881 3370 4947; x_wconf 72' lang='lat' dir='ltr'><strong>Robcrtum,</strong></span> <span class='ocrx_word' id='word_1_584' title='bbox 3415 4882 3508 4951; x_wconf 88' lang='lat' dir='ltr'><strong>qui</strong></span> <span class='ocrx_word' id='word_1_585' title='bbox 3545 4893 3782 4952; x_wconf 87' lang='lat' dir='ltr'><strong>postmo-</strong></span> 
     </span>
    </p>
   </div>
   <div class='ocr_carea' id='block_1_94' title="bbox 2195 4973 3780 5047">
    <p class='ocr_par' dir='ltr' id='par_1_94' title="bbox 2195 4973 3780 5047">
     <span class='ocr_line' id='line_1_94' title="bbox 2195 4973 3780 5047; baseline -0.001 -18"><span class='ocrx_word' id='word_1_586' title='bbox 2195 4977 2323 5030; x_wconf 90' lang='lat' dir='ltr'><strong>dum</strong></span> <span class='ocrx_word' id='word_1_587' title='bbox 2387 4977 2661 5047; x_wconf 72' lang='lat' dir='ltr'><strong>praeclara:</strong></span> <span class='ocrx_word' id='word_1_588' title='bbox 2721 4975 3071 5032; x_wconf 87' lang='lat' dir='ltr'><strong>sublimitatis</strong></span> <span class='ocrx_word' id='word_1_589' title='bbox 3137 4973 3384 5040; x_wconf 80' lang='lat' dir='ltr'><strong>fuerunt,</strong></span> <span class='ocrx_word' id='word_1_590' title='bbox 3445 4975 3780 5043; x_wconf 84' lang='lat' dir='ltr'><strong>procreavit.</strong></span> 
     </span>
    </p>
   </div>
   <div class='ocr_carea' id='block_1_95' title="bbox 2193 5065 3778 5139">
    <p class='ocr_par' dir='ltr' id='par_1_95' title="bbox 2193 5065 3778 5139">
     <span class='ocr_line' id='line_1_95' title="bbox 2193 5065 3778 5139; baseline -0.001 -17"><span class='ocrx_word' id='word_1_591' title='bbox 2193 5066 2460 5139; x_wconf 79' lang='lat' dir='ltr'><strong>Rogerius</strong></span> <span class='ocrx_word' id='word_1_592' title='bbox 2507 5070 2688 5138; x_wconf 89' lang='lat' dir='ltr'><strong>itaque</strong></span> <span class='ocrx_word' id='word_1_593' title='bbox 2740 5068 2910 5122; x_wconf 82' lang='lat' dir='ltr'><strong>fretus</strong></span> <span class='ocrx_word' id='word_1_594' title='bbox 2955 5065 3342 5120; x_wconf 81' lang='lat' dir='ltr'><strong>auxiliatorum</strong></span> <span class='ocrx_word' id='word_1_595' title='bbox 3393 5065 3778 5130; x_wconf 80' lang='lat' dir='ltr'><strong>multitudine,</strong></span> 
     </span>
    </p>
   </div>
   <div class='ocr_carea' id='block_1_96' title="bbox 2193 5157 3779 5216">
    <p class='ocr_par' dir='ltr' id='par_1_96' title="bbox 2193 5157 3779 5216">
     <span class='ocr_line' id='line_1_96' title="bbox 2193 5157 3779 5216; baseline -0.001 -1"><span class='ocrx_word' id='word_1_596' title='bbox 2193 5170 2386 5216; x_wconf 87' lang='lat' dir='ltr'><strong>contra</strong></span> <span class='ocrx_word' id='word_1_597' title='bbox 2419 5169 2666 5214; x_wconf 84' lang='lat' dir='ltr'><strong>tenerum</strong></span> <span class='ocrx_word' id='word_1_598' title='bbox 2717 5159 2909 5215; x_wconf 89' lang='lat' dir='ltr'><strong>ducem</strong></span> <span class='ocrx_word' id='word_1_599' title='bbox 2941 5173 3107 5212; x_wconf 89' lang='lat' dir='ltr'><strong>ausus</strong></span> <span class='ocrx_word' id='word_1_600' title='bbox 3143 5166 3228 5212; x_wconf 89' lang='lat' dir='ltr'><strong>est</strong></span> <span class='ocrx_word' id='word_1_601' title='bbox 3263 5157 3548 5214; x_wconf 86' lang='lat' dir='ltr'><strong>rebellare.</strong></span> <span class='ocrx_word' id='word_1_602' title='bbox 3578 5160 3779 5215; x_wconf 88' lang='lat' dir='ltr'><strong>Omnes</strong></span> 
     </span>
    </p>
   </div>
   <div class='ocr_carea' id='block_1_97' title="bbox 2194 5247 3752 5274">
    <p class='ocr_par' dir='ltr' id='par_1_97' title="bbox 2194 5247 3752 5274">
     <span class='ocr_line' id='line_1_97' title="bbox 2194 5247 3752 5274; baseline 0 0"><span class='ocrx_word' id='word_1_603' title='bbox 2449 5265 2572 5274; x_wconf 59' lang='grc' dir='ltr'><strong>..α-ομ</strong></span> <span class='ocrx_word' id='word_1_604' title='bbox 2623 5249 2798 5274; x_wconf 58' lang='grc' dir='ltr'><strong>κοίη-ιιι</strong></span> <span class='ocrx_word' id='word_1_605' title='bbox 2859 5247 3184 5274; x_wconf 55' lang='grc' dir='ltr'><strong>λιιι-ιδεμῖηιὶηθ</strong></span> <span class='ocrx_word' id='word_1_606' title='bbox 3241 5257 3288 5274; x_wconf 70' lang='grc' dir='ltr'><strong>Δ.</strong></span> <span class='ocrx_word' id='word_1_607' title='bbox 3341 5257 3514 5274; x_wconf 59' lang='lat' dir='ltr'><strong>Inuus-nn</strong></span> <span class='ocrx_word' id='word_1_608' title='bbox 3567 5264 3752 5274; x_wconf 53' lang='lat' dir='ltr'><strong>anu...“</strong></span> 
     </span>
    </p>
   </div>
  </div>
