4040 5298
189 332 298 389 819

195 539 471 594 ΕΙίιιτιιιιίο
521 551 862 613 peremptus,
907 547 1196 602 victoriam
1244 549 1488 604 hostibus
1537 551 1771 622 reliquit.

195 628 266 680 lbi
301 627 572 685 Ilobcrtus
602 631 668 686 de
697 631 1118 690 Grcntemaisnil
1161 637 1356 692 letbale
1398 641 1588 696 vulnus
1621 659 1776 698 acce—

193 718 292 787 pit,
328 735 439 787 quo
485 729 604 790 post
649 733 755 778 tres
787 725 1170 792 betnlmnatas,
1215 743 1264 782 Iv
1293 731 1410 784 Kal.
1443 731 1590 798 filii,
1617 735 1772 788 obiit.

195 809 388 872 l‘orro,
421 823 546 867 ante
579 825 804 870 mortem
835 833 990 872 suam
1021 821 1228 874 duobus
1257 819 1380 876 ftliis
1425 823 1538 878 snis
1563 825 1776 896 ilugoni

193 910 248 952 et
283 899 526 956 Roberto
561 911 759 959 terram
805 923 958 960 suam
1005 911 1288 976 atqualiter
1327 913 1622 976 distribuit.
1667 917 1778 972 eis-

193 1007 300 1060 que
345 993 636 1051 Ernaldum
687 999 966 1054 minimum
1017 1003 1184 1056 lilium
1237 1019 1428 1070 suum,
1473 1017 1528 1062 ιιι
1577 1009 1774 1078 ipsum,

199 1085 326 1136 dum
361 1087 430 1138 ad
461 1095 678 1142 :etatem
711 1091 940 1156 veniret,
985 1093 1126 1148 sicut
1155 1093 1384 1150 fratrem
1415 1097 1554 1154 bene
1583 1109 1778 1156 tracta-

197 1184 337 1242 rent,
371 1179 796 1234 commendavit.

811 1334 1042 1392 CAPUT
1079 1339 1168 1392 IV.

197 1443 350 1512 Quod
389 1447 528 1520 idem
579 1448 828 1520 Rogerius
871 1451 1136 1520 aboetiam
1191 1451 1436 1508 Pratcllis
1471 1455 1772 1520 miliﬁcnvit,

263 1527 312 1638 Et
361 1519 854 1598 dde!innmﬂ!inm
911 1519 1218 1576 ii’uferemti
1273 1525 1476 1580 cumbis
1539 1519 1774 1580 “clienti

305 1600 440 1638 ιιι-ιι.

305 1600 440 1642 “In.

267 1723 535 1792 Rugerius
581 1741 708 1779 vero
747 1725 814 1780 de
863 1727 1218 1794 Bcllomontc,
1268 1731 1540 1802 superatis
1585 1733 1774 1788 adver-

767 336 1108 396 1115ΤοΙῖΙῶ
1143 339 1766 400 NORTIHMNNORUM
1807 345 1982 402 Lililil
2009 347 2210 408 OC'I'O.
2255 383 2318 394 -—
2359 352 2554 410 UBE“
2585 355 2948 413 Sl‘lPTiMUS.

193 445 362 510 uixit;
395 447 488 502 sed
519 447 712 504 ibidem
735 467 858 505 cum
889 453 1096 508 duobus
1127 455 1248 508 ﬁliis
1283 457 1394 510 suis
1423 457 1674 512 lielbcrto
1715 469 1772 512 ct
1800 477 1846 532 Α

3348 361 3454 416 830

2495 469 2720 524 CAPUT
2765 471 2824 523 ν.

1881 555 2334 634 Quodnﬂenrirus
2366 577 2464 634 rei:
2511 559 2834 616 Frunrm'mu
2874 573 3102 617 castrum
3149 565 3452 634 fegulm'ias

1949 645 1982 682 α
2021 627 2402 704 Northnmunis
2433 649 2524 698 pro
2569 649 2694 698 pure
2727 635 2824 686 sibi
2859 637 3110 688 trmlitum
3148 627 3450 704 combussit,

1946 714 2038 750 nec
2060 715 2162 752 mm
2196 711 2241 753 ct
2277 701 2317 752 Α
2329 713 2666 770 rgentantum.

1949 807 2158 864 Vesana
2197 811 2362 882 igitur
2399 813 2734 882 proditorum
2767 814 3148 882 provocatione
3179 831 3268 870 rex
3307 813 3452 870 lien-

1879 904 2024 958 ricus
2056 906 2402 960 vehementer
2431 916 2730 976 permotus,
2765 917 2821 962 et
2855 909 3100 964 beneﬁcii
3143 925 3170 964 a
3215 909 3454 968 “oborto

1878 997 2012 1052 duce
2043 999 2144 1052 sibi
2177 999 2446 1068 quondam
2472 1001 2698 1070 impensi
2728 1003 3012 1057 immemor
3031 1003 3274 1070 cffei-tus,
3299 1005 3454 1062 duxit

1877 1103 1936 1144 se
1971 1089 2290 1158 placab'lem
2347 1091 2396 1144 ei
2449 1091 2595 1144 nullo
2636 1093 2792 1146 tundo
2830 1091 2965 1156 fore,
2991 1093 3246 1160 quamdiu
3283 1093 3456 1166 Tegu-

1878 1177 2028 1234 lcnse
2069 1191 2310 1235 castrum
2353 1183 2560 1236 videret
2607 1183 2658 1236 in
2703 1185 2930 1254 pristino
2961 1195 3104 1240 statu
3143 1187 3452 1257 persistere.

1876 1271 2046 1339 Cujus
2089 1273 2310 1326 fraudes
2347 1275 2512 1328 animi
2561 1277 2630 1328 ob
2683 1278 2914 1332 salutem
2951 1279 3103 1348 pueri
3154 1279 3326 1334 vitare
3357 1295 3455 1335 cu-

1877 1361 2088 1430 pientes
2143 1363 2192 1416 in
2249 1363 2352 1416 ﬁde
2397 1373 2606 1418 stantes
2651 1365 3046 1430 Nortbmanni,
3096 1367 3458 1424 decreverunt

1881 1451 1994 1506 fieri
2017 1452 2172 1522 'qnod
2221 1455 2400 1524 egisse
2441 1455 2786 1524 postmodum
2817 1458 3088 1526 ιιωιιίιιιίι.
3119 1457 3460 1514 Cislebcrtus

1877 1555 2060 1600 autem
2093 1555 2450 1612 cognomento
2481 1547 2784 1616 Crispinus,
2821 1549 2906 1604 cui
2941 1549 3069 1604 illud
3107 1551 3460 1610 connulserat.

1875 1637 2005 1692 olim
2035 1637 2142 1692 dus
2181 1636 2470 1702 Robertus,
2521 1655 2640 1694 tuox
2673 1649 2730 1692 ut
2759 1639 3198 1696 molestissimum
3239 1643 3460 1712 agnovit.

1876 1727 2178 1792 decretum,
2229 1737 2457 1784 conatus
2501 1744 2689 1782 eorum
2746 1731 2956 1798 sprevit
3000 1739 3056 1784 et
3101 1747 3226 1786 cum
3283 1732 3460 1786 valida

193 1817 378 1881 sai-iis,
409 1818 600 1872 victori
635 1819 742 1873 ιιρο
778 1822 1007 1889 gratim“
1045 1823 1253 1888 ι-ριιιιὶι,
1291 1833 1344 1878 οι
1391 1825 1442 1878 in
1487 1825 1632 1880 ontni
1667 1825 1774 1880 vita
1808 1815 1848 1874 Β
1879 1833 2040 1874 manu
2095 1830 2426 1874 armatorum
2479 1819 2547 1874 ad
2595 1820 2952 1874 resistendum
3007 1821 3148 1876 illico
3197 1837 3256 1876 se
3317 1822 3458 1878 intra

193 1923 288 1962 sua
345 1909 503 1962 bonis
551 1911 804 1980 operibus
857 1911 1112 1968 insudare
1159 1915 1388 1968 studuit.
1440 1915 1588 1970 Inter
1632 1931 1772 1987 qum,

193 1999 500 2054 ulouacbile
543 2001 852 2056 coenobium
903 2001 956 2057 in
1012 2003 1179 2060 fundo
1215 2021 1318 2062 suo
1366 2006 1620 2064 Pratellis
1651 2023 1778 2068 con-

195 2093 426 2158 struxit,
456 2103 512 2148 et.
537 2091 812 2150 Willclmo
839 2095 961 2152 duci
991 2107 1184 2152 contra
1215 2113 1406 2154 omnes
1435 2099 1608 2154 ﬁdelis
1638 2115 1776 2154 sem-

195 2197 292 2252 per
331 2183 564 2238 exstitit.
598 2185 940 2268 Quapropter
980 2189 1234 2243 omnibus
1287 2189 1402 2244 avis
1455 2191 1776 2262 proavisque

196 2275 308 2329 suis
337 2275 626 2332 sublimior
651 2277 876 2334 effectus
915 2288 1022 2334 est.
1053 2279 1186 2334 Nam
1231 2279 1544 2346 Adelinam,
1585 2281 1774 2336 Wale-

199 2365 352 2418 rauni
379 2367 596 2420 comitis
621 2367 854 2444 Biellenti
887 2369 1074 2435 filiam,
1103 2387 1328 2426 uxorem
1353 2371 1534 2438 duxit;
1567 2387 1634 2427 ex
1667 2387 1774 2442 qua

197 2457 330 2510 duos
361 2457 522 2524 ﬁlios,
568 2459 870 2514 ltobcrtum
905 2472 962 2517 et
992 2461 1312 2526 llenricum,
1343 2479 1552 2534 magna:
1587 2473 1776 2534 poten-

197 2549 284 2602 tia:
303 2559 494 2620 postea
525 2551 752 2606 comites
778 2555 1106 2620 procreavit.
1135 2553 1404 2610 Robcrtus
1431 2555 1628 2625 quippe
1657 2565 1778 2624 post

201 2637 480 2710 Ilugonem
532 2643 856 2698 avunculum
903 2660 1060 2700 suum
1113 2661 1296 2701 comes
1344 2645 1610 2702 hlellentis
1657 2647 1778 2717 plus

196 2746 358 2800 quam
412 2732 610 2804 viginti
672 2743 880 2804 septem
934 2737 1093 2792 annis
1148 2736 1353 2808 viguit;
1405 2747 1460 2794 ct
1513 2739 1778 2794 Henricus

201 2824 460 2880 Willelmi
504 2827 647 2896 regis
691 2827 742 2880 in
771 2827 964 2898 Anglia
1011 2829 1330 2884 comitatum
1367 2813 1622 2884 Warwlk'
1654 2845 1778 2902 pro-

201 2917 418 2970 meruit.
469 2915 594 2971 Post
629 2917 906 2987 praefatam
937 2921 1138 2974 caedem
1192 2920 1246 2974 in
1295 2935 1400 2990 qua
1431 2921 1696 2991 [tegeritis
1721 2930 1778 2978 et

203 3007 474 3064 ltobcrtns
513 3011 578 3064 de
623 3009 1044 3066 Grcntcmaisnil
1078 3021 1132 3067 et
1163 3013 1256 3067 alii
1309 3013 1662 3084 quamplures
1687 3030 1780 3070 ce-

199 3102 476 3164 ciderunt.
529 3103 832 3160 Riebardus
871 3105 1212 3162 Ebroicensis
1240 3121 1442 3170 comes,
1491 3107 1632 3162 filius
1673 3107 1778 3160 fio-

1882 1909 2058 1982 ipsum
2084 1910 2372 1965 conclusit.
2401 1909 2516 1966 Rex
2542 1927 2758 1982 quoque
2783 1913 3100 1968 munitionis
3125 1913 3330 1968 aditum
3353 1913 3460 1970 sibi

1879 1999 2136 2070 denegari
2185 2001 2558 2066 considerans,
2599 2003 2931 2058 exercitibus
2977 2010 3084 2057 tam
3129 2001 3460 2060 Francorum

1879 2104 2040 2158 quam
2075 2088 2567 2146 Nortlunannorum
2595 2092 2910 2156 contractis,
2947 2091 3178 2148 festinus
3217 2109 3338 2149 eam
3369 2094 3464 2148 ob-

1879 2181 2090 2236 sidione
2143 2181 2336 2254 cinxit.
2398 2183 2536 2250 Quid
2597 2184 2786 2254 plura?
2833 2185 3171 2240 Gislcbcrtus
3236 2187 3456 2240 tandem

1879 2270 2134 2339 precibus
2184 2251 2337 2326 ducis
2383 2273 2580 2336 victus,
2634 2287 2868 2328 mmrcns
2903 2285 3144 2330 castrum
3197 2274 3460 2334 reddidit,

1880 2361 2024 2431 quod
2055 2361 2155 2416 sub
2187 2363 2360 2418 oculis
2381 2364 2624 2418 omnium
2652 2379 2774 2420 cum
2809 2365 3046 2418 masimo
3073 2363 3256 2419 dolore
3279 2363 3462 2418 cordis

1880 2451 2168 2507 confestim
2223 2453 2345 2525 igne
2397 2453 2734 2508 concremari
2771 2453 3067 2524 perspexit.
3114 2453 3318 2528 Quibus
3363 2468 3460 2507 rex

1881 2543 1950 2600 ad
1982 2551 2162 2602 votum
2193 2542 2450 2614 peractis,
2483 2557 2514 2596 ει
2565 2541 2685 2597 loco
2727 2543 2972 2600 secessit.
3015 2543 3120 2598 Sed
3155 2559 3260 2602 non
3291 2541 3461 2598 multo

1881 2645 1998 2708 post
2041 2635 2390 2692 Oximensem
2427 2633 2680 2690 comitem
2714 2635 2904 2701 adivit,
2947 2637 3002 2690 et
3044 2635 3458 2706 Argentomum,

1880 2729 2036 2784 ducis
2073 2728 2274 2796 vicum,
2307 2729 2538 2782 ﬂammis
2579 2728 2866 2784 voracibus
2907 2729 3232 2794 C0l|tltll$ail;
3275 2729 3462 2800 sicque

1880 2831 2108 2877 onustus
2135 2819 2338 2891 prmda,
2377 2831 2559 2890 partes
2591 2819 2712 2876 illas
2733 2821 2994 2876 deseruit.
3031 2821 3232 2876 Deinde
3268 2821 3460 2874 itinere

1881 2928 1990 2983 quo
2012 2921 2234 2968 venerat
2256 2927 2556 2982 regressus,
2578 2911 2644 2966 ad
2664 2911 2944 2967 castellqu
2961 2911 3258 2984 Tcgulense
3281 2911 3457 2976 venit;

1885 3013 2048 3074 atque
2075 3011 2414 3058 sacramenta
2443 3018 2562 3074 qum
2584 3001 2703 3057 duci
2723 3001 3022 3074 juraverat,
3047 3019 3116 3056 tte
3137 3017 3164 3054 a
3187 3017 3460 3078 quoquam

1887 3110 1987 3149 suo
2015 3097 2067 3150 in
2094 3104 2331 3165 quatuor
2369 3095 2529 3150 atinis
2559 3095 2932 3159 reﬁcerentur,
2971 3095 3126 3148 irrita
3153 3093 3298 3148 fecit.
3329 3091 3460 3148 Nam

203 3193 336 3248 berti
383 3195 812 3268 archiepiscopi,
841 3213 1066 3260 uxorem
1101 3199 1318 3268 ltogerii
1347 3199 1414 3254 de
1441 3198 1644 3255 Toenia
1675 3199 1778 3258 sibi
1810 3187 1855 3250 C
1891 3187 2022 3242 illud
2060 3203 2181 3242 cum
2212 3185 2558 3243 festinatione
2603 3186 2947 3250 restauravit,
2986 3185 3249 3240 militibus
3277 3193 3334 3240 et
3359 3184 3460 3239 ali-

203 3285 252 3340 in
302 3287 656 3342 matrimonio
700 3289 1026 3360 assumpsit,
1069 3304 1136 3344 es
1168 3304 1274 3359 qua
1299 3289 1656 3354 Willclmum,
1689 3291 1780 3360 qui

203 3391 344 3436 nime
383 3375 805 3440 Ebroiccnsibus
849 3379 1204 3450 principatur,
1243 3381 1446 3450 genuit.
1477 3379 1782 3448 Willelmns

201 3483 332 3523 vero
379 3467 552 3524 frater
595 3469 713 3539 ejus
743 3469 1064 3527 lladcvisam
1115 3471 1280 3526 ﬁliam
1317 3471 1498 3527 Geroii
1541 3471 1782 3527 relictam

205 3560 429 3616 Roberti
477 3562 546 3618 de
590 3561 1016 3618 Grcntemaisnil
1043 3564 1144 3620 sibi
1169 3563 1372 3635 junxit.
1413 3565 1617 3620 Interea
1644 3565 1784 3621 Wil-

203 3652 396 3710 lclnms
437 3654 578 3719 dux,
611 3653 830 3710 favente
865 3655 1010 3722 Deo,
1051 3655 1251 3712 crescit
1291 3663 1452 3710 :etate
1475 3665 1530 3710 ct
1557 3655 1782 3722 viribus,

205 3761 270 3802 ac
311 3763 476 3802 sensu
515 3763 834 3820 morumque
865 3751 1102 3806 valentia
1149 3749 1384 3822 proﬁcit.
1433 3750 1786 3806 Animadver-

207 3845 326 3892 tens
375 3839 582 3910 itaque,
625 3851 824 3912 quanta
868 3857 1089 3897 suormn
1134 3843 1310 3898 rabies
1337 3841 1784 3898 Nortlnnanniam

209 3930 630 4000 proculcaverit,
661 3935 712 3986 in
753 3935 902 4004 pueri
933 3943 1152 4004 pectore
1181 3934 1338 3989 virile
1369 3935 1533 3988 robur
1561 3935 1784 4004 colligit,

207 4035 572 4092 proceresque
601 4025 772 4093 patris
800 4025 880 4080 sui
919 4027 1120 4081 ascitos
1151 4027 1218 4080 ad
1263 4042 1504 4084 amorem
1557 4028 1638 4082 sui
1681 4038 1789 4082 tra-

209 4113 338 4168 bere
367 4116 590 4184 satagit,
621 4125 676 4170 et
704 4133 772 4172 ne
801 4117 930 4189 quid
961 4117 1366 4190 indisciplinate
1401 4129 1580 4190 agant,
1609 4121 1787 4188 preci-

209 4203 310 4260 bus
355 4216 410 4260 et
452 4206 625 4280 jussis
673 4209 871 4264 erudit.
923 4209 1262 4280 Roduiplmm
1309 4211 1372 4266 de
1425 4211 1680 4266 Wacceio
1719 4225 1790 4272 ex

209 4299 462 4353 consultu
500 4300 766 4370 majorum
795 4302 894 4356 sibi
929 4311 1164 4358 tutorem
1201 4302 1372 4373 eligit,
1403 4311 1457 4357 et
1493 4303 1788 4374 principem

213 4391 422 4446 militia:
473 4392 974 4448 Nortlnnannornm
1025 4395 1322 4450 constituit.
1374 4395 1604 4462 Quidam
1651 4394 1792 4464 Opti-

211 4493 438 4548 matum,
465 4485 558 4554 qui
593 4485 762 4538 Deum
791 4493 848 4540 et
875 4485 1142 4555 justitiam
1171 4495 1379 4552 amant,
1415 4487 1646 4542 libenter
1669 4485 1790 4541 duci

211 4583 270 4626 ut
301 4575 526 4630 domino
569 4575 968 4646 obtemperant,
1021 4577 1290 4646 iidemque
1340 4585 1564 4632 servant
1611 4585 1668 4632 et
1709 4591 1794 4632 re-

209 4664 382 4728 belles
433 4665 484 4720 ei
553 4665 788 4720 subdere
847 4665 1080 4721 ﬁdeliter
1134 4665 1412 4722 anhelant.
1471 4667 1644 4722 Porro
1699 4667 1792 4722 ﬁlii

211 4757 520 4822 discordize,
565 4757 661 4828 qui
691 4757 1124 4812 dissensionibus
1175 4758 1409 4829 gaudent
1445 4767 1500 4814 et
1537 4759 1792 4814 innocen-

215 4857 296 4904 ter
329 4849 516 4905 vivere
566 4848 812 4904 volentes
853 4847 1092 4920 afﬂigere
1143 4852 1382 4918 student,
1427 4849 1554 4904 dum
1596 4865 1694 4922 per
1738 4863 1796 4904 se

215 4951 422 4997 tantum
449 4959 646 4999 nocere
676 4941 1031 5012 simplicibus,
1060 4953 1321 5011 quantum
1353 4943 1572 5010 vellent,
1603 4959 1664 5000 se
1690 4957 1796 4998 non

215 5051 376 5104 posse
435 5029 654 5100 vident,
728 5043 1164 5090 commcntantur
1235 5039 1474 5108 qualiter
1550 5035 1796 5112 improba

219 5127 398 5182 fronte
443 5125 852 5183 subversionem
907 5125 1097 5197 patria:
1140 5137 1452 5194 procurent.
1503 5125 1796 5184 llenricum

677 5217 776 5250 pl"!
786 5231 1004 5250 nonI-nun

1427 5218 1643 5250 .:.:I\O|At‘
1683 5221 1796 5250 Διί-ιιι

219 5221 384 5250 δ-ιῖΙ-ιιο
437 5227 618 5250 nixari-11
677 5217 1004 5250 πρηηιιΛ-η-..η
1069 5215 1264 5250 uuln-nn-
1319 5233 1368 5250 ιιο

1887 3279 2083 3334 ιιιιιιιίἱε
2114 3277 2583 3336 abundantissime
2612 3279 2862 3341 munivit,
2900 3288 2956 3334 et
2988 3277 3135 3344 binc,
3161 3275 3287 3348 quia
3325 3275 3457 3332 votis

1886 3371 1998 3426 suis
2017 3371 2128 3442 jam
2155 3368 2522 3436 satisfecerat,
2563 3367 2718 3424 laetus
2747 3370 2990 3424 recessit.

2495 3501 2724 3560 CAPUT
2763 3501 2849 3562 VI.

1889 3598 2044 3676 Quod
2087 3596 2374 3676 Turatemu
2419 3595 2536 3650 (In:
2575 3605 2808 3676 castrum
2851 3593 3080 3676 Fuluia?
3110 3603 3294 3676 contra
3331 3593 3466 3676 ιινίι-

1957 3669 2174 3722 lclmum
2205 3669 2390 3720 ducem
2421 3679 2592 3722 tenere
2617 3669 2802 3732 coiuit,
2825 3669 2914 3720 sed
2947 3682 3052 3720 non
3077 3666 3280 3736 potuit;
3321 3675 3368 3718 ct
3401 3663 3468 3720 de

1955 3738 2220 3792 Rirltm'do
2240 3739 2353 3807 ﬁlio
2379 3739 2632 3808 ejusdem,

1960 3851 2261 3906 Turstenus
2327 3861 2684 3922 cognomento
2727 3851 2880 3916 Gul,
2935 3849 3174 3906 Ausfridi
3232 3849 3362 3904 Dani
3409 3849 3469 3906 ﬁ-

1890 3947 2021 4012 lius,
2075 3947 2165 4016 qui
2195 3956 2322 4000 tunc
2367 3927 2566 4016 prtcses
2595 3945 2902 4002 Oximcnsis
2951 3955 3093 4010 erat,
3135 3945 3470 4014 perspiciens

1892 4039 2084 4094 ducent
2119 4053 2346 4108 puerqu
2401 4037 2512 4108 regi
2549 4037 2882 4106 aliquantum
2929 4037 3180 4100 cessisse,
3215 4045 3272 4092 ct
3315 4035 3468 4104 quasi

1894 4131 2096 4186 victum
2131 4131 2290 4204 regia:
2322 4143 2513 4183 manus
2546 4129 2952 4198 oppressionem
2984 4126 3098 4195 jam
3133 4127 3466 4194 aliquantum

1893 4230 2190 4298 utcumque
2230 4217 2461 4287 perpeti,
2497 4216 2614 4270 zelo
2655 4230 2951 4278 succensus
2982 4213 3336 4278 inﬁdelitatis,
3380 4227 3466 4266 re-

1894 4310 2043 4380 gales
2073 4309 2271 4372 milites
2294 4305 2580 4378 stipendiis
2605 4306 2886 4369 conduxit,
2915 4319 3054 4373 quos
3074 4302 3364 4380 compliccs
3402 4302 3470 4358 ad

1899 4399 2250 4452 municndmn
2284 4396 2512 4452 Falesite
2550 4395 2862 4458 castellum,
2900 4411 2968 4449 ne
2993 4395 3116 4450 inde
3143 4393 3264 4446 duci
3302 4391 3472 4448 servi-

1826 4528 1870 4587 D
1903 4501 2007 4556 ret,
2035 4491 2139 4545 sibi
2175 4489 2391 4546 ascivit.
2428 4489 2594 4561 Cujus
2625 4488 2860 4544 malivoli
2903 4488 3070 4543 animi
3097 4497 3324 4544 conatus
3362 4485 3472 4540 dux

1899 4592 1960 4636 ut
1991 4582 2280 4652 comperit,
2315 4581 2616 4651 legionibus
2661 4579 3156 4644 Nortbmannorum
3195 4577 3476 4645 undequa-

1901 4691 2008 4745 que
2039 4657 2264 4740 coactis,
2293 4673 2614 4733 festinanter
2651 4672 2780 4726 illud
2821 4671 3054 4728 obsedit.
3086 4667 3240 4726 Tunc
3277 4667 3476 4722 ltodul-

1899 4768 1984 4820 fus
2015 4766 2388 4821 Waccciensis
2437 4765 2698 4833 ttiagistcr
2728 4763 2956 4817 militum
2994 4769 3134 4828 erat,
3175 4761 3478 4828 (lucemque

1899 4873 2054 4912 suum
2121 4857 2244 4922 totis
2307 4857 2516 4910 nisibus
2569 4855 2884 4925 adjuvabat.
2939 4855 3240 4912 Coucitatis
3299 4858 3478 4906 autem

1901 4949 2184 5014 militibus,
2216 4957 2362 5003 tanta
2395 4947 2540 5002 illico
2569 4947 3022 5018 magnanimitate
3045 4955 3350 5020 pugnatum
3379 4949 3480 5002 est,

1901 5049 1961 5094 ut
2003 5047 2214 5108 partem
2257 5035 2398 5091 muri
2454 5035 2556 5090 sub
2592 5045 2870 5090 momento
2909 5035 3233 5102 dejicerent.
3273 5031 3342 5086 Et
3386 5027 3488 5082 nisi

1903 5146 2012 5186 nos
2057 5129 2300 5200 prmlinm
2341 5125 2667 5192 diremisset,
2718 5128 2904 5196 procul
2955 5125 3119 5184 dubio
3167 5139 3286 5186 rem
3327 5131 3490 5188 quam

3143 5209 3494 5246 Ianum-nlan

2163 5219 2414 5248 --ηιηιυιηι
2493 5225 2660 5248 ΙΛΙηιιι
2711 5209 3066 5248 ΛηιπῒΑι-ῗηηηιιι

1904 5237 2110 5250 κθαιιῆνιιη
