4040 5298
542 384 645 446 851

1146 496 1371 554 CAPUT
1415 496 1522 552 VII.

547 593 702 660 Quod
736 593 961 646 [iuberio
984 591 1367 660 archiepiscogio
1390 591 1636 644 successit
1664 588 1954 660 Jlalggrius
1980 587 2126 660 ﬁlius

573 655 586 695 Ῡ
615 663 827 734 secundi
875 655 1229 734 llic/inrdi‘ex
1263 655 1492 734 secunda
1533 661 1750 734 conjuge
1783 655 1965 730 'Popia
1994 655 2128 731 [Pa-

617 733 760 806 pia];
790 743 835 787 et
866 735 930 786 de
960 731 1222 786 Willelmo
1255 733 1590 786 Archacensi.

620 828 830 882 Mortuo
861 825 1096 881 Roherto
1122 823 1546 895 Rethomagensi
1576 821 1984 891 archiepiscopo
2007 835 2131 875 suc-

548 921 712 975 cessit
745 919 1029 986 Malgerius
1055 917 1227 972 frater
1262 915 1484 972 Roberti
1524 915 1696 970 ducis.
1724 913 1860 969 Nam
1899 910 2131 968 Richar-

551 1010 653 1064 dns
699 1008 1081 1072 Guimorides,
1139 1017 1353 1062 mortua
1397 1006 1608 1070 Judith,
1681 1005 1841 1059 aliam
1906 1019 2130 1061 uxorem

550 1102 769 1157 nomine
815 1100 1038 1171 Papiam
1089 1100 1260 1165 duxit,
1301 1114 1368 1154 ex
1410 1115 1515 1170 qua
1544 1100 1691 1167 1duos
1738 1097 1879 1153 ﬁlios
1923 1097 2126 1167 genuit,

552 1171 865 1261 Maigerium
921 1191 1129 1246 scilicet
1187 1190 1628 1261 archiprznsulem
1684 1198 1740 1246 et
1798 1189 2131 1244 Willelmum

549 1286 976 1341 Archaccusem.
1013 1283 1112 1338 llic
1157 1283 1302 1339 enim
1340 1282 1647 1338 Willelmus
1693 1288 1724 1337 a
1759 1281 2027 1354 ducejam
2077 1283 2132 1339 in

555 1376 912 1431 adolescentia
964 1367 1204 1446 pollente
1243 1377 1562 1432 comitatum
1610 1376 1794 1447 Talogi
1855 1377 2130 1448 percepit,

552 1471 777 1524 obtentu
824 1468 1094 1533 beneﬁcii,
1141 1477 1199 1522 ut
1227 1468 1349 1523 inde
1394 1467 1467 1522 illi
1501 1468 1761 1523 existeret
1792 1467 1986 1522 ﬁdelis.
2025 1465 2135 1522 No-

556 1562 764 1616 bilitate
789 1577 919 1617 vero
957 1562 1178 1632 generis
1218 1561 1415 1626 elatus,
1461 1569 1700 1616 castrum
1738 1559 2040 1616 Archarum
2079 1559 2134 1616 in

553 1655 839 1712 cacumine
879 1654 1046 1724 ipsius
1086 1653 1286 1708 montis
1322 1652 1584 1708 condidit.
1621 1652 1825 1707 Deinde
1856 1660 2134 1723 assumpta

557 1745 867 1817 tyrannide,
895 1745 1154 1816 regioque
1184 1743 1351 1798 fultus
1378 1743 1682 1810 juvamine,
1719 1755 1911 1800 contra
1942 1745 2134 1800 ducem

558 1853 723 1892 ausus
773 1846 856 1892 est
890 1837 1201 1892 calcancmn
1251 1836 1531 1892 extollere.
1589 1836 1760 1903 Quem
1808 1837 1914 1891 dux
1964 1852 1992 1890 a
2038 1851 2133 1892 sua

559 1930 776 1984 vesania
824 1931 1002 1985 nitens
1037 1929 1290 1992 avellere,
1320 1931 1387 1984 ad
1435 1930 1799 1985 exhibendum
1847 1929 1947 1984 sibi
1979 1928 2140 1984 obse-

557 2022 746 2093 quium
794 2039 892 2093 per
922 2022 1126 2092 legatos
1165 2022 1328 2092 jussit
1369 2035 1494 2076 eum
1530 2022 1735 2076 venire.
1773 2021 1881 2076 Sed
1923 2021 2015 2078 ille
2044 2021 2146 2076 hu-

555 2113 792 2184 iusmodi
830 2113 1152 2184 legationem
1177 2115 1383 2168 habens
1408 2113 1761 2182 contemptui,
1798 2129 1994 2184 magna
2022 2129 2145 2168 cum

563 2205 758 2270 ﬁducia
787 2206 854 2260 ad
893 2205 1254 2260 resistendum
1299 2220 1357 2261 se
1388 2195 1618 2260 munivit
1646 2214 1702 2259 et
1733 2205 1989 2260 armavit.
2027 2205 2146 2260 Dux

561 2313 714 2361 vero,
744 2297 952 2354 viribus
992 2296 1489 2353 Northmannorum
1520 2298 1727 2364 aseitis,
1756 2297 1872 2366 ejus
1898 2287 2145 2372 Superci-

561 2391 692 2452 lium
737 2391 1059 2456 domiturus,
1111 2391 1434 2455 quantocius
1487 2407 1654 2464 super
1701 2406 1824 2446 eum
1869 2392 2051 2458 venit,
2093 2401 2150 2448 et

564 2483 762 2540 erectis
795 2483 1079 2562 aggeribus
1116 2485 1183 2541 ad
1231 2485 1468 2544 radicem
1516 2484 1717 2540 montis
1754 2493 1993 2540 castrum
2029 2495 2147 2540 sta-

564 2575 760 2639 bilivit,
787 2577 929 2646 quod
962 2576 1182 2632 fortium
1213 2577 1457 2638 virorum
1487 2577 1684 2633 robore
1727 2577 2149 2647 inexpugnabile

563 2668 829 2733 reddidit,
885 2676 939 2724 et
993 2670 1072 2724 sic
1121 2669 1244 2724 inde
1300 2669 1524 2734 abiens,
1575 2668 1830 2726 vallatum
1874 2669 2148 2724 alimoniis

564 2758 806 2828 reliquit.
864 2757 1019 2825 Quod
1076 2760 1273 2814 factum
1322 2759 1572 2834 protinus
1615 2759 1912 2815 lleuricum
1971 2775 2148 2830 regem

568 2857 794 2913 minime
825 2856 1002 2913 latuit.
1031 2857 1141 2915 Rex
1169 2872 1302 2928 ergo
1327 2856 1662 2911 Francorum
1699 2857 1884 2926 copias
1919 2855 2152 2925 sumpsit

568 2959 626 3004 et
649 2948 945 3019 superioris
973 2949 1154 3018 oppidi
1185 2963 1348 3004 causa
1371 2949 1646 3004 muniendi
1674 2949 2150 3019 properantissiinc

573 3042 815 3107 advenit,
839 3051 892 3095 et
926 3042 1224 3096 exercitum
1255 3051 1436 3096 castra
1472 3041 1664 3095 metari
1709 3042 1849 3111 apud
1895 3053 2149 3098 sanctum

574 3133 824 3190 Albinum
852 3133 1034 3210 jussit.
1064 3133 1230 3205 Cujus
1266 3135 1556 3189 adventum
1589 3134 1789 3189 milites
1813 3135 1965 3191 ducis
2001 3151 2150 3189 cont-

1365 376 1707 436 WILLELMI
1737 375 2028 435 CALCULI
2060 370 2612 432 GEMMETlCENSlS
2636 364 2942 426 MONACHI

2153 520 2205 577 Α
2235 488 2426 546 feudit.
2453 487 2554 554 Qui
2583 484 2828 556 protinus
2857 491 3180 550 congressus
3215 491 3339 532 cum
3370 475 3474 542 eis,
3511 488 3622 530 non
3656 473 3816 529 mini-

3711 361 3811 417 852

2231 595 2376 635 mam
2426 585 2638 649 partem
2683 589 2750 630 ex
2787 573 2894 628 illis
2937 570 3091 628 ocius
3143 567 3284 625 Orco
3332 565 3662 622 transmisit.
3697 564 3816 635 Ipse

2231 654 2360 728 vero
2389 671 2570 726 victor
2607 667 2868 731 existens,
2917 663 2985 719 ad
3034 675 3202 717 naves
3249 673 3534 730 regressus
3566 663 3653 712 est
3695 671 3818 710 cum

2231 765 2364 821 suis.
2406 762 2609 818 Videns
2653 767 2833 816 autem
2883 772 2990 812 non
3035 755 3243 823 absque
3294 751 3528 821 plurimo
3576 748 3818 803 militum

2230 869 2458 911 numero
2499 868 2558 908 se
2585 864 2744 923 posse
2781 862 3003 918 regnum
3028 843 3276 899 obtinuere
3305 840 3627 911 Anglorum,
3660 851 3818 906 regy-

2233 949 2369 1006 ratis
2430 946 2650 1002 navium
2697 942 2874 1014 proris
2911 934 3363 997 Nortbmanniam
3419 946 3540 989 cum
3582 927 3820 986 maxima

2232 1042 2414 1114 praida
2442 1039 2684 1111 repetiit.

2845 1125 3076 1182 CAPUT
3113 1123 3206 1180 ιχ.

2234 1225 2314 1282 De
2336 1225 2620 1280 traditione
2652 1220 2868 1275 Aluredi
2893 1218 3077 1287 fratris
3113 1209 3825 1287 Edward_i__per__(}oduinunt

2307 1297 2583 1354 comitem:
2609 1303 2655 1346 et
2677 1292 2817 1360 quod
2841 1282 3289 1360 Hardecliunulus
3313 1285 3454 1360 [ilius
3483 1282 3686 1360 ljfmmrc
3709 1297 3822 1360 mnf

2309 1369 2405 1420 tris
2462 1355 2711 1418 Edward'i
2771 1359 3018 1413 successit
3061 1355 3325 1429 Hei-nido
3357 1355 3522 1429 [ferri
3569 1369 3738 1429 suo)”
3777 1359 3826 1402 et

2311 1435 2725 1490 Hardechunuto
2757 1429 3051 1484 Edwardus
3073 1427 3166 1497 qui
3195 1425 3346 1478 duxit
3374 1423 3626 1476 liditliam
3656 1421 3823 1489 ﬁliani

2311 1505 2569 1560 Goduini.

2271 1601 2273 1604 ⁴
2309 1599 2521 1654 Interea
2573 1595 2744 1650 frater
2796 1591 2915 1662 ejus
2963 1590 3238 1646 Aluredus
3282 1586 3482 1642 milites
3516 1599 3629 1639 non
3674 1581 3827 1653 parvi

2241 1689 2453 1746 numeri
2487 1685 2802 1754 assumpsit.
2833 1691 3161 1752 portumque
3187 1675 3607 1745 Wisanli-petiit
3639 1682 3696 1728 et
3727 1673 3832 1726 hac

2243 1780 2608 1835 transfretanis
2648 1773 3039 1829 Doroberniam
3070 1771 3235 1824 venit.
3280 1767 3408 1823 Inde
3441 1765 3717 1836 siquidem
3751 1763 3830 1818 ius

2167 1893 2214 1952 Β
2245 1871 2441 1942 teriora
2489 1876 2788 1939 penetrans
2834 1864 3008 1936 regni,
3067 1861 3377 1918 Goduinum
3434 1857 3696 1913 comitem
3733 1854 3831 1910 ob-

2249 1962 2397 2016 vium
2434 1958 2645 2015 habuit.
2686 1958 2858 2025 Quem
2895 1955 3036 2010 idem
3065 1967 3249 2010 comes
3284 1951 3338 2005 in
3376 1965 3473 2005 sua
3506 1948 3613 2002 ﬁde
3646 1961 3834 2002 susce-

2246 2054 2348 2124 pit,
2393 2054 2487 2108 sed
2533 2051 2588 2106 in
2625 2050 2716 2106 illo
2748 2050 2849 2104 sub
2890 2047 3080 2103 eadem
3146 2053 3307 2100 nocte
3351 2039 3638 2096 traditoris
3675 2037 3831 2092 ludas

2248 2147 2421 2201 vicem
2456 2143 2717 2213 implevit.
2756 2140 2893 2195 Nam
2935 2139 3104 2194 libato
3130 2136 3282 2208 pacis
3304 2132 3493 2213 osculo
3526 2141 3737 2186 etcum
3774 2143 3836 2184 eo

2248 2247 2507 2310 percepto
2533 2212 2695 2301 cibo,
2735 2233 2915 2289 medio
2963 2232 3304 2299 intempestae
3323 2212 3541 2289 'noctis,
3586 2222 3838 2278 manibus

2249 2340 2372 2400 post
2403 2339 2612 2402 tergum
2641 2326 2826 2398 ligatis
2853 2325 3006 2380 illum
3042 2321 3280 2377 lleraldo
3307 2318 3420 2390 regi
3448 2315 3588 2386 apud
3617 2313 3840 2368 Lundo-

2250 2423 2398 2478 niam
2425 2436 2552 2476 cum
2585 2413 2816 2475 suorum
2858 2414 3134 2471 nonnullis
3165 2409 3480 2468 destinavit.
3511 2406 3714 2461 Milites
3746 2419 3839 2457 au-

2253 2525 2361 2570 tem
2406 2528 2536 2569 suos
2569 2509 2768 2581 partim
2802 2523 2899 2579 per
2925 2505 3226 2576 Anglorum
3258 2503 3529 2572 regionem
3558 2495 3838 2559 distraxit,

2250 2607 2450 2678 partim
2496 2621 2620 2660 cum
2670 2601 2937 2657 dedecore
2969 2596 3219 2668 peremit.
3258 2592 3522 2652 lieraldus
3550 2599 3610 2644 ut
3655 2588 3844 2643 Alure-

2251 2701 2378 2755 dum
2431 2697 2590 2764 vidit,
2644 2693 2828 2750 statim
2855 2691 2973 2760 ejus
3050 2690 3228 2745 socios
3278 2685 3519 2742 truncari
3571 2682 3842 2752 capitibus

2245 2791 2430 2863 jussit,
2457 2799 2513 2845 et
2539 2790 2712 2858 ipsum
2736 2787 2804 2840 ad
2842 2783 2974 2855 llely
3007 2782 3153 2847 duci,
3189 2780 3374 2849 ibique
3411 2775 3586 2832 oculis
3608 2773 3838 2844 privari.

2252 2885 2347 2941 Sic
2380 2881 2756 2938 nobilissimus
2790 2887 2846 2934 et
2867 2876 3107 2947 Optimus
3141 2873 3223 2928 vir
3252 2870 3524 2930 Aluredus
3557 2866 3840 2928 occubuit,

2252 2976 2454 3046 injuste
2486 2981 2824 3046 peremptus.
2871 2967 3140 3024 lleraldus
3179 2979 3310 3020 vero
3359 2977 3463 3017 non
3511 2959 3687 3015 multo
3723 2965 3842 3028 post

2253 3078 2534 3139 superstes
2574 3066 2709 3121 obiit
2746 3072 2996 3126 mortem,
3046 3059 3133 3114 cui
3198 3055 3458 3114 successit
3505 3053 3678 3106 lrater
3729 3051 3845 3119 ejus

2255 3162 2710 3219 llardcchunutus
2731 3173 2760 3210 a
2791 3155 2950 3211 Dacia
2977 3166 3252 3223 egressus,
3275 3165 3342 3204 ex
3366 3147 3556 3202 Emma
3586 3143 3842 3198 Edwardi

575 3217 871 3316 perientes,
902 3226 968 3279 de
992 3224 1111 3316 suis
1139 3225 1426 3316 miserunt,
1455 3225 1499 3279 si
1530 3240 1667 3316 quos
1694 3225 1832 3316 forte
1862 3226 2098 3316 hostium
2123 3242 2153 3280 a
2182 3239 2226 3299 ε
2258 3217 2440 3312 illam,
2491 3262 2676 3308 "ams.
2725 3248 2828 3315 Qui
2885 3217 3327 3316 pou'paujujmn
3381 3239 3740 3294 conﬁrmatus
3789 3235 3841 3288 in

574 3313 726 3384 regio
766 3322 908 3370 coetu
957 3315 1360 3381 abstraherent,
1397 3328 1535 3388 quos
1565 3313 1638 3369 illi
1682 3316 1735 3368 in
1774 3314 2012 3370 latibulis
2057 3315 2153 3369 de-

573 3417 764 3478 gentes
824 3408 1075 3464 incautos
1127 3407 1461 3477 exciperent.
1522 3406 1641 3480 Quo
1691 3408 1817 3461 dum
1856 3408 2152 3472 venissent,

575 3515 684 3553 non
712 3499 989 3554 minimam
1027 3501 1299 3556 exercitus
1333 3507 1542 3568 partem
1587 3499 1713 3554 inde
1745 3508 2155 3568 protraxerunt,

575 3601 631 3647 et
655 3591 922 3662 fugientes
956 3593 1008 3648 in
1033 3593 1262 3648 insidias
1289 3595 1639 3647 induxerunt.
1673 3591 1872 3647 Statim
1909 3607 2042 3647 vero
2065 3593 2158 3662 qui

575 3686 904 3740 videbantur
928 3690 1131 3756 fugere,
1160 3699 1320 3740 versa
1348 3684 1490 3739 facie
1521 3694 1804 3754 coeperunt
1832 3699 1928 3739 eos
1955 3683 2158 3739 acriter

581 3777 822 3840 caedere;
864 3778 999 3831 adeo
1026 3786 1086 3830 ut
1125 3777 1178 3829 in
1209 3777 1312 3832 hoc
1347 3775 1597 3832 conflictu
1631 3792 1755 3831 eum
1798 3776 2043 3846 pluribus
2070 3775 2160 3830 ln-

583 3867 875 3940 gelrannus
913 3857 1279 3924 Abbatisvillae
1318 3884 1503 3924 comes
1541 3868 1822 3924 confossus
1862 3869 2161 3938 perimere-

584 3968 692 4022 tur,
717 3974 782 4014 ac
804 3959 955 4030 litigo
976 3969 1332 4030 cognomento
1361 3960 1648 4016 Bardulqu
1679 3976 1801 4016 cum
1829 3961 2014 4016 multis
2044 3962 2165 4018 aliis

583 4061 889 4122 caperetur.
919 4052 1072 4132 Quod
1108 4063 1168 4108 ut
1209 4069 1304 4110 rex
1337 4055 1574 4123 agnovit,
1600 4053 1911 4109 alimoniam
1941 4056 2166 4111 castello

586 4160 686 4216 pro
731 4159 839 4215 quo
885 4154 1132 4212 venerat,
1183 4146 1502 4214 intromisit,
1553 4155 1608 4202 et
1670 4155 1899 4202 moestus
1945 4156 2168 4220 propter

585 4238 786 4294 milites
827 4239 1056 4294 amissos
1099 4254 1220 4293 cum
1260 4238 1526 4296 dedecore
1576 4240 1820 4295 recessit.
1860 4239 2167 4297 Willelmus

585 4345 800 4400 quoque
853 4346 957 4386 non
1002 4331 1159 4404 longo
1208 4341 1328 4401 post
1383 4332 1563 4387 inedia
1603 4333 1829 4388 affectus
1879 4348 2001 4387 cum
2056 4333 2170 4388 suis

585 4421 788 4477 invitus
825 4422 1104 4478 castellum
1138 4424 1371 4487 reddidit
1405 4433 1460 4478 et
1491 4424 1605 4494 ipse
1652 4441 1682 4479 a
1728 4424 1911 4480 nativo
1957 4425 2072 4479 solo
2118 4424 2168 4478 in

583 4516 840 4570 exsilium
877 4515 1146 4572 discessit.
1178 4515 1421 4587 Denique
1457 4533 1580 4572 cum
1625 4534 1793 4574 uxore
1817 4517 1936 4585 sua,
1980 4533 2170 4573 sorore

589 4607 796 4662 scilicet
820 4595 1067 4663 Widonis
1095 4609 1309 4664 comitis
1347 4608 1580 4674 Pontivi,
1623 4609 1975 4665 Eustachium
2018 4609 2170 4664 Bolo-

591 4697 694 4752 nia:
728 4701 981 4755 comitem
1017 4701 1245 4770 expetiit
1288 4709 1344 4755 et
1393 4700 1446 4754 in
1477 4701 1592 4772 ejus
1647 4700 1854 4755 familia
1888 4702 2085 4756 victum
2117 4712 2173 4757 et

592 4789 850 4842 vestitum
876 4793 1202 4862 percipiens,
1229 4807 1404 4863 usque
1437 4793 1506 4848 ad
1537 4801 1768 4861 mortem
1802 4809 1954 4848 suam
1989 4804 2175 4865 extor-

593 4879 673 4936 ris
699 4881 983 4938 remansit.

1186 5016 1413 5072 CAPUT
1453 5017 1587 5073 Vill.

600 5102 754 5179 Quod
780 5115 992 5179 mortue
1031 5103 1276 5179 Cltunuto
1308 5109 1740 5179 regchAnglorum
1772 5109 2017 5163 successit
2062 5104 2173 5162 He-

673 5174 853 5228 raldus
881 5175 1024 5242 [ilius
1050 5176 1186 5246 .‘jus,
1217 5188 1264 5230 et
1303 5174 1382 5232 det
1402 5174 1663 5233 Edwardo
1687 5181 1859 5244 adhuc
1903 5180 2102 5241 anule.

2259 3344 2497 3402 cuimine
2531 3342 2710 3412 regni,
2743 3340 2966 3393 fratrem
3021 3349 3180 3391 suum
3215 3331 3541 3388 Etlwardum
3580 3346 3614 3383 ει
3651 3327 3846 3381 North.

2264 3436 2489 3494 mannia
2527 3417 2836 3495 revocavit,
2884 3446 2948 3485 ac
2979 3442 3162 3484 secum
3195 3424 3508 3480 cohabitare
3545 3421 3693 3475 fecit.
3729 3419 3842 3488 lpse

2262 3541 2447 3587 autem
2499 3543 2608 3584 non
2665 3523 2838 3596 plenis
2889 3520 3098 3576 duobus
3163 3517 3320 3572 annis
3370 3515 3634 3575 existens,
3677 3511 3845 3564 exivit

2264 3622 2561 3690 hominem,
2603 3628 2660 3675 et
2697 3616 3022 3673 Edwardum
3053 3610 3217 3670 totius
3270 3607 3419 3678 regni
3472 3605 3696 3674 reliquit
3742 3603 3848 3657 hau.

2264 3717 2468 3771 redem.

2336 3807 2514 3862 Ferox
2553 3803 2767 3873 dolique
2811 3806 3147 3856 commentor
3183 3792 3462 3850 Goduinus
3498 3804 3566 3845 eo
3606 3798 3852 3856 tempore

2268 3911 2452 3954 comes
2506 3895 2561 3949 in
2603 3891 2794 3963 Anglia
2843 3885 3253 3958 potentissimus
3300 3891 3447 3944 erat,
3502 3888 3558 3933 et
3599 3889 3849 3946 magnam

2271 3987 2423 4059 regni
2455 3983 2749 4054 Anglorum
2786 3987 2994 4050 partem
3045 3973 3260 4028 fortiter
3304 3971 3548 4032 tenebat,
3582 3980 3748 4036 quam
3783 3977 3852 4059 ex

2269 4056 2553 4150 parentum
2587 4072 2886 4132 nobilitate,
2930 4083 3026 4124 seu
3067 4067 3119 4120 vi
3163 4064 3244 4119 vel
3273 4059 3634 4116 fraudulentia
3674 4056 3852 4150 vindi-

2274 4149 2509 4234 caverat.
2539 4164 2835 4220 Edwardus
2856 4162 3039 4229 itaque
3061 4167 3312 4213 metuens
3336 4154 3466 4209 tanti
3491 4153 3589 4206 viri
3613 4149 3856 4222 potentia

2274 4259 2417 4324 laedi,
2449 4257 2637 4312 dolove
2665 4254 2844 4317 solito,
2885 4251 3380 4304 Northmannorum
3419 4243 3697 4306 consultu,
3725 4256 3858 4310 quo-

2274 4368 2396 4407 rum
2443 4349 2547 4404 ﬁdo
2587 4345 2800 4417 vigebat
2835 4341 3061 4405 solatio,
3103 4339 3376 4407 indignam
3412 4334 3632 4388 Aluredi
3675 4331 3861 4386 fratris

2275 4443 2356 4499 sui
2389 4438 2682 4511 perniciem
2711 4437 2758 4491 ei
2784 4433 3090 4505 benigniter
3132 4429 3371 4488 indulsit.
3409 4428 3486 4480 Ac
3509 4435 3567 4478 ut
3595 4426 3740 4478 inter
3769 4438 3859 4477 eos

2277 4533 2466 4594 ﬁrmus
2497 4546 2650 4584 amor
2686 4529 2884 4599 jugiter
2931 4532 3194 4583 maneret,
3234 4519 3484 4583 Editham
3532 4517 3702 4571 ﬁliam
3746 4517 3862 4586 ejus

2279 4639 2503 4680 uxorem
2532 4621 2747 4678 nomine
2773 4629 2930 4673 tenus
2962 4617 3130 4670 duxit.
3156 4614 3290 4668 Nam
3319 4628 3525 4676 revera,
3558 4620 3621 4664 ut
3649 4611 3859 4672 dicunt,

2276 4714 2436 4770 ambo
2476 4718 2791 4783 perpetuam
2823 4707 3191 4774 virginitatem
3228 4710 3716 4761 conservaverunt.
3751 4699 3861 4752 Ed-

2275 4806 2494 4868 wardus
2546 4816 2739 4876 nempe
2785 4799 2867 4852 vir
2916 4797 3092 4852 bonus
3134 4804 3283 4860 erat,
3336 4793 3484 4850 mitis
3514 4803 3570 4846 et
3617 4791 3862 4854 humilis,

2269 4897 2542 4968 iucundus
2564 4902 2618 4949 et
2646 4890 2990 4963 longanimis,
3014 4889 3277 4952 clemens,
3307 4900 3608 4954 pauperum
3638 4893 3790 4937 tutor
3812 4892 3867 4937 et

2275 4987 2625 5058 Anglicarum
2668 4983 2845 5053 legum
2902 4979 3170 5050 legitimus
3241 4976 3544 5030 restitutor.
3589 4972 3870 5028 Multoties

2277 5081 2458 5143 divina
2489 5076 2745 5148 mysteria
2774 5074 2908 5128 vidit
2935 5081 2990 5127 et
3020 5069 3273 5124 Vaticinia
3303 5084 3421 5138 quae
3448 5081 3635 5121 rerum
3667 5077 3867 5119 eventu

2278 5169 2622 5244 postmodum
2657 5165 3003 5234 comprobata
3035 5168 3185 5224 sunt,
3215 5156 3568 5228 deprompsit,
3603 5169 3871 5224 regnum-

2280 5280 2385 5298 nun
2414 5261 2700 5298 Annlnrnm
2733 5257 2844 5298 fam
2873 5255 2945 5298 93
2983 5254 3140 5298 annis
3174 5251 3402 5298 feliciter
3433 5247 3600 5298 rexit.
