4040 5298
513 296 624 354 855

1395 291 1738 351 WILLELMK
1776 289 2074 350 CALCULI
2110 287 2667 347 GEMMETICEN‘SIS
2707 289 3012 348 MONACIII

3693 283 3812 347 850

513 418 802 480 vascrunt,
832 411 1015 482 ibique
1065 412 1275 468 turbam
1312 413 1625 482 prmdonum
1658 418 1974 481 posuerunt.
2005 409 2097 466 Sic
2125 414 2172 472 Α
2202 422 2315 462 rem
2354 408 2617 478 acquirit,
2656 423 2750 464 seu
2779 409 2998 480 quidam
3032 408 3280 480 egregius
3323 409 3378 466 in
3420 417 3673 481 poemate
3702 421 3809 468 suo

517 503 591 559 de'
613 506 773 559 domo
792 504 1053 559 orationis
1076 504 1384 574 speluncam
1406 502 1700 569 latronum,
1723 502 2100 572 stabulumque

519 595 764 650 fecerunt
808 610 1094 666 equorum.
1147 595 1451 667 Religiosus
1485 596 1602 660 Δια
1645 593 1858 658 vetulus
1901 593 2100 665 praesul

516 687 756 752 ejusdem
807 686 957 742 urbis
1006 701 1191 745 muros
1228 688 1576 742 destruxerat
1621 695 1678 746 et
1722 701 1789 746 ex
1832 685 2102 756 lapidibus

522 778 715 847 dcjecti
765 778 901 832 nmri
953 778 1240 834 ecclesiam
1300 789 1492 834 sancto
1548 778 1811 834 Gervasio
1872 777 2100 848 martyri

515 880 918 938 construxerat,
944 873 1034 927 ubi
1065 873 1225 932 sedes
1249 872 1576 952 episcopalis
1611 873 1771 942 longo
1809 879 1930 942 post
1967 879 2100 926 temv

515 977 647 1031 pore
682 962 875 1017 fuerat.
914 964 1270 1020 Veneramlus
1315 975 1496 1019 autem
1541 963 1633 1018 Ivo
1677 963 1803 1017 dum
1831 960 1965 1028 vidit
2001 958 2101 1030 So-

514 1069 708 1125 rcngos
737 1056 787 1109 in
817 1055 1007 1112 diebus
1040 1057 1155 1112 suis
1191 1057 1265 1112 ita
1298 1057 1558 1121 insanire,
1594 1064 1656 1110 ut
1686 1055 1739 1110 in
1773 1053 1975 1124 templo
2007 1053 2100 1108 Dei

513 1158 619 1198 non
650 1145 959 1200 dubitarent
986 1145 1192 1210 foveam
1219 1146 1398 1208 furum
1421 1156 1479 1201 et
1505 1146 1730 1216 lupanar
1753 1145 2100 1202 meretricum

512 1233 718 1298 facere,
759 1236 921 1291 nobili
974 1245 1149 1292 tactus
1194 1236 1274 1291 ira
1325 1238 1676 1292 vehementer
1708 1235 1912 1302 doluit,
1938 1250 2003 1290 ac
2033 1235 2100 1290 ad

513 1323 887 1381 liberationem
935 1327 1180 1384 ecclesiae
1230 1329 1325 1384 Dei
1368 1337 1480 1384 toto
1525 1328 1647 1383 nisu
1686 1329 1928 1387 animum
1971 1342 2102 1381 C0122

515 1419 694 1474 vertit.
729 1419 1008 1488 Quondam
1041 1422 1230 1492 igitur,
1261 1423 1386 1477 dum
1431 1423 1497 1476 de
1535 1421 1684 1478 curia
1713 1420 1974 1484 Willchni
2005 1420 2103 1474 (Ιιιτ

515 1512 594 1566 eis
644 1511 881 1578 rediret,
929 1527 993 1568 ac
1037 1529 1134 1592 per
1175 1514 1520 1588 oximeusem
1569 1529 1764 1584 pagum
1814 1512 2100 1576 transiret,

512 1601 790 1673 IIugouem
821 1603 888 1657 de
917 1602 1368 1670 Grantemaisuil,
1410 1604 1653 1674 aliosque
1695 1603 1930 1659 barones
1977 1619 2101 1659 cum

513 1693 706 1748 turmis
736 1693 850 1748 suis
887 1709 1068 1749 secum
1104 1695 1326 1752 adduxit
1357 1703 1410 1749 et
1435 1694 1705 1764 Surengos
1732 1694 1785 1748 in
1812 1704 1958 1748 turre
1987 1708 2103 1748 mc-

2202 500 2396 572 impios
2423 517 2658 576 arguens
2691 501 3032 570 versificator
3054 503 3130 558 ait
3157 520 3171 558 :

2281 599 2386 656 Vos
2413 601 2552 656 male
2582 603 2845 673 gaudetis,
2872 604 2998 674 quia
3031 604 3245 660 tandem
3271 607 3570 678 suscipietis

2277 693 2537 766 Nequitice
2559 696 2816 766 fructum,
2843 695 3108 762 tenebras,
3137 698 3401 762 incendia,
3431 698 3656 768 luctum.

2274 785 2416 842 Nam
2441 787 2559 858 pius
2588 787 2846 854 indultor,
2866 788 3146 860 justusque
3177 798 3352 847 tamen
3385 791 3526 846 Deus
3547 790 3715 857 ultor,

2275 878 2409 945 Quae
2429 897 2527 936 sua
2553 890 2678 936 sunt
2699 882 2886 949 munit,
2910 898 3026 954 qua:
3052 892 3172 937 sunt
3196 882 3407 937 hostilia
3431 883 3609 954 punit.

2277 981 2598 1049 Prostratis,
2631 992 2689 1037 ut
2716 998 2878 1053 supra
2908 983 3114 1040 dictum
3155 993 3280 1050 est,
3332 984 3456 1040 (iliis
3487 983 3807 1052 discordia,

2207 1074 2544 1144 simplicibus
2567 1075 2619 1130 in
2642 1089 2776 1146 pace
2803 1076 2949 1132 circa
2980 1075 3198 1147 Sagium
3219 1076 3372 1132 licuit
3405 1075 3807 1147 aliquantulum

2207 1166 2503 1235 respirare.
2545 1165 2754 1222 Nobilis
2799 1167 2890 1223 Ivo
2939 1167 3136 1238 praesul
3180 1168 3468 1225 ecclesiam
3515 1169 3810 1240 cooperire

2203 1257 2397 1327 sategit
2443 1265 2498 1311 et
2538 1273 2590 1312 tv
2613 1257 2794 1314 Nonas
2833 1258 3078 1314 Januarii
3127 1259 3324 1315 iterum
3368 1260 3661 1316 dedicavit.
3692 1259 3807 1316 Sed

2206 1347 2331 1417 quia
2359 1348 2610 1403 maccrim
2636 1349 2835 1404 virtute
2873 1349 3216 1406 ﬂammarum
3242 1351 3384 1408 lmsa:
3413 1351 3654 1420 fuerant,
3684 1351 3810 1423 ipso

2206 1454 2352 1502 anno
2381 1450 2508 1502 ante
2537 1439 3018 1512 Quadragcsimam
3054 1451 3402 1524 corruerunt.

2810 1553 3041 1614 caper
3077 1555 3195 1628 xv.

2207 1644 2283 1699 De
2311 1645 2530 1718 concilio
2565 1647 2704 1716 quod
2740 1645 2913 1718 Remis
2957 1648 3121 1702 tenuit
3160 1647 3265 1703 Leo
3300 1665 3439 1718 papa
3467 1651 3604 1704 etde
3631 1649 3809 1704 inore-

2274 1717 2482 1787 patiam:
2530 1718 2696 1790 ipsius
2739 1719 2794 1770 in
2828 1717 3070 1790 jacuerit
3120 1717 3416 1789 episcopum
3465 1719 3804 1790 Sagiensem,

515 1785 736 1842 nasterii
783 1786 1000 1843 fortiter
1041 1785 1338 1857 expugnari
1392 1786 1541 1841 fecit.
1583 1786 1653 1841 At
1708 1785 1780 1839 illi
1840 1784 2100 1838 audacter
2133 1769 2193 1828 Β
2273 1769 2482 1857 propter
2515 1769 3630 1846 ecclesiamSanctiCerrbsii—eombustaziii.

513 1878 862 1945 restiterunt,
928 1887 982 1934 et
1047 1895 1146 1949 pro
1199 1895 1258 1934 se
1304 1887 1608 1949 pugnantes
1665 1877 1922 1948 projectis
1983 1875 2103 1930 telis

513 1973 696 2044 plures
739 1971 1012 2027 Izeserunt.
1059 1972 1210 2040 Quod
1253 1971 1498 2042 pontifex
1531 1971 1657 2025 dum
1697 1969 1992 2040 perSpexit,
2024 1967 2104 2022 vi-

511 2065 649 2120 cinis
675 2065 926 2120 domibus
953 2064 1132 2134 ignem
1169 2063 1375 2134 imponi
1407 2063 1592 2136 jussit.
1622 2061 1743 2118 Mox
1785 2057 2102 2130 parochiani

504 2155 674 2226 jussis
717 2164 911 2228 parent
947 2155 1210 2226 episc0pi.
1264 2155 1411 2228 Ignis
1451 2170 1578 2210 vero
1623 2154 1902 2210 immissus
1942 2150 2105 2220 flante

519 2255 680 2301 vento
707 2247 774 2302 ad
819 2246 1104 2310 ecclesiam
1131 2247 1323 2323 currit,
1351 2246 1634 2320 ipsamque
1678 2243 1936 2299 invadens
1969 2257 2102 2297 con-

518 2338 683 2403 sumit
719 2345 774 2393 et
822 2338 1014 2410 impios
1050 2338 1102 2394 in
1147 2353 1209 2402 ea
1256 2338 1499 2394 furentes
1543 2333 1744 2392 acriter
1790 2335 1960 2405 angit.
2005 2331 2105 2388 So~

510 2429 660 2500 rengi
695 2430 943 2496 tandem,
971 2431 1098 2492 dum
1127 2445 1186 2486 se
1218 2430 1403 2487 vident
1437 2429 1652 2489 ﬂamma
1683 2428 1941 2484 s.evitiem
1991 2426 2102 2496 pati

512 2535 618 2593 pon
652 2537 837 2592 posse,
866 2522 1098 2596 arreptis
1128 2522 1295 2584 armis
1341 2521 1470 2577 inde
1516 2520 1731 2592 fugiunt
1771 2534 1894 2576 cum
1937 2517 2105 2588 dede-

514 2626 664 2681 core.

1109 2727 1334 2785 CAPUT
1385 2726 1520 2784 XIV.

511 2817 594 2890 .Pe
621 2818 748 2887 [iliis
771 2816 1048 2884 Willelmi,
1077 2819 1300 2889 Sorengi
1330 2820 1597 2874 Riclmrdo
1628 2817 1851 2873 Roberto
1877 2829 1923 2872 et
1947 2818 2108 2876 Aves-

733 2900 878 2959 goto,
907 2893 1166 2960 quomodo
1188 2892 1346 2960 digna
1373 2901 1537 2944 morte
1562 2891 1891 2944 interierunt.

583 2980 773 3052 Justus
802 2991 858 3038 et
888 2983 1199 3040 misericors
1229 2983 1372 3054 Deus
1403 3000 1547 3055 aegre
1573 2983 1692 3041 tulit
1729 2983 1974 3053 ccclesim
1996 2999 2107 3040 sute

512 3060 978 3152 profanationem,
1002 3055 1350 3146 debitamque
1395 3075 1756 3130 violatoribus
1797 3091 1901 3129 non
1935 3075 2104 3128 distu-

510 3159 577 3223 lit
618 3167 818 3242 inferre
866 3169 1298 3245 mulctationem.
1351 3169 1485 3226 Nam
1539 3179 1652 3224 tres
1701 3167 1967 3240 germani,
2011 3168 2103 3242 qui

513 3262 792 3342 principes
811 3264 1134 3328 exstiterant
1157 3264 1428 3335 priedietae
1451 3263 1769 3328 invasionis,
1800 3279 1905 3316 non
1937 3263 2106 3317 multo

512 3363 662 3438 post,
697 3355 824 3411 dum
860 3356 1160 3413 latrociniis
1203 3369 1549 3428 summopere
1594 3363 1853 3436 vacarent
1883 3363 1936 3409 et
1961 3356 2106 3425 rapi-

514 3447 623 3524 pis,
673 3446 825 3518 justo
878 3449 972 3522 Dei
1021 3447 1224 3527 judicio
1255 3449 1520 3522 perempti
1555 3458 1702 3516 sunt,
1747 3449 1866 3504 sine
1890 3447 2105 3506 confes-

513 3541 670 3607 sione
694 3552 750 3599 et
776 3543 980 3610 viatico
1026 3543 1237 3599 salutis.
1304 3543 1606 3607 Richardus
1652 3557 1846 3616 nempe
1872 3543 1962 3612 qui
1993 3544 2106 3614 pri-

514 3635 822 3706 mogenitus
855 3644 995 3701 erat,
1041 3645 1202 3691 noctu
1235 3636 1288 3690 in
1316 3636 1409 3691 vili
1462 3652 1587 3692 casa
1629 3630 1798 3704 juxta
1833 3636 2102 3705 quoddam

519 3735 770 3798 stagnum
799 3741 1025 3782 securus
1052 3728 1374 3789 dormiebat.
1407 3727 1662 3784 Protinus
1695 3729 1916 3799 quidam
1947 3728 2106 3784 miles

517 3826 736 3897 potens,
765 3816 985 3874 nomine
1034 3818 1341 3876 Richardus
1387 3819 1454 3874 de
1491 3827 1678 3895 sancta
1724 3818 2059 3887 Scholastica
2085 3857 2101 3884 ,

517 3905 676 3975 cujus
701 3917 902 3963 terram
929 3908 1326 3977 devastaverat,
1374 3909 1752 3974 domunculam
1797 3910 2102 3975 circumdee

521 3997 601 4054 dit
626 4013 751 4053 eum
781 4013 877 4055 sua
921 4000 1144 4055 familia.
1197 4000 1474 4075 Soreugus
1513 4017 1645 4058 vero
1690 4001 2118 4073 expergefactus.

527 4088 596 4156 de
623 4090 865 4148 bordello
889 4093 1022 4148 exiit
1074 4102 1128 4148 et
1174 4094 1384 4166 fugiens
1411 4097 1464 4152 in
1497 4097 1753 4151 rivarium
1792 4097 1983 4164 exilire
2011 4111 2106 4153 vo-

519 4179 644 4236 luit.
681 4180 914 4248 Verum,
957 4184 1175 4257 quidam
1219 4186 1457 4242 rusticus
1481 4202 1641 4263 quem
1673 4187 1786 4257 ipse
1810 4188 2017 4257 pridem
2046 4186 2102 4241 in

517 4271 753 4330 vinculis
775 4276 1132 4344 cruciaverat,
1175 4293 1299 4333 eum
1343 4280 1604 4350 prmvenit
1643 4289 1697 4335 et
1737 4281 1911 4349 securi
1942 4289 2102 4351 caput

520 4363 638 4434 ejus
664 4375 976 4436 conterens,
1000 4385 1126 4426 mox
1146 4385 1267 4428 eum
1293 4371 1623 4428 exanimavit
1648 4373 1870 4429 ibidem.
1901 4373 2103 4429 Deinde

2275 1897 2332 1952 In
2370 1898 2461 1953 illo
2489 1908 2733 1970 tempore
2756 1907 2979 1958 sanctus
3009 1901 3121 1957 Leo
3154 1915 3294 1972 papa
3321 1901 3527 1958 Gallias
3547 1902 3812 1984 expetiit,

2205 1989 2489 2048 ecclesiam
2537 1989 2726 2047 Sancti
2785 1992 3011 2064 Remigii
3069 1993 3356 2050 “emensis
3402 1994 3806 2066 archiepiscopi

2207 2082 2583 2148 consecravit,
2649 2081 2876 2154 ejusque
2919 2098 3115 2156 corpus
3176 2085 3230 2140 in
3286 2085 3570 2142 ecclesiam
3631 2070 3805 2155 nuper

2207 2172 2510 2228 dedicatam
2535 2174 2831 2231 transtulit.
2857 2175 3010 2232 Tunc
3039 2176 3224 2252 Remis
3254 2159 3564 2248 idem'papa
3597 2176 3807 2248 grande

2207 2264 2499 2322 concilium
2551 2267 2724 2322 tenuit
2771 2275 2827 2322 et
2865 2267 3083 2324 desides
3121 2269 3407 2340 episcopos
3447 2267 3534 2324 vel
3577 2269 3807 2324 abbates

2207 2355 2410 2409 acriter
2461 2356 2778 2427 redarguit;
2830 2357 2974 2413 inter
3020 2371 3174 2428 quos,
3230 2366 3290 2413 ut
3339 2357 3548 2423 dicunt,
3577 2367 3805 2429 propter

2207 2445 2641 2501 combustionem
2669 2447 2913 2503 ecclesia:
2957 2447 3104 2503 Ivoni
3147 2449 3324 2503 dixit:
3378 2468 3397 2499 ι
3425 2448 3566 2516 Quid
3601 2448 3804 2515 fecisti,

2207 2537 2446 2607 perﬁde?
2473 2551 2577 2606 qua
2611 2536 2725 2608 lege
2748 2538 2995 2602 damnari
3030 2537 3219 2607 debes,
3245 2539 3340 2609 qui
3389 2548 3620 2594 matrem
3657 2548 3806 2604 tuam

2208 2641 2454 2686 cremare
2485 2642 2649 2684 ausus
2680 2628 2774 2684 es?
2806 2647 2823 2680 ν
2861 2628 3132 2698 Eloquens
3173 2629 3266 2685 Ivo
3309 2628 3489 2699 palam
3515 2628 3807 2692 confessus

2207 2730 2291 2776 est
2325 2737 2384 2777 se
2417 2723 2632 2792 quidem
2682 2722 2882 2777 malum
2926 2722 3156 2791 fecisse,
3207 2725 3302 2779 seti
3357 2725 3424 2778 ad
3472 2723 3576 2790 hoc
3625 2725 3808 2798 scelus

2208 2813 2476 2884 agendum
2506 2828 2566 2870 se
2598 2815 2836 2885 graviter
2879 2824 3130 2874 coactum
3181 2814 3350 2874 fuisse
3376 2855 3390 2879 ,
3422 2831 3491 2871 ne
3525 2817 3802 2873 deteriora

2209 2905 2403 2961 tierent
2427 2921 2458 2962 a
2486 2906 2774 2964 scelerosis
2801 2922 2966 2978 super
2988 2906 3128 2962 filios
3151 2906 3425 2963 Ecclesizc.
3457 2907 3665 2969 Deinde

2207 2998 2492 3071 n'tcntiam
2531 2999 2828 3058 secundmu
2874 2998 3084 3073 sagacis
3120 3013 3271 3069 papa:
3314 2999 3525 3066 iussum
3564 3000 3800 3070 accepit,

2133 3119 2176 3178 C
2210 3105 2274 3144 ac.
2299 3091 2366 3144 de
2394 3089 2728 3146 restituenda
2771 3089 2956 3144 Sancti
3003 3089 3245 3145 Gcrvasii
3300 3088 3529 3144 ecclesia
3577 3105 3801 3161 operam

2208 3179 2476 3250 adhibuit.
2524 3181 2692 3250 Igitur
2730 3181 2978 3256 Apuliam
3019 3190 3075 3236 ct
3115 3180 3240 3250 inde
3269 3180 3799 3252 Constantinopolim

2206 3270 2446 3340 perrexit
2481 3278 2538 3323 et
2563 3285 2590 3321 a
2621 3269 2880 3324 divitibus
2908 3269 3156 3338 cognatis
3185 3277 3238 3322 ct
3270 3269 3461 3324 amicis
3487 3270 3604 3324 suis
3637 3271 3800 3326 simul

2205 3361 2432 3417 multum
2467 3362 2706 3432 pecuniae
2729 3361 3026 3438 congessit,
3053 3361 3303 3434 (Iunoque
3331 3361 3701 3428 imperatoris,
3731 3365 3798 3418 de

2206 3455 2350 3526 ligno
2398 3455 2693 3509 Dominicae
2737 3454 2927 3508 Crucis
2976 3469 3164 3508 earum
3219 3470 3415 3508 munus
3467 3455 3797 3530 deportavit.

2207 3545 2478 3600 Reversus
2507 3554 2688 3599 autem
2720 3544 2963 3615 Sagium,
2995 3544 3280 3610 ecclesiam
3313 3545 3480 3614 cmpit
3524 3555 3630 3602 tam
3682 3561 3797 3613 ma:

2207 3653 2364 3707 gnam
2387 3636 2675 3698 redilicarc,
2703 3646 2760 3690 ut
2781 3650 3125 3690 successores
3147 3633 3579 3702 cius‘Iiulmtus,
3605 3633 3799 3694 Girarvc

2206 3712 2306 3785 dus
2339 3743 2401 3782 ac
2447 3727 2622 3803 Serio,
2657 3727 2998 3797 nequiverint
3052 3743 3171 3784 eam
3215 3743 3310 3798 per
3354 3727 3424 3781 40
3466 3743 3641 3784 annos
3669 3743 3799 3783 conv

2206 3835 2507 3899 seminare.
2748 3892 2752 3896 ἢ

2777 3931 3006 3988 CAPUT
3053 3931 3191 3992 XVI.

2208 4023 2362 4100 Quod
2411 4023 2710 4100 Willglmqs
2755 4023 3068 4100 Talaratius
3119 4024 3287 4100 frater
3325 4021 3514 4100 leonis
3533 4025 3799 4100 ⁸(ιρῑεςορξ

2275 4096 2446 4165 ﬁliam
2467 4090 2618 4149 surint
2651 4090 2923 4167 Mabiliant
2963 4090 3188 4167 liogerio
3227 4095 3291 4148 de
3314 4094 3492 4149 Monte
3522 4090 3796 4150 Cummc'ri

2277 4182 2394 4224 cum
2416 4168 2555 4239 terra
2585 4183 2682 4220 sua
2707 4166 2871 4248 dedit.
2915 4165 2920 4170 ’
2979 4166 3005 4175 ’“

2275 4277 2485 4333 Interea
2519 4276 2825 4350 Willelmus
2874 4276 3224 4343 Talavatius,
3274 4286 3564 4346 postquam
3605 4292 3633 4330 a
3688 4277 3797 4338 ﬁiio

2207 4385 2324 4436 suo,
2357 4379 2418 4425 ut
2439 4385 2600 4441 supra
2631 4369 2936 4434 retulimus,
2975 4370 3042 4424 dc
3070 4379 3211 4424 terra
3261 4385 3357 4424 sua
3406 4369 3666 4437 expulsus
3689 4377 3795 4433 est,

519 4456 794 4516 Robertus
837 4462 1007 4518 frater
1049 4464 1168 4534 ejus
1209 4479 1334 4520 eum
1385 4465 1498 4520 suis
1545 4466 1779 4541 quadam
1828 4467 1916 4521 die
1959 4466 2100 4522 circa
2130 4463 2182 4525 D
2210 4461 2378 4516 miser
2407 4469 2462 4516 et
2501 4459 2848 4536 despicabilis
2889 4461 3140 4521 omnibus
3188 4476 3283 4530 per
3320 4460 3546 4514 aliorum
3606 4459 3796 4515 domos

519 4547 784 4606 Seneeum
818 4553 1054 4623 praedam
1087 4555 1290 4624 rapuit,
1337 4563 1392 4611 et
1436 4559 1562 4613 dum
1609 4559 1829 4621 rediret.
1866 4575 1896 4616 a
1923 4575 2106 4631 perse-

523 4643 816 4710 quentibus
867 4646 1082 4708 villanis
1139 4648 1455 4705 vulneratus
1509 4651 1692 4706 statim
1745 4651 1970 4706 interiit.
2021 4653 2105 4707 Ad

521 4731 769 4788 ultimum
817 4734 1120 4808 Avcsgotus
1170 4737 1481 4794 Cambeiam
1510 4754 1672 4810 super
1696 4740 1974 4796 Albertum
2011 4741 2106 4795 Gi-

522 4823 676 4878 rardi
717 4825 949 4883 Fleitelli
995 4830 1161 4885 lilium
1213 4831 1458 4899 intravit,
1498 4833 1677 4903 ibique
1704 4833 1921 4890 militari
1954 4833 2104 4888 rabie

520 4913 845 4977 debaeeltari
874 4921 1059 4988 coepit,
1085 4921 1179 4976 sed
1207 4922 1315 4990 pilo
1342 4923 1574 4992 desuper
1598 4923 1822 4984 emisso.
1851 4924 1902 4976 in
1928 4924 2104 4993 capite

527 5001 670 5059 ictus
696 5019 819 5061 mox
850 5009 1030 5076 periit.
1057 5010 1197 5079 Ecce
1229 5012 1281 5066 in
1320 5013 1405 5068 his
1441 5028 1566 5071 vere
1604 5011 1928 5082 completum
1968 5013 2106 5066 vidi-

522 5110 664 5161 mus,
695 5098 839 5167 quod
864 5099 1170 5158 audivimus
1194 5117 1208 5155 :
1250 5102 1308 5158 Si
1349 5107 1462 5175 quis
1491 5105 1736 5180 templum
1759 5105 1855 5160 Dei
1884 5104 2106 5160 violave-

523 5191 618 5256 rit,
646 5189 907 5261 disperdet
954 5191 1103 5246 illum
1141 5193 1300 5258 Deus.
1353 5198 1618 5268 Raptores
1671 5215 1833 5271 ergo,
1884 5207 1940 5253 et
1992 5197 2104 5253 fra—

2207 4551 2297 4605 tliu
2352 4559 2677 4622 pervagatus
2721 4561 2824 4606 est.
2880 4551 2961 4605 Ad
3006 4562 3331 4617 extremum,
3387 4551 3685 4616 Rogerium
3729 4553 3795 4605 do

2205 4641 2387 4697 Monte
2412 4642 2688 4698 Gummeri
2717 4645 2974 4712 expetiit,
3007 4645 3165 4712 eique
3198 4645 3361 4701 tiliam
3391 4659 3544 4704 suam
3578 4645 3796 4704 nomine

2209 4731 2482 4795 Mabiliam
2524 4741 2714 4804 sponte
2743 4734 2960 4797 obtulit,
2993 4743 3048 4799 et
3092 4749 3306 4788 omnem
3341 4749 3503 4803 quem
3552 4736 3669 4805 ipse
3696 4751 3795 4804 pro

2207 4823 2446 4891 nequitia
2477 4823 2813 4895 segnitieque
2862 4839 2958 4880 sua
3004 4826 3333 4901 perdiderat,
3367 4826 3632 4890 honorem
3663 4843 3795 4881 con-

2205 4916 2390 4972 cessit.
2415 4916 2486 4970 At
2512 4915 2622 4981 ille,
2650 4916 2740 4986 qui
2774 4915 2928 4972 fortis
2959 4927 3075 4972 erat
3105 4926 3160 4971 et
3197 4917 3421 4985 probus,
3455 4920 3795 4989 consilioque

2204 5013 2470 5071 maturus,
2499 5007 2600 5061 hoc
2627 5006 2880 5076 placitum
2929 5009 3029 5062 sibi
3074 5007 3413 5078 profuturum
3459 5024 3715 5069 cernens,
3744 5009 3792 5063 ei

2207 5097 2474 5166 acquievit
2504 5099 2558 5152 in
2585 5099 2856 5155 omnibus.
2911 5101 3086 5170 Ipsum
3138 5115 3375 5170 namque
3423 5101 3794 5156 errabundum

2207 5189 2261 5244 in
2291 5189 2451 5245 domo
2477 5205 2571 5244 sua
2617 5191 2876 5260 suscepit,
2913 5190 3136 5266 eiusque
3175 5199 3354 5252 natam
3405 5189 3508 5244 sibi
3553 5188 3794 5260 legitime

2351 5281 2364 5298 1
2409 5281 2473 5298 _'-
2533 5280 2575 5298 ἢ
2658 5282 2681 5298 ρ
