4040 5298
201 327 303 389 857

771 322 1118 382 ηιετοιῑυε
1146 319 1782 382 NORTIIIANNOBUM
1813 318 1996 377 LIBRI
2030 321 2233 385 OCTO.
2265 359 2337 371 —
2373 329 2576 388 LIBER
2612 331 2982 392 SEPTIMUS.

3371 339 3478 398 858

203 443 739 514 Emma,—Iatbildis,
768 441 982 498 Mabilia
1026 449 1084 498 et
1124 440 1349 514 Sibylla.
1381 441 1476 498 Ila)
1523 440 1789 512 siquidem
1818 448 1869 505 Α
1898 441 2148 502 Driocum
2194 447 2441 516 expetiit,
2492 448 2545 503 in
2581 465 2690 521 quo
2719 449 2988 507 obseratis
3015 459 3293 522 portarum
3324 469 3477 524 rep“,-

203 545 402 598 t'ratres
433 553 562 595 suos
592 536 839 593 moribus
866 543 1282 606 praecesserunt.
1313 533 1447 589 Nam
1476 533 1712 604 dapsiles
1735 543 1793 592 et

194 634 476 734 ,bonestae,
501 645 570 734 ac
597 626 840 734 aﬁpbiles
884 626 1212 734 pauperibus
1232 633 1289 682 et
1303 625 1618 734 Imon‘acbis,
1636 627 1792 734 aliis-

205 739 308 793 que
333 721 509 778 servis
530 720 626 775 Dei
659 718 898 774 fuerunt.
925 717 1004 776 illi
1031 732 1161 772 vero
1185 717 1380 772 ferales
1406 725 1461 772 et
1490 717 1690 788 cupidi,
1727 733 1792 775 ac

205 816 428 884 inopum
453 812 625 867 rabidi
645 825 995 881 oppressores
1022 811 1368 866 exstiterunt.
1389 809 1562 877 Quam
1589 809 1791 874 callidi,

187 905 287 970 .vei
320 905 607 967 militares,
635 919 728 958 seu
757 902 947 973 perﬁdi
978 900 1196 966 fuerint,
1228 908 1321 954 aut
1343 909 1602 968 quantum
1630 915 1796 971 super

206 997 415 1052 vicinos
466 1010 732 1066 paresque
787 1010 917 1050 suos
947 993 1310 1057 excreverint,
1362 993 1670 1060 iterumque
1693 991 1794 1046 sub

207 1087 286 1142 eis
318 1103 420 1157 pro
445 1085 776 1141 facinoribus
810 1086 923 1140 suis
949 1083 1278 1148 deciderint,
1312 1098 1417 1137 non
1441 1089 1525 1137 est
1549 1091 1795 1136 nostrum

211 1180 263 1233 in
286 1180 390 1236 hoc
418 1179 536 1234 loco
559 1193 838 1241 enarrare,
871 1177 960 1248 qui
990 1175 1330 1231 decrevimus
1363 1172 1618 1230 Willclmi
1645 1171 1798 1226 (lucis

210 1269 395 1339 magni
455 1278 605 1339 gesta
663 1267 966 1337 propalare.
1020 1266 1380 1338 Quapropter,
1430 1265 1534 1323 illis
1566 1261 1798 1328 relictis,

209 1376 353 1415 nunc
379 1359 551 1432 stylns
573 1359 770 1430 ﬁgatur
800 1359 851 1412 in
883 1357 1103 1428 pr.cﬁxa
1129 1357 1271 1412 serie
1302 1355 1652 1411 narrationis.

796 1491 1024 1548 CAPUT
1058 1490 1219 1546 XVII.

214 1587 369 1654 Quod
409 1599 618 1640 mortuo
658 1585 878 1655 Hngone
907 1587 1145 1653 episcopo
1176 1585 1476 1654 anoeeusi,
1519 1584 1630 1637 dum
1661 1581 1800 1655 Wil-

283 1659 473 1720 lafnms
503 1653 978 1725 Odomm‘fratrem
1003 1672 1156 1711 suum
1184 1653 1446 1710 uterinum
1469 1653 1800 1724 subrogavit;

283 1740 332 1791 cl
365 1729 430 1789 de
461 1727 591 1785 bello
620 1731 758 1799 apud
800 1726 1124 1780 Valedtmas.

281 1818 453 1888 Igitur
482 1817 585 1871 dux
625 1797 734 1884 jam
774 1814 905 1870 [lore
935 1806 1168 1870 vernans
1199 1815 1525 1886 gratissima:
1548 1813 1802 1883 jnventu—
1833 1797 1878 1856 Β

214 1912 306 1975 tis,
338 1909 543 1964 cultum
574 1908 666 1962 Dei
711 1909 876 1978 cuipit
908 1908 1154 1963 ultroneo
1201 1908 1365 1963 corde
1395 1906 1667 1978 amplecti,
1703 1907 1804 1966 im-

212 2003 514 2073 peritorum
543 2015 759 2074 quoque
799 1999 1150 2056 contubernia
1174 2014 1204 2052 a
1235 2014 1294 2054 se
1323 1998 1606 2053 eliminare
1635 2006 1690 2050 et
1717 2011 1806 2050 sav

214 2098 454 2166 picntum
500 2094 745 2150 consiliis
775 2093 875 2157 uti,
909 2091 1116 2148 bellicis
1155 2093 1316 2147 rebus
1343 2091 1565 2161 pollere.
1593 2100 1649 2144 et
1676 2105 1806 2159 pru-

216 2188 398 2242 dentia
453 2185 695 2241 smeulari
741 2185 944 2255 vigere.
992 2183 1149 2238 Circa
1205 2183 1321 2238 haec
1369 2191 1610 2252 tempora
1649 2179 1807 2250 I‘lugo

221 2282 362 2343 ﬁlius
393 2280 661 2350 Rodulphi
693 2279 925 2341 comitis,
967 2276 1277 2346 Bajocensis
1310 2275 1617 2346 episcopus,
1647 2273 1805 2339 obiit,

219 2385 273 2430 et
319 2375 427 2431 dnx
477 2374 794 2443 prsedictum
842 2372 1210 2442 episcopatum
1265 2369 1437 2425 Odoni
1493 2368 1648 2423 fratri
1705 2383 1806 2424 suo

221 2466 638 2521 commendavit.
661 2464 922 2519 Prin-fatus
951 2473 1130 2518 autem
1163 2462 1277 2518 Odn
1305 2471 1362 2517 nt
1391 2460 1586 2532 pncsul
1616 2474 1810 2520 conse-

225 2569 407 2631 cratus
431 2557 551 2622 fuit,
585 2556 946 2627 pontiﬁcalem
973 2555 1258 2613 ecclesiam
1303 2555 1355 2610 in
1383 2554 1648 2608 honorem
1680 2567 1809 2608 san,

222 2664 322 2706 etze
367 2651 464 2706 Dei
515 2650 795 2722 genitricis
837 2649 1019 2708 Idarim
1076 2663 1271 2703 novam
1316 2647 1488 2715 auxit,
1539 2655 1810 2717 auctoque

224 2746 544 2802 clericorum
576 2758 804 2799 nurnero
829 2743 1124 2812 peritorum
1164 2751 1220 2796 et
1263 2740 1447 2796 multis
1467 2740 1810 2797 ornamentis

1893 535 2076 605 gulis,
2128 537 2352 608 cupiens
2391 537 2654 605 liberari,
2709 555 2767 596 se
2819 541 3130 611 aliquandiu
3176 541 3474 597 obstruxit.

1893 627 2064 696 Quem
2120 628 2225 684 dux
2257 669 2273 694 ,
2331 645 2457 701 rege
2513 631 2802 686 Franciam
2851 642 3164 703 repetente,
3220 649 3479 704 prospere

1895 719 2199 785 insecutus,
2229 722 2371 776 intra
2400 723 2660 777 ambitum
2688 725 2854 794 sepsit
2874 725 3179 788 obsidione,
3207 725 3476 780 stabilita-

1897 813 1967 866 tis
2000 813 2393 869 mnnitionibns
2423 814 2474 868 in
2510 824 2737 884 utraque.
2765 825 2919 886 parte
2955 814 3192 871 ﬁnminis
3218 816 3482 872 vocabulo

1897 905 2053 962 Riﬁe.
2086 905 2290 964 Videris
2343 907 2586 983 profecto
2631 908 2794 966 Wido
2835 925 2894 964 se
2934 909 3079 964 nullo
3111 920 3267 980 pacto
3302 926 3331 964 a
3358 911 3478 966 loco

1897 997 2135 1069 eﬁ‘ngere
2157 1014 2340 1069 posse,
2390 1001 2652 1056 astrictus
2681 1001 2839 1058 famis
2867 1002 3196 1066 calamitate,
3223 1016 3319 1072 per
3345 1003 3481 1057 ami-

1898 1104 1993 1144 cos
2020 1088 2332 1160 compulsus
2372 1100 2454 1147 est
2492 1091 2737 1162 supplex,
2770 1101 2825 1148 et
2871 1092 3146 1148 commissi
3191 1093 3481 1162 pmnitens,

1898 1179 2015 1250 ejus
2038 1181 2383 1237 clementiam
2428 1193 2704 1254 expetere.
2735 1184 2900 1254 Cujus
2938 1186 3064 1247 dux,
3101 1200 3320 1242 suorum
3353 1201 3485 1240 con~

1900 1273 2067 1338 snitu,
2105 1273 2340 1329 miserim
2384 1275 2657 1342 misertus,
2704 1276 2999 1340 clementer
3044 1277 3118 1332 illi
3160 1277 3400 1347 pepercit
3430 1284 3488 1332 et

1901 1375 2122 1435 recepto
2163 1366 2389 1421 castello
2433 1366 2611 1422 Brioci
2667 1384 2789 1422 cum
2839 1369 2952 1423 suis
2997 1369 3308 1425 domesticis
3360 1383 3487 1422 cum

1903 1472 2125 1512 manere
2174 1457 2226 1512 in
2270 1457 2429 1512 domo
2473 1474 2569 1514 sua
2623 1457 2804 1529 jussit.
2850 1459 3261 1530 Couspicientcs
3303 1459 3488 1528 itaque

1903 1551 2084 1610 cuncti
2116 1550 2432 1623 optimates,
2480 1551 2572 1621 qui
2617 1551 2902 1606 deviarant
2943 1567 2973 1605 a
3008 1552 3159 1606 ducis
3207 1551 3486 1617 ﬁdelitate,

1903 1641 2053 1697 illum
2106 1656 2268 1696 omne
2319 1643 2629 1712 prmsidium
2672 1641 2812 1711 fuga:
2863 1631 3057 1713 partim
3110 1643 3486 1706 destruxisse,

1904 1734 2103 1804 partim
2136 1733 2524 1798 interclusisse,
2543 1734 2685 1788 datis
2703 1734 2983 1789 obsidibus
3003 1733 3173 1802 rigida
3199 1733 3333 1788 colla
3361 1732 3410 1786 ei
3434 1739 3492 1786 ut

1905 1827 2127 1882 domino
2173 1842 2272 1881 suo
2318 1826 2630 1886 subdidere.
2662 1824 2754 1881 Sic
2780 1826 3018 1882 castellis
3045 1826 3242 1895 ubique
3262 1823 3490 1887 eversis,

1903 1919 2086 1974 nullus
2111 1917 2251 1973 ultra
2283 1935 2450 1975 ausus
2480 1928 2565 1974 est
2588 1929 2777 1974 contra
2808 1934 2932 1975 eum
2975 1918 3229 1977 rebellem
3252 1917 3492 1971 animum

1904 2012 2172 2080 detegere.
2222 2011 2547 2068 Praedictum
2614 2011 2798 2081 itaque
2847 2010 3050 2068 bellum
3102 2026 3246 2066 anno
3301 2011 3369 2066 ab
3414 2009 3496 2074 lito

1905 2106 2220 2166 carnationc
2249 2107 2464 2163 Domini
2498 2106 2632 2162 1047
2657 2107 2863 2162 factum
2891 2115 2994 2163 est.

2480 2220 2708 2276 CAPUT
2743 2221 2926 2276 XVIII.

1911 2313 2186 2380 Quomodo
2212 2315 2324 2368 dum
2345 2314 2645 2368 Willefmus
2690 2313 2906 2367 castella
2946 2311 3216 2366 Alenrium
3244 2320 3293 2368 et
3334 2311 3498 2366 Dam-

1982 2385 2205 2466 frontem
2236 2401 2354 2466 quia
2385 2384 2685 2454 (ioiﬂ‘redus
2715 2401 2886 2438 comes
2929 2385 3308 2453 Andegaremis
3346 2384 3496 2446 iuva.

1977 2465 2138 2519 serat,
2170 2465 2378 2523 recepit.

1981 2563 2395 2633 Andcgavornm
2426 2578 2640 2634 quoque
2666 2578 2849 2618 eomes
2873 2560 3176 2618 Goifl‘redns
3208 2561 3498 2632 agnomina

1910 2658 2210 2725 llartcllus,
2234 2658 2319 2713 vir
2343 2674 2438 2730 per
2464 2659 2646 2712 omnia
2674 2667 2940 2716 versutus.
2966 2657 3228 2726 quosdam
3254 2655 3498 2712 cladibus

1912 2748 2146 2804 diversis
2177 2756 2234 2803 et
2261 2747 2689 2804 intolerabilibus
2717 2747 2985 2817 pressuris
3018 2746 3070 2805 in
3097 2747 3275 2802 vicino
3300 2747 3502 2817 degen.

225 2837 547 2896 mirabiliter
567 2836 775 2892 ditavit.
800 2835 917 2904 Ipse
940 2849 1069 2889 vero
1089 2833 1203 2889 fere
1227 2833 1618 2905 quinquaginta
1653 2832 1815 2889 annis
1913 2849 1995 2896 tes
2016 2838 2326 2908 frequenter
2346 2836 2556 2895 nillixit.
2585 2837 2661 2891 Ex
2683 2837 2882 2906 quibus
2903 2836 3156 2891 comitem
3181 2833 3500 2889 Tetbaldum

225 2930 276 2988 in
318 2930 635 3002 episcopatu
666 2928 822 2983 vixit.
849 2929 965 2982 Dux
997 2936 1178 2981 autem
1210 2927 1336 2982 dum
1367 2914 1550 2981 multis
1571 2926 1812 2996 probitao

1916 2948 1946 2988 τι
1973 2947 2034 2988 se
2065 2931 2443 2987 fraudulenter
2482 2939 2701 2999 captqu
2746 2929 2951 2984 tamdiu
2989 2927 3250 2983 custodian
3297 2925 3504 2980 manci-

226 3031 336 3078 tum
387 3021 687 3078 commodis
742 3019 983 3090 quotidie
1038 3026 1463 3083 augmentatur,
1524 3015 1812 3086 quemdam

1916 3027 2100 3098 pavit,
2142 3026 2316 3082 donec
2357 3024 2548 3079 urbem
2596 3021 2924 3076 Turonicam
2978 3021 3046 3074 ab
3097 3018 3189 3073 illo
3237 3016 3505 3072 violenter

225 3113 502 3176 crudelem
537 3112 820 3169 convivam
851 3119 1106 3182 expertus
1147 3120 1250 3178 est,
1285 3109 1572 3164 Widonein
1606 3107 1814 3166 scilicet

1917 3127 2289 3191 extorqueret,
2364 3133 2489 3174 cum
2552 3115 2828 3174 nonnullis
2883 3113 3144 3169 castellis.
3193 3111 3294 3166 llic
3349 3121 3506 3178 ergo,

230 3207 398 3261 ﬁlium
430 3205 682 3262 Rainaldi
712 3204 1152 3274 Burgundionum
1184 3202 1419 3266 comitis,
1461 3201 1552 3272 qui
1597 3201 1720 3256 eum
1747 3215 1815 3256 eo

228 3313 256 3351 a
285 3297 586 3368 puerilibus
612 3296 770 3351 annis
791 3296 1051 3368 educatus
1092 3293 1294 3360 fuerat,
1317 3305 1372 3349 et
1402 3293 1488 3348 cui
1519 3292 1650 3351 olim
1681 3307 1814 3347 con-

228 3391 428 3455 tulerat
456 3399 694 3446 castrum
722 3389 898 3444 Brioci
925 3389 1080 3459 quasi
1127 3403 1350 3453 munere
1380 3387 1588 3442 ﬁrmius
1616 3386 1819 3442 astrin-

230 3484 421 3564 genda:
452 3482 748 3538 ﬁdelitatis.
773 3480 823 3536 ls
849 3481 1048 3536 etenim
1076 3479 1215 3534 fastu
1253 3480 1500 3533 inuectus
1526 3477 1817 3548 superbiae,

229 3577 496 3647 plurimos
535 3591 794 3648 proceres
842 3573 987 3629 velut
1034 3571 1270 3635 Absalou
1317 3571 1387 3636 al)
1414 3569 1532 3638 ejus
1559 3570 1820 3624 ﬁdelitate

233 3669 405 3739 carpit
439 3679 687 3723 avertere
708 3676 764 3722 ct
797 3665 850 3724 in
882 3682 993 3740 suae
1021 3665 1260 3736 perﬁdia:
1304 3665 1558 3735 voragine
1595 3663 1822 3734 compli-

235 3774 402 3823 care;
486 3760 542 3813 in
595 3767 803 3814 tantum
856 3768 914 3813 ut
977 3756 1242 3828 Nigellum
1287 3756 1820 3815 Constantiuieusem

239 3853 526 3924 praesidem
593 3850 649 3905 in
700 3850 802 3904 liae
851 3849 1250 3919 conspiratione
1307 3857 1644 3914 annecterct,
1691 3856 1748 3903 et
1790 3862 1822 3903 a

240 3929 464 4001 servitio
506 3942 651 4012 quod
697 3941 1027 3997 electissimo
1073 3940 1300 4011 principi
1356 3950 1822 3995 sacramentorum

241 4037 568 4109 obligatione
590 4035 841 4101 debebat,
871 4051 993 4091 cum
1023 4035 1208 4090 multis
1231 4035 1352 4091 aliis
1377 4034 1617 4112 funditus
1642 4042 1830 4091 extur-

241 4127 419 4196 baret.
467 4126 836 4184 Considerans
892 4126 1075 4198 itaque
1124 4126 1580 4196 prudentissimus
1629 4125 1736 4180 dux
1769 4139 1828 4180 se

244 4228 532 4290 tantopere
557 4234 587 4273 a
619 4219 731 4273 suis
760 4217 1003 4282 destitui,
1035 4226 1090 4272 et
1136 4231 1232 4272 eos
1277 4233 1499 4274 suorum
1531 4216 1828 4291 mancipio-

248 4327 366 4366 rum
393 4311 662 4382 przrsidiis
704 4309 906 4380 jngiter
933 4309 1206 4364 robustius
1234 4308 1446 4372 vallari,
1478 4323 1674 4367 verens
1702 4323 1768 4370 ne
1797 4321 1829 4372 a

247 4406 539 4463 comitatus
588 4404 806 4474 fastigio
853 4403 1184 4474 abigerctur,
1217 4401 1440 4470 locoque
1481 4415 1579 4454 suo
1603 4398 1830 4454 aemulus

1917 3210 2126 3266 obortis
2169 3209 2346 3264 litium
2380 3205 2700 3278 quibusdam
2753 3204 3040 3268 fomentis,
3069 3211 3262 3258 contra
3298 3197 3510 3254 Willel—

1918 3317 2066 3359 munt
2113 3301 2306 3355 ducem
2346 3297 2513 3368 cmpit
2568 3295 2832 3350 atrociter
2878 3294 3125 3356 moveri,
3180 3290 3510 3345 Northman-

1919 3392 2176 3461 niamque
2223 3389 2429 3460 rapinis
2466 3388 2820 3442 vehementer
2846 3385 3116 3449 demoliri,
3161 3383 3303 3438 intra
3346 3381 3508 3435 Dam-

1920 3487 2119 3542 frontis
2143 3495 2384 3541 castrum
2402 3481 2676 3537 seditiosis
2705 3479 3024 3536 custodibus
3049 3473 3328 3532 immissis.
3353 3471 3508 3540 Quod

1921 3578 2052 3646 dux,
2078 3576 2297 3636 militari
2329 3574 2558 3629 vallatus
2595 3587 2781 3638 manu,
2808 3570 3019 3626 visendi
3041 3569 3264 3624 obtentu
3290 3579 3510 3637 aggres~

1923 3685 2033 3733 sus,
2062 3677 2123 3723 ut
2151 3669 2325 3738 ipsum
2357 3666 2496 3720 vidit
2533 3663 2774 3735 scopulis
2803 3661 3118 3732 asperrimis
3144 3667 3200 3714 et
3223 3655 3514 3713 eminenti-

1923 3763 2026 3819 bus
2054 3762 2108 3816 in
2139 3775 2273 3838 gyro
2307 3759 2704 3813 circumdatum
2742 3763 2799 3811 et
2831 3750 3206 3810 inaccessibile
3235 3750 3303 3805 ad
3335 3753 3512 3820 oppu-

1924 3855 2221 3927 guandum,
2238 3852 2384 3907 vires
2400 3843 3170 3905 Nortlimannorumaccivitet
3185 3838 3514 3915 ﬁrmissimis

1926 3943 2163 4000 castellis
2186 3941 2315 3996 illud
2338 3938 2577 4002 strinxit;
2601 3953 2666 3992 ac
2687 3937 2867 3992 aditus
2885 3931 3197 4004 egredieudi
3218 3928 3512 4004 obstruxit.

1925 4035 1983 4090 In
2009 4033 2166 4103 cujus
2195 4032 2476 4104 procinctu
2507 4031 2634 4085 dum
2679 4026 2991 4098 aliquandiu
3019 4031 3346 4086 moraretur,
3386 4035 3516 4081 ecce

1927 4129 2123 4188 adsunt
2151 4126 2546 4196 exploratores,
2577 4122 2862 4177 Aleneium
2885 4127 3128 4174 castrum
3159 4114 3366 4183 absque
3390 4126 3518 4166 suo-

1929 4234 2050 4275 rum
2079 4219 2410 4273 detrimento
2441 4231 2566 4270 eum
2605 4227 2802 4282 capere
2829 4225 2992 4280 posse
3028 4207 3362 4261 nuntiantes.
3411 4201 3516 4268 Qui

1931 4313 2216 4374 confestim
2250 4311 2504 4368 custodes
2547 4307 2690 4360 intra
2731 4314 2912 4359 castra
2965 4297 3233 4368 disposuit
3283 4303 3338 4350 et
3389 4307 3515 4348 cum

1933 4409 2175 4477 exercitu
2207 4413 2316 4459 tota
2348 4410 2508 4456 nocte
2548 4398 2801 4468 equitans
2845 4392 3083 4450 diluculo
3111 4387 3395 4444 Alencium
3422 4400 3519 4439 ve—

249 4497 361 4566 ejus
413 4498 824 4568 subrogaretur,
876 4495 1204 4550 necessitate
1263 4502 1486 4547 coactus
1535 4490 1825 4552 llenricum
1855 4490 1903 4548 D
1933 4475 2034 4564 pit,
2068 4498 2156 4554 ubi
2187 4497 2239 4550 in
2273 4492 2505 4564 quodam
2559 4487 2855 4557 municipio
2908 4494 3056 4541 trans
3094 4479 3290 4534 ﬁumen
3339 4475 3520 4568 posito

251 4590 582 4660 Francorum
616 4604 795 4660 regem
827 4588 1183 4658 expctiit‘pro
1207 4585 1556 4639 subveniendi
1588 4585 1830 4639 obtentu.

254 4683 401 4739 Tunc
424 4683 642 4738 tandem
667 4698 763 4736 rex
793 4696 1002 4736 memor
1027 4679 1275 4734 beneﬁcii
1302 4679 1445 4749 quod
1473 4695 1500 4732 a
1533 4687 1686 4748 patre.
1719 4677 1835 4748 ejus

251 4777 354 4834 sibi
408 4775 684 4846 quondam
732 4775 1036 4844 impensum
1083 4773 1279 4837 fuerat,
1329 4773 1472 4827 vires
1499 4771 1834 4826 Francorum

253 4869 410 4928 simul
457 4867 656 4938 coegit,
689 4874 745 4920 et
789 4865 1132 4925 Oximcnsem
1171 4866 1487 4920 comitatum
1529 4876 1834 4932 aggressus,

250 4963 558 5019 Valedunas
601 4959 774 5024 venit,
823 4958 914 5012 ubi
962 4958 1438 5014 innumerabilium
1482 4955 1839 5012 infectissimo

253 5064 586 5110 armatorum
621 5050 805 5105 animo
827 5051 1124 5104 exercitum
1151 5051 1355 5107 strictis
1381 5047 1574 5119 gladiis
1596 5047 1838 5117 pra’lium

255 5149 354 5174 ..ξι-ε
385 5149 748 5174 :ncnnlnnlnm
797 5140 1012 5174 nmsn.‘:l
1085 5139 1320 5174 nun-num
1371 5137 1566 5174 nﬂnrnc
1612 5140 1839 5174 imnnlnc

1936 4589 2195 4662 quosdam
2241 4600 2300 4639 se
2346 4582 2602 4636 convitiis
2649 4580 3050 4635 subsannantes
3099 4567 3322 4640 reperit.
3365 4564 3520 4632 Quod
3618 4579 3620 4582 ν

1937 4680 2202 4737 acerrime
2259 4674 2548 4732 concitatis
2605 4672 2836 4726 militum
2915 4663 3148 4730 animis,
3205 4669 3525 4728 expugnans

1938 4773 2258 4832 festinanter
2283 4768 2449 4837 coepit
2482 4765 2713 4835 igneque
2738 4758 2934 4828 injecto
2953 4753 3264 4812 exitialibus
3290 4743 3526 4837 flammis

1938 4863 2223 4919 cremavit.
2254 4835 2508 4916 Illusores
2534 4869 2670 4909 vero
2692 4865 2880 4910 coram
2909 4846 3164 4904 omnibus
3196 4840 3340 4900 infra
3367 4835 3530 4890 Alene

1940 4956 2083 5012 cium
2115 4950 2560 5009 consistentibus,
2589 4946 2842 5000 manibus
2866 4937 3067 5012 privari
3093 4935 3262 5007 jussit
3286 4937 3344 4985 et
3377 4923 3535 4996 pedi-

1939 5048 2064 5101 bus.
2094 5044 2203 5099 Nec
2236 5057 2411 5101 mora,
2441 5039 2581 5092 sicut
2601 5035 2863 5110 iusserat,
2889 5031 3106 5102 triginta
3128 5028 3240 5083 duo
3267 5013 3542 5110 debilitati

1944 5147 2068 5174 cum
2148 5134 2319 5174 Dnllna
2367 5129 2512 5174 enim
2565 5103 2628 5174 et.
2680 5106 2914 5174 renones
2957 5121 3022 5168 :HI
3075 5116 3336 5174 iniuriam
3385 5103 3546 5162 ducis
