4040 5298
565 389 672 448 859

1387 389 1730 447 WILHSLSII
1761 387 2051 446 CALCULI
2085 381 2636 440 GEMMETICENSIS
2665 381 2967 440 MONACIII

3717 383 3820 455 860

565 519 786 560 sitorum
820 501 1057 574 periculo
1105 505 1472 559 membrorum
1507 513 1612 558 tam
1645 503 1828 574 gravia
1868 509 2134 556 tormenta
2165 502 2211 558 Α
2239 495 2728 578 l‘lorthmannorum
2777 495 3082 550 liicbardus
3125 495 3265 550 filius
3311 497 3467 568 primi
3513 498 3774 554 Richardi
3799 539 3814 564 ,

567 595 818 652 tolerare.
849 595 966 650 Dux
996 605 1173 649 autem
1203 595 1428 649 viriliter
1457 595 1542 649 his
1565 595 1822 665 peractis,
1857 593 2142 646 militibus-

565 699 669 755 que
697 685 808 740 suis
831 685 1170 748 intromissis,
1195 683 1478 739 celerrime
1507 677 1874 738 Damfrontem
1903 679 2137 751 repetiit.

563 779 856 833 Audientes
886 787 1060 830 autem
1093 775 1466 830 Damfruntani
1493 775 1674 844 qualia
1703 775 1810 829 dux
1838 774 1951 828 suis
1992 789 2140 828 com-

565 867 897 922 militonibus
947 866 1194 920 intulerit
1242 875 1296 920 et
1345 866 1750 920 considerantes
1793 879 1852 920 se
1904 881 1933 918 a
1995 863 2139 918 nullo

563 971 720 1028 posse
739 957 941 1028 juvari,
973 972 1030 1011 se
1056 966 1111 1011 et
1143 957 1430 1012 castellum
1457 957 1572 1027 ejus
1601 958 1940 1012 tradiderunt
1969 955 2136 1010 domi-

561 1049 728 1103 natui.
769 1048 894 1102 lude
947 1063 1088 1122 vero
1121 1048 1441 1102 custodibus
1491 1047 1685 1118 positis
1747 1047 2030 1118 egrediens
2086 1055 2140 1100 ct

559 1139 818 1210 prolixius
853 1140 1079 1196 tendens
1111 1139 1179 1194 ad
1208 1139 1595 1196 confutandam
1627 1141 1876 1195 comitem
1907 1139 2136 1194 Coiffre-

559 1230 708 1296 dum,
743 1230 1034 1286 Ambreras
1062 1229 1406 1304 [Amberras]
1435 1231 1601 1296 venit,
1629 1231 1809 1299 ibique
1847 1244 2008 1299 super
2043 1241 2148 1284 ora

559 1321 794 1377 fluminis
819 1323 1101 1378 castellum
1133 1323 1398 1388 condidit,
1429 1323 1570 1392 quod
1601 1323 1872 1376 alimoniis
1899 1331 1953 1376 et
1999 1321 2136 1374 mili-

561 1411 704 1467 tibus
743 1413 1078 1470 suflicienter
1107 1415 1357 1470 munivit.
1390 1415 1598 1482 Quibus
1628 1415 1882 1470 decenter
1907 1413 2142 1486 expletis

560 1505 741 1570 rebus,
776 1506 1171 1579 Rothomagum
1219 1507 1558 1580 metropolim
1601 1507 2005 1562 Nortlnnauniw
2051 1521 2132 1563 re~

558 1613 779 1667 gressus
809 1609 914 1656 85l-

1140 1689 1367 1748 CAPUT
1405 1691 1542 1747 XIX.

563 1779 718 1851 Quod
743 1781 971 1851 deposito
1002 1781 1262 1837 Willelmo
1284 1784 1556 1840 Werlenco
1579 1785 1826 1838 comitatu
1855 1783 2126 1850 Morftolii,

653 1849 934 1906 Robertum
973 1853 1230 1908 utet‘t'num
1269 1856 1486 1922 fratrem
1525 1871 1680 1908 suum
1713 1855 2034 1924 subrogavit.

631 1959 831 2015 Eadem
859 1970 1174 2031 tempestate
1193 1963 1492 2019 Willelmus
1521 1961 2133 2032 cognomentoWerlen-

559 2067 658 2106 cus
681 2053 746 2107 de
775 2053 941 2122 stirpe
973 2037 1228 2110 llichardi
1261 2055 1460 2125 magni,
1503 2069 1687 2108 comes
1713 2063 1831 2107 erat
1857 2053 2130 2107 Moritolii.

555 2142 637 2198 Ad
661 2158 783 2199 eum
809 2143 1100 2213 aliquando
1127 2145 1346 2214 quidam
1395 2146 1498 2199 tiro
1525 2145 1590 2198 de
1633 2144 1832 2198 familia
1875 2159 1994 2209 sua,
2033 2155 2138 2199 no-‘

557 2233 703 2288 mine
745 2233 1012 2290 Robertus
1061 2233 1218 2306 Bigot
1267 2236 1550 2300 accedens,
1581 2235 1700 2289 ait:
1745 2253 1762 2286 ι
1811 2233 2132 2304 Paupertate

559 2339 798 2394 premor,
819 2325 1038 2379 domine
1064 2327 1156 2390 mi,
1181 2327 1308 2380 etin
1330 2326 1431 2382 hac
1447 2325 1618 2396 patria
1643 2340 1846 2394 nequeo
1871 2335 2130 2394 quaestum

559 2413 690 2468 mibi
723 2414 1086 2469 necessarium
1129 2413 1349 2469 lucrari.
1397 2417 1733 2488 Quapropter
1779 2416 1866 2471 ibo
1893 2431 2035 2470 nunc
2079 2416 2131 2470 in

557 2503 826 2574 Apuliam,
861 2513 920 2558 ut
953 2505 1150 2560 ibidem
1185 2507 1552 2563 honorabilius
1579 2509 1772 2561 vivam.
1810 2527 1828 2560 ι
1872 2507 1970 2562 Cui
1999 2505 2137 2562 Wil-

557 2595 750 2652 lelmus
799 2598 919 2652 ait:
963 2617 982 2649 ‹
1033 2597 1166 2664 Quis
1203 2600 1296 2654 tibi
1351 2601 1454 2656 hoc
1509 2601 1810 2671 persuasit?
1857 2619 1876 2653 ›
1921 2601 1992 2656 At
2043 2599 2133 2656 ille

555 2687 878 2756 respondit:
921 2705 939 2739 ι
983 2687 1215 2742 Penuria
1247 2703 1408 2758 quam
1453 2691 1646 2759 patior.
1691 2711 1708 2742 ι
1761 2689 1954 2745 Comes
2006 2703 2132 2745 vero

559 2775 734 2828 dixit:
777 2795 796 2828 ι
835 2775 890 2830 Si
921 2776 1049 2830 mihi
1075 2777 1296 2832 credere
1325 2779 1428 2843 vis,
1455 2779 1544 2832 hic
1571 2779 1848 2834 nobiscum
1891 2793 2134 2834 remane-

557 2864 662 2918 his.
695 2863 830 2918 Nam
869 2865 972 2920 tale
1017 2875 1226 2936 tempus
1251 2877 1376 2920 ante
1399 2869 1666 2937 octoginta
1693 2869 1806 2922 dies
1855 2869 1908 2922 in
1933 2869 2133 2923 North-

553 2955 778 3009 mannia
823 2957 1066 3022 habebis,
1111 2967 1170 3012 ut
1207 2974 1432 3028 quisque
1485 2960 1576 3014 tibi
1621 2961 1922 3015 necessaria
1965 2961 2132 3014 oculis

559 3043 784 3112 videris,
818 3048 1032 3117 impune
1063 3050 1310 3104 manibus
1342 3065 1530 3120 rapere
1563 3051 1784 3121 poteris.
1815 3071 1834 3102 »
1887 3052 1978 3106 Ille
1999 3067 2131 3108 vero

561 3135 766 3191 domini
809 3139 1027 3194 monitis
1061 3139 1440 3210 acquiescens,
1475 3151 1772 3198 remoratus
1797 3153 1900 3208 est,
1941 3153 1994 3198 et
2023 3159 2126 3198 non
2157 3175 2202 3238 Ο

559 3226 728 3281 multo
749 3237 869 3298 post
897 3245 991 3298 per
1017 3229 1341 3286 Riehardum
1370 3231 1814 3289 Abrincatensem
1840 3245 2129 3305 cognatum

557 3331 714 3372 suum
743 3317 1160 3376 familiaritatem
1184 3322 1336 3377 ducis
1360 3331 1682 3379 consecutus
1711 3333 1814 3379 est.
1850 3324 1972 3392 Qui,
2002 3325 2126 3378 dum

559 3407 792 3476 quadam
819 3409 904 3464 die
927 3411 1174 3480 privatim
1203 3412 1511 3483 loqueretur
1531 3419 1662 3468 cum”
1677 3413 1830 3478 duce,
1863 3413 2002 3468 inter
2023 3413 2126 3468 alia

555 3499 926 3570 praescriptum
976 3500 1234 3556 Willelmi
1295 3503 1508 3557 comitis
1558 3504 1780 3558 verbum
1827 3503 1876 3558 ei
1925 3504 2123 3558 retulit.

559 3586 674 3640 Dux
699 3597 876 3643 autem
905 3589 1232 3646 Willelmum
1259 3592 1326 3646 ad
1351 3607 1410 3647 se
1435 3593 1649 3648 vocavit
1673 3605 1728 3649 et
1745 3608 1843 3650 cur
1863 3593 2123 3665 ejusmodi

557 3693 860 3734 sermonem
881 3681 1224 3750 protulisset,
1259 3683 1632 3754 interrogavit.
1677 3671 1748 3739 At
1789 3684 1880 3742 ille
1903 3700 2004 3740 nec
2039 3701 2126 3741 ne-

541 3783 688 3837 gare
711 3771 910 3838 potuit,
959 3786 1132 3843 neque
1161 3774 1516 3830 intentionem
1539 3773 1666 3830 dicti
1693 3773 1966 3832 declarare
1987 3789 2127 3844 pne-

541 3863 808 3931 .sumpsit.
841 3861 924 3918 Ob
959 3865 1062 3920 hoc
1091 3867 1262 3920 iratus
1287 3867 1392 3922 dux
1427 3868 1540 3921 ait:
1573 3887 1592 3920 ι
1628 3867 1910 3923 Seditiosis
1934 3866 2125 3922 tumul-

543 3952 704 4008 .tibus
745 3953 1150 4010 Nortmanniam
1184 3959 1506 4026 perturLare
1545 3957 1828 4012 decrevisti
1856 3965 1910 4012 et
1935 3967 2122 4012 contra

557 4055 645 4097 me
683 4043 951 4098 reltellans
997 4061 1082 4100 me
1118 4047 1364 4116 nequiter
1392 4048 1738 4102 exheredare
1783 4047 2117 4117 disposuisti;

537 4134 786 4206 -idcoque
833 4136 1117 4207 rapacitati
1149 4147 1360 4207 tempus
1405 4154 1576 4210 egeno
1607 4138 1762 4194 militi
1803 4139 2118 4210 promisisti;

541 4225 663 4284 .Sed
689 4230 970 4286 nobiscum
993 4231 1132 4286 dono
1152 4231 1448 4298 Creatoris,
1478 4242 1534 4290 ut
1563 4231 1882 4305 indigemus,
1909 4243 2122 4290 maneat

552 4335 658 4390 pax
711 4326 982 4393 perennis.
1030 4324 1106 4380 Tu
1161 4336 1340 4382 autem
1387 4343 1416 4382 e
1464 4327 1854 4382 Northmannia
1901 4329 2122 4386 discede

549 4415 868 4482 quantocius
899 4426 952 4472 et
983 4419 1089 4472 huc
1113 4419 1237 4473 dum
1273 4420 1456 4475 vixero
1487 4435 1552 4474 ue
1597 4422 1788 4476 redeas
1813 4420 2056 4476 ulterius.
2095 4439 2116 4474 ι

2243 589 2454 643 cuidam
2497 586 2650 641 fratri
2691 587 2903 642 uterino
2929 587 3146 642 nomine
3173 587 3443 645 Willelmo
3464 590 3612 644 dedit
3647 593 3818 644 comi-

2245 689 2412 734 tatum
2449 681 2772 733 Aucensem.
2795 679 2891 734 llic
2923 694 2988 733 ex
3019 679 3293 734 Lescelina
3324 683 3600 736 comitissa
3631 683 3818 736 halznit

2243 778 2354 822 tres
2382 768 2542 834 filios,
2575 769 2886 832 llnlzertmu,
2915 767 3259 836 Willelmum,
3293 771 3568 842 "agonem
3603 785 3814 843 postea,

2241 860 2550 929 episcopum
2599 859 3014 916 Luxovieusem.
3045 861 3244 916 Horum
3273 863 3478 917 medius
3511 865 3818 920 Willelmus

2241 961 2592 1019 cognomento
2613 953 2893 1019 llusacius,
2917 956 3169 1010 ducatum
3191 957 3290 1010 sibi
3313 957 3496 1011 volens
3513 957 3812 1022 vindicare,

2239 1042 2398 1110 empit
2445 1051 2632 1096 contra
2677 1043 2867 1096 ducem
2923 1043 3084 1099 minis
3127 1054 3180 1100 et
3229 1046 3670 1104 infestationibus
3695 1065 3816 1106 cer-

2241 1129 2413 1184 vicem
2447 1132 2676 1202 erigcre.
2713 1134 2907 1188 Verum
2955 1133 3111 1190 fortis
3139 1137 3388 1208 princeps
3417 1139 3604 1194 nolens
3634 1143 3686 1196 ei
3719 1157 3814 1196 ce-

2239 1221 2386 1286 dere,
2409 1222 2704 1278 exercitum
2733 1227 3078 1294 congregavit
3100 1237 3409 1284 etcastrum
3437 1229 3622 1294 Oucis,
3641 1239 3816 1288 donec

2239 1313 2366 1368 illud
2416 1325 2666 1384 caperet,
2710 1315 2950 1381 obsedit,
2988 1328 3148 1388 atque
3191 1319 3514 1375 Willehuum
3555 1323 3816 1378 rebellem

2237 1414 2522 1474 cognatum
2569 1421 2724 1460 suum
2762 1405 3010 1460 exsulare
3059 1411 3253 1478 coegit.
3281 1412 3350 1464 At
3387 1409 3474 1466 ille
3517 1411 3814 1468 Henricum

2237 1507 2415 1566 regem
2444 1497 2776 1552 Francorum
2807 1500 3154 1570 eapetiil,cui
3183 1503 3308 1570 quid
3339 1503 3439 1558 sibi
3471 1505 3812 1574 contigisset,

2233 1586 2482 1644 ﬂebiliter
2513 1591 2723 1644 retexit.
2775 1589 2886 1644 Rex
2941 1607 3068 1646 vero
3121 1592 3294 1663 ipsum
3341 1603 3525 1664 utpote
3575 1595 3812 1650 nobilem

2235 1695 2430 1748 genere
2459 1689 2514 1736 et
2539 1681 2710 1736 forma
2741 1682 2987 1748 militem,
3021 1684 3254 1754 benTgne
3283 1687 3520 1757 suscepit
3541 1696 3600 1742 et
3647 1687 3814 1743 infor-

2239 1769 2388 1823 tunio
2419 1770 2534 1840 ejus
2577 1769 2869 1846 condolens
2916 1773 3228 1827 comitatum
3279 1775 3586 1830 Suessionis
3611 1777 3660 1830 ei
3689 1793 3810 1830 cum

2237 1861 2466 1930 quadam
2501 1861 2661 1916 nobili
2693 1862 2919 1932 conjuge
2955 1863 3158 1918 tribuit.
3203 1865 3278 1918 Ex
3325 1881 3426 1934 qua
3466 1869 3810 1938 postmodum

2234 1951 2503 2021 egregiam
2530 1951 2728 2020 prolem
2753 1951 2864 2019 jam
2895 1951 3018 2006 felix
3043 1953 3194 2008 exsul
3221 1955 3474 2024 suscepit,
3495 1971 3614 2024 qua:
3641 1957 3812 2026 patris

2235 2041 2496 2095 honorem
2515 2057 2683 2111 usque
2703 2043 2861 2096 hodie
2889 2044 3140 2098 nobiliter
3169 2046 3325 2114 regit.
3361 2046 3596 2100 Tandem
3621 2047 3812 2116 ejectis

2234 2132 2318 2186 vel
2363 2134 2646 2200 prostratis
2687 2135 3079 2190 dissensionum
3119 2135 3364 2200 famulis,
3393 2139 3572 2194 omnis
3613 2139 3812 2194 North-

2234 2226 2448 2278 mannia
2481 2225 2684 2294 quievit
2713 2227 2812 2281 sub
2835 2225 2934 2280 alis
2959 2228 3255 2282 commoda:
3281 2229 3448 2298 pacis.

2813 2335 3044 2392 CAPUT
3075 2338 3218 2392 ΧΧΙ.

2235 2423 2389 2490 Quod
2432 2425 2556 2500 dum
2584 2425 3064 2500 liliillelntusrdua't't
3109 2429 3443 2494 Mathiltlem,
3484 2433 3654 2500 [ilium
3694 2433 3813 2488 Ba!-

2407 2496 2557 2550 duim'
2593 2495 2936 2552 Fluudrensis
2957 2539 2969 2562 ,
3005 2511 3201 2568 neptem
3235 2499 3448 2554 llenrici
3474 2495 3630 2572 regis.

2247 2611 2252 2614 ·
2301 2587 2421 2642 Jam
2461 2589 2594 2644 duce
2640 2589 2865 2660 juvenili
2919 2591 3110 2646 robore
3155 2591 3408 2663 vigente,
3477 2599 3812 2654 transcensis

2233 2680 2388 2734 annis
2436 2680 2856 2748 adolescentize,
2906 2691 3186 2752 coeperunt
3239 2684 3524 2754 optimates
3573 2685 3696 2755 ejus
3745 2689 3812 2744 de

2234 2770 2572 2831 successione
2593 2770 2760 2840 prolis
2779 2787 2901 2824 cum
2925 2787 2991 2826 eo
3013 2773 3272 2828 attentius
3295 2785 3550 2832 tractare.
3573 2779 3811 2834 Audiens

2233 2870 2412 2916 autem
2452 2861 2768 2916 Balduinum
2795 2862 3063 2916 Flandl'izn
3091 2863 3346 2918 comitem
3389 2866 3594 2922 habere
3641 2869 3810 2924 filiam

2235 2952 2398 3021 regali
2429 2967 2492 3006 ev
2528 2967 2726 3020 genere
2754 2951 3190 3017 descendentem,
3227 2955 3440 3010 nomine
3467 2957 3808 3028 Mathildem,

2233 3057 2460 3112 corpore
2481 3043 2636 3098 valde
2665 3043 2984 3112 elegantem,
3009 3044 3298 3113 animoque
3325 3045 3622 3112 liberalem,
3649 3050 3809 3118 hunc,

2235 3150 2453 3190 suarum
2477 3136 2724 3190 consultu
2749 3137 2926 3190 missis
2946 3137 3156 3206 legatis,
3173 3153 3200 3188 a
3215 3148 3366 3207 patre
3387 3140 3538 3208 petiit
3559 3157 3804 3197 uxorem.

2234 3226 2313 3280 Ex
2334 3227 2450 3296 ejus
2475 3227 2748 3296 proposito
2770 3227 2934 3280 animi
2963 3227 3254 3282 Balduiuus
3279 3238 3490 3300 satrapa
3517 3234 3806 3290 admodum

2232 3317 2465 3386 gavisus,
2517 3331 2622 3370 non
2675 3315 2834 3370 modo
2879 3317 3102 3385 petitam
3143 3317 3260 3372 dari
3307 3319 3570 3388 decrevit,
3619 3340 3808 3378 verum

2229 3406 2390 3458 etiam
2431 3420 2552 3458 cmn
2585 3405 2898 3460 muneribus
2933 3406 3226 3462 innumeris
3253 3423 3372 3464 eam
3399 3411 3464 3464 ad
3497 3428 3674 3482 usque
3703 3415 3808 3468 Ou-

2231 3508 2390 3556 eense
2423 3504 2658 3548 castrum
2689 3495 2930 3550 adduxit.
2980 3496 3082 3552 Ubi
3133 3499 3242 3553 dux
3285 3501 3516 3556 militum
3569 3506 3802 3575 stipatus

2227 3587 2458 3642 catervis
2481 3587 2716 3653 advenit,
2741 3585 2992 3656 illamque
3013 3589 3118 3644 sibi
3133 3589 3256 3658 jure
3277 3593 3544 3664 conjugali
3573 3596 3808 3666 despon-

2227 3678 2310 3734 dit
2339 3687 2392 3734 et
2415 3693 2538 3732 eum
2581 3679 2820 3734 maximo
2865 3681 3098 3750 tripudio
3139 3698 3200 3738 ac
3235 3683 3438 3740 honore
3475 3685 3806 3758 Rothomagi

2225 3771 2494 3827 moenibus
2541 3770 2738 3826 intulit.
2781 3770 2981 3828 Genuit
3041 3783 3220 3830 autem
3269 3791 3338 3831 ex
3385 3789 3448 3830 ea
3489 3781 3806 3850 procedenti

2227 3871 2468 3934 tempore
2517 3862 2656 3920 filios
2703 3873 2980 3934 quatuor:
3015 3864 3310 3920 Robertum
3363 3869 3454 3938 qui
3503 3879 3628 3938 post
3683 3887 3807 3928 eum

2224 3954 2478 4010 ducatum
2507 3953 2915 4012 Northmannite
2943 3957 3252 4025 aliquandiu
3280 3959 3468 4027 tenuit,
3493 3971 3552 4018 et
3591 3961 3806 4018 Willel-

2223 4060 2392 4109 mum,
2419 4045 2510 4114 qui
2540 4059 2703 4118 regno
2741 4045 2945 4118 Anglia:
2971 4048 3228 4104 tredecim
3270 4052 3428 4110 anuis
3469 4053 3722 4122 prtefuit,
3753 4064 3809 4110 et

2223 4133 2574 4204 B‘chardum,
2603 4140 2692 4210 qui
2719 4139 2933 4208 juvenis
2973 4141 3232 4209 decessit,
3265 4151 3322 4197 et
3357 4143 3685 4212 Henrieum,
3717 4147 3806 4217 qui

2224 4227 2500 4294 fratribus,
2533 4239 2638 4284 tam
2695 4233 2802 4302 regi
2852 4249 3014 4302 quant
3063 4234 3182 4288 duci
3211 4275 3225 4298 ,
3258 4237 3548 4302 successit;
3579 4249 3638 4292 et
3671 4239 3808 4296 tilias

2224 4331 2472 4391 quatuor.
2511 4323 2583 4376 De
2612 4323 2808 4391 quibus
2831 4323 3112 4388 omnibus,
3143 4336 3248 4378 tam
3279 4327 3411 4382 viris
3439 4343 3604 4396 quam
3645 4329 3805 4388 femi-

2223 4415 2332 4478 nis,
2365 4414 2496 4468 liber
2519 4415 2872 4484 subsequens,
2907 4415 2998 4484 qui
3029 4418 3094 4470 de
3119 4417 3290 4486 gestis
3313 4419 3634 4474 nobilissimi
3667 4423 3808 4491 regis

533 4501 823 4562 -Wi|lelmo
851 4506 1032 4577 itaque
1077 4509 1302 4577 expulso
1347 4517 1402 4562 et
1447 4509 1694 4578 Apuliam
1741 4510 2119 4564 miserabiliter
2153 4515 2198 4573 ι)
2227 4505 2442 4562 llenrici
2477 4506 2819 4568 inscribetur,
2855 4522 2952 4576 pro
2997 4507 3210 4562 modulo
3239 4518 3444 4576 nostro,
3493 4511 3614 4566 Deo
3659 4511 3806 4580 adju-

551 4602 766 4660 peteute
792 4611 913 4650 cum
941 4611 1049 4652 uno
1101 4605 1306 4652 tantum
1351 4599 1649 4668 armigero,
1683 4599 1790 4654 dux
1838 4597 2120 4654 confestim

529 4684 848 4740 ~Robertum
895 4689 1118 4744 fratrem
1157 4705 1314 4745 suum
1349 4689 1685 4755 sublimavit,
1719 4691 1874 4760 eique
1903 4691 2122 4754 Moritu-

553 4771 777 4830 liensem
807 4779 1122 4834 comitatum
1162 4780 1372 4834 tribuit.
1414 4779 1506 4835 Sic
1550 4779 1783 4834 tumidos
1829 4781 1912 4836 sui
1953 4781 2122 4850 patris

553 4875 806 4935 parentes
849 4881 1034 4938 aspere
1060 4871 1386 4938 prostravit,
1419 4869 1757 4940 humilesque
1797 4871 1986 4926 matris
2011 4885 2122 4928 sua:

553 4957 888 5006 nroninmms
927 4959 1312 5010 honorabiliseu
1341 4962 1619 5012 exultavit.
1647 4959 1912 5014 Caeterum
1936 5001 1952 5014 .
1981 4962 2124 5016 sicut

2223 4605 2412 4662 ,vante,
2447 4599 2820 4667 pertractabit.

2801 4705 3026 4762 CAPUT
3063 4706 3226 4763 XXI}.

2225 4799 2664 4856 Demonacteriis
2691 4817 2810 4870 qua:
2839 4801 3100 4870 redi/ictus
3142 4809 3264 4856 sunt
3311 4801 3364 4855 in
3411 4800 3808 4859 Nortlunannia

2655 4869 2881 4942 tempore
2911 4869 3159 4926 Willefnu'
3187 4871 3354 4926 ducis.

2293 4961 2354 5016 In
2380 4961 2572 5016 diebus
2601 4961 2706 5016 illis
2737 4961 2972 5015 maxima
3001 4960 3158 5016 Dacis.
3179 4960 3548 5016 tranquillitas
3591 4963 3806 5016 fovebat
