  <div class='ocr_page' id='page_1' title='image "/cluster/home/n/w/nwhite01/storage/ocr_20150623/149/hvd.32044015473770/436.png"; bbox 0 0 4040 5298; ppageno 0'>
   <div class='ocr_carea' id='block_1_1' title="bbox 245 295 342 356">
    <p class='ocr_par' dir='ltr' id='par_1_1' title="bbox 245 295 342 356">
     <span class='ocr_line' id='line_1_1' title="bbox 245 295 342 356; baseline -0.021 0"><span class='ocrx_word' id='word_1_1' title='bbox 245 295 342 356; x_wconf 72' lang='lat' dir='ltr'><strong>8M</strong></span> 
     </span>
    </p>
   </div>
   <div class='ocr_carea' id='block_1_2' title="bbox 785 287 2980 358">
    <p class='ocr_par' dir='ltr' id='par_1_2' title="bbox 785 287 2980 358">
     <span class='ocr_line' id='line_1_2' title="bbox 785 287 2980 358; baseline 0.001 -4"><span class='ocrx_word' id='word_1_2' title='bbox 785 295 1129 356; x_wconf 70' lang='lat' dir='ltr'><strong>IIISTORhE</strong></span> <span class='ocrx_word' id='word_1_3' title='bbox 1165 295 1500 356; x_wconf 72' lang='lat' dir='ltr'><strong>NOBTIIMA</strong></span> <span class='ocrx_word' id='word_1_4' title='bbox 1517 289 1806 352; x_wconf 61' lang='lat' dir='ltr'><strong>NNORUM</strong></span> <span class='ocrx_word' id='word_1_5' title='bbox 1843 287 2024 346; x_wconf 82' lang='lat' dir='ltr'><strong>LIBRI</strong></span> <span class='ocrx_word' id='word_1_6' title='bbox 2049 291 2253 356; x_wconf 83' lang='lat' dir='ltr'><strong>OCTO.</strong></span> <span class='ocrx_word' id='word_1_7' title='bbox 2284 327 2353 341; x_wconf 90' lang='lat'>—</span> <span class='ocrx_word' id='word_1_8' title='bbox 2391 295 2592 355; x_wconf 76' lang='lat' dir='ltr'><strong>LIBER</strong></span> <span class='ocrx_word' id='word_1_9' title='bbox 2617 295 2980 358; x_wconf 80' lang='lat' dir='ltr'><strong>SEPTIMUS.</strong></span> 
     </span>
    </p>
   </div>
   <div class='ocr_carea' id='block_1_3' title="bbox 3413 303 3518 360">
    <p class='ocr_par' dir='ltr' id='par_1_3' title="bbox 3413 303 3518 360">
     <span class='ocr_line' id='line_1_3' title="bbox 3413 303 3518 360; baseline -0.019 0"><span class='ocrx_word' id='word_1_10' title='bbox 3413 303 3518 360; x_wconf 68' lang='lat'><strong>86?.</strong></span> 
     </span>
    </p>
   </div>
   <div class='ocr_carea' id='block_1_4' title="bbox 249 410 3518 488">
    <p class='ocr_par' dir='ltr' id='par_1_4' title="bbox 249 410 3518 488">
     <span class='ocr_line' id='line_1_4' title="bbox 249 410 3518 488; baseline 0.002 -19"><span class='ocrx_word' id='word_1_11' title='bbox 249 417 420 487; x_wconf 88' lang='lat' dir='ltr'><strong>Ipsum</strong></span> <span class='ocrx_word' id='word_1_12' title='bbox 473 417 664 472; x_wconf 86' lang='lat' dir='ltr'><strong>ducem</strong></span> <span class='ocrx_word' id='word_1_13' title='bbox 711 411 1036 470; x_wconf 83' lang='lat' dir='ltr'><strong>Willelmum</strong></span> <span class='ocrx_word' id='word_1_14' title='bbox 1065 425 1272 486; x_wconf 89' lang='lat' dir='ltr'><strong>patrem</strong></span> <span class='ocrx_word' id='word_1_15' title='bbox 1321 415 1538 486; x_wconf 78' lang='lat' dir='ltr'><strong>patrize,</strong></span> <span class='ocrx_word' id='word_1_16' title='bbox 1571 414 1662 484; x_wconf 88' lang='lat' dir='ltr'><strong>qui</strong></span> <span class='ocrx_word' id='word_1_17' title='bbox 1711 427 1826 466; x_wconf 91' lang='lat' dir='ltr'><strong>mo-</strong></span> <span class='ocrx_word' id='word_1_18' title='bbox 1851 417 1904 474; x_wconf 73' lang='grc' dir='ltr'>Α</span> <span class='ocrx_word' id='word_1_19' title='bbox 1931 410 2145 470; x_wconf 67' lang='lat' dir='ltr'><strong>Sanctae</strong></span> <span class='ocrx_word' id='word_1_20' title='bbox 2173 415 2356 471; x_wconf 68' lang='lat' dir='ltr'><strong>Maria:</strong></span> <span class='ocrx_word' id='word_1_21' title='bbox 2403 415 2718 488; x_wconf 87' lang='lat' dir='ltr'><strong>Bajocensis</strong></span> <span class='ocrx_word' id='word_1_22' title='bbox 2745 427 2802 474; x_wconf 90' lang='lat' dir='ltr'><strong>et</strong></span> <span class='ocrx_word' id='word_1_23' title='bbox 2844 419 3058 477; x_wconf 76' lang='lat' dir='ltr'><strong>Sancta:</strong></span> <span class='ocrx_word' id='word_1_24' title='bbox 3101 417 3280 474; x_wconf 69' lang='lat' dir='ltr'><strong>Maria:</strong></span> <span class='ocrx_word' id='word_1_25' title='bbox 3325 419 3518 476; x_wconf 86' lang='lat' dir='ltr'><strong>Ehrni-</strong></span> 
     </span>
    </p>
   </div>
   <div class='ocr_carea' id='block_1_5' title="bbox 251 505 1828 565">
    <p class='ocr_par' dir='ltr' id='par_1_5' title="bbox 251 505 1828 565">
     <span class='ocr_line' id='line_1_5' title="bbox 251 505 1828 565; baseline -0.003 -1"><span class='ocrx_word' id='word_1_26' title='bbox 251 510 554 564; x_wconf 76' lang='lat' dir='ltr'><strong>nasterium</strong></span> <span class='ocrx_word' id='word_1_27' title='bbox 587 509 773 564; x_wconf 80' lang='lat' dir='ltr'><strong>Sancti</strong></span> <span class='ocrx_word' id='word_1_28' title='bbox 825 509 1058 565; x_wconf 76' lang='lat' dir='ltr'><strong>Victoris</strong></span> <span class='ocrx_word' id='word_1_29' title='bbox 1096 509 1304 564; x_wconf 86' lang='lat' dir='ltr'><strong>Ceracil</strong></span> <span class='ocrx_word' id='word_1_30' title='bbox 1347 525 1378 562; x_wconf 88' lang='lat' dir='ltr'><strong>a</strong></span> <span class='ocrx_word' id='word_1_31' title='bbox 1411 509 1544 564; x_wconf 89' lang='lat' dir='ltr'><strong>duce</strong></span> <span class='ocrx_word' id='word_1_32' title='bbox 1589 505 1828 561; x_wconf 70' lang='lat' dir='ltr'><strong>ltoberto</strong></span> 
     </span>
    </p>
   </div>
   <div class='ocr_carea' id='block_1_6' title="bbox 253 601 1830 672">
    <p class='ocr_par' dir='ltr' id='par_1_6' title="bbox 253 601 1830 672">
     <span class='ocr_line' id='line_1_6' title="bbox 253 601 1830 672; baseline -0.001 -20"><span class='ocrx_word' id='word_1_33' title='bbox 253 607 406 670; x_wconf 86' lang='lat' dir='ltr'><strong>patre</strong></span> <span class='ocrx_word' id='word_1_34' title='bbox 427 615 547 663; x_wconf 89' lang='lat' dir='ltr'><strong>suo,</strong></span> <span class='ocrx_word' id='word_1_35' title='bbox 569 609 858 669; x_wconf 73' lang='lat' dir='ltr'><strong>antequam</strong></span> <span class='ocrx_word' id='word_1_36' title='bbox 883 601 1218 656; x_wconf 90' lang='lat' dir='ltr'><strong>Ilierusalem</strong></span> <span class='ocrx_word' id='word_1_37' title='bbox 1235 609 1484 672; x_wconf 77' lang='lat' dir='ltr'><strong>pergeret</strong></span> <span class='ocrx_word' id='word_1_38' title='bbox 1515 601 1830 667; x_wconf 77' lang='lat' dir='ltr'><strong>inemptum,</strong></span> 
     </span>
    </p>
   </div>
   <div class='ocr_carea' id='block_1_7' title="bbox 254 691 1832 765">
    <p class='ocr_par' dir='ltr' id='par_1_7' title="bbox 254 691 1832 765">
     <span class='ocr_line' id='line_1_7' title="bbox 254 691 1832 765; baseline -0.002 -17"><span class='ocrx_word' id='word_1_39' title='bbox 254 693 418 762; x_wconf 73' lang='lat' dir='ltr'><strong>erepit</strong></span> <span class='ocrx_word' id='word_1_40' title='bbox 459 701 514 748; x_wconf 89' lang='lat' dir='ltr'><strong>et</strong></span> <span class='ocrx_word' id='word_1_41' title='bbox 559 695 900 765; x_wconf 77' lang='lat' dir='ltr'><strong>propagavit;</strong></span> <span class='ocrx_word' id='word_1_42' title='bbox 953 709 1234 764; x_wconf 82' lang='lat' dir='ltr'><strong>ttsqttequo</strong></span> <span class='ocrx_word' id='word_1_43' title='bbox 1283 695 1398 763; x_wconf 89' lang='lat' dir='ltr'><strong>ipse</strong></span> <span class='ocrx_word' id='word_1_44' title='bbox 1443 691 1832 746; x_wconf 80' lang='lat' dir='ltr'><strong>monasterium</strong></span> 
     </span>
    </p>
   </div>
   <div class='ocr_carea' id='block_1_8' title="bbox 256 785 1832 856">
    <p class='ocr_par' dir='ltr' id='par_1_8' title="bbox 256 785 1832 856">
     <span class='ocr_line' id='line_1_8' title="bbox 256 785 1832 856; baseline -0.002 -16"><span class='ocrx_word' id='word_1_45' title='bbox 256 785 429 840; x_wconf 82' lang='lat' dir='ltr'><strong>sancti</strong></span> <span class='ocrx_word' id='word_1_46' title='bbox 459 785 720 854; x_wconf 74' lang='lat' dir='ltr'><strong>Stephani</strong></span> <span class='ocrx_word' id='word_1_47' title='bbox 751 797 804 840; x_wconf 92' lang='lat' dir='ltr'><strong>et</strong></span> <span class='ocrx_word' id='word_1_48' title='bbox 835 803 972 842; x_wconf 70' lang='lat' dir='ltr'><strong>uxor</strong></span> <span class='ocrx_word' id='word_1_49' title='bbox 1001 787 1117 856; x_wconf 93' lang='lat' dir='ltr'><strong>ejus</strong></span> <span class='ocrx_word' id='word_1_50' title='bbox 1139 787 1413 840; x_wconf 85' lang='lat' dir='ltr'><strong>Mathildis</strong></span> <span class='ocrx_word' id='word_1_51' title='bbox 1447 785 1832 838; x_wconf 83' lang='lat' dir='ltr'><strong>monasterium</strong></span> 
     </span>
    </p>
   </div>
   <div class='ocr_carea' id='block_1_9' title="bbox 256 873 1836 940">
    <p class='ocr_par' dir='ltr' id='par_1_9' title="bbox 256 873 1836 940">
     <span class='ocr_line' id='line_1_9' title="bbox 256 873 1836 940; baseline 0 -10"><span class='ocrx_word' id='word_1_52' title='bbox 256 875 472 930; x_wconf 78' lang='lat' dir='ltr'><strong>Sanch</strong></span> <span class='ocrx_word' id='word_1_53' title='bbox 497 875 800 940; x_wconf 82' lang='lat' dir='ltr'><strong>Trinitatis,</strong></span> <span class='ocrx_word' id='word_1_54' title='bbox 833 879 1237 934; x_wconf 74' lang='lat' dir='ltr'><strong>mdillcaverunt</strong></span> <span class='ocrx_word' id='word_1_55' title='bbox 1267 875 1488 931; x_wconf 86' lang='lat' dir='ltr'><strong>Cadoni.</strong></span> <span class='ocrx_word' id='word_1_56' title='bbox 1529 873 1836 930; x_wconf 81' lang='lat' dir='ltr'><strong>Willelmus</strong></span> 
     </span>
    </p>
   </div>
   <div class='ocr_carea' id='block_1_10' title="bbox 255 967 1838 1042">
    <p class='ocr_par' dir='ltr' id='par_1_10' title="bbox 255 967 1838 1042">
     <span class='ocr_line' id='line_1_10' title="bbox 255 967 1838 1042; baseline 0.001 -21"><span class='ocrx_word' id='word_1_57' title='bbox 255 971 372 1022; x_wconf 84' lang='lat' dir='ltr'><strong>viro</strong></span> <span class='ocrx_word' id='word_1_58' title='bbox 399 969 542 1024; x_wconf 86' lang='lat' dir='ltr'><strong>filius</strong></span> <span class='ocrx_word' id='word_1_59' title='bbox 566 970 823 1034; x_wconf 89' lang='lat' dir='ltr'><strong>Osberni,</strong></span> <span class='ocrx_word' id='word_1_60' title='bbox 867 972 1202 1042; x_wconf 89' lang='lat' dir='ltr'><strong>propinquus</strong></span> <span class='ocrx_word' id='word_1_61' title='bbox 1241 971 1394 1025; x_wconf 89' lang='lat' dir='ltr'><strong>ducis</strong></span> <span class='ocrx_word' id='word_1_62' title='bbox 1425 967 1716 1032; x_wconf 85' lang='lat' dir='ltr'><strong>Willelmi,</strong></span> <span class='ocrx_word' id='word_1_63' title='bbox 1755 968 1838 1022; x_wconf 88' lang='lat' dir='ltr'><strong>vir</strong></span> 
     </span>
    </p>
   </div>
   <div class='ocr_carea' id='block_1_11' title="bbox 255 1059 1839 1132">
    <p class='ocr_par' dir='ltr' id='par_1_11' title="bbox 255 1059 1839 1132">
     <span class='ocr_line' id='line_1_11' title="bbox 255 1059 1839 1132; baseline -0.002 -17"><span class='ocrx_word' id='word_1_64' title='bbox 255 1069 447 1132; x_wconf 89' lang='lat' dir='ltr'><strong>potens</strong></span> <span class='ocrx_word' id='word_1_65' title='bbox 467 1069 522 1115; x_wconf 89' lang='lat' dir='ltr'><strong>et</strong></span> <span class='ocrx_word' id='word_1_66' title='bbox 553 1063 750 1117; x_wconf 87' lang='lat' dir='ltr'><strong>virtute</strong></span> <span class='ocrx_word' id='word_1_67' title='bbox 775 1071 884 1116; x_wconf 90' lang='lat' dir='ltr'><strong>tam</strong></span> <span class='ocrx_word' id='word_1_68' title='bbox 925 1063 1088 1116; x_wconf 91' lang='lat' dir='ltr'><strong>animi</strong></span> <span class='ocrx_word' id='word_1_69' title='bbox 1133 1077 1294 1131; x_wconf 90' lang='lat' dir='ltr'><strong>quam</strong></span> <span class='ocrx_word' id='word_1_70' title='bbox 1323 1059 1568 1130; x_wconf 88' lang='lat' dir='ltr'><strong>corporis</strong></span> <span class='ocrx_word' id='word_1_71' title='bbox 1597 1059 1839 1112; x_wconf 87' lang='lat' dir='ltr'><strong>laudabi-</strong></span> 
     </span>
    </p>
   </div>
   <div class='ocr_carea' id='block_1_12' title="bbox 258 1150 1838 1222">
    <p class='ocr_par' dir='ltr' id='par_1_12' title="bbox 258 1150 1838 1222">
     <span class='ocr_line' id='line_1_12' title="bbox 258 1150 1838 1222; baseline -0.003 -14"><span class='ocrx_word' id='word_1_72' title='bbox 258 1153 346 1218; x_wconf 87' lang='lat' dir='ltr'><strong>lis,</strong></span> <span class='ocrx_word' id='word_1_73' title='bbox 373 1153 484 1209; x_wconf 88' lang='lat' dir='ltr'><strong>duo</strong></span> <span class='ocrx_word' id='word_1_74' title='bbox 511 1154 840 1210; x_wconf 88' lang='lat' dir='ltr'><strong>monasteria</strong></span> <span class='ocrx_word' id='word_1_75' title='bbox 866 1153 916 1208; x_wconf 91' lang='lat' dir='ltr'><strong>in</strong></span> <span class='ocrx_word' id='word_1_76' title='bbox 949 1154 1208 1210; x_wconf 87' lang='lat' dir='ltr'><strong>honorem</strong></span> <span class='ocrx_word' id='word_1_77' title='bbox 1233 1154 1405 1208; x_wconf 62' lang='lat' dir='ltr'><strong>beatae</strong></span> <span class='ocrx_word' id='word_1_78' title='bbox 1435 1152 1526 1206; x_wconf 92' lang='lat' dir='ltr'><strong>Dei</strong></span> <span class='ocrx_word' id='word_1_79' title='bbox 1551 1150 1838 1222; x_wconf 79' lang='lat' dir='ltr'><strong>genitricis</strong></span> 
     </span>
    </p>
   </div>
   <div class='ocr_carea' id='block_1_13' title="bbox 257 1243 1836 1316">
    <p class='ocr_par' dir='ltr' id='par_1_13' title="bbox 257 1243 1836 1316">
     <span class='ocr_line' id='line_1_13' title="bbox 257 1243 1836 1316; baseline -0.004 -16"><span class='ocrx_word' id='word_1_80' title='bbox 257 1245 459 1312; x_wconf 51' lang='grc' dir='ltr'><strong>Μαι-ἰαὶ,</strong></span> <span class='ocrx_word' id='word_1_81' title='bbox 485 1261 652 1300; x_wconf 86' lang='lat' dir='ltr'><strong>unum</strong></span> <span class='ocrx_word' id='word_1_82' title='bbox 693 1247 834 1316; x_wconf 90' lang='lat' dir='ltr'><strong>apud</strong></span> <span class='ocrx_word' id='word_1_83' title='bbox 869 1245 1052 1300; x_wconf 89' lang='lat' dir='ltr'><strong>Liram</strong></span> <span class='ocrx_word' id='word_1_84' title='bbox 1105 1247 1157 1300; x_wconf 93' lang='lat' dir='ltr'><strong>in</strong></span> <span class='ocrx_word' id='word_1_85' title='bbox 1201 1261 1308 1315; x_wconf 90' lang='lat' dir='ltr'><strong>quo</strong></span> <span class='ocrx_word' id='word_1_86' title='bbox 1339 1243 1619 1299; x_wconf 77' lang='lat' dir='ltr'><strong>Adelinam</strong></span> <span class='ocrx_word' id='word_1_87' title='bbox 1672 1243 1836 1296; x_wconf 86' lang='lat' dir='ltr'><strong>filiam</strong></span> 
     </span>
    </p>
   </div>
   <div class='ocr_carea' id='block_1_14' title="bbox 259 1333 1840 1408">
    <p class='ocr_par' dir='ltr' id='par_1_14' title="bbox 259 1333 1840 1408">
     <span class='ocr_line' id='line_1_14' title="bbox 259 1333 1840 1408; baseline -0.003 -17"><span class='ocrx_word' id='word_1_88' title='bbox 259 1336 476 1408; x_wconf 80' lang='lat' dir='ltr'><strong>Rogerii</strong></span> <span class='ocrx_word' id='word_1_89' title='bbox 507 1337 574 1391; x_wconf 88' lang='lat' dir='ltr'><strong>de</strong></span> <span class='ocrx_word' id='word_1_90' title='bbox 596 1337 798 1392; x_wconf 88' lang='lat' dir='ltr'><strong>Toenio</strong></span> <span class='ocrx_word' id='word_1_91' title='bbox 829 1352 1054 1392; x_wconf 76' lang='lat' dir='ltr'><strong>uxorem</strong></span> <span class='ocrx_word' id='word_1_92' title='bbox 1093 1353 1246 1392; x_wconf 90' lang='lat' dir='ltr'><strong>suam</strong></span> <span class='ocrx_word' id='word_1_93' title='bbox 1277 1336 1616 1404; x_wconf 87' lang='lat' dir='ltr'><strong>postmodum</strong></span> <span class='ocrx_word' id='word_1_94' title='bbox 1647 1333 1840 1404; x_wconf 78' lang='lat' dir='ltr'><strong>sepeli-</strong></span> 
     </span>
    </p>
   </div>
   <div class='ocr_carea' id='block_1_15' title="bbox 258 1427 1840 1496">
    <p class='ocr_par' dir='ltr' id='par_1_15' title="bbox 258 1427 1840 1496">
     <span class='ocr_line' id='line_1_15' title="bbox 258 1427 1840 1496; baseline 0 -16"><span class='ocrx_word' id='word_1_95' title='bbox 258 1427 366 1492; x_wconf 78' lang='lat' dir='ltr'><strong>vit;</strong></span> <span class='ocrx_word' id='word_1_96' title='bbox 411 1427 640 1481; x_wconf 89' lang='lat' dir='ltr'><strong>alterum</strong></span> <span class='ocrx_word' id='word_1_97' title='bbox 675 1429 813 1496; x_wconf 89' lang='lat' dir='ltr'><strong>apud</strong></span> <span class='ocrx_word' id='word_1_98' title='bbox 843 1428 1173 1492; x_wconf 79' lang='lat' dir='ltr'><strong>Cormclias,</strong></span> <span class='ocrx_word' id='word_1_99' title='bbox 1219 1427 1272 1480; x_wconf 93' lang='lat' dir='ltr'><strong>iu</strong></span> <span class='ocrx_word' id='word_1_100' title='bbox 1305 1443 1414 1496; x_wconf 87' lang='lat' dir='ltr'><strong>quo</strong></span> <span class='ocrx_word' id='word_1_101' title='bbox 1445 1427 1557 1495; x_wconf 87' lang='lat' dir='ltr'><strong>ipse</strong></span> <span class='ocrx_word' id='word_1_102' title='bbox 1595 1435 1840 1480; x_wconf 89' lang='lat' dir='ltr'><strong>mortuus</strong></span> 
     </span>
    </p>
   </div>
   <div class='ocr_carea' id='block_1_16' title="bbox 257 1515 1836 1586">
    <p class='ocr_par' dir='ltr' id='par_1_16' title="bbox 257 1515 1836 1586">
     <span class='ocr_line' id='line_1_16' title="bbox 257 1515 1836 1586; baseline -0.004 -12"><span class='ocrx_word' id='word_1_103' title='bbox 257 1518 508 1574; x_wconf 84' lang='lat' dir='ltr'><strong>conditus</strong></span> <span class='ocrx_word' id='word_1_104' title='bbox 549 1527 652 1582; x_wconf 84' lang='lat' dir='ltr'><strong>est,</strong></span> <span class='ocrx_word' id='word_1_105' title='bbox 686 1517 832 1572; x_wconf 88' lang='lat' dir='ltr'><strong>fecit.</strong></span> <span class='ocrx_word' id='word_1_106' title='bbox 877 1517 1138 1586; x_wconf 67' lang='lat' dir='ltr'><strong>[luget-ius</strong></span> <span class='ocrx_word' id='word_1_107' title='bbox 1181 1519 1342 1572; x_wconf 87' lang='lat' dir='ltr'><strong>etiam</strong></span> <span class='ocrx_word' id='word_1_108' title='bbox 1385 1515 1836 1578; x_wconf 75' lang='lat' dir='ltr'><strong>(le-Belloruonte,</strong></span> 
     </span>
    </p>
   </div>
   <div class='ocr_carea' id='block_1_17' title="bbox 259 1605 1842 1674">
    <p class='ocr_par' dir='ltr' id='par_1_17' title="bbox 259 1605 1842 1674">
     <span class='ocr_line' id='line_1_17' title="bbox 259 1605 1842 1674; baseline -0.002 -11"><span class='ocrx_word' id='word_1_109' title='bbox 259 1607 399 1663; x_wconf 80' lang='lat' dir='ltr'><strong>filius</strong></span> <span class='ocrx_word' id='word_1_110' title='bbox 439 1609 706 1664; x_wconf 85' lang='lat' dir='ltr'><strong>llttmfridi</strong></span> <span class='ocrx_word' id='word_1_111' title='bbox 755 1610 821 1662; x_wconf 88' lang='lat' dir='ltr'><strong>de</strong></span> <span class='ocrx_word' id='word_1_112' title='bbox 869 1609 1097 1674; x_wconf 74' lang='lat' dir='ltr'><strong>Vetulis,</strong></span> <span class='ocrx_word' id='word_1_113' title='bbox 1141 1609 1196 1662; x_wconf 91' lang='lat' dir='ltr'><strong>in</strong></span> <span class='ocrx_word' id='word_1_114' title='bbox 1249 1609 1416 1663; x_wconf 84' lang='lat' dir='ltr'><strong>fundo</strong></span> <span class='ocrx_word' id='word_1_115' title='bbox 1457 1623 1554 1662; x_wconf 91' lang='lat' dir='ltr'><strong>suo</strong></span> <span class='ocrx_word' id='word_1_116' title='bbox 1595 1605 1842 1660; x_wconf 83' lang='lat' dir='ltr'><strong>Pralellis</strong></span> 
     </span>
    </p>
   </div>
   <div class='ocr_carea' id='block_1_18' title="bbox 259 1697 1838 1766">
    <p class='ocr_par' dir='ltr' id='par_1_18' title="bbox 259 1697 1838 1766">
     <span class='ocr_line' id='line_1_18' title="bbox 259 1697 1838 1766; baseline -0.001 -12"><span class='ocrx_word' id='word_1_117' title='bbox 259 1698 362 1754; x_wconf 87' lang='lat' dir='ltr'><strong>duo</strong></span> <span class='ocrx_word' id='word_1_118' title='bbox 389 1701 640 1754; x_wconf 79' lang='lat' dir='ltr'><strong>ctenobia</strong></span> <span class='ocrx_word' id='word_1_119' title='bbox 683 1699 997 1766; x_wconf 64' lang='lat' dir='ltr'><strong>aedificavit,</strong></span> <span class='ocrx_word' id='word_1_120' title='bbox 1043 1715 1207 1754; x_wconf 89' lang='lat' dir='ltr'><strong>unum</strong></span> <span class='ocrx_word' id='word_1_121' title='bbox 1249 1701 1670 1762; x_wconf 83' lang='lat' dir='ltr'><strong>monachorum,</strong></span> <span class='ocrx_word' id='word_1_122' title='bbox 1705 1697 1838 1752; x_wconf 87' lang='lat' dir='ltr'><strong>alte-</strong></span> 
     </span>
    </p>
   </div>
   <div class='ocr_carea' id='block_1_19' title="bbox 259 1790 920 1844">
    <p class='ocr_par' dir='ltr' id='par_1_19' title="bbox 259 1790 920 1844">
     <span class='ocr_line' id='line_1_19' title="bbox 259 1790 920 1844; baseline 0 -2"><span class='ocrx_word' id='word_1_123' title='bbox 259 1801 376 1842; x_wconf 85' lang='lat' dir='ltr'><strong>rum</strong></span> <span class='ocrx_word' id='word_1_124' title='bbox 405 1790 920 1844; x_wconf 75' lang='lat' dir='ltr'><strong>sanctimonialium.</strong></span> 
     </span>
    </p>
   </div>
   <div class='ocr_carea' id='block_1_20' title="bbox 327 1879 1838 1952">
    <p class='ocr_par' dir='ltr' id='par_1_20' title="bbox 327 1879 1838 1952">
     <span class='ocr_line' id='line_1_20' title="bbox 327 1879 1838 1952; baseline 0.002 -18"><span class='ocrx_word' id='word_1_125' title='bbox 327 1879 594 1950; x_wconf 77' lang='lat' dir='ltr'><strong>Rogcrius</strong></span> <span class='ocrx_word' id='word_1_126' title='bbox 613 1881 678 1935; x_wconf 90' lang='lat' dir='ltr'><strong>de</strong></span> <span class='ocrx_word' id='word_1_127' title='bbox 705 1881 884 1935; x_wconf 82' lang='lat' dir='ltr'><strong>Mante</strong></span> <span class='ocrx_word' id='word_1_128' title='bbox 923 1881 1146 1937; x_wconf 84' lang='lat' dir='ltr'><strong>Gunteri</strong></span> <span class='ocrx_word' id='word_1_129' title='bbox 1173 1891 1329 1952; x_wconf 89' lang='lat' dir='ltr'><strong>pater</strong></span> <span class='ocrx_word' id='word_1_130' title='bbox 1375 1881 1598 1936; x_wconf 79' lang='lat' dir='ltr'><strong>Roherti</strong></span> <span class='ocrx_word' id='word_1_131' title='bbox 1634 1883 1698 1936; x_wconf 85' lang='lat' dir='ltr'><strong>de</strong></span> <span class='ocrx_word' id='word_1_132' title='bbox 1731 1882 1838 1937; x_wconf 59' lang='lat' dir='ltr'><strong>Ben</strong></span> 
     </span>
    </p>
   </div>
   <div class='ocr_carea' id='block_1_21' title="bbox 259 1969 1840 2042">
    <p class='ocr_par' dir='ltr' id='par_1_21' title="bbox 259 1969 1840 2042">
     <span class='ocr_line' id='line_1_21' title="bbox 259 1969 1840 2042; baseline 0 -16"><span class='ocrx_word' id='word_1_133' title='bbox 259 1969 450 2034; x_wconf 76' lang='lat' dir='ltr'><strong>leSuto,</strong></span> <span class='ocrx_word' id='word_1_134' title='bbox 479 1969 768 2042; x_wconf 79' lang='lat' dir='ltr'><strong>indignans</strong></span> <span class='ocrx_word' id='word_1_135' title='bbox 797 1972 968 2026; x_wconf 74' lang='lat' dir='ltr'><strong>videri</strong></span> <span class='ocrx_word' id='word_1_136' title='bbox 1003 1973 1054 2027; x_wconf 87' lang='lat' dir='ltr'><strong>in</strong></span> <span class='ocrx_word' id='word_1_137' title='bbox 1091 1973 1273 2042; x_wconf 86' lang='lat' dir='ltr'><strong>aliquo</strong></span> <span class='ocrx_word' id='word_1_138' title='bbox 1303 1973 1529 2028; x_wconf 87' lang='lat' dir='ltr'><strong>inferior</strong></span> <span class='ocrx_word' id='word_1_139' title='bbox 1557 1975 1666 2027; x_wconf 90' lang='lat' dir='ltr'><strong>suis</strong></span> <span class='ocrx_word' id='word_1_140' title='bbox 1692 1989 1840 2026; x_wconf 83' lang='lat' dir='ltr'><strong>cout-</strong></span> 
     </span>
    </p>
   </div>
   <div class='ocr_carea' id='block_1_22' title="bbox 259 2062 1840 2133">
    <p class='ocr_par' dir='ltr' id='par_1_22' title="bbox 259 2062 1840 2133">
     <span class='ocr_line' id='line_1_22' title="bbox 259 2062 1840 2133; baseline -0.001 -17"><span class='ocrx_word' id='word_1_141' title='bbox 259 2062 502 2133; x_wconf 86' lang='lat' dir='ltr'><strong>paribus,</strong></span> <span class='ocrx_word' id='word_1_142' title='bbox 543 2064 595 2118; x_wconf 90' lang='lat' dir='ltr'><strong>in</strong></span> <span class='ocrx_word' id='word_1_143' title='bbox 619 2064 878 2118; x_wconf 83' lang='lat' dir='ltr'><strong>honorem</strong></span> <span class='ocrx_word' id='word_1_144' title='bbox 931 2065 1106 2120; x_wconf 81' lang='lat' dir='ltr'><strong>sancti</strong></span> <span class='ocrx_word' id='word_1_145' title='bbox 1151 2065 1364 2119; x_wconf 86' lang='lat' dir='ltr'><strong>Martini</strong></span> <span class='ocrx_word' id='word_1_146' title='bbox 1395 2065 1654 2119; x_wconf 79' lang='lat' dir='ltr'><strong>ecclesias</strong></span> <span class='ocrx_word' id='word_1_147' title='bbox 1683 2065 1840 2129; x_wconf 88' lang='lat' dir='ltr'><strong>duas,</strong></span> 
     </span>
    </p>
   </div>
   <div class='ocr_carea' id='block_1_23' title="bbox 260 2156 1842 2230">
    <p class='ocr_par' dir='ltr' id='par_1_23' title="bbox 260 2156 1842 2230">
     <span class='ocr_line' id='line_1_23' title="bbox 260 2156 1842 2230; baseline 0.001 -18"><span class='ocrx_word' id='word_1_148' title='bbox 260 2171 420 2212; x_wconf 77' lang='lat' dir='ltr'><strong>unam</strong></span> <span class='ocrx_word' id='word_1_149' title='bbox 453 2157 510 2212; x_wconf 89' lang='lat' dir='ltr'><strong>in</strong></span> <span class='ocrx_word' id='word_1_150' title='bbox 543 2156 820 2228; x_wconf 80' lang='lat' dir='ltr'><strong>Sagiensis</strong></span> <span class='ocrx_word' id='word_1_151' title='bbox 863 2159 1009 2214; x_wconf 82' lang='lat' dir='ltr'><strong>urbis</strong></span> <span class='ocrx_word' id='word_1_152' title='bbox 1045 2159 1327 2226; x_wconf 88' lang='lat' dir='ltr'><strong>suburbio,</strong></span> <span class='ocrx_word' id='word_1_153' title='bbox 1378 2159 1604 2230; x_wconf 84' lang='lat' dir='ltr'><strong>alteram</strong></span> <span class='ocrx_word' id='word_1_154' title='bbox 1637 2159 1689 2213; x_wconf 91' lang='lat' dir='ltr'><strong>in</strong></span> <span class='ocrx_word' id='word_1_155' title='bbox 1719 2159 1842 2213; x_wconf 84' lang='lat' dir='ltr'><strong>vico</strong></span> 
     </span>
    </p>
   </div>
   <div class='ocr_carea' id='block_1_24' title="bbox 259 2251 1843 2324">
    <p class='ocr_par' dir='ltr' id='par_1_24' title="bbox 259 2251 1843 2324">
     <span class='ocr_line' id='line_1_24' title="bbox 259 2251 1843 2324; baseline -0.001 -16"><span class='ocrx_word' id='word_1_156' title='bbox 259 2267 356 2308; x_wconf 76' lang='lat' dir='ltr'><strong>suo</strong></span> <span class='ocrx_word' id='word_1_157' title='bbox 383 2251 630 2306; x_wconf 87' lang='lat' dir='ltr'><strong>Troardo</strong></span> <span class='ocrx_word' id='word_1_158' title='bbox 656 2253 906 2306; x_wconf 85' lang='lat' dir='ltr'><strong>nobiliter</strong></span> <span class='ocrx_word' id='word_1_159' title='bbox 933 2262 1272 2318; x_wconf 89' lang='lat' dir='ltr'><strong>construens,</strong></span> <span class='ocrx_word' id='word_1_160' title='bbox 1326 2269 1515 2324; x_wconf 80' lang='lat' dir='ltr'><strong>greges</strong></span> <span class='ocrx_word' id='word_1_161' title='bbox 1552 2251 1843 2306; x_wconf 85' lang='lat' dir='ltr'><strong>monacho-</strong></span> 
     </span>
    </p>
   </div>
   <div class='ocr_carea' id='block_1_25' title="bbox 259 2341 1842 2414">
    <p class='ocr_par' dir='ltr' id='par_1_25' title="bbox 259 2341 1842 2414">
     <span class='ocr_line' id='line_1_25' title="bbox 259 2341 1842 2414; baseline -0.001 -15"><span class='ocrx_word' id='word_1_162' title='bbox 259 2357 378 2399; x_wconf 82' lang='lat' dir='ltr'><strong>rum</strong></span> <span class='ocrx_word' id='word_1_163' title='bbox 411 2341 614 2396; x_wconf 84' lang='lat' dir='ltr'><strong>ibidem</strong></span> <span class='ocrx_word' id='word_1_164' title='bbox 645 2341 754 2396; x_wconf 86' lang='lat' dir='ltr'><strong>Deo</strong></span> <span class='ocrx_word' id='word_1_165' title='bbox 797 2342 1128 2397; x_wconf 86' lang='lat' dir='ltr'><strong>militaturos</strong></span> <span class='ocrx_word' id='word_1_166' title='bbox 1175 2344 1381 2414; x_wconf 87' lang='lat' dir='ltr'><strong>posuit;</strong></span> <span class='ocrx_word' id='word_1_167' title='bbox 1425 2344 1640 2396; x_wconf 86' lang='lat' dir='ltr'><strong>tertiam</strong></span> <span class='ocrx_word' id='word_1_168' title='bbox 1681 2345 1842 2398; x_wconf 88' lang='lat' dir='ltr'><strong>etiam</strong></span> 
     </span>
    </p>
   </div>
   <div class='ocr_carea' id='block_1_26' title="bbox 261 2432 1841 2504">
    <p class='ocr_par' dir='ltr' id='par_1_26' title="bbox 261 2432 1841 2504">
     <span class='ocr_line' id='line_1_26' title="bbox 261 2432 1841 2504; baseline 0.001 -18"><span class='ocrx_word' id='word_1_169' title='bbox 261 2433 392 2488; x_wconf 89' lang='lat' dir='ltr'><strong>fecit</strong></span> <span class='ocrx_word' id='word_1_170' title='bbox 437 2432 578 2504; x_wconf 87' lang='lat' dir='ltr'><strong>apud</strong></span> <span class='ocrx_word' id='word_1_171' title='bbox 607 2432 990 2486; x_wconf 85' lang='lat' dir='ltr'><strong>Almanochias</strong></span> <span class='ocrx_word' id='word_1_172' title='bbox 1021 2434 1088 2486; x_wconf 90' lang='lat' dir='ltr'><strong>ad</strong></span> <span class='ocrx_word' id='word_1_173' title='bbox 1141 2449 1277 2503; x_wconf 83' lang='lat' dir='ltr'><strong>upus</strong></span> <span class='ocrx_word' id='word_1_174' title='bbox 1326 2433 1841 2488; x_wconf 89' lang='lat' dir='ltr'><strong>sanctimonialium.</strong></span> 
     </span>
    </p>
   </div>
   <div class='ocr_carea' id='block_1_27' title="bbox 261 2521 1843 2592">
    <p class='ocr_par' dir='ltr' id='par_1_27' title="bbox 261 2521 1843 2592">
     <span class='ocr_line' id='line_1_27' title="bbox 261 2521 1843 2592; baseline -0.002 -11"><span class='ocrx_word' id='word_1_175' title='bbox 261 2521 541 2581; x_wconf 82' lang='lat' dir='ltr'><strong>Lescelina</strong></span> <span class='ocrx_word' id='word_1_176' title='bbox 589 2537 718 2578; x_wconf 89' lang='lat' dir='ltr'><strong>vero</strong></span> <span class='ocrx_word' id='word_1_177' title='bbox 767 2523 1042 2577; x_wconf 86' lang='lat' dir='ltr'><strong>comitissa</strong></span> <span class='ocrx_word' id='word_1_178' title='bbox 1089 2523 1372 2588; x_wconf 75' lang='lat' dir='ltr'><strong>Aucensis,</strong></span> <span class='ocrx_word' id='word_1_179' title='bbox 1420 2523 1602 2592; x_wconf 89' lang='lat' dir='ltr'><strong>adjuta</strong></span> <span class='ocrx_word' id='word_1_180' title='bbox 1645 2539 1674 2576; x_wconf 88' lang='lat' dir='ltr'><strong>a</strong></span> <span class='ocrx_word' id='word_1_181' title='bbox 1719 2524 1843 2578; x_wconf 90' lang='lat' dir='ltr'><strong>liliis</strong></span> 
     </span>
    </p>
   </div>
   <div class='ocr_carea' id='block_1_28' title="bbox 261 2615 1844 2687">
    <p class='ocr_par' dir='ltr' id='par_1_28' title="bbox 261 2615 1844 2687">
     <span class='ocr_line' id='line_1_28' title="bbox 261 2615 1844 2687; baseline 0 -15"><span class='ocrx_word' id='word_1_182' title='bbox 261 2618 372 2672; x_wconf 83' lang='lat' dir='ltr'><strong>suis</strong></span> <span class='ocrx_word' id='word_1_183' title='bbox 407 2615 667 2680; x_wconf 76' lang='lat' dir='ltr'><strong>Roberto,</strong></span> <span class='ocrx_word' id='word_1_184' title='bbox 690 2617 886 2671; x_wconf 90' lang='lat' dir='ltr'><strong>comite</strong></span> <span class='ocrx_word' id='word_1_185' title='bbox 901 2617 1059 2682; x_wconf 74' lang='lat' dir='ltr'><strong>Anci,</strong></span> <span class='ocrx_word' id='word_1_186' title='bbox 1077 2625 1130 2670; x_wconf 89' lang='lat' dir='ltr'><strong>et</strong></span> <span class='ocrx_word' id='word_1_187' title='bbox 1151 2615 1372 2687; x_wconf 80' lang='lat' dir='ltr'><strong>Ilugoue</strong></span> <span class='ocrx_word' id='word_1_188' title='bbox 1388 2619 1638 2687; x_wconf 86' lang='lat' dir='ltr'><strong>episcopo</strong></span> <span class='ocrx_word' id='word_1_189' title='bbox 1663 2616 1844 2673; x_wconf 76' lang='lat' dir='ltr'><strong>Lutto-</strong></span> 
     </span>
    </p>
   </div>
   <div class='ocr_carea' id='block_1_29' title="bbox 262 2707 1850 2781">
    <p class='ocr_par' dir='ltr' id='par_1_29' title="bbox 262 2707 1850 2781">
     <span class='ocr_line' id='line_1_29' title="bbox 262 2707 1850 2781; baseline 0.003 -20"><span class='ocrx_word' id='word_1_190' title='bbox 262 2707 454 2769; x_wconf 79' lang='lat' dir='ltr'><strong>viensi,</strong></span> <span class='ocrx_word' id='word_1_191' title='bbox 485 2708 794 2763; x_wconf 70' lang='lat' dir='ltr'><strong>cmuobium</strong></span> <span class='ocrx_word' id='word_1_192' title='bbox 842 2709 1230 2764; x_wconf 88' lang='lat' dir='ltr'><strong>monachorum</strong></span> <span class='ocrx_word' id='word_1_193' title='bbox 1263 2709 1446 2763; x_wconf 82' lang='lat' dir='ltr'><strong>Sancti</strong></span> <span class='ocrx_word' id='word_1_194' title='bbox 1489 2709 1636 2764; x_wconf 87' lang='lat' dir='ltr'><strong>Petri</strong></span> <span class='ocrx_word' id='word_1_195' title='bbox 1685 2727 1850 2781; x_wconf 86' lang='lat' dir='ltr'><strong>super</strong></span> 
     </span>
    </p>
   </div>
   <div class='ocr_carea' id='block_1_30' title="bbox 265 2795 1848 2856">
    <p class='ocr_par' dir='ltr' id='par_1_30' title="bbox 265 2795 1848 2856">
     <span class='ocr_line' id='line_1_30' title="bbox 265 2795 1848 2856; baseline 0.003 -4"><span class='ocrx_word' id='word_1_196' title='bbox 265 2795 456 2852; x_wconf 86' lang='lat' dir='ltr'><strong>Divam</strong></span> <span class='ocrx_word' id='word_1_197' title='bbox 486 2807 541 2852; x_wconf 90' lang='lat' dir='ltr'><strong>et</strong></span> <span class='ocrx_word' id='word_1_198' title='bbox 566 2798 953 2853; x_wconf 89' lang='lat' dir='ltr'><strong>monasterium</strong></span> <span class='ocrx_word' id='word_1_199' title='bbox 985 2801 1479 2855; x_wconf 87' lang='lat' dir='ltr'><strong>sanctimonialium</strong></span> <span class='ocrx_word' id='word_1_200' title='bbox 1507 2811 1632 2856; x_wconf 89' lang='lat' dir='ltr'><strong>ante</strong></span> <span class='ocrx_word' id='word_1_201' title='bbox 1659 2802 1848 2856; x_wconf 89' lang='lat' dir='ltr'><strong>urbem</strong></span> 
     </span>
    </p>
   </div>
   <div class='ocr_carea' id='block_1_31' title="bbox 268 2887 1850 2949">
    <p class='ocr_par' dir='ltr' id='par_1_31' title="bbox 268 2887 1850 2949">
     <span class='ocr_line' id='line_1_31' title="bbox 268 2887 1850 2949; baseline 0.002 -3"><span class='ocrx_word' id='word_1_202' title='bbox 268 2887 666 2946; x_wconf 77' lang='lat' dir='ltr'><strong>Lttxovieusem</strong></span> <span class='ocrx_word' id='word_1_203' title='bbox 717 2891 858 2945; x_wconf 85' lang='lat' dir='ltr'><strong>virili</strong></span> <span class='ocrx_word' id='word_1_204' title='bbox 913 2892 1094 2946; x_wconf 91' lang='lat' dir='ltr'><strong>animo</strong></span> <span class='ocrx_word' id='word_1_205' title='bbox 1141 2893 1673 2948; x_wconf 82' lang='lat' dir='ltr'><strong>conslruxit.~Filius</strong></span> <span class='ocrx_word' id='word_1_206' title='bbox 1721 2909 1850 2949; x_wconf 88' lang='lat' dir='ltr'><strong>vero</strong></span> 
     </span>
    </p>
   </div>
   <div class='ocr_carea' id='block_1_32' title="bbox 267 2979 1852 3051">
    <p class='ocr_par' dir='ltr' id='par_1_32' title="bbox 267 2979 1852 3051">
     <span class='ocr_line' id='line_1_32' title="bbox 267 2979 1852 3051; baseline 0.003 -16"><span class='ocrx_word' id='word_1_207' title='bbox 267 2979 433 3046; x_wconf 86' lang='lat' dir='ltr'><strong>illius,</strong></span> <span class='ocrx_word' id='word_1_208' title='bbox 491 2981 785 3051; x_wconf 69' lang='lat' dir='ltr'><strong>prmdictus</strong></span> <span class='ocrx_word' id='word_1_209' title='bbox 849 2997 1034 3038; x_wconf 89' lang='lat' dir='ltr'><strong>comes</strong></span> <span class='ocrx_word' id='word_1_210' title='bbox 1087 2983 1394 3049; x_wconf 84' lang='lat' dir='ltr'><strong>Auccusis,</strong></span> <span class='ocrx_word' id='word_1_211' title='bbox 1461 2983 1852 3039; x_wconf 85' lang='lat' dir='ltr'><strong>monasterium</strong></span> 
     </span>
    </p>
   </div>
   <div class='ocr_carea' id='block_1_33' title="bbox 1935 509 3517 582">
    <p class='ocr_par' dir='ltr' id='par_1_33' title="bbox 1935 509 3517 582">
     <span class='ocr_line' id='line_1_33' title="bbox 1935 509 3517 582; baseline 0.003 -18"><span class='ocrx_word' id='word_1_212' title='bbox 1935 509 2114 566; x_wconf 88' lang='lat' dir='ltr'><strong>censis</strong></span> <span class='ocrx_word' id='word_1_213' title='bbox 2144 517 2199 566; x_wconf 79' lang='lat' dir='ltr'><strong>et</strong></span> <span class='ocrx_word' id='word_1_214' title='bbox 2227 511 2489 566; x_wconf 80' lang='lat' dir='ltr'><strong>cumobiis</strong></span> <span class='ocrx_word' id='word_1_215' title='bbox 2519 509 2706 566; x_wconf 84' lang='lat' dir='ltr'><strong>Sancti</strong></span> <span class='ocrx_word' id='word_1_216' title='bbox 2752 509 2921 578; x_wconf 88' lang='lat' dir='ltr'><strong>Petri,</strong></span> <span class='ocrx_word' id='word_1_217' title='bbox 2951 509 3245 582; x_wconf 86' lang='lat' dir='ltr'><strong>Sanctiqne</strong></span> <span class='ocrx_word' id='word_1_218' title='bbox 3273 513 3517 568; x_wconf 85' lang='lat' dir='ltr'><strong>Audncni</strong></span> 
     </span>
    </p>
   </div>
   <div class='ocr_carea' id='block_1_34' title="bbox 1935 601 3516 675">
    <p class='ocr_par' dir='ltr' id='par_1_34' title="bbox 1935 601 3516 675">
     <span class='ocr_line' id='line_1_34' title="bbox 1935 601 3516 675; baseline 0.004 -20"><span class='ocrx_word' id='word_1_219' title='bbox 1935 610 1990 655; x_wconf 90' lang='lat' dir='ltr'><strong>et</strong></span> <span class='ocrx_word' id='word_1_220' title='bbox 2033 601 2450 658; x_wconf 87' lang='lat' dir='ltr'><strong>Gemmeticensi</strong></span> <span class='ocrx_word' id='word_1_221' title='bbox 2494 613 2546 658; x_wconf 90' lang='lat' dir='ltr'><strong>et</strong></span> <span class='ocrx_word' id='word_1_222' title='bbox 2603 601 2785 660; x_wconf 88' lang='lat' dir='ltr'><strong>Sancti</strong></span> <span class='ocrx_word' id='word_1_223' title='bbox 2837 601 3114 659; x_wconf 79' lang='lat' dir='ltr'><strong>Michaelis</strong></span> <span class='ocrx_word' id='word_1_224' title='bbox 3163 605 3230 659; x_wconf 87' lang='lat' dir='ltr'><strong>de</strong></span> <span class='ocrx_word' id='word_1_225' title='bbox 3278 605 3516 675; x_wconf 87' lang='lat' dir='ltr'><strong>periculo</strong></span> 
     </span>
    </p>
   </div>
   <div class='ocr_carea' id='block_1_35' title="bbox 1937 691 3523 765">
    <p class='ocr_par' dir='ltr' id='par_1_35' title="bbox 1937 691 3523 765">
     <span class='ocr_line' id='line_1_35' title="bbox 1937 691 3523 765; baseline 0.002 -19"><span class='ocrx_word' id='word_1_226' title='bbox 1937 693 2120 746; x_wconf 90' lang='lat' dir='ltr'><strong>maris.</strong></span> <span class='ocrx_word' id='word_1_227' title='bbox 2161 692 2468 748; x_wconf 85' lang='lat' dir='ltr'><strong>Willclmus</strong></span> <span class='ocrx_word' id='word_1_228' title='bbox 2498 707 2626 748; x_wconf 88' lang='lat' dir='ltr'><strong>vero</strong></span> <span class='ocrx_word' id='word_1_229' title='bbox 2657 693 2798 748; x_wconf 83' lang='lat' dir='ltr'><strong>ﬁlius</strong></span> <span class='ocrx_word' id='word_1_230' title='bbox 2827 691 2941 762; x_wconf 86' lang='lat' dir='ltr'><strong>ejus</strong></span> <span class='ocrx_word' id='word_1_231' title='bbox 2973 710 3036 748; x_wconf 80' lang='lat' dir='ltr'><strong>ex</strong></span> <span class='ocrx_word' id='word_1_232' title='bbox 3087 695 3298 765; x_wconf 83' lang='lat' dir='ltr'><strong>integro</strong></span> <span class='ocrx_word' id='word_1_233' title='bbox 3334 710 3523 750; x_wconf 88' lang='lat' dir='ltr'><strong>mona-</strong></span> 
     </span>
    </p>
   </div>
   <div class='ocr_carea' id='block_1_36' title="bbox 1937 783 3524 841">
    <p class='ocr_par' dir='ltr' id='par_1_36' title="bbox 1937 783 3524 841">
     <span class='ocr_line' id='line_1_36' title="bbox 1937 783 3524 841; baseline 0.001 -4"><span class='ocrx_word' id='word_1_234' title='bbox 1937 784 2162 838; x_wconf 85' lang='lat' dir='ltr'><strong>sterium</strong></span> <span class='ocrx_word' id='word_1_235' title='bbox 2199 783 2630 840; x_wconf 82' lang='lat' dir='ltr'><strong>Gemmeticense</strong></span> <span class='ocrx_word' id='word_1_236' title='bbox 2689 785 3036 840; x_wconf 76' lang='lat' dir='ltr'><strong>restauravit.</strong></span> <span class='ocrx_word' id='word_1_237' title='bbox 3075 784 3378 841; x_wconf 81' lang='lat' dir='ltr'><strong>Richardus</strong></span> <span class='ocrx_word' id='word_1_238' title='bbox 3426 801 3524 839; x_wconf 85' lang='lat' dir='ltr'><strong>au-</strong></span> 
     </span>
    </p>
   </div>
   <div class='ocr_carea' id='block_1_37' title="bbox 1940 871 3524 941">
    <p class='ocr_par' dir='ltr' id='par_1_37' title="bbox 1940 871 3524 941">
     <span class='ocr_line' id='line_1_37' title="bbox 1940 871 3524 941; baseline 0.003 -15"><span class='ocrx_word' id='word_1_239' title='bbox 1940 880 2072 938; x_wconf 86' lang='lat' dir='ltr'><strong>tem,</strong></span> <span class='ocrx_word' id='word_1_240' title='bbox 2102 873 2241 928; x_wconf 83' lang='lat' dir='ltr'><strong>Illius</strong></span> <span class='ocrx_word' id='word_1_241' title='bbox 2268 871 2382 941; x_wconf 87' lang='lat' dir='ltr'><strong>ejus</strong></span> <span class='ocrx_word' id='word_1_242' title='bbox 2417 883 2472 927; x_wconf 87' lang='lat' dir='ltr'><strong>et</strong></span> <span class='ocrx_word' id='word_1_243' title='bbox 2502 889 2804 939; x_wconf 86' lang='lat' dir='ltr'><strong>successor,</strong></span> <span class='ocrx_word' id='word_1_244' title='bbox 2838 875 3088 928; x_wconf 59' lang='lat' dir='ltr'><strong>It&#39;iscatttti</strong></span> <span class='ocrx_word' id='word_1_245' title='bbox 3134 877 3440 930; x_wconf 72' lang='lat' dir='ltr'><strong>cmltobium</strong></span> <span class='ocrx_word' id='word_1_246' title='bbox 3467 882 3524 930; x_wconf 91' lang='lat' dir='ltr'><strong>et</strong></span> 
     </span>
    </p>
   </div>
   <div class='ocr_carea' id='block_1_38' title="bbox 1941 963 3520 1024">
    <p class='ocr_par' dir='ltr' id='par_1_38' title="bbox 1941 963 3520 1024">
     <span class='ocr_line' id='line_1_38' title="bbox 1941 963 3520 1024; baseline 0.003 -6"><span class='ocrx_word' id='word_1_247' title='bbox 1941 963 2126 1021; x_wconf 88' lang='lat' dir='ltr'><strong>Sancti</strong></span> <span class='ocrx_word' id='word_1_248' title='bbox 2155 963 2432 1020; x_wconf 83' lang='lat' dir='ltr'><strong>Michaelis</strong></span> <span class='ocrx_word' id='word_1_249' title='bbox 2457 967 2524 1020; x_wconf 88' lang='lat' dir='ltr'><strong>de</strong></span> <span class='ocrx_word' id='word_1_250' title='bbox 2549 965 2728 1021; x_wconf 85' lang='lat' dir='ltr'><strong>Monte</strong></span> <span class='ocrx_word' id='word_1_251' title='bbox 2751 977 2805 1020; x_wconf 91' lang='lat' dir='ltr'><strong>et</strong></span> <span class='ocrx_word' id='word_1_252' title='bbox 2839 965 3024 1022; x_wconf 88' lang='lat' dir='ltr'><strong>Sancti</strong></span> <span class='ocrx_word' id='word_1_253' title='bbox 3049 967 3292 1022; x_wconf 82' lang='lat' dir='ltr'><strong>Audoeni</strong></span> <span class='ocrx_word' id='word_1_254' title='bbox 3317 967 3520 1024; x_wconf 79' lang='lat' dir='ltr'><strong>Bothe-</strong></span> 
     </span>
    </p>
   </div>
   <div class='ocr_carea' id='block_1_39' title="bbox 1939 1059 3524 1132">
    <p class='ocr_par' dir='ltr' id='par_1_39' title="bbox 1939 1059 3524 1132">
     <span class='ocr_line' id='line_1_39' title="bbox 1939 1059 3524 1132; baseline 0.001 -18"><span class='ocrx_word' id='word_1_255' title='bbox 1939 1061 2104 1132; x_wconf 76' lang='lat' dir='ltr'><strong>magi.</strong></span> <span class='ocrx_word' id='word_1_256' title='bbox 2137 1059 2446 1114; x_wconf 69' lang='lat' dir='ltr'><strong>Ilichardus</strong></span> <span class='ocrx_word' id='word_1_257' title='bbox 2471 1074 2602 1114; x_wconf 91' lang='lat' dir='ltr'><strong>vero</strong></span> <span class='ocrx_word' id='word_1_258' title='bbox 2623 1059 2894 1114; x_wconf 83' lang='lat' dir='ltr'><strong>secundus</strong></span> <span class='ocrx_word' id='word_1_259' title='bbox 2923 1059 3310 1114; x_wconf 87' lang='lat' dir='ltr'><strong>monasteriqu</strong></span> <span class='ocrx_word' id='word_1_260' title='bbox 3337 1059 3524 1115; x_wconf 87' lang='lat' dir='ltr'><strong>Sancti</strong></span> 
     </span>
    </p>
   </div>
   <div class='ocr_carea' id='block_1_40' title="bbox 1941 1150 3522 1222">
    <p class='ocr_par' dir='ltr' id='par_1_40' title="bbox 1941 1150 3522 1222">
     <span class='ocr_line' id='line_1_40' title="bbox 1941 1150 3522 1222; baseline 0.002 -16"><span class='ocrx_word' id='word_1_261' title='bbox 1941 1150 2320 1222; x_wconf 79' lang='lat' dir='ltr'><strong>Wandrcgisili</strong></span> <span class='ocrx_word' id='word_1_262' title='bbox 2361 1159 2416 1207; x_wconf 89' lang='lat' dir='ltr'><strong>et</strong></span> <span class='ocrx_word' id='word_1_263' title='bbox 2445 1151 2549 1205; x_wconf 88' lang='lat' dir='ltr'><strong>alia</strong></span> <span class='ocrx_word' id='word_1_264' title='bbox 2584 1152 2910 1206; x_wconf 90' lang='lat' dir='ltr'><strong>monasteria</strong></span> <span class='ocrx_word' id='word_1_265' title='bbox 2963 1151 3030 1206; x_wconf 91' lang='lat' dir='ltr'><strong>ab</strong></span> <span class='ocrx_word' id='word_1_266' title='bbox 3083 1153 3522 1209; x_wconf 87' lang='lat' dir='ltr'><strong>antecessoribus</strong></span> 
     </span>
    </p>
   </div>
   <div class='ocr_carea' id='block_1_41' title="bbox 1941 1243 3524 1315">
    <p class='ocr_par' dir='ltr' id='par_1_41' title="bbox 1941 1243 3524 1315">
     <span class='ocr_line' id='line_1_41' title="bbox 1941 1243 3524 1315; baseline -0.001 -15"><span class='ocrx_word' id='word_1_267' title='bbox 1941 1244 2056 1315; x_wconf 93' lang='lat' dir='ltr'><strong>ejus</strong></span> <span class='ocrx_word' id='word_1_268' title='bbox 2094 1245 2414 1300; x_wconf 74' lang='lat' dir='ltr'><strong>remdificata</strong></span> <span class='ocrx_word' id='word_1_269' title='bbox 2445 1243 2767 1299; x_wconf 86' lang='lat' dir='ltr'><strong>mirabiliter</strong></span> <span class='ocrx_word' id='word_1_270' title='bbox 2795 1245 2963 1298; x_wconf 80' lang='lat' dir='ltr'><strong>auxit.</strong></span> <span class='ocrx_word' id='word_1_271' title='bbox 2997 1243 3186 1298; x_wconf 74' lang='lat' dir='ltr'><strong>Iudith</strong></span> <span class='ocrx_word' id='word_1_272' title='bbox 3221 1259 3346 1298; x_wconf 90' lang='lat' dir='ltr'><strong>vero</strong></span> <span class='ocrx_word' id='word_1_273' title='bbox 3381 1260 3524 1299; x_wconf 79' lang='lat' dir='ltr'><strong>uxor</strong></span> 
     </span>
    </p>
   </div>
   <div class='ocr_carea' id='block_1_42' title="bbox 1941 1334 3528 1408">
    <p class='ocr_par' dir='ltr' id='par_1_42' title="bbox 1941 1334 3528 1408">
     <span class='ocr_line' id='line_1_42' title="bbox 1941 1334 3528 1408; baseline -0.003 -16"><span class='ocrx_word' id='word_1_274' title='bbox 1941 1339 2059 1408; x_wconf 89' lang='lat' dir='ltr'><strong>ejus</strong></span> <span class='ocrx_word' id='word_1_275' title='bbox 2093 1337 2378 1394; x_wconf 87' lang='lat' dir='ltr'><strong>ecclesiam</strong></span> <span class='ocrx_word' id='word_1_276' title='bbox 2410 1335 2626 1391; x_wconf 75' lang='lat' dir='ltr'><strong>Sancta:</strong></span> <span class='ocrx_word' id='word_1_277' title='bbox 2657 1335 2839 1390; x_wconf 82' lang='lat' dir='ltr'><strong>Mariae</strong></span> <span class='ocrx_word' id='word_1_278' title='bbox 2879 1335 3070 1389; x_wconf 84' lang='lat' dir='ltr'><strong>Bernai</strong></span> <span class='ocrx_word' id='word_1_279' title='bbox 3119 1335 3384 1390; x_wconf 86' lang='lat' dir='ltr'><strong>fundavit.</strong></span> <span class='ocrx_word' id='word_1_280' title='bbox 3431 1334 3528 1389; x_wconf 84' lang='lat' dir='ltr'><strong>Ri-</strong></span> 
     </span>
    </p>
   </div>
   <div class='ocr_carea' id='block_1_43' title="bbox 1943 1427 3524 1498">
    <p class='ocr_par' dir='ltr' id='par_1_43' title="bbox 1943 1427 3524 1498">
     <span class='ocr_line' id='line_1_43' title="bbox 1943 1427 3524 1498; baseline -0.003 -14"><span class='ocrx_word' id='word_1_281' title='bbox 1943 1429 2177 1484; x_wconf 77' lang='lat' dir='ltr'><strong>chardus</strong></span> <span class='ocrx_word' id='word_1_282' title='bbox 2203 1443 2332 1484; x_wconf 88' lang='lat' dir='ltr'><strong>vero</strong></span> <span class='ocrx_word' id='word_1_283' title='bbox 2379 1429 2592 1494; x_wconf 83' lang='lat' dir='ltr'><strong>tertius,</strong></span> <span class='ocrx_word' id='word_1_284' title='bbox 2647 1436 2822 1481; x_wconf 87' lang='lat' dir='ltr'><strong>morte</strong></span> <span class='ocrx_word' id='word_1_285' title='bbox 2867 1427 3156 1480; x_wconf 88' lang='lat' dir='ltr'><strong>immatura</strong></span> <span class='ocrx_word' id='word_1_286' title='bbox 3194 1436 3524 1498; x_wconf 67' lang='lat' dir='ltr'><strong>prrevcntus,</strong></span> 
     </span>
    </p>
   </div>
   <div class='ocr_carea' id='block_1_44' title="bbox 1943 1515 3525 1582">
    <p class='ocr_par' dir='ltr' id='par_1_44' title="bbox 1943 1515 3525 1582">
     <span class='ocr_line' id='line_1_44' title="bbox 1943 1515 3525 1582; baseline -0.004 -8"><span class='ocrx_word' id='word_1_287' title='bbox 1943 1519 2149 1574; x_wconf 87' lang='lat' dir='ltr'><strong>nullum</strong></span> <span class='ocrx_word' id='word_1_288' title='bbox 2179 1521 2564 1572; x_wconf 89' lang='lat' dir='ltr'><strong>monasterium</strong></span> <span class='ocrx_word' id='word_1_289' title='bbox 2599 1517 2680 1572; x_wconf 91' lang='lat' dir='ltr'><strong>vel</strong></span> <span class='ocrx_word' id='word_1_290' title='bbox 2710 1515 2962 1582; x_wconf 87' lang='lat' dir='ltr'><strong>instituit,</strong></span> <span class='ocrx_word' id='word_1_291' title='bbox 2993 1517 3075 1572; x_wconf 86' lang='lat' dir='ltr'><strong>vel</strong></span> <span class='ocrx_word' id='word_1_292' title='bbox 3120 1517 3420 1571; x_wconf 88' lang='lat' dir='ltr'><strong>renovavit.</strong></span> <span class='ocrx_word' id='word_1_293' title='bbox 3455 1516 3525 1568; x_wconf 84' lang='lat' dir='ltr'><strong>At</strong></span> 
     </span>
    </p>
   </div>
   <div class='ocr_carea' id='block_1_45' title="bbox 1947 1603 3528 1682">
    <p class='ocr_par' dir='ltr' id='par_1_45' title="bbox 1947 1603 3528 1682">
     <span class='ocr_line' id='line_1_45' title="bbox 1947 1603 3528 1682; baseline -0.003 -13"><span class='ocrx_word' id='word_1_294' title='bbox 1947 1615 2216 1669; x_wconf 75' lang='lat' dir='ltr'><strong>Robertus</strong></span> <span class='ocrx_word' id='word_1_295' title='bbox 2265 1613 2433 1667; x_wconf 81' lang='lat' dir='ltr'><strong>frater</strong></span> <span class='ocrx_word' id='word_1_296' title='bbox 2463 1612 2600 1682; x_wconf 89' lang='lat' dir='ltr'><strong>ejus,</strong></span> <span class='ocrx_word' id='word_1_297' title='bbox 2632 1621 2924 1682; x_wconf 87' lang='lat' dir='ltr'><strong>antequam</strong></span> <span class='ocrx_word' id='word_1_298' title='bbox 2967 1603 3302 1666; x_wconf 84' lang='lat' dir='ltr'><strong>Hierusalem</strong></span> <span class='ocrx_word' id='word_1_299' title='bbox 3335 1626 3528 1681; x_wconf 82' lang='lat' dir='ltr'><strong>perge-</strong></span> 
     </span>
    </p>
   </div>
   <div class='ocr_carea' id='block_1_46' title="bbox 1949 1701 3532 1775">
    <p class='ocr_par' dir='ltr' id='par_1_46' title="bbox 1949 1701 3532 1775">
     <span class='ocr_line' id='line_1_46' title="bbox 1949 1701 3532 1775; baseline -0.003 -15"><span class='ocrx_word' id='word_1_300' title='bbox 1949 1717 2050 1770; x_wconf 87' lang='lat' dir='ltr'><strong>ret,</strong></span> <span class='ocrx_word' id='word_1_301' title='bbox 2083 1705 2472 1760; x_wconf 86' lang='lat' dir='ltr'><strong>monasterium</strong></span> <span class='ocrx_word' id='word_1_302' title='bbox 2525 1705 2708 1760; x_wconf 87' lang='lat' dir='ltr'><strong>Sancti</strong></span> <span class='ocrx_word' id='word_1_303' title='bbox 2757 1705 2968 1775; x_wconf 81' lang='lat' dir='ltr'><strong>Vigoris</strong></span> <span class='ocrx_word' id='word_1_304' title='bbox 3014 1701 3214 1758; x_wconf 89' lang='lat' dir='ltr'><strong>Ceratii</strong></span> <span class='ocrx_word' id='word_1_305' title='bbox 3259 1703 3532 1756; x_wconf 64' lang='lat' dir='ltr'><strong>aedificare</strong></span> 
     </span>
    </p>
   </div>
   <div class='ocr_carea' id='block_1_47' title="bbox 1944 1795 3534 1869">
    <p class='ocr_par' dir='ltr' id='par_1_47' title="bbox 1944 1795 3534 1869">
     <span class='ocr_line' id='line_1_47' title="bbox 1944 1795 3534 1869; baseline -0.004 -15"><span class='ocrx_word' id='word_1_306' title='bbox 1944 1799 2125 1869; x_wconf 48' lang='lat' dir='ltr'><strong>carpit.</strong></span> <span class='ocrx_word' id='word_1_307' title='bbox 2213 1797 2416 1851; x_wconf 80' lang='lat' dir='ltr'><strong>Eodem</strong></span> <span class='ocrx_word' id='word_1_308' title='bbox 2487 1797 2648 1850; x_wconf 87' lang='lat' dir='ltr'><strong>etiam</strong></span> <span class='ocrx_word' id='word_1_309' title='bbox 2721 1807 2961 1866; x_wconf 87' lang='lat' dir='ltr'><strong>tempore</strong></span> <span class='ocrx_word' id='word_1_310' title='bbox 3039 1795 3368 1850; x_wconf 87' lang='lat' dir='ltr'><strong>venerabilis</strong></span> <span class='ocrx_word' id='word_1_311' title='bbox 3439 1795 3534 1848; x_wconf 84' lang='lat' dir='ltr'><strong>ah-</strong></span> 
     </span>
    </p>
   </div>
   <div class='ocr_carea' id='block_1_48' title="bbox 1943 1886 3534 1946">
    <p class='ocr_par' dir='ltr' id='par_1_48' title="bbox 1943 1886 3534 1946">
     <span class='ocr_line' id='line_1_48' title="bbox 1943 1886 3534 1946; baseline -0.006 0"><span class='ocrx_word' id='word_1_312' title='bbox 1943 1891 2041 1946; x_wconf 88' lang='lat' dir='ltr'><strong>bas</strong></span> <span class='ocrx_word' id='word_1_313' title='bbox 2093 1887 2384 1942; x_wconf 89' lang='lat' dir='ltr'><strong>llerlninus</strong></span> <span class='ocrx_word' id='word_1_314' title='bbox 2428 1887 2816 1942; x_wconf 85' lang='lat' dir='ltr'><strong>monasterium</strong></span> <span class='ocrx_word' id='word_1_315' title='bbox 2863 1887 3138 1941; x_wconf 85' lang='lat' dir='ltr'><strong>Becceuse</strong></span> <span class='ocrx_word' id='word_1_316' title='bbox 3169 1887 3220 1940; x_wconf 90' lang='lat' dir='ltr'><strong>in</strong></span> <span class='ocrx_word' id='word_1_317' title='bbox 3269 1886 3534 1940; x_wconf 87' lang='lat' dir='ltr'><strong>honorem</strong></span> 
     </span>
    </p>
   </div>
   <div class='ocr_carea' id='block_1_49' title="bbox 1945 1979 3533 2050">
    <p class='ocr_par' dir='ltr' id='par_1_49' title="bbox 1945 1979 3533 2050">
     <span class='ocr_line' id='line_1_49' title="bbox 1945 1979 3533 2050; baseline -0.003 -13"><span class='ocrx_word' id='word_1_318' title='bbox 1945 1993 2146 2037; x_wconf 80' lang='lat' dir='ltr'><strong>sanctae</strong></span> <span class='ocrx_word' id='word_1_319' title='bbox 2181 1981 2364 2036; x_wconf 69' lang='lat' dir='ltr'><strong>Mariae</strong></span> <span class='ocrx_word' id='word_1_320' title='bbox 2395 1981 2557 2050; x_wconf 68' lang='lat' dir='ltr'><strong>coepit</strong></span> <span class='ocrx_word' id='word_1_321' title='bbox 2580 1979 2786 2034; x_wconf 77' lang='lat' dir='ltr'><strong>aedifica</strong></span> <span class='ocrx_word' id='word_1_322' title='bbox 2799 1995 2876 2044; x_wconf 90' lang='lat' dir='ltr'><strong>re,</strong></span> <span class='ocrx_word' id='word_1_323' title='bbox 2901 1979 2966 2033; x_wconf 88' lang='lat' dir='ltr'><strong>de</strong></span> <span class='ocrx_word' id='word_1_324' title='bbox 2993 1994 3098 2048; x_wconf 84' lang='lat' dir='ltr'><strong>quo</strong></span> <span class='ocrx_word' id='word_1_325' title='bbox 3126 1979 3176 2032; x_wconf 93' lang='lat' dir='ltr'><strong>in</strong></span> <span class='ocrx_word' id='word_1_326' title='bbox 3211 1979 3348 2032; x_wconf 86' lang='lat' dir='ltr'><strong>libro</strong></span> <span class='ocrx_word' id='word_1_327' title='bbox 3371 1991 3533 2047; x_wconf 90' lang='lat' dir='ltr'><strong>supe-</strong></span> 
     </span>
    </p>
   </div>
   <div class='ocr_carea' id='block_1_50' title="bbox 1947 2069 3533 2142">
    <p class='ocr_par' dir='ltr' id='par_1_50' title="bbox 1947 2069 3533 2142">
     <span class='ocr_line' id='line_1_50' title="bbox 1947 2069 3533 2142; baseline -0.001 -16"><span class='ocrx_word' id='word_1_328' title='bbox 1947 2073 2076 2128; x_wconf 88' lang='lat' dir='ltr'><strong>riori</strong></span> <span class='ocrx_word' id='word_1_329' title='bbox 2105 2087 2276 2142; x_wconf 83' lang='lat' dir='ltr'><strong>pauca</strong></span> <span class='ocrx_word' id='word_1_330' title='bbox 2309 2071 2746 2142; x_wconf 87' lang='lat' dir='ltr'><strong>perstrinximus.</strong></span> <span class='ocrx_word' id='word_1_331' title='bbox 2784 2069 2840 2124; x_wconf 90' lang='lat' dir='ltr'><strong>Si</strong></span> <span class='ocrx_word' id='word_1_332' title='bbox 2871 2071 2993 2139; x_wconf 83' lang='lat' dir='ltr'><strong>quis</strong></span> <span class='ocrx_word' id='word_1_333' title='bbox 3043 2085 3174 2124; x_wconf 90' lang='lat' dir='ltr'><strong>vero</strong></span> <span class='ocrx_word' id='word_1_334' title='bbox 3221 2071 3533 2124; x_wconf 88' lang='lat' dir='ltr'><strong>conversio-</strong></span> 
     </span>
    </p>
   </div>
   <div class='ocr_carea' id='block_1_51' title="bbox 1946 2160 3534 2231">
    <p class='ocr_par' dir='ltr' id='par_1_51' title="bbox 1946 2160 3534 2231">
     <span class='ocr_line' id='line_1_51' title="bbox 1946 2160 3534 2231; baseline -0.004 -11"><span class='ocrx_word' id='word_1_335' title='bbox 1946 2181 2068 2220; x_wconf 88' lang='lat' dir='ltr'><strong>nem</strong></span> <span class='ocrx_word' id='word_1_336' title='bbox 2099 2173 2153 2220; x_wconf 93' lang='lat' dir='ltr'><strong>et</strong></span> <span class='ocrx_word' id='word_1_337' title='bbox 2179 2164 2644 2220; x_wconf 90' lang='lat' dir='ltr'><strong>conversationem</strong></span> <span class='ocrx_word' id='word_1_338' title='bbox 2679 2163 2845 2231; x_wconf 82' lang='lat' dir='ltr'><strong>ipsius</strong></span> <span class='ocrx_word' id='word_1_339' title='bbox 2877 2161 3087 2231; x_wconf 86' lang='lat' dir='ltr'><strong>plenius</strong></span> <span class='ocrx_word' id='word_1_340' title='bbox 3133 2175 3291 2214; x_wconf 79' lang='lat' dir='ltr'><strong>nosse</strong></span> <span class='ocrx_word' id='word_1_341' title='bbox 3321 2160 3534 2214; x_wconf 86' lang='lat' dir='ltr'><strong>deside-</strong></span> 
     </span>
    </p>
   </div>
   <div class='ocr_carea' id='block_1_52' title="bbox 1948 2251 3532 2326">
    <p class='ocr_par' dir='ltr' id='par_1_52' title="bbox 1948 2251 3532 2326">
     <span class='ocr_line' id='line_1_52' title="bbox 1948 2251 3532 2326; baseline -0.003 -15"><span class='ocrx_word' id='word_1_342' title='bbox 1948 2267 2056 2322; x_wconf 87' lang='lat' dir='ltr'><strong>rat,</strong></span> <span class='ocrx_word' id='word_1_343' title='bbox 2111 2257 2307 2310; x_wconf 88' lang='lat' dir='ltr'><strong>librum</strong></span> <span class='ocrx_word' id='word_1_344' title='bbox 2355 2255 2445 2326; x_wconf 89' lang='lat' dir='ltr'><strong>qui</strong></span> <span class='ocrx_word' id='word_1_345' title='bbox 2501 2255 2568 2308; x_wconf 88' lang='lat' dir='ltr'><strong>de</strong></span> <span class='ocrx_word' id='word_1_346' title='bbox 2615 2255 2726 2308; x_wconf 86' lang='lat' dir='ltr'><strong>vita</strong></span> <span class='ocrx_word' id='word_1_347' title='bbox 2768 2253 3006 2322; x_wconf 81' lang='lat' dir='ltr'><strong>ejusdem</strong></span> <span class='ocrx_word' id='word_1_348' title='bbox 3038 2254 3206 2324; x_wconf 85' lang='lat' dir='ltr'><strong>patris</strong></span> <span class='ocrx_word' id='word_1_349' title='bbox 3237 2251 3532 2307; x_wconf 84' lang='lat' dir='ltr'><strong>venerandi</strong></span> 
     </span>
    </p>
   </div>
   <div class='ocr_carea' id='block_1_53' title="bbox 1947 2344 3531 2421">
    <p class='ocr_par' dir='ltr' id='par_1_53' title="bbox 1947 2344 3531 2421">
     <span class='ocr_line' id='line_1_53' title="bbox 1947 2344 3531 2421; baseline -0.006 -15"><span class='ocrx_word' id='word_1_350' title='bbox 1947 2350 2178 2421; x_wconf 80' lang='lat' dir='ltr'><strong>eleganti</strong></span> <span class='ocrx_word' id='word_1_351' title='bbox 2218 2363 2465 2404; x_wconf 90' lang='lat' dir='ltr'><strong>sermone</strong></span> <span class='ocrx_word' id='word_1_352' title='bbox 2515 2349 2858 2417; x_wconf 87' lang='lat' dir='ltr'><strong>conscriptus</strong></span> <span class='ocrx_word' id='word_1_353' title='bbox 2887 2355 2969 2401; x_wconf 85' lang='lat' dir='ltr'><strong>est</strong></span> <span class='ocrx_word' id='word_1_354' title='bbox 3015 2361 3043 2398; x_wconf 91' lang='lat' dir='ltr'><strong>a</strong></span> <span class='ocrx_word' id='word_1_355' title='bbox 3091 2345 3209 2398; x_wconf 87' lang='lat' dir='ltr'><strong>viro</strong></span> <span class='ocrx_word' id='word_1_356' title='bbox 3253 2344 3531 2414; x_wconf 84' lang='lat' dir='ltr'><strong>religioso,</strong></span> 
     </span>
    </p>
   </div>
   <div class='ocr_carea' id='block_1_54' title="bbox 1949 2435 3539 2512">
    <p class='ocr_par' dir='ltr' id='par_1_54' title="bbox 1949 2435 3539 2512">
     <span class='ocr_line' id='line_1_54' title="bbox 1949 2435 3539 2512; baseline -0.006 -14"><span class='ocrx_word' id='word_1_357' title='bbox 1949 2441 2530 2510; x_wconf 71' lang='lat' dir='ltr'><strong>Gislcbertotlrispino,</strong></span> <span class='ocrx_word' id='word_1_358' title='bbox 2545 2447 2731 2512; x_wconf 85' lang='lat' dir='ltr'><strong>postea</strong></span> <span class='ocrx_word' id='word_1_359' title='bbox 2749 2439 2942 2494; x_wconf 90' lang='lat' dir='ltr'><strong>abbate</strong></span> <span class='ocrx_word' id='word_1_360' title='bbox 2955 2435 3458 2492; x_wconf 72' lang='lat' dir='ltr'><strong>\l&#39;estemonasterii</strong></span> <span class='ocrx_word' id='word_1_361' title='bbox 3483 2443 3539 2488; x_wconf 89' lang='lat' dir='ltr'><strong>et</strong></span> 
     </span>
    </p>
   </div>
   <div class='ocr_carea' id='block_1_55' title="bbox 1950 2527 3535 2608">
    <p class='ocr_par' dir='ltr' id='par_1_55' title="bbox 1950 2527 3535 2608">
     <span class='ocr_line' id='line_1_55' title="bbox 1950 2527 3535 2608; baseline -0.008 -14"><span class='ocrx_word' id='word_1_362' title='bbox 1950 2548 2062 2594; x_wconf 87' lang='lat' dir='ltr'><strong>tam</strong></span> <span class='ocrx_word' id='word_1_363' title='bbox 2123 2537 2402 2592; x_wconf 89' lang='lat' dir='ltr'><strong>nobilitate</strong></span> <span class='ocrx_word' id='word_1_364' title='bbox 2458 2534 2673 2608; x_wconf 79' lang='lat' dir='ltr'><strong>generis</strong></span> <span class='ocrx_word' id='word_1_365' title='bbox 2711 2549 2872 2605; x_wconf 90' lang='lat' dir='ltr'><strong>quam</strong></span> <span class='ocrx_word' id='word_1_366' title='bbox 2920 2530 3148 2586; x_wconf 88' lang='lat' dir='ltr'><strong>scicntia</strong></span> <span class='ocrx_word' id='word_1_367' title='bbox 3204 2527 3448 2584; x_wconf 68' lang='lat' dir='ltr'><strong>saeculari</strong></span> <span class='ocrx_word' id='word_1_368' title='bbox 3479 2535 3535 2582; x_wconf 86' lang='lat' dir='ltr'><strong>ct</strong></span> 
     </span>
    </p>
   </div>
   <div class='ocr_carea' id='block_1_56' title="bbox 1952 2619 3538 2699">
    <p class='ocr_par' dir='ltr' id='par_1_56' title="bbox 1952 2619 3538 2699">
     <span class='ocr_line' id='line_1_56' title="bbox 1952 2619 3538 2699; baseline -0.009 -15"><span class='ocrx_word' id='word_1_369' title='bbox 1952 2629 2132 2684; x_wconf 91' lang='lat' dir='ltr'><strong>divina</strong></span> <span class='ocrx_word' id='word_1_370' title='bbox 2159 2627 2405 2699; x_wconf 89' lang='lat' dir='ltr'><strong>pollenti,</strong></span> <span class='ocrx_word' id='word_1_371' title='bbox 2421 2625 2742 2698; x_wconf 88' lang='lat' dir='ltr'><strong>perquirens</strong></span> <span class='ocrx_word' id='word_1_372' title='bbox 2765 2623 2990 2693; x_wconf 81' lang='lat' dir='ltr'><strong>relegat,</strong></span> <span class='ocrx_word' id='word_1_373' title='bbox 3007 2622 3060 2676; x_wconf 92' lang='lat' dir='ltr'><strong>iu</strong></span> <span class='ocrx_word' id='word_1_374' title='bbox 3085 2635 3192 2691; x_wconf 90' lang='lat' dir='ltr'><strong>quo</strong></span> <span class='ocrx_word' id='word_1_375' title='bbox 3207 2619 3538 2673; x_wconf 88' lang='lat' dir='ltr'><strong>sullicieulcr</strong></span> 
     </span>
    </p>
   </div>
   <div class='ocr_carea' id='block_1_57' title="bbox 1953 2711 3536 2792">
    <p class='ocr_par' dir='ltr' id='par_1_57' title="bbox 1953 2711 3536 2792">
     <span class='ocr_line' id='line_1_57' title="bbox 1953 2711 3536 2792; baseline -0.01 -14"><span class='ocrx_word' id='word_1_376' title='bbox 1953 2722 2188 2792; x_wconf 89' lang='lat' dir='ltr'><strong>reperiet</strong></span> <span class='ocrx_word' id='word_1_377' title='bbox 2210 2721 2350 2774; x_wconf 90' lang='lat' dir='ltr'><strong>unde</strong></span> <span class='ocrx_word' id='word_1_378' title='bbox 2379 2735 2474 2774; x_wconf 91' lang='lat' dir='ltr'><strong>suo</strong></span> <span class='ocrx_word' id='word_1_379' title='bbox 2491 2718 2762 2774; x_wconf 88' lang='lat' dir='ltr'><strong>desiderio</strong></span> <span class='ocrx_word' id='word_1_380' title='bbox 2793 2715 3110 2770; x_wconf 80' lang='lat' dir='ltr'><strong>satisfaciat-</strong></span> <span class='ocrx_word' id='word_1_381' title='bbox 3140 2711 3536 2766; x_wconf 66' lang='lat' dir='ltr'><strong>Monasterium</strong></span> 
     </span>
    </p>
   </div>
   <div class='ocr_carea' id='block_1_58' title="bbox 1953 2799 3541 2867">
    <p class='ocr_par' dir='ltr' id='par_1_58' title="bbox 1953 2799 3541 2867">
     <span class='ocr_line' id='line_1_58' title="bbox 1953 2799 3541 2867; baseline -0.007 -2"><span class='ocrx_word' id='word_1_382' title='bbox 1953 2827 2083 2867; x_wconf 91' lang='lat' dir='ltr'><strong>vero</strong></span> <span class='ocrx_word' id='word_1_383' title='bbox 2113 2810 2300 2865; x_wconf 90' lang='lat' dir='ltr'><strong>Sancti</strong></span> <span class='ocrx_word' id='word_1_384' title='bbox 2328 2807 2550 2862; x_wconf 84' lang='lat' dir='ltr'><strong>Taurini</strong></span> <span class='ocrx_word' id='word_1_385' title='bbox 2600 2817 2652 2862; x_wconf 90' lang='lat' dir='ltr'><strong>et</strong></span> <span class='ocrx_word' id='word_1_386' title='bbox 2683 2805 2867 2860; x_wconf 87' lang='lat' dir='ltr'><strong>Sancti</strong></span> <span class='ocrx_word' id='word_1_387' title='bbox 2899 2803 3150 2858; x_wconf 85' lang='lat' dir='ltr'><strong>Leufrcdi</strong></span> <span class='ocrx_word' id='word_1_388' title='bbox 3201 2809 3256 2856; x_wconf 91' lang='lat' dir='ltr'><strong>et</strong></span> <span class='ocrx_word' id='word_1_389' title='bbox 3313 2799 3541 2855; x_wconf 79' lang='lat' dir='ltr'><strong>Willare</strong></span> 
     </span>
    </p>
   </div>
   <div class='ocr_carea' id='block_1_59' title="bbox 1955 2891 3545 2958">
    <p class='ocr_par' dir='ltr' id='par_1_59' title="bbox 1955 2891 3545 2958">
     <span class='ocr_line' id='line_1_59' title="bbox 1955 2891 3545 2958; baseline -0.01 1"><span class='ocrx_word' id='word_1_390' title='bbox 1955 2901 2342 2958; x_wconf 90' lang='lat' dir='ltr'><strong>monasterium</strong></span> <span class='ocrx_word' id='word_1_391' title='bbox 2371 2910 2422 2955; x_wconf 89' lang='lat' dir='ltr'><strong>et</strong></span> <span class='ocrx_word' id='word_1_392' title='bbox 2450 2900 2752 2955; x_wconf 72' lang='lat' dir='ltr'><strong>cmnohium</strong></span> <span class='ocrx_word' id='word_1_393' title='bbox 2781 2895 2971 2951; x_wconf 89' lang='lat' dir='ltr'><strong>Sancti</strong></span> <span class='ocrx_word' id='word_1_394' title='bbox 3004 2893 3234 2948; x_wconf 81' lang='lat' dir='ltr'><strong>Amandi</strong></span> <span class='ocrx_word' id='word_1_395' title='bbox 3272 2891 3410 2946; x_wconf 90' lang='lat' dir='ltr'><strong>intra</strong></span> <span class='ocrx_word' id='word_1_396' title='bbox 3448 2905 3545 2944; x_wconf 85' lang='lat' dir='ltr'><strong>ur-</strong></span> 
     </span>
    </p>
   </div>
   <div class='ocr_carea' id='block_1_60' title="bbox 1955 2983 3542 3064">
    <p class='ocr_par' dir='ltr' id='par_1_60' title="bbox 1955 2983 3542 3064">
     <span class='ocr_line' id='line_1_60' title="bbox 1955 2983 3542 3064; baseline -0.009 -12"><span class='ocrx_word' id='word_1_397' title='bbox 1955 2997 2082 3052; x_wconf 86' lang='lat' dir='ltr'><strong>bem</strong></span> <span class='ocrx_word' id='word_1_398' title='bbox 2135 2995 2610 3064; x_wconf 79' lang='lat' dir='ltr'><strong>Rothomageusen</strong></span> <span class='ocrx_word' id='word_1_399' title='bbox 2665 2993 2806 3046; x_wconf 89' lang='lat' dir='ltr'><strong>inter</strong></span> <span class='ocrx_word' id='word_1_400' title='bbox 2849 2989 3154 3060; x_wconf 86' lang='lat' dir='ltr'><strong>antiquiora</strong></span> <span class='ocrx_word' id='word_1_401' title='bbox 3185 2983 3542 3056; x_wconf 87' lang='lat' dir='ltr'><strong>computanda</strong></span> 
     </span>
    </p>
   </div>
   <div class='ocr_carea' id='block_1_61' title="bbox 267 3069 1848 3170">
    <p class='ocr_par' dir='ltr' id='par_1_61' title="bbox 267 3069 1848 3142">
     <span class='ocr_line' id='line_1_61' title="bbox 267 3069 1848 3142; baseline 0.001 -16"><span class='ocrx_word' id='word_1_402' title='bbox 267 3070 442 3126; x_wconf 75' lang='lat' dir='ltr'><strong>sancti</strong></span> <span class='ocrx_word' id='word_1_403' title='bbox 469 3069 746 3124; x_wconf 83' lang='lat' dir='ltr'><strong>Michaelis</strong></span> <span class='ocrx_word' id='word_1_404' title='bbox 773 3069 972 3126; x_wconf 89' lang='lat' dir='ltr'><strong>Ulteris</strong></span> <span class='ocrx_word' id='word_1_405' title='bbox 1002 3082 1186 3140; x_wconf 88' lang='lat' dir='ltr'><strong>portus</strong></span> <span class='ocrx_word' id='word_1_406' title='bbox 1219 3073 1524 3128; x_wconf 71' lang='lat' dir='ltr'><strong>mdificavit.</strong></span> <span class='ocrx_word' id='word_1_407' title='bbox 1577 3075 1646 3128; x_wconf 87' lang='lat' dir='ltr'><strong>At</strong></span> <span class='ocrx_word' id='word_1_408' title='bbox 1677 3077 1848 3142; x_wconf 73' lang='lat' dir='ltr'><strong>Roge-</strong></span> 
     </span>
    </p>
   </div>
   <div class='ocr_carea' id='block_1_62' title="bbox 1954 3069 3546 3170">
    <p class='ocr_par' dir='ltr' id='par_1_62' title="bbox 1961 3075 3546 3154">
     <span class='ocr_line' id='line_1_62' title="bbox 1961 3075 3546 3154; baseline -0.01 -9"><span class='ocrx_word' id='word_1_409' title='bbox 1961 3099 2106 3146; x_wconf 91' lang='lat' dir='ltr'><strong>sunt.</strong></span> <span class='ocrx_word' id='word_1_410' title='bbox 2141 3088 2293 3143; x_wconf 90' lang='lat' dir='ltr'><strong>Unde</strong></span> <span class='ocrx_word' id='word_1_411' title='bbox 2314 3094 2530 3141; x_wconf 89' lang='lat' dir='ltr'><strong>constat</strong></span> <span class='ocrx_word' id='word_1_412' title='bbox 2552 3085 2642 3139; x_wconf 90' lang='lat' dir='ltr'><strong>illa</strong></span> <span class='ocrx_word' id='word_1_413' title='bbox 2673 3083 2823 3154; x_wconf 90' lang='lat' dir='ltr'><strong>prius</strong></span> <span class='ocrx_word' id='word_1_414' title='bbox 2856 3081 3019 3137; x_wconf 87' lang='lat' dir='ltr'><strong>fuisse</strong></span> <span class='ocrx_word' id='word_1_415' title='bbox 3050 3081 3325 3136; x_wconf 81' lang='lat' dir='ltr'><strong>destructa</strong></span> <span class='ocrx_word' id='word_1_416' title='bbox 3356 3087 3410 3132; x_wconf 88' lang='lat' dir='ltr'><strong>et</strong></span> <span class='ocrx_word' id='word_1_417' title='bbox 3443 3075 3546 3130; x_wconf 86' lang='lat' dir='ltr'><strong>ite-</strong></span> 
     </span>
    </p>
   </div>
   <div class='ocr_carea' id='block_1_63' title="bbox 268 3159 1855 3233">
    <p class='ocr_par' dir='ltr' id='par_1_63' title="bbox 268 3159 1855 3233">
     <span class='ocr_line' id='line_1_63' title="bbox 268 3159 1855 3233; baseline 0.004 -18"><span class='ocrx_word' id='word_1_418' title='bbox 268 3161 380 3217; x_wconf 87' lang='lat' dir='ltr'><strong>rius</strong></span> <span class='ocrx_word' id='word_1_419' title='bbox 433 3163 500 3216; x_wconf 89' lang='lat' dir='ltr'><strong>de</strong></span> <span class='ocrx_word' id='word_1_420' title='bbox 553 3159 929 3216; x_wconf 81' lang='lat' dir='ltr'><strong>Mortuo-Mari</strong></span> <span class='ocrx_word' id='word_1_421' title='bbox 975 3163 1115 3217; x_wconf 85' lang='lat' dir='ltr'><strong>filius</strong></span> <span class='ocrx_word' id='word_1_422' title='bbox 1145 3163 1224 3233; x_wconf 81' lang='grc'><strong>(5)</strong></span> <span class='ocrx_word' id='word_1_423' title='bbox 1272 3165 1430 3232; x_wconf 87' lang='lat' dir='ltr'><strong>primi</strong></span> <span class='ocrx_word' id='word_1_424' title='bbox 1477 3165 1734 3222; x_wconf 85' lang='lat' dir='ltr'><strong>Willclmi</strong></span> <span class='ocrx_word' id='word_1_425' title='bbox 1788 3169 1855 3223; x_wconf 92' lang='lat' dir='ltr'><strong>de</strong></span> 
     </span>
    </p>
   </div>
   <div class='ocr_carea' id='block_1_64' title="bbox 267 3249 1856 3330">
    <p class='ocr_par' dir='ltr' id='par_1_64' title="bbox 267 3249 1856 3330">
     <span class='ocr_line' id='line_1_64' title="bbox 267 3249 1856 3330; baseline 0.006 -24"><span class='ocrx_word' id='word_1_426' title='bbox 267 3249 570 3318; x_wconf 80' lang='lat' dir='ltr'><strong>Warenna,</strong></span> <span class='ocrx_word' id='word_1_427' title='bbox 621 3253 1007 3308; x_wconf 87' lang='lat' dir='ltr'><strong>monasterium</strong></span> <span class='ocrx_word' id='word_1_428' title='bbox 1039 3253 1226 3310; x_wconf 87' lang='lat' dir='ltr'><strong>Sancti</strong></span> <span class='ocrx_word' id='word_1_429' title='bbox 1275 3255 1508 3312; x_wconf 83' lang='lat' dir='ltr'><strong>Victoris</strong></span> <span class='ocrx_word' id='word_1_430' title='bbox 1547 3259 1600 3312; x_wconf 91' lang='lat' dir='ltr'><strong>in</strong></span> <span class='ocrx_word' id='word_1_431' title='bbox 1635 3261 1856 3330; x_wconf 88' lang='lat' dir='ltr'><strong>proprio</strong></span> 
     </span>
    </p>
   </div>
   <div class='ocr_carea' id='block_1_65' title="bbox 271 3343 1854 3407">
    <p class='ocr_par' dir='ltr' id='par_1_65' title="bbox 271 3343 1854 3407">
     <span class='ocr_line' id='line_1_65' title="bbox 271 3343 1854 3407; baseline 0.006 -9"><span class='ocrx_word' id='word_1_432' title='bbox 271 3343 384 3398; x_wconf 83' lang='lat' dir='ltr'><strong>solo</strong></span> <span class='ocrx_word' id='word_1_433' title='bbox 405 3343 676 3398; x_wconf 77' lang='lat' dir='ltr'><strong>fundavit.</strong></span> <span class='ocrx_word' id='word_1_434' title='bbox 703 3343 1009 3400; x_wconf 80' lang='lat' dir='ltr'><strong>Richardus</strong></span> <span class='ocrx_word' id='word_1_435' title='bbox 1038 3361 1170 3400; x_wconf 89' lang='lat' dir='ltr'><strong>vero</strong></span> <span class='ocrx_word' id='word_1_436' title='bbox 1201 3363 1384 3403; x_wconf 92' lang='lat' dir='ltr'><strong>comes</strong></span> <span class='ocrx_word' id='word_1_437' title='bbox 1416 3351 1762 3407; x_wconf 87' lang='lat' dir='ltr'><strong>Ebroicensis</strong></span> <span class='ocrx_word' id='word_1_438' title='bbox 1801 3355 1854 3407; x_wconf 91' lang='lat' dir='ltr'><strong>in</strong></span> 
     </span>
    </p>
   </div>
   <div class='ocr_carea' id='block_1_66' title="bbox 271 3439 1858 3513">
    <p class='ocr_par' dir='ltr' id='par_1_66' title="bbox 271 3439 1858 3513">
     <span class='ocr_line' id='line_1_66' title="bbox 271 3439 1858 3513; baseline 0.005 -21"><span class='ocrx_word' id='word_1_439' title='bbox 271 3439 462 3493; x_wconf 89' lang='lat' dir='ltr'><strong>eadem</strong></span> <span class='ocrx_word' id='word_1_440' title='bbox 493 3439 630 3492; x_wconf 92' lang='lat' dir='ltr'><strong>urbe</strong></span> <span class='ocrx_word' id='word_1_441' title='bbox 654 3440 1044 3494; x_wconf 88' lang='lat' dir='ltr'><strong>monasterium</strong></span> <span class='ocrx_word' id='word_1_442' title='bbox 1077 3439 1261 3494; x_wconf 89' lang='lat' dir='ltr'><strong>Sancti</strong></span> <span class='ocrx_word' id='word_1_443' title='bbox 1293 3439 1587 3498; x_wconf 82' lang='lat' dir='ltr'><strong>Salvatoris</strong></span> <span class='ocrx_word' id='word_1_444' title='bbox 1614 3445 1680 3497; x_wconf 89' lang='lat' dir='ltr'><strong>ad</strong></span> <span class='ocrx_word' id='word_1_445' title='bbox 1723 3459 1858 3513; x_wconf 91' lang='lat' dir='ltr'><strong>opus</strong></span> 
     </span>
    </p>
   </div>
   <div class='ocr_carea' id='block_1_67' title="bbox 273 3527 1858 3605">
    <p class='ocr_par' dir='ltr' id='par_1_67' title="bbox 273 3527 1858 3605">
     <span class='ocr_line' id='line_1_67' title="bbox 273 3527 1858 3605; baseline 0.005 -23"><span class='ocrx_word' id='word_1_446' title='bbox 273 3527 769 3583; x_wconf 85' lang='lat' dir='ltr'><strong>sanctimonialium</strong></span> <span class='ocrx_word' id='word_1_447' title='bbox 817 3529 1121 3586; x_wconf 84' lang='lat' dir='ltr'><strong>fabricavit.</strong></span> <span class='ocrx_word' id='word_1_448' title='bbox 1177 3531 1321 3586; x_wconf 90' lang='lat' dir='ltr'><strong>Idem</strong></span> <span class='ocrx_word' id='word_1_449' title='bbox 1370 3533 1674 3590; x_wconf 86' lang='lat' dir='ltr'><strong>vicecomes</strong></span> <span class='ocrx_word' id='word_1_450' title='bbox 1717 3535 1858 3605; x_wconf 85' lang='lat' dir='ltr'><strong>apud</strong></span> 
     </span>
    </p>
   </div>
   <div class='ocr_carea' id='block_1_68' title="bbox 271 3615 1857 3691">
    <p class='ocr_par' dir='ltr' id='par_1_68' title="bbox 271 3615 1857 3691">
     <span class='ocr_line' id='line_1_68' title="bbox 271 3615 1857 3691; baseline 0.006 -19"><span class='ocrx_word' id='word_1_451' title='bbox 271 3615 672 3691; x_wconf 79' lang='lat' dir='ltr'><strong>Rothomagum</strong></span> <span class='ocrx_word' id='word_1_452' title='bbox 703 3620 756 3674; x_wconf 89' lang='lat' dir='ltr'><strong>in</strong></span> <span class='ocrx_word' id='word_1_453' title='bbox 793 3629 975 3677; x_wconf 90' lang='lat' dir='ltr'><strong>monte</strong></span> <span class='ocrx_word' id='word_1_454' title='bbox 1023 3623 1140 3678; x_wconf 89' lang='lat' dir='ltr'><strong>urbi</strong></span> <span class='ocrx_word' id='word_1_455' title='bbox 1192 3622 1496 3678; x_wconf 88' lang='lat' dir='ltr'><strong>imminenti</strong></span> <span class='ocrx_word' id='word_1_456' title='bbox 1549 3627 1857 3683; x_wconf 73' lang='lat' dir='ltr'><strong>ctenobium</strong></span> 
     </span>
    </p>
   </div>
   <div class='ocr_carea' id='block_1_69' title="bbox 273 3709 1860 3783">
    <p class='ocr_par' dir='ltr' id='par_1_69' title="bbox 273 3709 1860 3783">
     <span class='ocr_line' id='line_1_69' title="bbox 273 3709 1860 3783; baseline 0.004 -18"><span class='ocrx_word' id='word_1_457' title='bbox 273 3723 500 3765; x_wconf 70' lang='lat' dir='ltr'><strong>summa:</strong></span> <span class='ocrx_word' id='word_1_458' title='bbox 545 3709 800 3764; x_wconf 89' lang='lat' dir='ltr'><strong>Trinitati</strong></span> <span class='ocrx_word' id='word_1_459' title='bbox 833 3725 900 3766; x_wconf 78' lang='lat' dir='ltr'><strong>ex</strong></span> <span class='ocrx_word' id='word_1_460' title='bbox 929 3721 1146 3782; x_wconf 90' lang='lat' dir='ltr'><strong>sumptu</strong></span> <span class='ocrx_word' id='word_1_461' title='bbox 1178 3715 1400 3782; x_wconf 87' lang='lat' dir='ltr'><strong>proprio</strong></span> <span class='ocrx_word' id='word_1_462' title='bbox 1447 3719 1860 3783; x_wconf 83' lang='lat' dir='ltr'><strong>consummans&#39;,</strong></span> 
     </span>
    </p>
   </div>
   <div class='ocr_carea' id='block_1_70' title="bbox 275 3804 1859 3873">
    <p class='ocr_par' dir='ltr' id='par_1_70' title="bbox 275 3804 1859 3873">
     <span class='ocr_line' id='line_1_70' title="bbox 275 3804 1859 3873; baseline 0.003 -14"><span class='ocrx_word' id='word_1_463' title='bbox 275 3804 792 3873; x_wconf 83' lang='lat' dir='ltr'><strong>monachosjbidem</strong></span> <span class='ocrx_word' id='word_1_464' title='bbox 829 3805 937 3859; x_wconf 91' lang='lat' dir='ltr'><strong>Deo</strong></span> <span class='ocrx_word' id='word_1_465' title='bbox 985 3806 1289 3862; x_wconf 90' lang='lat' dir='ltr'><strong>servituros</strong></span> <span class='ocrx_word' id='word_1_466' title='bbox 1331 3808 1632 3862; x_wconf 88' lang='lat' dir='ltr'><strong>constituit.</strong></span> <span class='ocrx_word' id='word_1_467' title='bbox 1670 3807 1859 3863; x_wconf 85' lang='lat' dir='ltr'><strong>Mona—</strong></span> 
     </span>
    </p>
   </div>
   <div class='ocr_carea' id='block_1_71' title="bbox 275 3895 1856 3956">
    <p class='ocr_par' dir='ltr' id='par_1_71' title="bbox 275 3895 1856 3956">
     <span class='ocr_line' id='line_1_71' title="bbox 275 3895 1856 3956; baseline 0.003 -5"><span class='ocrx_word' id='word_1_468' title='bbox 275 3896 501 3952; x_wconf 83' lang='lat' dir='ltr'><strong>sterium</strong></span> <span class='ocrx_word' id='word_1_469' title='bbox 546 3895 800 3952; x_wconf 85' lang='lat' dir='ltr'><strong>Gresteni</strong></span> <span class='ocrx_word' id='word_1_470' title='bbox 845 3895 1116 3953; x_wconf 81' lang='lat' dir='ltr'><strong>Robertus</strong></span> <span class='ocrx_word' id='word_1_471' title='bbox 1159 3913 1342 3953; x_wconf 88' lang='lat' dir='ltr'><strong>eomes</strong></span> <span class='ocrx_word' id='word_1_472' title='bbox 1374 3898 1628 3954; x_wconf 86' lang='lat' dir='ltr'><strong>Moritolii</strong></span> <span class='ocrx_word' id='word_1_473' title='bbox 1683 3901 1856 3956; x_wconf 87' lang='lat' dir='ltr'><strong>fecit:</strong></span> 
     </span>
    </p>
   </div>
   <div class='ocr_carea' id='block_1_72' title="bbox 276 3989 1862 4062">
    <p class='ocr_par' dir='ltr' id='par_1_72' title="bbox 276 3989 1862 4062">
     <span class='ocr_line' id='line_1_72' title="bbox 276 3989 1862 4062; baseline 0.003 -18"><span class='ocrx_word' id='word_1_474' title='bbox 276 3989 428 4062; x_wconf 71' lang='lat' dir='ltr'><strong>[Iugo</strong></span> <span class='ocrx_word' id='word_1_475' title='bbox 456 4004 613 4055; x_wconf 89' lang='lat' dir='ltr'><strong>vero,</strong></span> <span class='ocrx_word' id='word_1_476' title='bbox 643 3995 828 4058; x_wconf 90' lang='lat' dir='ltr'><strong>postea</strong></span> <span class='ocrx_word' id='word_1_477' title='bbox 852 4003 1036 4044; x_wconf 90' lang='lat' dir='ltr'><strong>comes</strong></span> <span class='ocrx_word' id='word_1_478' title='bbox 1077 3989 1404 4056; x_wconf 87' lang='lat' dir='ltr'><strong>Cestrensis,</strong></span> <span class='ocrx_word' id='word_1_479' title='bbox 1435 3992 1708 4046; x_wconf 86' lang='lat' dir='ltr'><strong>abhatiam</strong></span> <span class='ocrx_word' id='word_1_480' title='bbox 1741 4007 1862 4048; x_wconf 50' lang='lat' dir='ltr'><strong>san.</strong></span> 
     </span>
    </p>
   </div>
   <div class='ocr_carea' id='block_1_73' title="bbox 275 4078 1862 4152">
    <p class='ocr_par' dir='ltr' id='par_1_73' title="bbox 275 4078 1862 4152">
     <span class='ocr_line' id='line_1_73' title="bbox 275 4078 1862 4152; baseline 0.001 -16"><span class='ocrx_word' id='word_1_481' title='bbox 275 4081 348 4136; x_wconf 86' lang='lat' dir='ltr'><strong>cti</strong></span> <span class='ocrx_word' id='word_1_482' title='bbox 378 4080 590 4136; x_wconf 88' lang='lat' dir='ltr'><strong>Severi.</strong></span> <span class='ocrx_word' id='word_1_483' title='bbox 629 4081 701 4134; x_wconf 85' lang='lat' dir='ltr'><strong>At</strong></span> <span class='ocrx_word' id='word_1_484' title='bbox 739 4078 1024 4136; x_wconf 88' lang='lat' dir='ltr'><strong>ecclesiam</strong></span> <span class='ocrx_word' id='word_1_485' title='bbox 1067 4080 1280 4138; x_wconf 77' lang='lat' dir='ltr'><strong>Sancta:</strong></span> <span class='ocrx_word' id='word_1_486' title='bbox 1311 4081 1594 4137; x_wconf 88' lang='lat' dir='ltr'><strong>Trinitatis</strong></span> <span class='ocrx_word' id='word_1_487' title='bbox 1625 4083 1862 4152; x_wconf 83' lang='lat' dir='ltr'><strong>Exaquei</strong></span> 
     </span>
    </p>
   </div>
   <div class='ocr_carea' id='block_1_74' title="bbox 275 4169 1861 4242">
    <p class='ocr_par' dir='ltr' id='par_1_74' title="bbox 275 4169 1861 4242">
     <span class='ocr_line' id='line_1_74' title="bbox 275 4169 1861 4242; baseline 0.001 -16"><span class='ocrx_word' id='word_1_488' title='bbox 275 4169 426 4227; x_wconf 87' lang='lat' dir='ltr'><strong>Eudo</strong></span> <span class='ocrx_word' id='word_1_489' title='bbox 455 4188 579 4229; x_wconf 92' lang='lat' dir='ltr'><strong>cum</strong></span> <span class='ocrx_word' id='word_1_490' title='bbox 612 4173 817 4242; x_wconf 86' lang='lat' dir='ltr'><strong>capello</strong></span> <span class='ocrx_word' id='word_1_491' title='bbox 841 4173 1008 4228; x_wconf 80' lang='lat' dir='ltr'><strong>fecit:</strong></span> <span class='ocrx_word' id='word_1_492' title='bbox 1041 4171 1336 4226; x_wconf 89' lang='lat' dir='ltr'><strong>Balduinus</strong></span> <span class='ocrx_word' id='word_1_493' title='bbox 1365 4173 1529 4226; x_wconf 90' lang='lat' dir='ltr'><strong>etiam</strong></span> <span class='ocrx_word' id='word_1_494' title='bbox 1561 4175 1628 4228; x_wconf 91' lang='lat' dir='ltr'><strong>de</strong></span> <span class='ocrx_word' id='word_1_495' title='bbox 1655 4173 1861 4230; x_wconf 79' lang='lat' dir='ltr'><strong>Revers</strong></span> 
     </span>
    </p>
   </div>
   <div class='ocr_carea' id='block_1_75' title="bbox 278 4259 1862 4333">
    <p class='ocr_par' dir='ltr' id='par_1_75' title="bbox 278 4259 1862 4333">
     <span class='ocr_line' id='line_1_75' title="bbox 278 4259 1862 4333; baseline 0.001 -17"><span class='ocrx_word' id='word_1_496' title='bbox 278 4261 436 4316; x_wconf 87' lang='lat' dir='ltr'><strong>aliam</strong></span> <span class='ocrx_word' id='word_1_497' title='bbox 463 4261 604 4333; x_wconf 90' lang='lat' dir='ltr'><strong>apud</strong></span> <span class='ocrx_word' id='word_1_498' title='bbox 631 4261 1058 4333; x_wconf 80' lang='lat' dir='ltr'><strong>Montisburgum</strong></span> <span class='ocrx_word' id='word_1_499' title='bbox 1086 4279 1100 4315; x_wconf 89' lang='lat'><strong>:</strong></span> <span class='ocrx_word' id='word_1_500' title='bbox 1129 4259 1368 4332; x_wconf 74' lang='lat' dir='ltr'><strong>Nigellus</strong></span> <span class='ocrx_word' id='word_1_501' title='bbox 1396 4262 1698 4317; x_wconf 89' lang='lat' dir='ltr'><strong>vicecomes</strong></span> <span class='ocrx_word' id='word_1_502' title='bbox 1718 4261 1862 4317; x_wconf 79' lang='lat' dir='ltr'><strong>Con—</strong></span> 
     </span>
    </p>
   </div>
   <div class='ocr_carea' id='block_1_76' title="bbox 277 4353 1866 4411">
    <p class='ocr_par' dir='ltr' id='par_1_76' title="bbox 277 4353 1866 4411">
     <span class='ocr_line' id='line_1_76' title="bbox 277 4353 1866 4411; baseline 0.001 -1"><span class='ocrx_word' id='word_1_503' title='bbox 277 4355 649 4411; x_wconf 86' lang='lat' dir='ltr'><strong>stantiniensis</strong></span> <span class='ocrx_word' id='word_1_504' title='bbox 677 4355 984 4410; x_wconf 76' lang='lat' dir='ltr'><strong>cwnobium</strong></span> <span class='ocrx_word' id='word_1_505' title='bbox 1013 4355 1198 4410; x_wconf 90' lang='lat' dir='ltr'><strong>Sancti</strong></span> <span class='ocrx_word' id='word_1_506' title='bbox 1241 4353 1561 4411; x_wconf 85' lang='lat' dir='ltr'><strong>Salvatoris.</strong></span> <span class='ocrx_word' id='word_1_507' title='bbox 1597 4354 1866 4411; x_wconf 82' lang='lat' dir='ltr'><strong>Monaste-</strong></span> 
     </span>
    </p>
   </div>
   <div class='ocr_carea' id='block_1_77' title="bbox 1963 3179 2458 3237">
    <p class='ocr_par' dir='ltr' id='par_1_77' title="bbox 1963 3179 2458 3237">
     <span class='ocr_line' id='line_1_77' title="bbox 1963 3179 2458 3237; baseline -0.014 0"><span class='ocrx_word' id='word_1_508' title='bbox 1963 3197 2080 3237; x_wconf 79' lang='lat' dir='ltr'><strong>rum</strong></span> <span class='ocrx_word' id='word_1_509' title='bbox 2112 3179 2458 3236; x_wconf 70' lang='lat' dir='ltr'><strong>reardiﬁcata.</strong></span> 
     </span>
    </p>
   </div>
   <div class='ocr_carea' id='block_1_78' title="bbox 2522 3285 2978 3341">
    <p class='ocr_par' dir='ltr' id='par_1_78' title="bbox 2522 3285 2978 3341">
     <span class='ocr_line' id='line_1_78' title="bbox 2522 3285 2978 3341; baseline -0.007 0"><span class='ocrx_word' id='word_1_510' title='bbox 2522 3285 2750 3341; x_wconf 74' lang='lat' dir='ltr'><strong>CAPUT</strong></span> <span class='ocrx_word' id='word_1_511' title='bbox 2793 3285 2978 3339; x_wconf 73' lang='lat' dir='ltr'><strong>XXIII.</strong></span> 
     </span>
    </p>
   </div>
   <div class='ocr_carea' id='block_1_79' title="bbox 1964 3365 3548 3440">
    <p class='ocr_par' dir='ltr' id='par_1_79' title="bbox 1964 3365 3548 3440">
     <span class='ocr_line' id='line_1_79' title="bbox 1964 3365 3548 3440; baseline -0.011 -2"><span class='ocrx_word' id='word_1_512' title='bbox 1964 3385 2040 3438; x_wconf 85' lang='lat' dir='ltr'><strong>De</strong></span> <span class='ocrx_word' id='word_1_513' title='bbox 2073 3379 2460 3438; x_wconf 79' lang='lat' dir='ltr'><strong>restauratione</strong></span> <span class='ocrx_word' id='word_1_514' title='bbox 2489 3377 2792 3431; x_wconf 80' lang='lat' dir='ltr'><strong>utonaslerii</strong></span> <span class='ocrx_word' id='word_1_515' title='bbox 2823 3376 3008 3429; x_wconf 78' lang='lat' dir='ltr'><strong>Sancti</strong></span> <span class='ocrx_word' id='word_1_516' title='bbox 3035 3371 3240 3440; x_wconf 73' lang='lat' dir='ltr'><strong>Ebrul/i</strong></span> <span class='ocrx_word' id='word_1_517' title='bbox 3263 3369 3404 3440; x_wconf 80' lang='lat' dir='ltr'><strong>apud</strong></span> <span class='ocrx_word' id='word_1_518' title='bbox 3435 3365 3548 3421; x_wconf 81' lang='lat' dir='ltr'><strong>Uti-</strong></span> 
     </span>
    </p>
   </div>
   <div class='ocr_carea' id='block_1_80' title="bbox 2033 3442 3546 3521">
    <p class='ocr_par' dir='ltr' id='par_1_80' title="bbox 2033 3442 3546 3521">
     <span class='ocr_line' id='line_1_80' title="bbox 2033 3442 3546 3521; baseline -0.013 -13"><span class='ocrx_word' id='word_1_519' title='bbox 2033 3471 2152 3508; x_wconf 82' lang='lat' dir='ltr'><strong>cum</strong></span> <span class='ocrx_word' id='word_1_520' title='bbox 2199 3469 2290 3521; x_wconf 69' lang='lat' dir='ltr'><strong>per</strong></span> <span class='ocrx_word' id='word_1_521' title='bbox 2341 3447 2660 3521; x_wconf 25' lang='lat' dir='ltr'><strong>ll’il—lelmum</strong></span> <span class='ocrx_word' id='word_1_522' title='bbox 2706 3445 3022 3521; x_wconf 58' lang='lat' dir='ltr'><strong>(Seruirttitmt</strong></span> <span class='ocrx_word' id='word_1_523' title='bbox 3063 3455 3110 3496; x_wconf 81' lang='lat' dir='ltr'><strong>et</strong></span> <span class='ocrx_word' id='word_1_524' title='bbox 3163 3442 3443 3495; x_wconf 79' lang='lat' dir='ltr'><strong>Robcrlum</strong></span> <span class='ocrx_word' id='word_1_525' title='bbox 3497 3446 3546 3490; x_wconf 76' lang='lat' dir='ltr'><strong>et</strong></span> 
     </span>
    </p>
   </div>
   <div class='ocr_carea' id='block_1_81' title="bbox 2033 3517 3352 3594">
    <p class='ocr_par' dir='ltr' id='par_1_81' title="bbox 2033 3517 3352 3594">
     <span class='ocr_line' id='line_1_81' title="bbox 2033 3517 3352 3594; baseline -0.012 -16"><span class='ocrx_word' id='word_1_526' title='bbox 2033 3517 2307 3594; x_wconf 78' lang='lat' dir='ltr'><strong>Ilugoncm</strong></span> <span class='ocrx_word' id='word_1_527' title='bbox 2339 3519 2402 3573; x_wconf 85' lang='lat' dir='ltr'><strong>de</strong></span> <span class='ocrx_word' id='word_1_528' title='bbox 2431 3517 2888 3572; x_wconf 77' lang='lat' dir='ltr'><strong>Greutemaisuilio</strong></span> <span class='ocrx_word' id='word_1_529' title='bbox 2927 3525 3134 3583; x_wconf 78' lang='lat' dir='ltr'><strong>nepotes</strong></span> <span class='ocrx_word' id='word_1_530' title='bbox 3158 3527 3301 3566; x_wconf 74' lang='lat' dir='ltr'><strong>suos.</strong></span> <span class='ocrx_word' id='word_1_531' title='bbox 3349 3537 3352 3540; x_wconf 94' lang='lat'><strong><em>-</em></strong></span> 
     </span>
    </p>
   </div>
   <div class='ocr_carea' id='block_1_82' title="bbox 2027 3602 3544 3680">
    <p class='ocr_par' dir='ltr' id='par_1_82' title="bbox 2027 3602 3544 3680">
     <span class='ocr_line' id='line_1_82' title="bbox 2027 3602 3544 3680; baseline -0.009 -12"><span class='ocrx_word' id='word_1_532' title='bbox 2027 3614 2092 3672; x_wconf 74' lang='lat' dir='ltr'><strong>&#39;In</strong></span> <span class='ocrx_word' id='word_1_533' title='bbox 2136 3613 2228 3668; x_wconf 90' lang='lat' dir='ltr'><strong>illo</strong></span> <span class='ocrx_word' id='word_1_534' title='bbox 2255 3621 2494 3680; x_wconf 85' lang='lat' dir='ltr'><strong>tempore</strong></span> <span class='ocrx_word' id='word_1_535' title='bbox 2534 3608 2802 3662; x_wconf 60' lang='lat' dir='ltr'><strong>liobertus</strong></span> <span class='ocrx_word' id='word_1_536' title='bbox 2826 3606 2892 3660; x_wconf 89' lang='lat' dir='ltr'><strong>de</strong></span> <span class='ocrx_word' id='word_1_537' title='bbox 2917 3602 3395 3661; x_wconf 89' lang='lat' dir='ltr'><strong>Greutemaisuilio</strong></span> <span class='ocrx_word' id='word_1_538' title='bbox 3427 3615 3544 3656; x_wconf 89' lang='lat' dir='ltr'><strong>cer-</strong></span> 
     </span>
    </p>
   </div>
   <div class='ocr_carea' id='block_1_83' title="bbox 1959 3693 3548 3766">
    <p class='ocr_par' dir='ltr' id='par_1_83' title="bbox 1959 3693 3548 3766">
     <span class='ocr_line' id='line_1_83' title="bbox 1959 3693 3548 3766; baseline -0.009 -5"><span class='ocrx_word' id='word_1_539' title='bbox 1959 3717 2100 3762; x_wconf 83' lang='lat' dir='ltr'><strong>nens</strong></span> <span class='ocrx_word' id='word_1_540' title='bbox 2147 3703 2332 3759; x_wconf 88' lang='lat' dir='ltr'><strong>mundi</strong></span> <span class='ocrx_word' id='word_1_541' title='bbox 2395 3701 2710 3757; x_wconf 86' lang='lat' dir='ltr'><strong>felicitatem</strong></span> <span class='ocrx_word' id='word_1_542' title='bbox 2767 3700 2820 3753; x_wconf 89' lang='lat' dir='ltr'><strong>in</strong></span> <span class='ocrx_word' id='word_1_543' title='bbox 2859 3705 3134 3752; x_wconf 91' lang='lat' dir='ltr'><strong>momento</strong></span> <span class='ocrx_word' id='word_1_544' title='bbox 3170 3693 3371 3766; x_wconf 88' lang='lat' dir='ltr'><strong>perire,</strong></span> <span class='ocrx_word' id='word_1_545' title='bbox 3420 3707 3548 3748; x_wconf 88' lang='lat' dir='ltr'><strong>cum</strong></span> 
     </span>
    </p>
   </div>
   <div class='ocr_carea' id='block_1_84' title="bbox 1963 3783 3549 3863">
    <p class='ocr_par' dir='ltr' id='par_1_84' title="bbox 1963 3783 3549 3863">
     <span class='ocr_line' id='line_1_84' title="bbox 1963 3783 3549 3863; baseline -0.01 -12"><span class='ocrx_word' id='word_1_546' title='bbox 1963 3796 2133 3851; x_wconf 88' lang='lat' dir='ltr'><strong>fratre</strong></span> <span class='ocrx_word' id='word_1_547' title='bbox 2161 3809 2260 3850; x_wconf 87' lang='lat' dir='ltr'><strong>suo</strong></span> <span class='ocrx_word' id='word_1_548' title='bbox 2305 3792 2530 3863; x_wconf 73' lang='lat' dir='ltr'><strong>llugone</strong></span> <span class='ocrx_word' id='word_1_549' title='bbox 2557 3789 2824 3860; x_wconf 85' lang='lat' dir='ltr'><strong>disposuit</strong></span> <span class='ocrx_word' id='word_1_550' title='bbox 2853 3787 3124 3843; x_wconf 87' lang='lat' dir='ltr'><strong>abbatiam</strong></span> <span class='ocrx_word' id='word_1_551' title='bbox 3158 3783 3549 3840; x_wconf 87' lang='lat' dir='ltr'><strong>monachorum</strong></span> 
     </span>
    </p>
   </div>
   <div class='ocr_carea' id='block_1_85' title="bbox 1965 3875 3547 3945">
    <p class='ocr_par' dir='ltr' id='par_1_85' title="bbox 1965 3875 3547 3945">
     <span class='ocr_line' id='line_1_85' title="bbox 1965 3875 3547 3945; baseline -0.011 0"><span class='ocrx_word' id='word_1_552' title='bbox 1965 3898 2306 3945; x_wconf 89' lang='lat' dir='ltr'><strong>construere.</strong></span> <span class='ocrx_word' id='word_1_553' title='bbox 2331 3885 2430 3940; x_wconf 87' lang='lat' dir='ltr'><strong>Hic</strong></span> <span class='ocrx_word' id='word_1_554' title='bbox 2451 3886 2646 3940; x_wconf 88' lang='lat' dir='ltr'><strong>veroin</strong></span> <span class='ocrx_word' id='word_1_555' title='bbox 2677 3881 2904 3937; x_wconf 70' lang='lat' dir='ltr'><strong>infantia</strong></span> <span class='ocrx_word' id='word_1_556' title='bbox 2927 3881 3234 3935; x_wconf 87' lang='lat' dir='ltr'><strong>litterarum</strong></span> <span class='ocrx_word' id='word_1_557' title='bbox 3259 3875 3547 3931; x_wconf 87' lang='lat' dir='ltr'><strong>scientiam</strong></span> 
     </span>
    </p>
   </div>
   <div class='ocr_carea' id='block_1_86' title="bbox 1963 3967 3553 4052">
    <p class='ocr_par' dir='ltr' id='par_1_86' title="bbox 1963 3967 3553 4052">
     <span class='ocr_line' id='line_1_86' title="bbox 1963 3967 3553 4052; baseline -0.012 -13"><span class='ocrx_word' id='word_1_558' title='bbox 1963 3989 2305 4052; x_wconf 88' lang='lat' dir='ltr'><strong>perceperat,</strong></span> <span class='ocrx_word' id='word_1_559' title='bbox 2333 3979 2426 4034; x_wconf 89' lang='lat' dir='ltr'><strong>sed</strong></span> <span class='ocrx_word' id='word_1_560' title='bbox 2457 3987 2646 4049; x_wconf 87' lang='lat' dir='ltr'><strong>postea</strong></span> <span class='ocrx_word' id='word_1_561' title='bbox 2676 3976 2874 4052; x_wconf 72' lang='lat' dir='ltr'><strong>litteris</strong></span> <span class='ocrx_word' id='word_1_562' title='bbox 2908 3973 3244 4044; x_wconf 88' lang='lat' dir='ltr'><strong>aliquantum</strong></span> <span class='ocrx_word' id='word_1_563' title='bbox 3281 3967 3553 4022; x_wconf 89' lang='lat' dir='ltr'><strong>intermis-</strong></span> 
     </span>
    </p>
   </div>
   <div class='ocr_carea' id='block_1_87' title="bbox 1963 4045 3555 4145">
    <p class='ocr_par' dir='ltr' id='par_1_87' title="bbox 1963 4045 3555 4145">
     <span class='ocr_line' id='line_1_87' title="bbox 1963 4045 3555 4145; baseline -0.013 -14"><span class='ocrx_word' id='word_1_564' title='bbox 1963 4045 2061 4143; x_wconf 73' lang='lat' dir='ltr'><strong>sis,</strong></span> <span class='ocrx_word' id='word_1_565' title='bbox 2092 4045 2348 4145; x_wconf 73' lang='lat' dir='ltr'><strong>quinque</strong></span> <span class='ocrx_word' id='word_1_566' title='bbox 2381 4045 2539 4124; x_wconf 78' lang='lat' dir='ltr'><strong>annis</strong></span> <span class='ocrx_word' id='word_1_567' title='bbox 2601 4045 2840 4138; x_wconf 66' lang='lat' dir='ltr'><strong>armiger</strong></span> <span class='ocrx_word' id='word_1_568' title='bbox 2887 4065 3044 4120; x_wconf 88' lang='lat' dir='ltr'><strong>ducis</strong></span> <span class='ocrx_word' id='word_1_569' title='bbox 3095 4061 3302 4123; x_wconf 81' lang='lat' dir='ltr'><strong>fuerat;</strong></span> <span class='ocrx_word' id='word_1_570' title='bbox 3361 4074 3392 4112; x_wconf 84' lang='lat' dir='ltr'><strong>a</strong></span> <span class='ocrx_word' id='word_1_571' title='bbox 3443 4070 3555 4125; x_wconf 84' lang='lat' dir='ltr'><strong>quo</strong></span> 
     </span>
    </p>
   </div>
   <div class='ocr_carea' id='block_1_88' title="bbox 1963 4150 3552 4239">
    <p class='ocr_par' dir='ltr' id='par_1_88' title="bbox 1963 4150 3552 4239">
     <span class='ocr_line' id='line_1_88' title="bbox 1963 4150 3552 4239; baseline -0.014 -16"><span class='ocrx_word' id='word_1_572' title='bbox 1963 4167 2310 4239; x_wconf 86' lang='lat' dir='ltr'><strong>postmodum</strong></span> <span class='ocrx_word' id='word_1_573' title='bbox 2367 4161 2589 4216; x_wconf 89' lang='lat' dir='ltr'><strong>militari</strong></span> <span class='ocrx_word' id='word_1_574' title='bbox 2619 4174 2750 4214; x_wconf 90' lang='lat' dir='ltr'><strong>ense</strong></span> <span class='ocrx_word' id='word_1_575' title='bbox 2791 4157 3070 4212; x_wconf 89' lang='lat' dir='ltr'><strong>accinctus</strong></span> <span class='ocrx_word' id='word_1_576' title='bbox 3116 4151 3354 4222; x_wconf 77' lang='lat' dir='ltr'><strong>ingentia</strong></span> <span class='ocrx_word' id='word_1_577' title='bbox 3407 4150 3552 4203; x_wconf 87' lang='lat' dir='ltr'><strong>dona</strong></span> 
     </span>
    </p>
   </div>
   <div class='ocr_carea' id='block_1_89' title="bbox 1968 4241 3556 4324">
    <p class='ocr_par' dir='ltr' id='par_1_89' title="bbox 1968 4241 3556 4324">
     <span class='ocr_line' id='line_1_89' title="bbox 1968 4241 3556 4324; baseline -0.012 -13"><span class='ocrx_word' id='word_1_578' title='bbox 1968 4263 2267 4324; x_wconf 85' lang='lat' dir='ltr'><strong>receperat.</strong></span> <span class='ocrx_word' id='word_1_579' title='bbox 2311 4253 2419 4306; x_wconf 83' lang='lat' dir='ltr'><strong>Sed</strong></span> <span class='ocrx_word' id='word_1_580' title='bbox 2472 4265 2576 4306; x_wconf 89' lang='lat' dir='ltr'><strong>non</strong></span> <span class='ocrx_word' id='word_1_581' title='bbox 2624 4249 2794 4302; x_wconf 89' lang='lat' dir='ltr'><strong>multo</strong></span> <span class='ocrx_word' id='word_1_582' title='bbox 2825 4255 2967 4315; x_wconf 88' lang='lat' dir='ltr'><strong>post,</strong></span> <span class='ocrx_word' id='word_1_583' title='bbox 3001 4253 3060 4298; x_wconf 86' lang='lat' dir='ltr'><strong>ut.</strong></span> <span class='ocrx_word' id='word_1_584' title='bbox 3093 4243 3294 4298; x_wconf 87' lang='lat' dir='ltr'><strong>dictum</strong></span> <span class='ocrx_word' id='word_1_585' title='bbox 3331 4249 3437 4304; x_wconf 86' lang='lat' dir='ltr'><strong>est,</strong></span> <span class='ocrx_word' id='word_1_586' title='bbox 3471 4241 3556 4293; x_wconf 84' lang='lat' dir='ltr'><strong>in-</strong></span> 
     </span>
    </p>
   </div>
   <div class='ocr_carea' id='block_1_90' title="bbox 1965 4334 3554 4410">
    <p class='ocr_par' dir='ltr' id='par_1_90' title="bbox 1965 4334 3554 4410">
     <span class='ocr_line' id='line_1_90' title="bbox 1965 4334 3554 4410; baseline -0.015 -3"><span class='ocrx_word' id='word_1_587' title='bbox 1965 4347 2168 4407; x_wconf 70' lang='lat' dir='ltr'><strong>Stinctu</strong></span> <span class='ocrx_word' id='word_1_588' title='bbox 2197 4347 2290 4402; x_wconf 88' lang='lat' dir='ltr'><strong>Dei</strong></span> <span class='ocrx_word' id='word_1_589' title='bbox 2329 4342 2510 4398; x_wconf 88' lang='lat' dir='ltr'><strong>omnia</strong></span> <span class='ocrx_word' id='word_1_590' title='bbox 2537 4340 2762 4410; x_wconf 85' lang='lat' dir='ltr'><strong>sprevit,</strong></span> <span class='ocrx_word' id='word_1_591' title='bbox 2795 4337 3104 4392; x_wconf 84' lang='lat' dir='ltr'><strong>coenobium</strong></span> <span class='ocrx_word' id='word_1_592' title='bbox 3135 4334 3334 4397; x_wconf 85' lang='lat' dir='ltr'><strong>facere,</strong></span> <span class='ocrx_word' id='word_1_593' title='bbox 3367 4346 3554 4385; x_wconf 87' lang='lat' dir='ltr'><strong>mona-</strong></span> 
     </span>
    </p>
   </div>
   <div class='ocr_carea' id='block_1_91' title="bbox 277 4421 3555 4510">
    <p class='ocr_par' dir='ltr' id='par_1_91' title="bbox 277 4421 3555 4510">
     <span class='ocr_line' id='line_1_91' title="bbox 277 4421 3555 4510; baseline -0.009 -8"><span class='ocrx_word' id='word_1_594' title='bbox 277 4448 416 4502; x_wconf 84' lang='lat' dir='ltr'><strong>rium</strong></span> <span class='ocrx_word' id='word_1_595' title='bbox 436 4463 566 4503; x_wconf 89' lang='lat' dir='ltr'><strong>vero</strong></span> <span class='ocrx_word' id='word_1_596' title='bbox 590 4447 807 4502; x_wconf 66' lang='lat' dir='ltr'><strong>Sanctae</strong></span> <span class='ocrx_word' id='word_1_597' title='bbox 839 4447 1022 4502; x_wconf 70' lang='lat' dir='ltr'><strong>Maria:</strong></span> <span class='ocrx_word' id='word_1_598' title='bbox 1047 4447 1258 4504; x_wconf 84' lang='lat' dir='ltr'><strong>Lonleii</strong></span> <span class='ocrx_word' id='word_1_599' title='bbox 1289 4445 1597 4502; x_wconf 84' lang='lat' dir='ltr'><strong>Willelmus</strong></span> <span class='ocrx_word' id='word_1_600' title='bbox 1626 4447 1856 4501; x_wconf 89' lang='lat' dir='ltr'><strong>Talava-</strong></span> <span class='ocrx_word' id='word_1_601' title='bbox 1891 4445 1942 4506; x_wconf 87' lang='lat' dir='ltr'><strong>D</strong></span> <span class='ocrx_word' id='word_1_602' title='bbox 1967 4445 2210 4510; x_wconf 87' lang='lat' dir='ltr'><strong>chusque</strong></span> <span class='ocrx_word' id='word_1_603' title='bbox 2251 4437 2366 4491; x_wconf 79' lang='lat' dir='ltr'><strong>fieri</strong></span> <span class='ocrx_word' id='word_1_604' title='bbox 2411 4433 2646 4488; x_wconf 82' lang='lat' dir='ltr'><strong>firmiter</strong></span> <span class='ocrx_word' id='word_1_605' title='bbox 2689 4429 2956 4486; x_wconf 88' lang='lat' dir='ltr'><strong>decrevit.</strong></span> <span class='ocrx_word' id='word_1_606' title='bbox 2981 4426 3134 4493; x_wconf 85' lang='lat' dir='ltr'><strong>Quod</strong></span> <span class='ocrx_word' id='word_1_607' title='bbox 3164 4424 3392 4478; x_wconf 86' lang='lat' dir='ltr'><strong>audiens</strong></span> <span class='ocrx_word' id='word_1_608' title='bbox 3415 4421 3555 4476; x_wconf 76' lang='lat' dir='ltr'><strong>Wil-</strong></span> 
     </span>
    </p>
   </div>
   <div class='ocr_carea' id='block_1_92' title="bbox 278 4539 1860 4610">
    <p class='ocr_par' dir='ltr' id='par_1_92' title="bbox 278 4539 1860 4610">
     <span class='ocr_line' id='line_1_92' title="bbox 278 4539 1860 4610; baseline -0.001 -16"><span class='ocrx_word' id='word_1_609' title='bbox 278 4539 391 4595; x_wconf 88' lang='lat' dir='ltr'><strong>cins</strong></span> <span class='ocrx_word' id='word_1_610' title='bbox 416 4540 646 4610; x_wconf 90' lang='lat' dir='ltr'><strong>primus,</strong></span> <span class='ocrx_word' id='word_1_611' title='bbox 675 4540 768 4609; x_wconf 85' lang='lat' dir='ltr'><strong>qui</strong></span> <span class='ocrx_word' id='word_1_612' title='bbox 811 4540 995 4594; x_wconf 84' lang='lat' dir='ltr'><strong>exciso</strong></span> <span class='ocrx_word' id='word_1_613' title='bbox 1018 4552 1264 4604; x_wconf 89' lang='lat' dir='ltr'><strong>nemore,</strong></span> <span class='ocrx_word' id='word_1_614' title='bbox 1291 4539 1344 4592; x_wconf 94' lang='lat' dir='ltr'><strong>in</strong></span> <span class='ocrx_word' id='word_1_615' title='bbox 1398 4547 1584 4593; x_wconf 88' lang='lat' dir='ltr'><strong>monte</strong></span> <span class='ocrx_word' id='word_1_616' title='bbox 1623 4539 1860 4607; x_wconf 89' lang='lat' dir='ltr'><strong>quodam</strong></span> 
     </span>
    </p>
   </div>
   <div class='ocr_carea' id='block_1_93' title="bbox 278 4627 1863 4690">
    <p class='ocr_par' dir='ltr' id='par_1_93' title="bbox 278 4627 1863 4690">
     <span class='ocr_line' id='line_1_93' title="bbox 278 4627 1863 4690; baseline -0.002 -5"><span class='ocrx_word' id='word_1_617' title='bbox 278 4639 512 4685; x_wconf 84' lang='lat' dir='ltr'><strong>castrum</strong></span> <span class='ocrx_word' id='word_1_618' title='bbox 537 4631 759 4685; x_wconf 89' lang='lat' dir='ltr'><strong>nomine</strong></span> <span class='ocrx_word' id='word_1_619' title='bbox 791 4629 1162 4684; x_wconf 88' lang='lat' dir='ltr'><strong>Damfrontem</strong></span> <span class='ocrx_word' id='word_1_620' title='bbox 1187 4637 1588 4690; x_wconf 78' lang='lat' dir='ltr'><strong>construxerat,</strong></span> <span class='ocrx_word' id='word_1_621' title='bbox 1615 4643 1645 4682; x_wconf 90' lang='lat' dir='ltr'><strong>a</strong></span> <span class='ocrx_word' id='word_1_622' title='bbox 1671 4627 1863 4684; x_wconf 89' lang='lat' dir='ltr'><strong>funda-</strong></span> 
     </span>
    </p>
   </div>
   <div class='ocr_carea' id='block_1_94' title="bbox 277 4718 1863 4786">
    <p class='ocr_par' dir='ltr' id='par_1_94' title="bbox 277 4718 1863 4786">
     <span class='ocr_line' id='line_1_94' title="bbox 277 4718 1863 4786; baseline -0.003 -7"><span class='ocrx_word' id='word_1_623' title='bbox 277 4723 470 4780; x_wconf 84' lang='lat' dir='ltr'><strong>mentis</strong></span> <span class='ocrx_word' id='word_1_624' title='bbox 494 4721 802 4778; x_wconf 79' lang='lat' dir='ltr'><strong>:edificavit.</strong></span> <span class='ocrx_word' id='word_1_625' title='bbox 837 4720 1130 4776; x_wconf 86' lang='lat' dir='ltr'><strong>Ecclesiam</strong></span> <span class='ocrx_word' id='word_1_626' title='bbox 1153 4719 1340 4775; x_wconf 89' lang='lat' dir='ltr'><strong>Sancti</strong></span> <span class='ocrx_word' id='word_1_627' title='bbox 1374 4718 1636 4786; x_wconf 88' lang='lat' dir='ltr'><strong>Stephani</strong></span> <span class='ocrx_word' id='word_1_628' title='bbox 1661 4718 1863 4774; x_wconf 86' lang='lat' dir='ltr'><strong>Fonta-</strong></span> 
     </span>
    </p>
   </div>
   <div class='ocr_carea' id='block_1_95' title="bbox 277 4804 1862 4874">
    <p class='ocr_par' dir='ltr' id='par_1_95' title="bbox 277 4804 1862 4874">
     <span class='ocr_line' id='line_1_95' title="bbox 277 4804 1862 4874; baseline -0.001 -9"><span class='ocrx_word' id='word_1_629' title='bbox 277 4813 384 4868; x_wconf 86' lang='lat' dir='ltr'><strong>neti</strong></span> <span class='ocrx_word' id='word_1_630' title='bbox 409 4811 681 4868; x_wconf 81' lang='lat' dir='ltr'><strong>Rodulfus</strong></span> <span class='ocrx_word' id='word_1_631' title='bbox 711 4809 940 4865; x_wconf 82' lang='lat' dir='ltr'><strong>Taisson</strong></span> <span class='ocrx_word' id='word_1_632' title='bbox 984 4819 1040 4863; x_wconf 90' lang='lat' dir='ltr'><strong>et</strong></span> <span class='ocrx_word' id='word_1_633' title='bbox 1091 4807 1352 4862; x_wconf 87' lang='lat' dir='ltr'><strong>Erneisus</strong></span> <span class='ocrx_word' id='word_1_634' title='bbox 1379 4804 1550 4860; x_wconf 87' lang='lat' dir='ltr'><strong>frater</strong></span> <span class='ocrx_word' id='word_1_635' title='bbox 1586 4804 1700 4874; x_wconf 87' lang='lat' dir='ltr'><strong>ejus</strong></span> <span class='ocrx_word' id='word_1_636' title='bbox 1730 4823 1862 4863; x_wconf 87' lang='lat' dir='ltr'><strong>con-</strong></span> 
     </span>
    </p>
   </div>
   <div class='ocr_carea' id='block_1_96' title="bbox 281 4897 1861 4960">
    <p class='ocr_par' dir='ltr' id='par_1_96' title="bbox 281 4897 1861 4960">
     <span class='ocr_line' id='line_1_96' title="bbox 281 4897 1861 4960; baseline 0.001 -5"><span class='ocrx_word' id='word_1_637' title='bbox 281 4911 628 4960; x_wconf 76' lang='lat' dir='ltr'><strong>struxerunt:</strong></span> <span class='ocrx_word' id='word_1_638' title='bbox 652 4901 1044 4958; x_wconf 87' lang='lat' dir='ltr'><strong>Monasterium</strong></span> <span class='ocrx_word' id='word_1_639' title='bbox 1068 4907 1248 4954; x_wconf 90' lang='lat' dir='ltr'><strong>autem</strong></span> <span class='ocrx_word' id='word_1_640' title='bbox 1271 4897 1456 4956; x_wconf 90' lang='lat' dir='ltr'><strong>Sancti</strong></span> <span class='ocrx_word' id='word_1_641' title='bbox 1481 4897 1627 4954; x_wconf 83' lang='lat' dir='ltr'><strong>Petri</strong></span> <span class='ocrx_word' id='word_1_642' title='bbox 1653 4899 1861 4957; x_wconf 88' lang='lat' dir='ltr'><strong>Castel-</strong></span> 
     </span>
    </p>
   </div>
   <div class='ocr_carea' id='block_1_97' title="bbox 282 4991 1069 5054">
    <p class='ocr_par' dir='ltr' id='par_1_97' title="bbox 282 4991 1069 5054">
     <span class='ocr_line' id='line_1_97' title="bbox 282 4991 1069 5054; baseline -0.004 -4"><span class='ocrx_word' id='word_1_643' title='bbox 282 4991 434 5052; x_wconf 53' lang='lat' dir='ltr'><strong>“en‘s</strong></span> <span class='ocrx_word' id='word_1_644' title='bbox 454 4995 722 5054; x_wconf 71' lang='lat' dir='ltr'><strong>Redalfes</strong></span> <span class='ocrx_word' id='word_1_645' title='bbox 753 4993 820 5049; x_wconf 88' lang='lat' dir='ltr'><strong>de</strong></span> <span class='ocrx_word' id='word_1_646' title='bbox 847 4991 1069 5049; x_wconf 83' lang='lat' dir='ltr'><strong>Tocnio.</strong></span> 
     </span>
    </p>
   </div>
   <div class='ocr_carea' id='block_1_98' title="bbox 1975 4514 3558 4591">
    <p class='ocr_par' dir='ltr' id='par_1_98' title="bbox 1975 4514 3558 4591">
     <span class='ocr_line' id='line_1_98' title="bbox 1975 4514 3558 4591; baseline -0.015 -3"><span class='ocrx_word' id='word_1_647' title='bbox 1975 4533 2165 4589; x_wconf 89' lang='lat' dir='ltr'><strong>leltuus</strong></span> <span class='ocrx_word' id='word_1_648' title='bbox 2196 4525 2378 4584; x_wconf 87' lang='lat' dir='ltr'><strong>Geroii</strong></span> <span class='ocrx_word' id='word_1_649' title='bbox 2410 4525 2576 4591; x_wconf 88' lang='lat' dir='ltr'><strong>filius,</strong></span> <span class='ocrx_word' id='word_1_650' title='bbox 2607 4523 2766 4578; x_wconf 88' lang='lat' dir='ltr'><strong>valde</strong></span> <span class='ocrx_word' id='word_1_651' title='bbox 2790 4521 3000 4575; x_wconf 63' lang='lat' dir='ltr'><strong>laetatus</strong></span> <span class='ocrx_word' id='word_1_652' title='bbox 3022 4526 3125 4581; x_wconf 90' lang='lat' dir='ltr'><strong>est,</strong></span> <span class='ocrx_word' id='word_1_653' title='bbox 3151 4533 3214 4571; x_wconf 86' lang='lat' dir='ltr'><strong>ac</strong></span> <span class='ocrx_word' id='word_1_654' title='bbox 3243 4515 3310 4570; x_wconf 87' lang='lat' dir='ltr'><strong>ad</strong></span> <span class='ocrx_word' id='word_1_655' title='bbox 3350 4514 3558 4568; x_wconf 74' lang='lat' dir='ltr'><strong>Robor-</strong></span> 
     </span>
    </p>
   </div>
   <div class='ocr_carea' id='block_1_99' title="bbox 1973 4605 3558 4694">
    <p class='ocr_par' dir='ltr' id='par_1_99' title="bbox 1973 4605 3558 4694">
     <span class='ocr_line' id='line_1_99' title="bbox 1973 4605 3558 4694; baseline -0.014 -12"><span class='ocrx_word' id='word_1_656' title='bbox 1973 4637 2085 4682; x_wconf 90' lang='lat' dir='ltr'><strong>tum</strong></span> <span class='ocrx_word' id='word_1_657' title='bbox 2111 4634 2164 4680; x_wconf 90' lang='lat' dir='ltr'><strong>et</strong></span> <span class='ocrx_word' id='word_1_658' title='bbox 2193 4624 2472 4694; x_wconf 83' lang='lat' dir='ltr'><strong>Hngonem</strong></span> <span class='ocrx_word' id='word_1_659' title='bbox 2498 4617 2787 4682; x_wconf 87' lang='lat' dir='ltr'><strong>accedens,</strong></span> <span class='ocrx_word' id='word_1_660' title='bbox 2819 4614 2898 4670; x_wconf 90' lang='lat' dir='ltr'><strong>sic</strong></span> <span class='ocrx_word' id='word_1_661' title='bbox 2923 4614 3136 4668; x_wconf 90' lang='lat' dir='ltr'><strong>locutus</strong></span> <span class='ocrx_word' id='word_1_662' title='bbox 3174 4618 3258 4666; x_wconf 91' lang='lat' dir='ltr'><strong>est</strong></span> <span class='ocrx_word' id='word_1_663' title='bbox 3287 4626 3300 4663; x_wconf 89' lang='lat'><strong>:</strong></span> <span class='ocrx_word' id='word_1_664' title='bbox 3332 4627 3352 4660; x_wconf 78' lang='grc' dir='ltr'>ι</span> <span class='ocrx_word' id='word_1_665' title='bbox 3380 4605 3558 4660; x_wconf 82' lang='lat' dir='ltr'><strong>Audio</strong></span> 
     </span>
    </p>
   </div>
   <div class='ocr_carea' id='block_1_100' title="bbox 1969 4697 3566 4784">
    <p class='ocr_par' dir='ltr' id='par_1_100' title="bbox 1969 4697 3566 4784">
     <span class='ocr_line' id='line_1_100' title="bbox 1969 4697 3566 4784; baseline -0.013 -11"><span class='ocrx_word' id='word_1_666' title='bbox 1969 4733 2084 4780; x_wconf 88' lang='lat' dir='ltr'><strong>vos,</strong></span> <span class='ocrx_word' id='word_1_667' title='bbox 2113 4731 2148 4784; x_wconf 83' lang='grc' dir='ltr'><strong>ο</strong></span> <span class='ocrx_word' id='word_1_668' title='bbox 2178 4712 2485 4772; x_wconf 87' lang='lat' dir='ltr'><strong>charissimi</strong></span> <span class='ocrx_word' id='word_1_669' title='bbox 2514 4710 2619 4764; x_wconf 89' lang='lat' dir='ltr'><strong>mei</strong></span> <span class='ocrx_word' id='word_1_670' title='bbox 2652 4715 2897 4779; x_wconf 85' lang='lat' dir='ltr'><strong>nepotes,</strong></span> <span class='ocrx_word' id='word_1_671' title='bbox 2927 4719 3056 4776; x_wconf 82' lang='lat' dir='ltr'><strong>erga</strong></span> <span class='ocrx_word' id='word_1_672' title='bbox 3087 4701 3182 4758; x_wconf 86' lang='lat' dir='ltr'><strong>Dei</strong></span> <span class='ocrx_word' id='word_1_673' title='bbox 3217 4701 3424 4759; x_wconf 90' lang='lat' dir='ltr'><strong>cultum</strong></span> <span class='ocrx_word' id='word_1_674' title='bbox 3453 4697 3566 4753; x_wconf 90' lang='lat' dir='ltr'><strong>fer-</strong></span> 
     </span>
    </p>
   </div>
   <div class='ocr_carea' id='block_1_101' title="bbox 1971 4790 3566 4878">
    <p class='ocr_par' dir='ltr' id='par_1_101' title="bbox 1971 4790 3566 4878">
     <span class='ocr_line' id='line_1_101' title="bbox 1971 4790 3566 4878; baseline -0.014 -14"><span class='ocrx_word' id='word_1_675' title='bbox 1971 4823 2118 4875; x_wconf 86' lang='lat' dir='ltr'><strong>vere,</strong></span> <span class='ocrx_word' id='word_1_676' title='bbox 2149 4809 2277 4878; x_wconf 86' lang='lat' dir='ltr'><strong>quin</strong></span> <span class='ocrx_word' id='word_1_677' title='bbox 2301 4805 2466 4861; x_wconf 88' lang='lat' dir='ltr'><strong>etiam</strong></span> <span class='ocrx_word' id='word_1_678' title='bbox 2498 4799 2808 4856; x_wconf 89' lang='lat' dir='ltr'><strong>monachile</strong></span> <span class='ocrx_word' id='word_1_679' title='bbox 2837 4793 3235 4852; x_wconf 85' lang='lat' dir='ltr'><strong>monasterium</strong></span> <span class='ocrx_word' id='word_1_680' title='bbox 3259 4790 3402 4848; x_wconf 81' lang='lat' dir='ltr'><strong>velle</strong></span> <span class='ocrx_word' id='word_1_681' title='bbox 3429 4803 3566 4844; x_wconf 86' lang='lat' dir='ltr'><strong>con-</strong></span> 
     </span>
    </p>
   </div>
   <div class='ocr_carea' id='block_1_102' title="bbox 1972 4883 3576 4964">
    <p class='ocr_par' dir='ltr' id='par_1_102' title="bbox 1972 4883 3576 4964">
     <span class='ocr_line' id='line_1_102' title="bbox 1972 4883 3576 4964; baseline -0.012 -4"><span class='ocrx_word' id='word_1_682' title='bbox 1972 4913 2208 4960; x_wconf 88' lang='lat' dir='ltr'><strong>struere.</strong></span> <span class='ocrx_word' id='word_1_683' title='bbox 2241 4900 2397 4958; x_wconf 85' lang='lat' dir='ltr'><strong>Unde</strong></span> <span class='ocrx_word' id='word_1_684' title='bbox 2429 4888 2782 4950; x_wconf 85' lang='lat' dir='ltr'><strong>vehementer</strong></span> <span class='ocrx_word' id='word_1_685' title='bbox 2806 4892 3018 4964; x_wconf 73' lang='lat' dir='ltr'><strong>gaudeo</strong></span> <span class='ocrx_word' id='word_1_686' title='bbox 3048 4898 3106 4944; x_wconf 90' lang='lat' dir='ltr'><strong>et</strong></span> <span class='ocrx_word' id='word_1_687' title='bbox 3138 4904 3226 4945; x_wconf 89' lang='lat' dir='ltr'><strong>me</strong></span> <span class='ocrx_word' id='word_1_688' title='bbox 3252 4899 3352 4942; x_wconf 89' lang='lat' dir='ltr'><strong>vos</strong></span> <span class='ocrx_word' id='word_1_689' title='bbox 3379 4883 3433 4938; x_wconf 93' lang='lat' dir='ltr'><strong>iu</strong></span> <span class='ocrx_word' id='word_1_690' title='bbox 3457 4883 3576 4940; x_wconf 89' lang='lat' dir='ltr'><strong>hoc</strong></span> 
     </span>
    </p>
   </div>
   <div class='ocr_carea' id='block_1_103' title="bbox 1971 4979 3585 5076">
    <p class='ocr_par' dir='ltr' id='par_1_103' title="bbox 1971 4979 3585 5076">
     <span class='ocr_line' id='line_1_103' title="bbox 1971 4979 3585 5076; baseline -0.011 -22"><span class='ocrx_word' id='word_1_691' title='bbox 1971 5013 2137 5070; x_wconf 85' lang='lat' dir='ltr'><strong>opere</strong></span> <span class='ocrx_word' id='word_1_692' title='bbox 2166 4994 2472 5064; x_wconf 84' lang='lat' dir='ltr'><strong>adjuturum</strong></span> <span class='ocrx_word' id='word_1_693' title='bbox 2500 4995 2782 5060; x_wconf 72' lang='lat' dir='ltr'><strong>gratanter</strong></span> <span class='ocrx_word' id='word_1_694' title='bbox 2819 4986 3082 5056; x_wconf 87' lang='lat' dir='ltr'><strong>spondeo.</strong></span> <span class='ocrx_word' id='word_1_695' title='bbox 3117 4979 3228 5040; x_wconf 85' lang='lat' dir='ltr'><strong>Sed</strong></span> <span class='ocrx_word' id='word_1_696' title='bbox 3275 4980 3585 5076; x_wconf 59' lang='lat' dir='ltr'><strong>tanteuail</strong></span> 
     </span>
    </p>
   </div>
  </div>
