4040 5298
495 243 605 304 883

1333 247 1674 306 WlLLELMl
1703 249 1998 308 CALCULI
2036 251 2593 310 GEMMETICENSIS
2629 251 2928 309 MONACIII

3645 253 3748 314 8M

497 359 886 418 monachorum
920 359 1176 432 magister
1211 358 1364 430 jubet
1393 361 1782 418 monasterium
1823 363 1895 418 ita
1936 378 2068 419 con-
2097 367 2148 432 Α
2177 375 2404 421 mortem
2433 365 2539 422 illis
2559 365 2885 422 serviamus.
2909 363 3026 420 Non
3057 365 3201 430 enim
3230 367 3486 424 debemus
3513 365 3624 424 illis
3649 369 3744 424 do-

495 455 670 521 stitui,
699 461 758 508 ut
787 454 970 510 omnia
1013 453 1344 519 necessaria,
1377 455 1430 508 id
1473 463 1557 510 est
1606 471 1768 526 aqua,
1811 457 2071 512 molendi-

495 559 648 610 num,
673 544 986 615 pistrinum,
1009 543 1222 610 hortus,
1250 544 1334 600 vel
1357 553 1502 601 artes
1529 547 1753 604 diversa:
1796 547 1932 602 infra
1957 563 2072 604 mo-

495 638 793 693 nasterium
823 645 1196 704 exerceantur,
1237 654 1304 694 ne
1348 639 1419 694 sit
1463 642 1743 697 monachis
1773 643 2072 700 necessitas

495 728 724 799 vagandi
767 727 930 793 foras,
955 727 1080 798 quia
1123 729 1343 784 omnino
1384 745 1491 785 non
1531 732 1749 802 expedit
1790 733 2072 788 animabus

493 837 700 876 eorum.
729 819 977 875 Nucereti
1001 835 1130 876 vero
1157 837 1282 876 rura
1306 823 1520 891 quidem
1543 825 1675 879 satis
1699 824 1896 880 fertilia
1921 833 2068 890 sunt,

494 911 589 966 sed
620 909 772 982 copia
803 911 973 976 silvas,
1005 927 1068 966 ac
1097 911 1294 968 habilis
1317 912 1558 984 lympha,
1589 915 1786 985 quibus
1818 916 2069 970 monachi

493 1005 727 1060 maxime
766 1005 1025 1076 indigent,
1059 1006 1248 1076 procul
1279 1007 1496 1064 absunt.
1558 1027 1579 1060 ›
1627 1008 1872 1079 Cumque
1895 1010 2070 1080 ipsum

493 1103 744 1166 rogarem
793 1105 855 1151 ut
901 1096 1032 1166 quid
1074 1095 1178 1150 sibi
1223 1096 1396 1152 visum
1445 1096 1610 1152 fuerit
1653 1113 1815 1169 super
1863 1099 1966 1152 hac
2011 1113 2070 1154 re

491 1188 784 1260 proferret,
814 1189 950 1244 dixit
980 1207 992 1242 :
1025 1207 1044 1241 ι
1073 1191 1342 1262 Tempore
1371 1189 1595 1246 Clotarii
1647 1192 1790 1262 regis
1835 1191 2072 1246 Franco-

489 1299 634 1348 rum,
675 1283 766 1338 lilii
797 1283 1074 1348 Clodovei,
1109 1283 1200 1355 qui
1231 1284 1438 1354 primus
1469 1284 1522 1338 in
1555 1285 1770 1355 regibus
1791 1283 2066 1340 Gallorum

489 1373 790 1444 baptizatus
817 1383 900 1428 est
923 1389 950 1426 a
975 1374 1135 1428 beato
1167 1374 1412 1445 Remigio
1435 1375 1842 1445 archiepiscopo
1871 1375 2067 1430 Remo-

489 1478 630 1527 rum,
661 1473 880 1518 sanctus
909 1463 1166 1519 Ebrulfus
1213 1463 1425 1534 Bajocis
1455 1474 1614 1521 natus
1645 1466 1785 1520 inter
1814 1481 2068 1536 proceres

489 1554 665 1625 regios
688 1552 836 1608 fulsit
860 1563 1147 1609 stemmate
1171 1555 1472 1610 nobilitatis
1502 1565 1556 1611 et
1595 1571 1814 1612 census.
1845 1557 1944 1612 llic
1971 1573 2068 1628 pro

489 1660 675 1706 amore
700 1645 795 1700 Dei
832 1644 1016 1700 szceuli
1057 1659 1309 1716 pompam
1359 1656 1738 1713 contemnens,
1770 1648 2068 1702 monachus

2173 455 2396 520 minari,
2433 456 2528 511 sed
2579 454 2860 522 famulari;
2911 462 2969 508 nt
3015 471 3202 512 eorum
3244 455 3494 527 precibus
3545 473 3746 514 merea-

2173 563 2295 601 mur
2322 547 2588 618 adjuvari,
2620 555 2677 602 et
2709 546 2762 599 in
2791 547 3110 602 amoenitate
3157 547 3393 617 paradisi
3423 549 3746 619 quandoque

2171 637 2344 692 bcari.
2387 656 2404 688 ι
2447 637 2692 708 Cumque
2727 637 2999 694 Robertus
3043 647 3098 694 et
3133 637 3283 710 llugo
3312 647 3594 708 gratanter
3635 639 3748 696 lucc

2171 731 2537 800 suscepissent
2564 741 2618 784 et
2650 730 2967 800 qualitatem
2996 730 3100 786 loci
3127 731 3358 787 solerter
3383 731 3746 800 inquirerent,

2173 822 2556 892 magnanimus
2583 822 2744 876 heros
2785 819 3090 876 \Villelmus
3141 819 3376 888 adjecit:
3415 840 3434 872 ‹
3476 819 3748 877 Uticensis

2171 912 2321 968 locus
2356 914 2422 968 ad
2450 929 2609 984 quem
2643 913 2784 968 Deus
2805 913 3176 968 venerabilem
3223 912 3504 968 Ebrulfum
3533 927 3630 982 per
3653 928 3748 968 an-

2172 1005 2350 1074 gelum
2395 1021 2552 1058 suum
2591 1005 2810 1070 direxit,
2851 1005 3174 1076 pauperibus
3207 1005 3398 1074 spiritu
3423 1005 3622 1074 quibus
3658 1020 3746 1060 re-

2170 1111 2334 1168 gnum
2363 1096 2622 1150 cmlorum
2652 1097 3000 1167 promittitur,
3031 1098 3166 1151 satis
3199 1097 3465 1166 congruit.
3485 1095 3636 1166 Nam
3659 1113 3748 1152 ve-

2172 1197 2310 1243 tusta
2334 1187 2521 1244 Sancti
2542 1189 2686 1244 Petri
2717 1189 2936 1244 basilica
2965 1189 3160 1244 ibidem
3188 1190 3362 1244 adhuc
3389 1199 3674 1257 permanet
3693 1200 3750 1244 et

2171 1280 2380 1349 amplus
2409 1296 2559 1350 ager,
2599 1279 2687 1334 ubi
2719 1281 2910 1335 hortus
2947 1289 3001 1334 et
3031 1280 3286 1336 viridaria
3335 1281 3447 1335 fieri
3499 1290 3750 1349 possunt,

2171 1367 2536 1436 circumjacct.
2568 1367 2732 1423 Terra
2762 1371 2960 1438 quippe
2983 1369 3182 1424 inculta
3209 1382 3264 1424 et
3291 1370 3492 1424 sterilis
3521 1378 3626 1430 est,
3657 1369 3748 1423 sed

2171 1461 2426 1514 Dominus
2456 1461 2626 1514 servis
2654 1459 2766 1514 suis
2811 1475 3002 1530 parare
3036 1476 3276 1514 tnensam
3307 1460 3359 1514 iu
3410 1461 3630 1515 deserto
3655 1475 3750 1529 po—

2173 1559 2293 1604 tens
2339 1559 2440 1604 est.
2489 1550 2704 1606 Piscosa
2753 1551 2968 1620 quidem
3001 1550 3218 1605 Πιιηιίιιῐι
3251 1561 3304 1606 et
3340 1552 3536 1606 uberes
3579 1552 3750 1606 vincte

2172 1641 2378 1696 desunt.
2413 1642 2520 1696 Sed
2542 1645 2767 1698 densum
2813 1659 3002 1698 nemus
3027 1653 3082 1698 et
3110 1643 3318 1698 habiles
3357 1645 3424 1698 ad
3457 1633 3778 1700 bibendunr

488 1733 663 1790 factus
689 1742 793 1800 est,
823 1741 1020 1804 etpost
1059 1710 1402 1805 aliquantum
1451 1710 1861 1808 temporis-cum
1893 1738 2066 1792 tribus
2100 1710 2142 1768 Β
2173 1734 2351 1791 fontes
2395 1744 2590 1804 praesto
2638 1744 2781 1790 sunt.
2845 1735 3129 1790 Multorum
3177 1751 3390 1806 quoque
3433 1744 3752 1792 sanctorum

488 1827 766 1882 monachis
799 1826 852 1881 in
876 1841 1117 1882 eremum
1145 1827 1422 1897 profectus
1449 1835 1552 1885 est.
1586 1829 1664 1885 lbi
1688 1829 1888 1900 quippe
1915 1838 2072 1900 puta-

489 1919 582 1972 bat
607 1933 664 1972 se
685 1933 841 1987 posse
867 1919 1114 1974 homines
1138 1919 1305 1975 latere
1335 1929 1532 1976 etcum
1561 1920 1776 1976 diabolo
1798 1935 1894 1992 per
1915 1921 2070 1982 auxi-

489 2007 620 2064 lium
659 2010 750 2065 Dei
785 2010 976 2066 fortius
1015 2026 1276 2082 pugnare.
1313 2011 1416 2080 Qui
1467 2013 1593 2066 dum
1637 2011 1792 2068 ﬂexis
1841 2013 2068 2083 genibus

491 2100 660 2156 Deum
691 2103 879 2158 devote
902 2103 1237 2170 obsecraret,
1267 2112 1325 2159 ut
1353 2113 1538 2175 aptum
1568 2105 1865 2161 mansionis
1892 2105 2070 2162 locum

491 2194 594 2250 sibi
641 2205 988 2263 monstraret,
1043 2197 1266 2268 angelus
1319 2213 1347 2251 a
1409 2197 1517 2253 Deo
1560 2198 1757 2253 missus
1787 2199 1836 2254 ei
1876 2198 2070 2264 adfuit,

489 2300 720 2356 eumque
754 2285 970 2342 Uticam
1017 2289 1292 2362 perduxit.
1347 2288 1610 2346 Praefatus
1654 2298 1832 2348 autem
1883 2305 2070 2346 servus

491 2377 605 2440 Dei,
671 2379 1016 2448 regnantibus
1067 2379 1378 2450 Chilperico
1422 2390 1477 2436 et
1528 2381 1800 2452 Sigiberto
1846 2382 2070 2438 Clotarii

489 2466 637 2533 filiis,
667 2467 775 2524 illic
811 2469 1117 2528 coenobium
1161 2474 1402 2528 condidit
1441 2483 1495 2530 et
1547 2473 1812 2540 latrones,
1842 2475 1932 2546 qui
1977 2475 2071 2530 sil-

491 2573 614 2614 vam
669 2560 994 2629 incolebant,
1040 2565 1260 2624 utilibus
1297 2568 1458 2622 minis
1499 2577 1553 2624 et
1603 2569 2070 2626 exhortationibus

491 2652 686 2706 terruit
724 2669 924 2723 eosque
949 2655 1154 2710 relictis
1179 2655 1486 2712 latrociniis
1517 2667 1610 2712 aut.
1640 2660 1952 2726 monachos,
1981 2667 2074 2716 aut

491 2740 756 2810 agricolas
785 2742 931 2800 fecit.
973 2743 1046 2798 lbi
1077 2761 1173 2814 pro
1210 2761 1394 2802 amore
1429 2747 1522 2810 Dei
1560 2765 1812 2818 magnam
1843 2763 2072 2819 pauper-

494 2839 654 2885 tatcm
687 2835 954 2902 patienter
973 2836 1222 2892 toleravit
1242 2847 1298 2892 et
1325 2839 1594 2909 insignem
1621 2840 1856 2896 fidelium
1883 2857 2074 2898 mona—

492 2924 718 2978 chorum
752 2925 1148 2983 multitudinem
1187 2931 1520 3001 aggregavit.
1555 2931 1630 2986 lbi
1655 2933 1790 2988 duos
1832 2941 2074 2990 mortuos

494 3016 548 3070 in
585 3017 801 3072 nomine
839 3017 1050 3074 Domini
1099 3021 1464 3086 resuscitavit,
1501 3031 1556 3076 et
1603 3023 1771 3078 multa
1819 3024 1924 3078 alia
1953 3039 2073 3094 qua:

493 3121 814 3162 enumerare
854 3109 1173 3181 perlongum
1229 3122 1347 3177 est,
1413 3113 1673 3172 miracula
1719 3115 2070 3184 perpetravit.

495 3197 736 3269 Denique
763 3217 906 3255 anno
950 3202 1018 3256 ab
1051 3201 1433 3258 lncarnatione
1472 3204 1686 3259 Domini
1725 3206 1852 3270 596.
1902 3207 2077 3262 anatis

493 3305 624 3345 vero
652 3305 763 3345 sua:
796 3290 886 3358 80,
919 3293 1190 3352 residente
1231 3293 1286 3348 in
1325 3294 1453 3349 sede
1490 3295 1784 3364 apostolica
1817 3295 2076 3366 Gregorio

493 3397 705 3437 smmno
727 3383 948 3438 doctore
977 3393 1030 3440 et
1050 3383 1348 3455 Anglorum
1369 3383 1638 3455 apostolo,
1664 3385 1858 3440 beatus
1887 3385 2078 3441 Ebrul—

493 3474 580 3532 fus
641 3489 695 3530 Iv
743 3473 864 3532 Kal.
900 3473 1149 3532 Januarii
1201 3491 1267 3532 ex
1313 3476 1420 3532 hoc
1463 3477 1668 3533 mundo
1707 3477 1965 3547 migravit
2019 3485 2076 3531 et

491 3568 798 3624 mercedem
829 3569 1076 3624 laborum
1101 3583 1320 3626 suorum
1353 3569 1406 3625 in
1437 3569 1754 3627 coelestibus
1779 3585 1810 3624 a
1841 3569 2074 3624 Domino

497 3659 721 3728 recepit.
745 3661 952 3716 Deinde
981 3671 1104 3732 post
1130 3675 1303 3718 annos
1345 3661 1462 3718 fere
1493 3671 1789 3727 trecentos,
1837 3671 2080 3732 tempore

495 3750 673 3808 Caroli
698 3752 968 3824 Simplicis
993 3755 1087 3811 lilii
1109 3757 1388 3824 Ludovici,
1413 3757 1736 3828 cognomine
1759 3756 2077 3822 Nihil—fecit,

495 3841 760 3899 Conditor
785 3854 986 3911 noster,
1017 3847 1372 3917 multiplicata
1395 3847 1566 3919 plebis
1589 3864 1700 3904 sua;
1729 3849 1782 3904 in
1803 3849 1889 3906 his
1905 3848 2080 3920 parti-

497 3933 602 4000 bus
629 3935 980 3992 consistentis
1027 3939 1260 3996 crimina
1305 3940 1506 4010 punire
1536 3939 1726 3996 voluit.
1759 3939 1888 4011 Ejus
1917 3940 2080 4012 igitur

497 4030 766 4104 permissu
795 4030 1107 4103 llastingus,
1142 4032 1462 4103 perditionis
1487 4032 1646 4098 ﬁlius,
1679 4034 1735 4090 in
1769 4033 2078 4090 Neustriam

497 4121 667 4187 venit,
699 4129 754 4176 et
791 4122 1186 4194 Rothomagum
1226 4123 1348 4195 [ai.,
1379 4122 1694 4197 Belvacum]
1723 4125 1966 4197 aliasque
2003 4127 2082 4182 ci-

497 4212 694 4270 vitates
723 4213 847 4288 igne
869 4217 1186 4272 combussit.
1221 4215 1384 4272 Plura
1413 4231 1633 4289 quoque
1673 4218 1946 4272 destruxit
1967 4233 2082 4274 cm-

499 4307 662 4362 nobia
692 4317 1004 4364 sanctorum
1053 4309 1300 4374 Patrum,
1355 4311 1566 4366 scilicet
1617 4309 1897 4370 Philiberti
1937 4310 2078 4382 apud

2170 1841 2394 1898 carpora
2425 1828 2620 1882 ibidem
2651 1828 3016 1904 requiescunt,
3046 1843 3166 1899 qum
3195 1844 3318 1883 cum
3343 1829 3548 1901 ingenti
3575 1829 3748 1902 gloria

2172 1920 2225 1974 in
2253 1929 2494 1974 extremo
2539 1919 2624 1974 die
2653 1929 3024 1974 resurrectura
3071 1930 3217 1975 sunt.
3265 1920 3384 1976 Jam
3421 1923 3568 1992 quod
3603 1937 3756 1978 sum-

2171 2025 2390 2080 mopere
2423 2009 2582 2080 cupio
2603 2011 2853 2076 audistis,
2883 2025 3025 2066 nunc
3054 2011 3400 2067 considerate
3433 2013 3564 2082 quid
3592 2029 3754 2084 agere

2171 2101 2371 2156 velitis.
2407 2119 2425 2154 ι
2457 2101 2564 2162 Illis
2589 2113 2768 2156 autem
2800 2101 3084 2157 consilium
3109 2100 3224 2171 ejus
3250 2103 3680 2174 approbantibus
3701 2112 3758 2158 ct

2172 2207 2230 2248 se
2252 2193 2303 2248 in
2326 2192 2573 2248 omnibus
2596 2193 2696 2263 ipsi
2725 2194 3099 2248 obsecundare
3121 2193 3519 2264 pollicentibus,
3555 2194 3754 2248 iterum

2172 2299 2339 2356 sagax
2369 2285 2698 2341 Willelmns:
2727 2303 2745 2338 t
2777 2285 2832 2341 Si
2859 2287 3058 2356 placet,
3079 2287 3328 2342 monachi
3346 2287 3454 2342 cito
3473 2287 3758 2356 requiran-

2173 2385 2261 2430 tur
2284 2385 2339 2431 et
2365 2375 2522 2432 Utico
2573 2387 2680 2432 tam
2721 2378 2890 2434 libere
2940 2379 3344 2434 constituantur
3395 2386 3456 2433 ut
3497 2379 3700 2433 exinde
3725 2395 3756 2431 a

2175 2467 2331 2528 nobis
2369 2465 2450 2520 vel
2473 2467 2777 2522 literetlibus
2805 2468 3008 2522 nostris
3034 2467 3162 2522 nulli
3188 2467 3428 2523 redditus
3447 2468 3754 2537 exigantur,

2173 2558 2274 2613 nisi
2305 2574 2443 2612 unus
2475 2558 2846 2625 solummodo;
2877 2559 3104 2624 scilicet,
3155 2568 3214 2614 ut
3267 2559 3410 2614 servi
3458 2559 3554 2614 Dei
3605 2560 3760 2615 nobis

2173 2650 2510 2706 orationibus
2527 2651 2641 2706 suis
2665 2649 3048 2722 suffragentnr.
3067 2651 3133 2705 Et
3155 2665 3222 2705 ne
3249 2651 3537 2720 aliquando
3563 2650 3762 2706 instin-

2173 2753 2266 2800 ctu
2297 2745 2554 2800 daemonis
2595 2761 2689 2800 eos
2737 2743 2919 2814 aliquo
2951 2744 3110 2798 modo
3161 2743 3418 2800 infestare
3463 2743 3756 2812 possimus,

2174 2833 2454 2908 prtefalum
2503 2835 2810 2890 cccnobium
2871 2835 3034 2890 totius
3083 2831 3488 2888 Northmannim
3519 2833 3648 2887 duci
3691 2833 3758 2886 ad

2178 2928 2459 2983 tutandum
2487 2937 2674 2981 contra
2700 2943 2796 2982 nos
2825 2935 2881 2981 et
2915 2935 3162 2998 posteros
3188 2937 3426 2991 nostros,
3457 2941 3760 2996 omnesque

2175 3019 2454 3085 mortales,
2477 3019 2618 3074 ultro
2649 3018 3087 3084 commendemus
3117 3027 3212 3073 :nt
3236 3018 3504 3082 videlicet,
3539 3019 3585 3072 si
3611 3033 3754 3088 prm-

2180 3119 2261 3166 ter
2285 3110 2565 3182 spirituale
2588 3109 2908 3166 beneficium
2937 3109 3138 3180 aliquid
3162 3109 3366 3165 servitii
3397 3124 3490 3164 seu
3519 3109 3760 3164 Inuneris

2177 3203 2440 3259 violenter
2461 3202 2818 3273 exegerimus,
2841 3201 3122 3272 principali
3154 3201 3444 3258 severitate
3467 3199 3760 3256 salubriter

2177 3295 2422 3358 coerciti,
2451 3294 2654 3349 tirones
2679 3293 2774 3348 Dei
2803 3293 3098 3348 molestare
3127 3291 3212 3348 vel
3241 3293 3396 3348 inviti
3417 3305 3752 3348 cessemus:

2177 3387 2306 3443 Post
2363 3387 2501 3450 hare,
2558 3385 2768 3455 pariter
2817 3386 3008 3440 ducem
3053 3385 3327 3449 adierunt,
3387 3383 3546 3451 eique
3601 3395 3758 3436 suum

2175 3479 2316 3535 velle
2365 3477 2666 3534 luculenter
2695 3477 3128 3532 insinuaverunt.
3168 3476 3240 3529 At
3274 3475 3364 3529 ille
3389 3474 3527 3528 votis
3569 3489 3758 3528 eertum

2177 3569 2487 3640 benigniter
2531 3567 2664 3624 favit
2701 3577 2758 3624 et
2805 3566 2932 3624 inde
2961 3565 3382 3636 chirographum
3414 3565 3758 3618 auctoritatis

2180 3677 2292 3718 suae
2317 3662 2370 3716 in
2403 3661 2556 3718 Saltu
2583 3660 2780 3716 Leonis
2807 3660 2994 3722 sanxit
3037 3669 3094 3714 et
3123 3656 3396 3727 episcopis
3423 3671 3488 3711 ac
3535 3655 3756 3710 hareni-

2179 3757 2280 3814 bus
2307 3755 2750 3820 Nortbmanuicis
2779 3754 2846 3810 ad
2883 3751 3314 3810 confirmandum
3351 3747 3595 3804 tradidit.
3623 3745 3756 3800 Mal-

2181 3849 2363 3920 gerius
2388 3848 2568 3917 itaque
2597 3845 3036 3917 archiepiscopus
3067 3839 3516 3911 Rothomagensis
3555 3838 3758 3908 primus

2181 3937 2519 4008 subscripsit.
2569 3936 2774 3993 Deinde
2811 3933 3070 4006 prtesules
3111 3929 3572 4000 subscripserunt,
3607 3925 3758 3997 lingu

2181 4032 2533 4088 Luxoviensis
2553 4039 2608 4086 et
2629 4029 2744 4086 Odo
2771 4026 3110 4096 Bajoccnsis;
3141 4021 3444 4078 Willelmus
3465 4019 3758 4076 Εὺιηξςριιτ

2181 4125 2258 4181 sis
2287 4132 2448 4194 atque
2472 4121 2808 4178 Gislebertus
2835 4117 3001 4175 abbas
3023 4113 3384 4173 Castellionis.
3423 4110 3581 4166 Tunc
3609 4111 3758 4164 dom-

2179 4231 2282 4274 nus
2312 4212 2678 4270 Tbeodoricus
2722 4207 3172 4268 Gcmmeticensis
3211 4204 3512 4262 monachus
3551 4203 3760 4258 electus

2181 4318 2284 4374 est,
2316 4313 2472 4379 eique
2507 4305 2774 4364 Uticensis
2801 4304 3032 4360 abbatia:
3066 4317 3194 4358 cura
3223 4300 3513 4357 commissa
3541 4307 3654 4354 est.

499 4400 927 4466 Cemmeticum,
997 4401 1394 4472 Wandregesili
1472 4401 1614 4472 apud
1677 4401 2076 4468 Fontinellam,
2109 4399 2156 4454 D
2254 4402 2412 4456 Anno
2467 4400 2633 4472 igitur
2681 4397 2976 4454 Dominicze
3019 4393 3410 4452 lncarnationis
3469 4390 3762 4446 millesimo

499 4490 703 4568 Ebrulli
733 4495 872 4562 apud
903 4489 1116 4548 Utieum
1141 4493 1389 4548 etsancti
1411 4491 1630 4547 Martini
1656 4491 1912 4558 Turonis,
1937 4493 2081 4564 quod

501 4581 696 4656 dicitur
724 4583 893 4654 hlajns
923 4585 1312 4640 Monasterium
1345 4593 1400 4638 et
1426 4585 1530 4639 alia
1573 4585 1744 4640 multa
1785 4589 2083 4642 monacho-

503 4687 646 4737 rum,
696 4674 1014 4730 clericorum
1065 4689 1228 4746 atque
1259 4677 1778 4733 sanctimonialium.
1825 4677 2080 4746 Quaedam

503 4775 690 4816 eorum
736 4777 768 4816 a
807 4764 963 4824 bonis
1001 4767 1340 4838 principibus
1383 4767 1727 4838 postmodum
1777 4777 2082 4824 restaurata

503 4861 648 4917 sunt,
709 4856 964 4912 nonnulla
1024 4873 1156 4914 vero
1211 4860 1387 4916 adhuc
1443 4859 1498 4914 in
1525 4859 1816 4915 solitudine
1859 4861 2079 4931 degunt.

505 4943 752 5012 Fortasse
785 4949 934 5004 vobis
971 4949 1188 5006 fastidio
1213 4959 1296 5005 est
1342 4952 1460 5007 haec
1496 4961 1684 5006 nostra
1728 4959 1836 5006 tam
1873 4953 2080 5021 prolixa

504 5035 726 5102 locutio,
755 5055 912 5108 quam
946 5041 990 5094 si
1024 5043 1295 5110 suscipitis
1343 5042 1580 5112 benigno
1610 5043 1811 5108 animo,
1839 5059 2082 5100 eorume-

505 5125 630 5208 dam
662 5129 817 5184 vobis
843 5128 977 5192 fore,
1009 5144 1042 5182 ο
1089 5130 1239 5183 cbari
1285 5139 1527 5200 nepotes,
1553 5134 1782 5188 aestimo.
1809 5131 1962 5188 Nunc
1987 5149 2083 5188 au-

507 5233 618 5286 tem
647 5221 788 5293 quod
825 5231 1004 5276 mente
1031 5221 1270 5284 revolvo,
1301 5225 1693 5293 exspectationi
1739 5235 1931 5282 vestra:
1957 5227 2083 5282 bre-

2185 4488 2980 4564 quinquagesimo,indictione
3025 4502 3102 4552 1v,
3147 4485 3326 4542 Leone
3370 4497 3509 4553 papa
3555 4483 3612 4536 in
3637 4481 3762 4536 sede

2181 4583 2478 4655 apostolica
2508 4582 2800 4646 residente,
2825 4595 2924 4635 nec
2945 4593 3054 4634 non
3075 4576 3310 4632 Henrico
3339 4574 3380 4628 ll
3403 4573 3760 4629 Cbristianis~

2185 4677 2324 4731 simo
2361 4675 2628 4747 Angusto,
2679 4671 2918 4729 Cononis
2971 4669 3246 4724 Saxonum
3274 4665 3425 4721 ducis
3453 4663 3562 4719 lilio
3591 4665 3762 4734 impe-

2185 4775 2360 4831 rante,
2401 4763 2792 4822 monasterium
2844 4759 3029 4814 Sancti
3089 4753 3294 4812 Ebrulti
3327 4769 3359 4809 a
3403 4767 3552 4822 saepe
3605 4751 3762 4806 dictis

2185 4855 2555 4929 Optimatibus,
2599 4851 2873 4908 Willelmo
2917 4849 3186 4905 Geroiano
3230 4854 3286 4900 et
3325 4843 3616 4914 nepotibus
3653 4842 3761 4896 suis

2184 4949 2424 5005 Roberto
2457 4955 2512 5001 et
2569 4943 2790 5015 llugone
2845 4943 2910 4996 de
2939 4936 3442 5000 Grentemaisnilio,
3469 4933 3616 5004 apud
3649 4931 3762 4988 Uti-

2185 5055 2307 5096 cum
2341 5029 2702 5092 restauratum
2759 5041 2862 5088 est.
2895 5031 2966 5088 lbi
3015 5027 3342 5084 venerabilis
3385 5024 3757 5094 Theodericus

2185 5145 2394 5202 magna:
2419 5127 2692 5198 religionis
2724 5123 3018 5180 monachus
3065 5119 3204 5174 Non.
3237 5117 3512 5178 Octobris,
3537 5116 3628 5170 die
3655 5115 3755 5168 Do-

2186 5222 2407 5284 minico,
2447 5234 2476 5272 a
2506 5217 2724 5274 domino
2775 5215 2998 5286 llugone
3052 5209 3279 5264 Luvovii
3327 5207 3587 5277 pontiﬁce
3639 5213 3758 5257 ante
