4040 5298
262 157 368 214 865

868 166 1214 228 IIISTORUE
1252 167 1881 230 NORTIIMANNORUM
1909 172 2084 230 LIBRI
2110 176 2311 234 OCTO.
2336 210 2403 219 —
2424 176 2631 238 LlBER
2668 178 3032 244 SEPTIMUS.

3423 195 3529 252 816

260 272 585 342 quibusdam
637 277 1052 346 rationabilibus
1076 283 1255 338 causis
1291 284 1342 339 iu
1371 287 1615 355 Apuliam
1645 287 1843 341 missus
1873 312 1918 369 Α
1949 285 2220 358 fugientes
2250 293 2340 346 vix
2387 305 2696 352 evaserunt.
2731 298 2842 354 lloc
2877 314 2942 355 ex
2997 311 3151 371 parte
3202 308 3358 361 ducis
3391 308 3530 364 Nor-

260 377 364 431 est,
389 367 575 437 ibique
611 369 737 424 dum
779 371 958 428 redire
987 385 1250 444 cmperat,
1301 379 1440 447 apud
1467 378 1708 447 Cajetam
1737 380 1844 436 No-

261 458 346 511 nis
371 458 655 514 Februarii
684 461 972 519 defunctus
999 475 1104 521 cst.
1150 468 1456 524 Willelmus
1479 472 1546 526 de
1572 473 1845 530 Monaste-

259 547 396 601 rinlo
427 548 570 605 ﬁlius
590 551 706 622 ejus
737 552 789 606 in
812 555 1005 626 Apulia
1029 574 1239 628 magna:
1287 561 1636 618 sublimitatis
1676 581 1845 635 eques

257 631 399 700 erat,
425 635 648 694 Grazcos
675 649 728 695 et
752 641 1142 714 Langobardos
1168 649 1336 705 armis
1383 655 1660 721 premebat
1682 631 1740 710 et
1765 659 1844 711 vi-

255 728 405 783 cario
422 731 598 786 smcti
627 732 768 789 Petri
799 737 1032 805 apostoli
1057 739 1344 796 subdebat.

821 849 1050 908 CAPUT
1081 852 1269 910 XXIV.

254 932 407 1022 Quod
435 1008 446 1019 ~
483 936 777 1022 Hslgerius
827 945 1270 1022 archiepiscopus
1331 951 1840 1022 archiepiscopatum

319 1008 446 1060 duci
479 1008 709 1066 reddidit
736 1022 784 1070 et
819 1013 910 1068 ille
933 1008 1247 1072 Mamilium
1284 1008 1666 1077 monac/reruni
1714 1028 1840 1078 sub-

320 1079 542 1146 rogavit.

319 1186 400 1241 Εο
434 1196 682 1278 tempore
723 1191 1018 1265 Malgerius
1056 1199 1407 1270 archiprmsul
1435 1202 1839 1278 Rothomagen-

247 1277 322 1332 sis
351 1269 602 1350 desipere
630 1283 818 1354 etrapit,
872 1294 928 1341 et
969 1269 1278 1359 insipientia
1309 1293 1504 1350 ductus
1541 1269 1838 1369 archipira-

247 1367 482 1423 sulatum
511 1371 634 1426 duci
667 1375 920 1432 reddidit.
948 1377 1066 1433 Dux
1087 1392 1270 1437 autem
1307 1383 1621 1456 Malgerium
1653 1367 1707 1444 in
1748 1390 1834 1445 iu-

252 1459 369 1513 sula
400 1477 522 1529 qua:
555 1462 756 1520 dicitur
806 1465 1145 1527 Cbernervia
1182 1473 1474 1550 [Gernsey]
1521 1483 1749 1537 retrusit
1779 1493 1835 1538 et

242 1551 434 1620 synodi
462 1551 685 1610 decreto
733 1560 1207 1630 metropolitanam
1239 1568 1422 1622 sedem
1453 1568 1702 1626 Maurilio
1741 1573 1833 1628 Fi-

1953 378 2340 436 tbmannorum
2365 384 2650 441 confestim
2670 391 2975 445 renuntiate
2991 393 3099 464 regi
3125 392 3481 452 Francorum.
3508 420 3525 451 ι

1951 469 2068 525 Rex
2103 473 2268 544 igitur
2298 487 2356 530 ut
2386 478 2743 534 infortunium
2802 497 3021 538 suorum
3066 488 3306 555 agnovit,
3337 505 3365 542 a
3394 490 3532 546 Nor-

1954 562 2274 618 thmaunica
2327 566 2674 622 infestatione
2701 571 2916 626 concito
2968 574 3162 644 gradu,
3209 579 3531 646 quantocius

1946 653 2138 720 valuit,
2176 667 2404 713 mmstus
2435 660 2501 713 de
2557 661 3092 720 interitu'Gallorum
3144 677 3288 724 retro
3336 671 3528 740 pedem

1947 746 2196 798 retraxit.
2230 745 2354 801 llzec
2383 765 2559 821 pugna
2609 767 2753 807 anno
2793 754 3089 811 Dominicze
3135 756 3530 819 lucarnationis

1946 832 2088 888 ίοῦι
2114 834 2259 891 facta
2275 848 2380 892 est.

2517 956 2746 1015 CAPUT
2785 958 2950 1016 XXV.

1945 1039 2235 1130 Qu‘od‘dnr
2280 1045 2578 1130 l’ir'iflehlttts
2609 1063 2841 1130 castrum
2875 1053 3161 1130 Bretolium
3193 1069 3524 1130 construens,

2015 1111 2281 1202 llrilleauo
2309 1117 2424 1185 ﬁlio
2461 1118 2684 1175 Osberni
2707 1127 3000 1193 commisit;
3030 1138 3076 1182 et
3104 1111 3168 1184 de

2011 1183 2151 1237 dem.

2013 1293 2208 1351 Postea
2259 1299 2368 1353 dux
2411 1310 2602 1356 contra
2636 1303 2938 1376 Tegulense
2967 1318 3225 1378 castrum,
3257 1313 3400 1384 quod
3429 1316 3523 1371 rei

1939 1381 2015 1438 illi
2039 1386 2240 1440 dudum
2267 1390 2593 1457 abstulerat,
2629 1393 2776 1448 aliud
2799 1397 3054 1467 oppidum
3102 1415 3208 1454 non
3258 1381 3520 1471 deterius,

1938 1477 2082 1545 quod
2114 1477 2410 1534 Bretolium
2436 1498 2606 1554 usque
2657 1486 2820 1542 hodie
2847 1498 3092 1554 vocatur,
3140 1492 3430 1563 instaurat,
3461 1505 3520 1552 et

1939 1565 2212 1623 Willelmo
2267 1571 2504 1628 Osberui
2566 1575 2676 1630 ﬁlio
2743 1579 2812 1632 ad
2865 1581 3274 1637 custodiendum
3331 1594 3521 1641 contra

241 1642 534 1696 scannensi
564 1647 836 1703 monacho
863 1651 1048 1708 niultis
1086 1653 1377 1714 virtutibus
1399 1661 1686 1719 excellenti
1719 1675 1830 1718 ira.
1862 1655 1906 1716 Β
1936 1668 2165 1714 cunctos
2218 1661 2326 1716 sibi
2358 1663 2708 1722 adversantes
2732 1671 3098 1726 connnendat.
3123 1671 3223 1728 llic
3251 1673 3521 1741 legitimus

243 1728 403 1783 didit.
438 1729 592 1788 'l‘unc
631 1735 796 1791 etiam
830 1737 1239 1801 Northmannos
1271 1747 1543 1804 discordia
1572 1753 1827 1820 turbavit,

240 1834 446 1892 eosque
510 1824 814 1884 vicinorum
874 1832 968 1904 qui
1024 1834 1164 1891 bella
1224 1840 1346 1908 paci
1399 1845 1828 1915 praeponebant,

239 1929 466 1972 cruores
493 1917 771 1980 ell'undere
800 1927 1083 1997 compulit.
1113 1930 1429 2000 Enimvero,
1457 1951 1523 1990 ex
1555 1952 1663 2006 quo
1690 1938 1829 1994 Nero

241 2006 489 2063 tlnnanni
516 2026 646 2066 arva
673 2011 940 2072 Neustritc
963 2031 1251 2091 cmperuut
1298 2023 1557 2092 incolere,
1585 2043 1701 2084 mos
1726 2028 1828 2086 fuit

235 2098 466 2156 Francis
490 2117 707 2175 semper
728 2107 808 2164 eis
833 2109 1097 2168 invidere.
1129 2114 1486 2174 Concitabaut
1512 2136 1646 2193 ergo
1672 2137 1826 2194 reges

235 2194 498 2251 adversus
525 2196 647 2254 'rllos
670 2199 975 2274 insurgere,
1003 2217 1312 2264 asserentes
1335 2219 1510 2267 terras
1537 2229 1673 2282 quas
1698 2231 1828 2285 pos-

237 2286 418 2341 sident
473 2289 589 2344 suis
641 2291 937 2361 majoribus
996 2297 1261 2354 violenter
1309 2315 1405 2357 eos
1461 2304 1820 2373 subripuisse.

233 2374 442 2442 Quibus
478 2394 574 2434 rex
611 2379 879 2440 llenricus
934 2387 1286 2444 vehementer
1334 2391 1603 2459 irritatus,
1629 2396 1822 2451 amba-

232 2469 415 2543 gibus,
467 2471 581 2526 imo
629 2474 1039 2546 malignissimis
1091 2482 1413 2538 aemulorum
1463 2488 1825 2557 suggestioni-

230 2559 352 2627 bus,
403 2561 476 2617 ob
521 2563 676 2620 ducis
718 2567 1028 2639 imperium,
1075 2572 1286 2630 duobus
1323 2575 1557 2630 hostium
1587 2581 1820 2649 agmini-

229 2652 332 2709 bus
378 2652 840 2714 Nortbmauuiam
887 2669 972 2717 est
1014 2678 1322 2734 aggressus.
1378 2667 1554 2724 Unum
1601 2671 1821 2740 quidem

229 2744 415 2802 electae
438 2747 743 2806 nobilitatis
767 2751 1007 2808 virorum
1031 2754 1276 2824 fortium,
1298 2759 1367 2814 ad
1393 2760 1672 2816 Caleinum
1693 2762 1822 2818 sub-

229 2839 552 2895 vertendum
592 2843 926 2900 territorium
955 2847 1200 2916 direxit;
1243 2853 1332 2906 cui
1379 2853 1604 2909 fratrem
1660 2871 1817 2910 suum

228 2929 448 2986 nomine
469 2929 714 2988 Odonem
745 2935 1006 3006 prmlecit.
1036 2939 1190 2996 Alter
1221 2957 1352 2998 vero
1379 2958 1501 2999 cum
1546 2944 1818 3002 Goiﬁredo

227 3019 497 3090 Martello,
522 3024 592 3079 ad
625 3025 1024 3086 demolieudum
1048 3034 1364 3090 comitatum
1410 3035 1817 3108 Ebroiccusem,

227 3113 344 3184 ipse
366 3115 608 3186 praefuit.
665 3119 783 3175 Dux
836 3137 988 3194 ergo,
1021 3135 1079 3181 ut
1124 3141 1184 3182 se
1214 3143 1449 3200 suosque
1506 3132 1682 3189 taliter
1719 3151 1820 3206 op-

225 3208 390 3278 primi
421 3211 580 3280 vidit,
636 3229 833 3286 magno
884 3225 941 3272 (ι
985 3219 1152 3274 nobili
1186 3229 1362 3277 tactus
1408 3223 1594 3280 dolore
1623 3227 1819 3284 milites

229 3301 484 3369 protinus
511 3303 694 3376 elegit,
735 3322 873 3376 quos
905 3308 972 3362 ad
1004 3312 1441 3380 comprimendos
1468 3315 1666 3370 Caleeii
1689 3319 1818 3373 sub-

225 3405 481 3448 versores
504 3395 792 3453 celerrime
815 3398 1038 3455 direxit.
1083 3401 1204 3472 Ipse
1231 3413 1414 3459 autem
1437 3422 1560 3460 cum
1594 3423 1815 3464 suorum

225 3486 503 3542 nonnullis
530 3487 677 3544 circa
701 3505 884 3561 regem
930 3507 989 3548 se
1038 3495 1297 3565 contulit,
1326 3506 1597 3567 quatenus
1625 3516 1815 3570 pmnas

225 3572 423 3641 lueret,
452 3577 498 3632 si
524 3592 685 3648 quem
715 3582 1012 3639 satellitum
1051 3599 1083 3640 a
1119 3588 1265 3658 regis
1291 3587 1463 3646 latere
1494 3591 1815 3650 abstrahere

226 3666 575 3736 aliquatenus
629 3672 854 3728 valeret.
927 3673 1220 3734 Venientes
1271 3694 1402 3736 vero
1453 3679 1812 3739 Kortbmanni

225 3760 290 3814 ad
343 3760 605 3830 Francos,
662 3776 983 3836 repererunt
1025 3783 1122 3824 eos
1160 3771 1299 3840 apud
1341 3771 1610 3828 Mortuum
1663 3791 1813 3832 mare

223 3851 276 3906 iu
305 3852 574 3910 incendiis
599 3864 656 3910 et
690 3858 978 3914 mulierum
1029 3859 1277 3918 ludibriis
1323 3876 1637 3934 occupatos.
1676 3865 1811 3922 Cum

224 3945 424 4014 quibus
451 3945 598 4002 illico
628 3963 788 4004 mane
827 3952 1176 4008 commissum
1230 3954 1431 4010 bellum
1461 3957 1515 4011 in
1551 3958 1809 4015 continua

220 4038 369 4093 caule
397 4040 836 4096 occumbentium
881 4044 950 4098 ad
987 4059 1156 4114 usque
1191 4062 1391 4102 nonam
1437 4050 1508 4104 ab
1563 4051 1810 4120 utrisque

222 4139 306 4184 est
330 4140 693 4201 protractum.
742 4133 1045 4190 Novissime
1072 4146 1254 4192 autent
1301 4139 1652 4210 Francigcua:
1679 4142 1806 4197 victi

222 4221 477 4291 fugerunt
501 4232 557 4278 et
585 4223 942 4282 Nortbmanni
971 4239 1224 4284 eventum
1249 4231 1369 4285 duci
1403 4249 1523 4286 mox
1548 4250 1646 4303 per
1675 4251 1807 4289 nun-

223 4315 326 4370 tios
373 4315 784 4374 iutimaveruut.
815 4320 888 4375 At
919 4321 1008 4376 ille
1040 4323 1202 4378 nimis
1247 4323 1401 4378 hctus
1448 4341 1612 4395 super
1661 4327 1804 4383 hanc
1834 4347 1882 4407 ο

222 4425 360 4476 rem,
387 4410 684 4468 llcnricunt
716 4428 898 4481 regem
930 4415 1118 4470 volens
1165 4415 1426 4486 eﬁ‘ugare,
1458 4417 1652 4472 terruit
1681 4433 1804 4472 eum

219 4502 338 4573 ejus
361 4503 656 4573 legatione.
711 4503 942 4562 Nuntius
989 4509 1143 4563 ducis
1173 4509 1442 4579 regalibus
1492 4512 1686 4565 castris
1714 4525 1805 4580 ap-

219 4598 506 4668 pmpiavit,
535 4609 593 4655 et
622 4599 677 4653 in
709 4601 942 4669 quodam
984 4603 1230 4672 proximo
1264 4613 1448 4659 monte
1474 4612 1633 4658 noctu
1659 4615 1807 4659 stans

217 4690 436 4744 fortiter
463 4691 708 4746 clamare
741 4694 927 4762 coepit.
957 4694 1200 4765 Cumque
1233 4696 1368 4767 regii
1403 4697 1592 4768 vigiles
1621 4697 1807 4752 scisci-

221 4786 467 4835 tarentur
499 4783 626 4852 quis
666 4793 835 4847 esset,
871 4785 955 4838 vel
986 4801 1154 4854 quare
1183 4789 1274 4842 tali
1309 4791 1441 4845 hora
1495 4790 1576 4844 sic
1606 4791 1807 4846 vocife-

225 4884 450 4943 raretur,
484 4879 841 4946 reSpoudisse
873 4878 1084 4934 fertur:
1137 4899 1155 4933 ‹
1196 4881 1456 4938 llodulfus
1505 4885 1572 4939 de
1599 4885 1804 4942 Taenia

225 4967 530 5024 nominatus
549 4971 983 5041 sum,vobisque
1023 4972 1209 5030 defero
1260 4974 1486 5047 lugubre
1530 4979 1800 5034 nuntium.

220 5058 297 5114 Ad
332 5060 608 5118 Mortuum
671 5075 821 5118 mare
851 5079 1045 5121 currus
1097 5075 1310 5123 vestros
1343 5083 1466 5124 cum
1501 5071 1676 5124 carris
1701 5072 1804 5125 du-

220 5154 321 5210 cite
335 5166 389 5212 et
412 5157 542 5214 inde
563 5158 836 5212 cadavera
867 5159 1155 5214 charorum
1178 5170 1479 5215 vestrorum
1505 5174 1800 5232 reportate.

217 5246 404 5298 Franci
459 5252 669 5298 attinne
723 5251 1217 5298 Nnrthmnnnnrnm
1268 5257 1514 5298 militiam
1564 5261 1800 5298 ﬂvunt-iri

1934 1746 2251 1806 etliberalis
2292 1752 2378 1808 vir
2405 1754 2685 1811 Adelizam
2715 1759 2933 1830 liogerii
2986 1761 3227 1818 Toeuitae
3265 1764 3429 1821 ﬁliam
3463 1767 3518 1824 in

1933 1839 2187 1910 conjugio
2219 1843 2434 1912 habuit,
2483 1861 2549 1904 ex
2583 1863 2690 1918 qua
2717 1849 2853 1907 duos
2899 1853 3058 1918 ﬁlios,
3090 1853 3419 1913 Willelmum
3464 1869 3520 1914 ct

1930 1928 2224 2000 Rogerium
2254 1933 2645 1993 Coutumacem
2693 1943 3004 2010 procreavit
3032 1954 3087 2000 et
3135 1961 3297 2002 unam
3328 1948 3513 2013 ﬁliam,

1929 2037 2050 2094 quae
2080 2035 2266 2095 postea
2295 2027 2584 2100 liodulpho
2615 2033 2800 2088 comiti
2823 2049 3023 2104 genere
3066 2036 3275 2093 Britoni
3309 2042 3515 2111 nupsit,

1932 2124 2097 2184 atque
2146 2132 2267 2170 cum
2301 2120 2489 2174 codem
2523 2121 2576 2174 in
2625 2121 2816 2178 diebus
2871 2123 3075 2180 Urbani
3128 2142 3282 2200 papae
3319 2128 3515 2186 Hieru-

1926 2203 2095 2258 salem
2147 2208 2406 2276 perrexit.
2457 2209 2720 2265 l‘rmlalus
2753 2212 2913 2268 heros
2969 2215 3074 2270 duo
3105 2219 3352 2273 etenobia
3399 2235 3513 2274 mo-

1925 2297 2098 2350 nachc
2109 2312 2225 2350 rum
2251 2299 2464 2354 Sanctae
2480 2299 2659 2356 Mariae
2676 2303 2798 2358 εωΙὶ
2829 2305 3030 2374 regium
3052 2308 3312 2363 condidit.
3334 2308 3512 2366 Unum

1926 2384 2071 2452 apud
2103 2383 2308 2450 Liram,
2361 2387 2449 2442 ubi
2485 2389 2763 2445 Adelizam
2813 2393 3096 2465 coniugem
3153 2412 3306 2451 suam
3357 2412 3512 2468 sepe¢

1924 2472 2043 2527 livit
2075 2491 2090 2540 ;
2125 2485 2180 2528 et
2227 2476 2459 2532 alterum
2511 2481 2652 2550 apud
2697 2481 3020 2551 Cormelias,
3073 2486 3164 2541 ubi
3213 2486 3330 2558 ipse
3360 2490 3510 2560 quiec

1923 2566 2027 2620 scit
2055 2577 2108 2621 et
2132 2567 2448 2640 Rodulphus
2482 2571 2626 2628 ﬁlius
2672 2574 2790 2642 eius
2845 2590 2874 2628 a
2926 2576 3161 2646 pueritia
3210 2581 3510 2636 monachus

1924 2657 2035 2714 Deo
2062 2661 2150 2714 diu
2177 2662 2452 2718 militavit.
2507 2665 2623 2734 lpse
2654 2681 2873 2737 quoque
2902 2684 3024 2724 eum
3075 2670 3341 2726 Willelmo
3372 2672 3509 2726 duce

1920 2749 2124 2821 Anglos
2171 2754 2407 2810 maxime
2465 2759 2772 2826 perdomuit
2802 2769 2858 2815 et
2911 2762 3233 2817 comitatum
3287 2763 3510 2819 llcrl'or-

1923 2842 2025 2897 diu:
2053 2858 2175 2896 cum
2210 2860 2404 2916 magna
2431 2857 2586 2916 parte
2637 2849 2791 2921 regni
2843 2867 3004 2907 sensu
3037 2862 3092 2907 et
3118 2853 3323 2909 viribus
3367 2855 3508 2909 obti-

1923 2933 2064 2987 nuit.
2096 2935 2340 3005 Denique
2385 2953 2529 2993 anno
2574 2939 2643 2994 ab
2697 2940 3080 2997 lncarnatione
3127 2942 3340 2998 Domini
3369 2943 3507 2999 1070

1847 3003 1892 3065 (ἶ
1925 3041 2050 3080 cum
2075 3003 2324 3100 Philippo
2348 3045 2472 3101 rege
2503 3031 2840 3089 Francorum
2882 3035 3195 3090 Flandriam
3246 3038 3505 3110 perrexit,

1922 3118 2111 3173 volens
2133 3119 2397 3174 BalJuino
2426 3121 2700 3179 Mathihlis
2753 3125 2954 3196 regina:
2982 3128 3163 3196 nepoti
3193 3129 3501 3184 subvenire.

1923 3207 2192 3266 Robertus
2228 3223 2409 3268 autem
2458 3215 2637 3270 Frisio
2684 3232 2807 3271 cum
2854 3220 3097 3273 exercitu
3127 3218 3347 3275 llenrici
3397 3221 3503 3275 im-

1919 3302 2193 3371 peratoris
2235 3303 2444 3358 sociato
2489 3307 2681 3361 cuneis
2719 3306 2866 3373 suis,
2899 3324 2932 3362 x
2989 3307 3106 3362 Kal.
3155 3308 3356 3375 Martii,
3397 3310 3503 3366 Do-

1919 3393 2122 3448 minico
2167 3394 2592 3468 Septuagesima:
2623 3402 2920 3472 imparatos
2964 3420 3126 3460 mane
3156 3420 3502 3478 praeoccupa-

1918 3486 2071 3542 vitet
2123 3488 2374 3562 Philippo
2431 3510 2552 3548 cum
2606 3494 2835 3552 Francis
2886 3497 3146 3568 fugiente,
3177 3497 3500 3567 Balduinnm

1916 3593 2168 3653 nepotem
2207 3599 2384 3648 suum,
2437 3596 2493 3642 et
2539 3589 2870 3646 \Villehuum
2919 3593 3176 3648 comitem
3208 3592 3328 3648 telis
3379 3608 3502 3648 suo«

1918 3687 2036 3726 rum
2084 3675 2304 3730 occidit.
2346 3675 2540 3734 Postea
2572 3681 2839 3738 Flandria:
2885 3684 3135 3740 ducatum
3166 3685 3256 3740 diu
3305 3685 3498 3752 tenuit,

1915 3765 2259 3835 moriensque
2287 3768 2412 3824 ﬁliis
2460 3773 2597 3838 suis,
2644 3773 2883 3830 lloberto
2915 3775 3408 3848 llierosolymitano
3442 3786 3500 3834 et

1913 3857 2160 3930 Philippo
2183 3861 2496 3935 dereliquit.
2541 3864 2697 3922 Nunc
2748 3868 2817 3924 ad
2865 3869 3113 3924 ordinem
3151 3868 3392 3924 historia:
3419 3883 3502 3924 re-

1913 3950 2158 4008 deamns.

2480 4073 2708 4131 CAPUT
2749 4076 2938 4130 XXVI.

1913 4158 2044 4224 Qum
2068 4160 2166 4229 fuit
2191 4179 2352 4216 causa
2383 4173 2436 4216 ut
2469 4167 2574 4217 duo
2606 4165 2837 4218 coenobio
2883 4164 3106 4220 (Σαάοωὶ
3133 4172 3493 4218 construeret!-

2661 4245 2764 4289 (ιη’.

1983 4319 2288 4375 Willclmus
2331 4323 2460 4388 dux,
2509 4324 2635 4378 dum
2670 4341 2700 4378 a
2731 4325 3056 4394 quibusdam
3104 4324 3367 4396 religiosns
3391 4338 3494 4379 5:84

1914 4414 2031 4483 pius
2057 4414 2496 4483 redargueretur,
2523 4431 2589 4471 eo
2621 4420 2766 4488 quod
2799 4428 3268 4488 cognatamsuam
3299 4415 3398 4468 sibi
3439 4417 3492 4468 in

1913 4506 2264 4562 matrimonio
2319 4509 2649 4577 copulasset,
2709 4510 2892 4565 missis
2936 4511 3130 4580 legatis
3191 4508 3494 4562 Romanum

1911 4616 2105 4670 papam
2131 4617 2294 4672 super
2315 4602 2419 4657 hac
2442 4618 2500 4657 re
2533 4604 2826 4658 consuluit.
2855 4604 2924 4657 At
2953 4604 3042 4658 ille
3069 4603 3342 4676 sagaciter
3370 4615 3499 4655 con:

1911 4696 2180 4760 siderans,
2205 4697 2344 4767 quod
2375 4698 2420 4750 si
2446 4697 2736 4752 divortium
2766 4696 2883 4752 ﬁeri
2911 4697 3152 4766 inberet,
3193 4697 3333 4751 forte
3362 4693 3504 4747 inter

1910 4786 2276 4842 Flaudrenscs
2325 4796 2381 4841 et
2439 4787 2845 4857 Nortlnnannos
2875 4801 3039 4859 grave
3083 4788 3284 4844 bellum
3316 4796 3509 4836 exsur‘

1910 4887 2084 4948 geret,
2118 4880 2370 4933 maritum
2405 4887 2459 4932 et
2481 4877 2769 4947 conjngom
2793 4895 2822 4933 a
2851 4891 3006 4936 reatu
3039 4878 3296 4942 absolvit,
3323 4873 3518 4942 eisque

1909 4971 2290 5038 pmnitentiam
2339 4969 2598 5038 iujunxit.
2653 4970 2932 5028 Mandavit
2989 4971 3164 5042 enim,
3215 4978 3276 5026 ut
3319 4964 3388 5019 ab
3436 4966 3522 5018 eis

1911 5064 2018 5118 duo
2041 5064 2289 5122 emuobia
2327 5062 2720 5134 conderentur,
2759 5070 2810 5123 in
2867 5067 3070 5140 quibus
3126 5085 3228 5141 pro
3285 5058 3421 5131 ipsis
3450 5058 3525 5112 ab

1909 5162 2140 5225 utroque
2167 5170 2299 5210 sexu
2355 5153 2467 5210 Deo
2515 5157 2706 5215 sedulo
2737 5175 2928 5232 preces
2956 5157 3316 5218 olferrcntur.
3364 5148 3526 5215 Quod

1911 5249 1986 5298 illi
2028 5258 2312 5298 gratanter
2339 5262 2509 5298 onem
2557 5256 2973 5298 nnmnlm'm-nnl
3033 5254 3176 5298 Nam
3218 5244 3368 5298 anud
3415 5241 3530 5298 Ca-
