4040 5298
513 351 616 412 807

1363 335 1704 410 κνιιιλεωιι
1727 352 2017 411 caccuu
2043 341 2599 414 GEMMETICENSIS
2626 352 2930 414 MONACHI

3678 365 3777 421 868

514 469 780 532 concinit,
846 468 1043 539 Quibus
1087 468 1280 524 ancilla
1334 469 1428 523 Dei
1483 466 1758 521 Mathildis
1808 467 2084 522 abbatissa
2119 476 2166 533 Α
2196 480 2428 539 pueros,
2481 470 2574 540 qui
2631 469 2769 524 ciant
2834 471 2899 525 ad
2969 469 3260 527 ludendum
3327 488 3451 528 cum
3497 475 3779 545 oppidanis

513 565 630 621 fere
668 563 737 619 18
782 564 942 619 annis
993 563 1230 634 praefuit.
1280 563 1356 619 lbi
1401 562 1675 618 Mathildis
1728 560 1912 630 regina
1959 562 2092 617 1081

517 657 815 712 Doininiete
860 655 1260 711 lncarnationis
1304 669 1468 720 anno,
1500 671 1561 710 in
1586 653 1722 709 Non.
1756 652 2094 719 Novembris,

513 750 725 821 sepulta
754 757 858 804 est.
891 749 967 804 lbi
1007 761 1222 818 quoque
1251 747 1459 803 Cecilia
1507 747 1662 818 virgo
1692 746 1800 800 ﬁlia
1831 747 1948 817 ejus
1987 745 2098 802 Deo

513 851 834 898 consecrata
877 850 961 896 est
1005 849 1060 896 et
1093 843 1143 895 i'n
1200 841 1430 897 servitio
1480 838 1572 894 Dei
1625 839 1716 893 diu
1767 829 2106 893 emnmorata

515 948 618 992 est.
651 936 842 1000 Porro,
897 935 948 989 in
989 935 1238 989 ctenobio
1270 932 1452 988 Sancti
1501 933 1761 1001 Stephani
1809 931 2098 985 monacho-

523 1043 642 1081 rum
673 1027 945 1080 exercitus
967 1025 1280 1080 dmmonica:
1307 1024 1558 1094 phalangi
1610 1022 1836 1086 resistit,
1863 1037 2096 1090 quorum

515 1123 724 1192 primus
753 1123 921 1177 abbas
967 1123 1197 1174 domnus
1248 1119 1587 1173 Lanl‘rancus
1640 1117 1926 1170 Beceensis
1979 1131 2100 1170 mo-

520 1217 731 1272 nachus
756 1206 1113 1270 exstitit.'llic
1135 1230 1266 1268 vero
1312 1213 1411 1266 fuit
1455 1226 1650 1282 genere
1689 1211 2097 1282 Langobardns,

520 1305 764 1359 moribus
797 1305 944 1358 milis
974 1313 1028 1358 et
1066 1303 1347 1372 religiosus
1388 1311 1442 1355 et
1475 1310 1580 1353 tam
1614 1300 1889 1354 saecularis
1936 1314 2099 1368 quam

520 1395 818 1466 spiritualis
850 1397 1091 1451 scientia:
1142 1395 1525 1464 peritissimus.
1574 1392 1673 1459 Qui
1729 1402 1848 1460 post
1893 1391 2101 1460 aliquot

433 1510 441 1520 -
520 1500 709 1550 annos,
743 1485 1025 1539 annitente
1078 1483 1392 1537 Alexandro
1423 1497 1588 1552 papa,
1619 1480 1975 1534 Cantuarium
2013 1494 2102 1531 ar—

520 1575 990 1644 chiepiscopatum
1042 1580 1300 1644 suscepit,
1333 1582 1388 1628 et
1423 1582 1542 1642 post
1564 1571 1788 1626 multum
1821 1569 2098 1640 temporis,

520 1682 662 1720 anno
702 1668 768 1721 ab
822 1667 1198 1722 incarnatione
1245 1665 1457 1719 Domini
1502 1663 1660 1730 1100,
1703 1679 1756 1717 vi
1803 1661 1922 1715 Kal.
1955 1662 2098 1717 Juliii

521 1757 677 1810 obiit.
736 1756 863 1810 Post
915 1757 1088 1826 ipsum
1140 1754 1448 1810 Willelmus
1499 1755 1816 1818 monachus,
1857 1751 2097 1806 Radbodi

521 1846 799 1917 Sagicnsis
827 1817 1065 1916 episcopi
1095 1845 1258 1910 ﬁlius,
1291 1843 1644 1899 Cadomensis
1669 1817 1926 1897 Ecclesia:
1953 1841 2098 1911 regi-
2133 1817 2178 1878 Β

522 1953 648 1991 men
679 1938 872 2001 tenuit,
905 1937 995 2006 qui
1028 1945 1082 1990 et
1137 1937 1254 2006 ipse
1305 1945 1428 2005 post
1477 1934 1739 1990 Joannem
1791 1934 2102 2003 metropoli—

523 2037 708 2082 tanum
734 2028 1228 2099 Rothomagensem
1260 2029 1787 2098 archiepiscopatum
1841 2027 2100 2096 suscepit.

525 2118 723 2173 Deinde
757 2117 1064 2173 Gilehertus
1091 2118 1582 2172 Constantinicnsis
1610 2116 1838 2173 callidus
1882 2115 2102 2171 Cadomi

524 2216 708 2262 rector
754 2207 931 2262 factus
985 2218 1084 2262 est.
1136 2208 1303 2276 Cujus
1355 2217 1598 2278 tempore
1651 2207 1957 2262 Willelmus
1997 2207 2100 2261 dux

521 2297 1013 2354 Northmannorum
1043 2310 1097 2355 et
1125 2317 1220 2354 rex
1247 2300 1541 2371 Anglorum
1574 2316 1716 2355 anno
1742 2300 1874 2354 1087
1901 2297 2106 2353 notho—

521 2397 660 2466 magi
694 2411 724 2447 ν
769 2395 892 2449 ldus
917 2394 1254 2464 Septembris
1293 2405 1534 2449 mortuus
1561 2404 1666 2459 est,
1697 2404 1752 2449 et
1789 2395 1844 2448 in
1873 2393 2103 2449 ecclesia

523 2487 710 2540 Sancti
735 2485 993 2557 Stephani
1021 2485 1319 2540 honoriﬁce
1343 2485 1562 2539 Cadomi
1587 2485 1829 2554 sepultus
1850 2493 1952 2538 est.
1979 2482 2107 2539 llazc

526 2578 1086 2648 peranticipationem
1119 2577 1265 2632 dicta
1309 2575 1600 2631 sulliciant.
1651 2575 1986 2631 Venerabilis
2009 2589 2107 2629 auo

529 2680 638 2722 tcm
693 2669 1104 2732 Theodoricus,
1180 2679 1465 2738 postquam
1538 2667 1844 2723 ctenobium
1916 2665 2106 2722 Sancti

527 2759 730 2812 Ehrulﬁ
761 2757 873 2814 lere
895 2760 927 2814 8
952 2759 1106 2812 annis
1137 2759 1299 2820 rexit,
1326 2774 1423 2828 pro
1443 2759 1764 2827 quibusdam
1791 2755 2105 2813 tumultibus

527 2851 627 2904 sibi
652 2851 906 2905 excitatis
933 2865 960 2903 a
1003 2851 1202 2904 domno
1225 2849 1464 2904 Roberto
1508 2849 1576 2903 de
1605 2847 2103 2914 Grcntemaisailio,

528 2942 619 3010 qui
647 2951 773 2994 tunc
801 2943 950 3011 prior
978 2951 1115 3004 crat,
1149 2939 1401 2994 Mauritio
1425 2939 1832 3010 archiepiscopo
1889 2949 1943 2993 et
1988 2939 2104 2993 Hu-

529 3032 652 3102 goni
685 3031 936 3102 episcopo
965 3046 1152 3086 curam
1181 3032 1483 3085 animarum
1533 3031 1783 3084 reddidit.
1815 3029 2106 3085 Absolutus

528 3122 711 3192 itaque
740 3122 808 3176 ab
847 3107 956 3186 eis,
997 3130 1180 3190 utpote
1227 3120 1366 3175 lilius
1414 3119 1585 3191 pacis,
1638 3121 1718 3175 ire
1769 3118 2104 3175 Hierusalem

526 3211 788 3264 decrevit.
817 3209 915 3276 Qui
947 3211 1072 3265 dum
1097 3211 1150 3264 in
1178 3209 1414 3281 Cyprum
1460 3209 1691 3264 insulam
1723 3225 1846 3264 cum
1873 3211 2105 3280 quodam

525 3300 851 3356 venerabilis
902 3302 1026 3356 vitae
1075 3303 1360 3373 peregrino
1396 3303 1649 3372 episcopo
1705 3307 1771 3356 ad
1817 3304 2105 3373 quatiidam

525 3391 810 3447 ecclesiam
840 3396 1009 3449 sancti
1053 3393 1259 3449 Nieolai
1295 3398 1566 3462 venisset,
1608 3395 1759 3451 humi
1804 3405 2108 3466 prostratus

527 3500 714 3538 coram
764 3485 921 3541 altari
953 3485 1154 3542 diutius
1185 3489 1381 3551 oravit,
1427 3489 1610 3558 ibique
1639 3489 1692 3542 in
1716 3488 1963 3544 oratione
1985 3481 2105 3545 Kal.

525 3573 753 3641 Augusti
819 3574 1033 3630 beatum
1088 3577 1198 3631 Deo
1245 3579 1494 3648 spiritum
1547 3579 1801 3633 reddidit.
1873 3578 2108 3635 Insulani

528 3678 683 3728 vero,
739 3675 1019 3734 comperta
1071 3668 1361 3722 sanctitate
1407 3669 1531 3722 talis
1576 3669 1871 3739 peregrini,
1913 3681 2109 3739 corpus

530 3753 650 3821 ejus
696 3755 748 3808 in
779 3757 1007 3810 ecclesia
1053 3759 1399 3826 sepelierunt.
1424 3760 1586 3829 Cujus
1614 3761 1823 3814 meritis
1860 3761 1910 3813 in
1941 3775 2112 3830 τινετο-

534 3845 604 3898 tis
647 3843 813 3898 multa
869 3845 1164 3899 sanitatum
1234 3847 1498 3902 miracula
1566 3849 1824 3904 divinitus
1893 3860 2110 3906 ostensa

533 3942 672 3989 sunt.

1093 4053 1322 4110 CAPUT
1359 4055 1573 4113 XXVII.

529 4141 682 4208 Quod
719 4141 830 4196 dua:
866 4142 1163 4198 Willelmus
1206 4147 1383 4200 urbem
1432 4146 1876 4202 Cenomanuicam
1923 4158 1972 4204 et
2023 4167 2113 4204 ca-

761 4224 926 4267 strum
961 4213 1281 4269 Meduanuut
1309 4219 1620 4287 expugnavit
1649 4229 1696 4271 et
1725 4221 1878 4290 cepit.

600 4301 927 4373 Magniﬁcns
957 4304 1064 4359 dux
1106 4304 1441 4373 Willelmns,
1489 4307 1824 4363 Francorum
1877 4310 2112 4364 catervis

526 4402 900 4463 competenter
929 4394 1180 4460 devictis,
1218 4413 1426 4452 memor
1456 4398 1732 4468 opprobrii
1773 4415 1804 4454 a
1843 4399 2114 4456 Goiﬂ'redo

2200 558 2496 616 infantibus
2549 561 2921 628 intraverant,
2976 563 3293 619 combussit.
3359 563 3512 630 Quod
3579 567 3777 623 iterum

2199 651 2532 706 restauravit
2558 661 2612 707 et
2637 651 2962 708 custodibus
2980 653 3094 710 suis
3123 655 3472 728 mancipavit.

2747 756 2975 816 CAPUT
3014 761 3241 819 XXVIII.

2201 851 2474 931 Quomodo
2507 854 2764 931 Henricus
2791 874 2882 911 rex
2903 853 3233 914 Francorum
3256 863 3396 931 apud
3419 863 3612 918 vadum
3642 865 3784 921 Diva:

2271 927 2561 997 exercitum
2589 927 2764 997 amisi!
2792 937 2839 980 et
2868 940 3045 997 postea
3074 931 3197 984 duci
3226 927 3588 989 reconciliatus
3618 935 3785 991 eiderit

2261 1007 2490 1048 castrum
2521 995 2832 1066 Tegularias
2860 995 3108 1053 reddidit.

3800 708 3808 744 l

2272 1105 2384 1160 Rex
2417 1115 2600 1160 autem
2637 1106 2901 1163 Henricus
2937 1107 3189 1179 injuriam
3220 1113 3322 1168 sibi
3349 1128 3379 1167 a
3411 1113 3550 1171 duce
3580 1115 3786 1171 illatam

2203 1204 2317 1252 toto
2359 1198 2554 1252 annisu
2597 1199 2820 1268 cupiens
2862 1199 3070 1264 ulcisci,
3115 1213 3330 1272 sumpto
3363 1205 3640 1262 Goiﬁ‘redo
3699 1223 3787 1262 co-

2203 1289 2334 1343 mite
2371 1290 2770 1359 Andegavensi,
2835 1293 3208 1362 copiosissimo
3249 1313 3370 1351 cum
3408 1299 3652 1354 exercitu
3689 1295 3791 1354 itc-

2203 1387 2320 1431 rata
2389 1381 2731 1449 expeditione
2784 1380 3236 1439 Northmanniam
3296 1389 3632 1458 aggreditur.
3685 1389 3786 1456 Qui

2202 1467 2518 1522 comitatum
2573 1471 2943 1538 pertransiens
2991 1470 3337 1529 Oximensem
3393 1485 3448 1532 et
3494 1488 3788 1548 penetrans

2201 1557 2609 1628 Bajoaeensem,
2656 1562 2871 1617 tandem
2909 1564 3110 1620 reﬂexo
3140 1565 3277 1620 calle
3306 1568 3564 1624 redeundi
3592 1573 3786 1626 vadum

2205 1649 2349 1705 Diue
2378 1653 2620 1720 appetiit.
2661 1651 2814 1719 Quod
2856 1669 2984 1726 rege
3031 1663 3368 1723 transeunte,
3401 1659 3579 1713 media
3627 1675 3787 1716 exer-

2204 1745 2343 1800 citus
2370 1759 2496 1816 pars
2521 1745 2780 1812 substitit,
2815 1747 2949 1801 mari
2975 1756 3314 1815 eructuante,
3343 1751 3414 1806 ob
3439 1751 3790 1808 redundatio-

2204 1850 2327 1890 nem
2368 1835 2604 1891 ﬂuminis
2650 1852 2754 1892 non
2798 1838 2986 1894 valens
3015 1848 3379 1898 transmeare.
3414 1841 3552 1899 Cum
3594 1843 3788 1914 quibus

2203 1925 2311 1980 dux
2364 1927 2566 1982 acriter
2621 1929 3012 1998 superveniens
3065 1931 3168 1987 sub
3221 1934 3364 2004 regis
3423 1933 3598 1990 oculis
3646 1935 3793 1992 illico

2203 2031 2560 2086 congressus,
2613 2028 2763 2073 tanta
2815 2021 2936 2076 illos
2986 2023 3132 2078 caede
3186 2027 3502 2094 prostravit,
3544 2037 3607 2082 ut
3655 2039 3791 2098 quos

2205 2106 2416 2176 gladius
2464 2124 2572 2162 non
2608 2111 2891 2176 exstinxit,
2929 2112 3029 2168 hos
3066 2129 3161 2183 per
3186 2113 3616 2173 Northmannica
3643 2134 3793 2174 com-

2205 2197 2315 2267 pita
2356 2199 2694 2271 dispergeret
2728 2201 2985 2258 violentia
3032 2204 3163 2260 dira:
3207 2207 3555 2277 captivitatis.
3595 2209 3793 2266 Videris

2207 2301 2391 2346 autem
2438 2307 2537 2348 rex
2581 2310 2803 2350 suorum
2844 2297 3144 2365 interitum,
3186 2301 3508 2369 quantocius
3545 2302 3722 2358 valuit
3763 2319 3794 2358 a

2207 2380 2599 2438 Northmannis
2648 2387 2874 2441 recessit
2921 2397 2976 2441 et
3025 2389 3093 2443 ad
3139 2403 3232 2444 eos
3272 2391 3414 2445 ultra
3459 2392 3650 2447 venire
3691 2408 3794 2447 non

2208 2479 2474 2552 apposuit.
2505 2471 2816 2535 Amicitiam
2851 2496 3066 2552 quoque
3097 2483 3274 2551 ducis,
3305 2485 3650 2541 considerata
3685 2485 3798 2555 ejus

2207 2572 2510 2642 probitate,
2559 2573 2863 2644 requisivit,
2895 2574 2950 2628 ét
2998 2574 3298 2646 Tcgulense
3345 2587 3615 2645 castrum,
3657 2577 3799 2648 quod

2209 2659 2408 2716 dudum
2435 2662 2755 2728 abstulerat,
2786 2663 2859 2718 illi
2887 2664 3127 2719 tradidit.
3156 2664 3801 2736 Smpedictus-rex-valde

2205 2749 2311 2809 fuit
2357 2753 2640 2816 militaris,
2697 2769 3014 2826 magnazque
3069 2755 3402 2811 fortitudinis
3446 2766 3503 2812 et
3552 2758 3798 2826 pietatis.

2209 2843 2522 2901 llathildem
2546 2846 2626 2916 (ι)
2657 2846 2990 2903 Juliusclodii
3035 2849 3182 2918 regis
3221 2848 3498 2918 Rugorum
3535 2848 3707 2904 ﬁliam
3747 2849 3801 2905 in

2209 2937 2560 2992 matrimonio
2590 2937 2801 3005 habuit,
2828 2955 2895 2994 cx
2921 2954 3025 3009 qua
3056 2941 3192 2995 duos
3218 2939 3380 3006 ﬁlios,
3407 2939 3720 3011 Philippum
3751 2947 3805 2996 et

2208 3026 2522 3096 llngonem,
2572 3044 2844 3099 unamque
2891 3030 3054 3084 ﬁliam
3101 3031 3306 3101 genuit.
3354 3029 3456 3097 Qui
3507 3041 3804 3101 postquam

2211 3133 2439 3184 regnum
2484 3117 2674 3172 Galliae
2715 3118 2828 3174 fere
2857 3118 2927 3173 25
2957 3119 3115 3175 annis
3146 3121 3302 3185 rexit,
3328 3135 3490 3175 causa
3525 3135 3806 3191 corporea:

2167 3198 2180 3220 ⁰
2209 3209 2404 3263 salutis
2446 3223 2476 3262 a
2515 3207 2728 3264 Joanne
2775 3209 3109 3263 medicorum
3157 3209 3489 3280 peritissimo
3526 3211 3805 3278 potionem

2210 3299 2440 3369 accepit.
2475 3298 2582 3354 Sed
2610 3313 2820 3354 veneno
2853 3299 3079 3354 nimiam
3111 3300 3258 3354 sitim
3291 3298 3560 3354 inferente
3589 3299 3803 3368 jnssum

2207 3392 2486 3446 Archiatri
2518 3392 2724 3462 sprevit
2757 3400 2810 3446 et
2849 3407 2878 3446 a
2921 3391 3254 3446 cubiculario
3282 3401 3467 3461 potum
3504 3391 3801 3461 accipiens,

2212 3481 2340 3536 dum
2368 3481 2614 3535 medicus
2641 3480 2876 3543 abesset,
2907 3490 3036 3536 ante
3062 3481 3435 3552 purgationem
3459 3481 3620 3535 bibit.
3654 3479 3806 3534 Unde

2211 3574 2375 3628 nimis
2425 3573 2767 3639 inﬁrmatus,
2831 3575 3021 3628 eodem
3073 3573 3161 3628 die
3214 3579 3338 3642 post
3397 3570 3806 3640 perceptionem

2211 3679 2383 3720 sacrae
2410 3665 2769 3721 Eucharistize
2792 3665 2947 3720 obiit.
2973 3663 3277 3734 Philippum
3301 3679 3431 3718 vero
3455 3662 3624 3716 ﬁlium
3649 3676 3804 3716 suum

2213 3759 2266 3812 in
2297 3757 2558 3827 regimine
2584 3756 2916 3812 Francorum
2943 3759 3213 3812 haat‘edem
3237 3756 3519 3812 constituit
3541 3764 3598 3810 et
3625 3753 3805 3809 tutela

2211 3850 2461 3906 Balduini
2495 3850 2849 3905 Flandrensis
2878 3859 3110 3919 satrapa:
3142 3848 3563 3904 connuendavit.

2787 3957 3015 4014 CAPUT
3051 3958 3242 4014 XXIX.

2216 4053 2370 4122 Quod
2391 4053 2742 4107 delationibus
2767 4055 3114 4123 quorumdam
3142 4051 3574 4126 dweli’illelmus
3601 4052 3805 4126 aliquot

2389 4135 2454 4179 de
2485 4127 2769 4178 baronibus
2801 4126 2912 4177 suis
2942 4125 3091 4193 ejccit
3125 4126 3190 4177 de
3219 4124 3634 4178 Nortltmanuia.

2289 4213 2444 4268 Tunc
2477 4213 2800 4282 quibusdam
2841 4213 3122 4268 maledicis
3164 4213 3374 4267 vicinos
3415 4229 3808 4286 comparesqne

2215 4321 2343 4361 suos
2367 4305 2749 4360 accusantibus
2773 4320 2838 4360 ex
2866 4306 3094 4371 invidia,
3119 4307 3224 4362 dux
3252 4305 3554 4362 Willehnus
3578 4324 3809 4380 exaspes

2218 4406 2367 4450 ratus
2397 4395 2596 4466 ingenti
2628 4394 2769 4451 furia
2809 4397 3042 4452 barones
3083 4411 3233 4461 suos.
3271 4397 3481 4454 scilicet
3517 4399 3808 4455 Rodull‘utn

527 4485 725 4539 comite
771 4486 874 4540 sibi
929 4487 1092 4552 illati,
1154 4490 1221 4543 ad
1272 4489 1460 4544 urbem
1508 4491 1965 4546 Cenomannieam
2017 4507 2113 4562 per
2141 4486 2283 4565 nde
2317 4486 2542 4551 Toenia.
2586 4485 2866 4556 Hugonem
2911 4486 2978 4540 de
3025 4485 3502 4543 Greatemaisnilio
3527 4497 3585 4543 et
3615 4489 3809 4544 Emat-

528 4576 731 4645 aliquot
761 4593 932 4632 annos
960 4593 1110 4632 arma
1142 4581 1432 4634 convertit.
1478 4580 1616 4647 Quin
1647 4583 1811 4652 igitur
1839 4585 2112 4654 explicare

527 4667 726 4738 poterit
780 4678 910 4736 quot
959 4669 1191 4724 militum
1251 4670 1594 4733 incursibus,
1653 4680 1784 4740 quot
1839 4672 2110 4742 legionum

527 4756 959 4824 expeditionibus
1003 4759 1146 4812 illam
1188 4756 1476 4813 aﬂlixerit?
1504 4761 1584 4814 Ad
1621 4770 1952 4830 postremum
1982 4762 2111 4816 γῆςῖί

529 4845 891 4912 Cenomauni,
932 4850 1041 4916 jam
1079 4850 1316 4904 castellis
1356 4866 1452 4919 per
1493 4862 1748 4906 cunctum
1790 4854 2109 4908 comitatum

529 4937 796 5002 subactis,
843 4938 1064 4995 dextras
1103 4942 1226 4996 duci
1277 4943 1573 5005 dederunt,
1619 4943 1775 4998 tidem
1819 4953 2113 5015 pangentes

528 5027 605 5082 illi
659 5028 983 5082 arctissitnis
1031 5033 1408 5086 sacramentis.
1456 5033 1513 5087 ln
1545 5050 1774 5103 quorum
1829 5035 2008 5090 medio
2047 5034 2115 5089 ad

529 5118 852 5170 domandam
894 5133 1082 5172 eorum
1137 5120 1512 5188 insolentiam,
1565 5125 1671 5180 duo
1717 5127 2011 5198 municipia
2061 5128 2113 5181 in

515 5206 964 5246 ’θηηίοςῐξιιῐιιὶηίη
1051 5224 1144 5246 con
1194 5209 1442 5248 Rorhnlln
1534 5218 1792 5250 αισιιῖιῖυἷο
1897 5219 2116 5252 Ωιιῖοηιια

2215 4575 2341 4628 dum
2373 4573 2631 4629 Willelmi
2663 4574 2922 4630 Geroiani
2954 4574 3144 4641 ﬁlium,
3181 4577 3343 4647 cjecit
3370 4577 3438 4632 de
3473 4575 3810 4633 Nortbman-

2214 4667 2325 4723 nia.
2375 4666 2641 4721 Abbatem
2694 4681 2910 4737 quoque
2960 4666 3291 4733 Bobertum,
3343 4669 3434 4738 qui
3474 4667 3588 4737 jam
3640 4671 3809 4725 tribus

2213 4757 2371 4812 annis
2410 4759 2720 4814 coenobium
2771 4755 2957 4812 Sancti
3005 4757 3210 4814 Ebrulli
3268 4769 3514 4825 rexerat,
3566 4761 3695 4828 quia
3747 4762 3810 4814 de

2214 4848 2399 4903 audaci
2447 4846 2800 4902 Geroieorum
2849 4849 3102 4919 prosapia
3152 4849 3451 4918 prodierat,
3489 4850 3609 4904 sine
3655 4860 3809 4905 reatu

2219 4948 2278 4994 et
2302 4938 2507 5008 judicio
2551 4941 2742 5009 synodi
2775 4940 2844 4996 de
2877 4940 3272 4995 Nortbmannia
3304 4941 3512 5011 expulit
3539 4950 3598 4996 et
3620 4955 3810 5012 quem-

2219 5033 2342 5086 dam
2388 5035 2718 5088 monachum
2770 5034 2989 5087 nomine
3037 5032 3342 5089 Osbernum
3385 5034 3436 5090 ei
3472 5033 3807 5105 subrogavit.

2220 5123 2490 5178 Robertus
2536 5127 2765 5182 Romam
2812 5127 2970 5195 petiit
3019 5135 3074 5182 et
3117 5125 3340 5184 Nicolao
3388 5141 3540 5197 papze
3587 5142 3810 5183 causam

2249 5233 2372 5252 "om
2435 5220 2695 5252 :nl:nnnu:l
2786 5219 2890 5252 «ολ
2957 5221 3208 5252 ηηΛνιῖΑΜ
3271 5223 3558 5252 σι-νιιηηίηο
3615 5220 3806 5252 σι’-τηου.
