4040 5298
237 253 338 310 869

765 254 1108 312 ﬂlSTOilMS
1149 256 1728 315 NORTMANNORUM
1759 257 2160 318 LlBlllOCTO.
2196 293 2264 302 -—
2307 261 2510 318 LlBER
2549 261 2912 320 SEPTIMUS.

3403 265 3507 320 87d

233 367 406 441 petiit.
445 367 492 422 A
540 383 648 438 quo
691 368 988 424 honoriﬁce
1028 379 1309 440 susceptus
1344 379 1448 434 est,
1481 371 1638 441 eique
1667 371 1814 426 locus
1849 383 1886 440 Α
1919 387 2080 441 peum
2131 373 2272 444 ejus,
2313 377 2458 446 quod
2505 377 2704 430 mirum
2753 377 2902 432 dictu
2933 385 3032 442 cst,
3066 377 3282 432 natuma
3313 393 3378 434 ex
3414 397 3508 436 τινα

233 462 300 516 ad
343 462 770 516 construendam
817 463 1092 516 abbatiam
1139 462 1192 516 in
1231 463 1366 518 urbe
1403 461 1564 517 Britta
1601 464 1818 518 nomine

231 555 390 610 datus
415 561 520 608 est.
551 553 818 618 Britones,
865 563 926 608 ιιι
969 553 1160 620 fertur,
1190 555 1492 624 antiquitus
1521 555 1674 624 jussu
1711 555 1816 610 Ro-

195 655 518 700 ‘manorum
556 643 648 714 qui
691 631 816 698 tunc
858 659 956 714 per
997 653 1166 700 totum
1215 645 1404 700 orbem
1455 645 1832 714 imperabunt,

229 737 294 791 de
322 734 524 792 ﬁnibus
551 736 666 790 suis
689 737 890 805 egressi
917 745 1064 791 sunt.
1097 735 1320 802 Deinde,
1345 736 1602 794 Bouianis
1629 735 1828 812 iuben-3

231 831 408 896 tibus,
455 847 620 902 supra
665 831 816 886 littus
841 831 1106 886 Calabrici
1145 833 1308 886 maris
1353 831 1572 886 Brixam
1627 847 1814 886 urbem

225 921 622 988 condiderunt;
679 921 774 978 sed
825 939 946 978 eam
992 933 1114 992 post
1163 922 1342 992 plures
1393 938 1567 978 annos
1615 923 1811 976 diversi

224 1015 490 1070 bellorum
519 1015 778 1072 tumultus
797 1016 1205 1072 destruxerunt.
1231 1015 1466 1084 Singulis
1487 1015 1630 1070 enim
1656 1017 1812 1068 annis

223 1109 462 1176 Agareni
509 1108 728 1178 navigio
771 1108 824 1162 in
869 1107 1076 1162 Italiam
1120 1109 1406 1164 veniebant
1436 1119 1484 1163 cl
1517 1108 1720 1164 Circeis
1749 1125 1812 1162 ac

224 1196 595 1266 Langobardis
625 1198 718 1266 qui
747 1207 944 1254 terram
977 1197 1306 1262 incolebant,
1342 1199 1551 1268 ignavia
1591 1209 1812 1268 torpen-

225 1287 402 1351 tibus,
457 1289 834 1344 crudelitatem
881 1305 1034 1344 suam
1086 1289 1248 1344 minis
1293 1289 1636 1344 exercebant.
1675 1287 1810 1342 Nam

223 1379 392 1434 urbes
437 1390 493 1436 et
535 1383 730 1452 Oppida
777 1383 1230 1449 concremabant,
1266 1382 1528 1438 ecclesias
1568 1382 1810 1438 destrue-

221 1471 382 1536 bant,
437 1472 694 1540 virosque
736 1488 860 1528 cum
909 1473 1226 1528 mulieribus
1279 1472 1642 1543 captivabant.
1695 1471 1810 1528 Hoc

219 1576 315 1630 per
345 1561 516 1618 multa
547 1563 746 1620 smeula
777 1563 1091 1634 frequenter
1123 1565 1386 1622 fecerunt.

803 1675 1034 1734 CAPUT
1072 1675 1239 1731 XXX.

221 1765 338 1831 Quo
369 1775 602 1836 tempore
639 1767 875 1848 primunt
913 1767 1268 1848 Nerthum-nni
1304 1769 1362 1848 in
1411 1769 1652 1848 Apuliam
1691 1787 1808 1834 pero
1837 1789 1882 1848 Β

289 1848 551 1910 texerunt
587 1839 745 1910 etde
793 1841 1114 1908 principibus
1155 1840 1536 1894 A’ortlununuis
1581 1857 1820 1910 quarunt

287 1909 484 1962 ducatu
519 1909 676 1980 Apuli
703 1909 904 1962 subacti
936 1921 1079 1964 sunt.

287 2022 495 2078 Deinde
529 2021 862 2092 temporibus
885 2021 1104 2078 llenrici
1133 2023 1478 2094 imperatoris
1504 2025 1598 2079 ﬁlii
1623 2023 1802 2080 Cono-

215 2116 300 2172 nis
343 2125 402 2170 et
451 2113 674 2170 [loberti
724 2113 1226 2170 Northmannorum
1271 2117 1454 2180 ducis,
1498 2117 1824 2186 Osutundns,

217 2209 526 2278 Drcngotus
553 2208 730 2266 audax
765 2208 921 2264 miles
953 2209 1206 2278 Apuliam
1241 2210 1396 2274 adiit,
1431 2225 1550 2264 cum
1583 2211 1804 2280 quibus-

213 2301 336 2354 dam
405 2300 530 2354 aliis
580 2299 990 2354 Nortbmannis.
1039 2299 1176 2354 Nam
1227 2300 1556 2354 Willelmum
1607 2315 1820 2369 coguo-.

211 2403 402 2448 mento
433 2391 829 2462 Bepostellum,
862 2393 1086 2448 militem
1123 2393 1508 2456 clarissimum,
1547 2394 1602 2448 in
1641 2409 1804 2448 vena-

213 2485 362 2540 tione
387 2485 442 2538 in
473 2485 760 2553 praesentia
784 2483 1006 2540 lloberti
1035 2485 1189 2540 ducis
1210 2486 1506 2550 occiderat,
1533 2495 1805 2542 metuens-

209 2593 316 2647 que
345 2577 752 2632 animositatem
783 2577 936 2632 ducis
963 2585 1019 2632 et
1059 2577 1290 2648 insignis
1317 2578 1514 2646 equitis
1541 2577 1812 2648 nobilium.

209 2679 504 2740 parentum
565 2670 705 2736 iras,
762 2670 814 2724 in
869 2669 1120 2739 Apuliam
1169 2670 1427 2736 secessit,
1475 2681 1531 2726 et
1581 2680 1800 2740 pr..pter

209 2774 468 2829 magnam
508 2759 836 2829 probitatem
869 2759 986 2830 ejus
1020 2776 1050 2814 a
1080 2760 1474 2816 Beneventanis
1503 2761 1800 2820 honoriﬁce

209 2847 465 2902 detentus
517 2857 621 2904 est.
676 2847 880 2904 Deinde
937 2849 1140 2919 prmiati
1205 2851 1458 2922 Drengoti
1531 2850 1794 2923 exemplo,

208 2937 378 3010 agiles
400 2937 894 2996 Nortbmannorum
917 2957 1010 2998 seu
1033 2941 1312 2998 Britonum
1339 2944 1538 2997 tirones
1565 2942 1794 3004 incitati.

207 3029 448 3110 Italiam.
477 3032 706 3087 diversis
758 3033 1090 3102 temporibus
1144 3034 1490 3104 expetierunt
1525 3038 1578 3086 et
1619 3035 1798 3103 primo

1918 465 2172 522 draconis
2201 481 2492 536 erumpens
2526 476 2801 524 momento
2841 477 3014 522 totum
3056 469 3369 524 combussit.
3405 471 3510 526 De-

1917 555 2102 614 functo
2141 567 2324 612 autem
2362 557 2651 626 Turstiuo,
2687 559 3043 616 Nertlunanni
3081 561 3356 632 principes
3401 564 3503 617 sibi

1917 647 2208 706 Ranull'uin
2257 661 2310 706 et
2357 651 2688 708 Richardqu
2733 654 3048 725 elegerunt,
3090 655 3288 726 quibus
3323 656 3506 712 dueto-

1917 743 2068 800 ribus
2118 753 2349 800 mortem
2400 741 2642 802 Turstini
2691 745 3036 812 ulciscentes,
3069 755 3256 802 contra
3295 747 3504 820 Longo-

1915 833 2114 890 bardos
2160 851 2352 904 aspere
2391 835 2810 892 rebellaverant.
2851 837 2982 892 Post
3018 839 3224 908 aliquot
3269 851 3500 910 tempus,

1913 923 2404 982 Constantiuiensis
2457 929 2634 998 Drogo
2699 929 2841 984 ﬁlius
2903 928 3170 984 Taneredi
3231 933 3299 986 de
3351 933 3504 986 Alta-

1914 1017 2038 1070 villa
2065 1019 2316 1088 princeps
2345 1018 2845 1074 Northmanuorum
2887 1021 2938 1076 in
2962 1022 3156 1092 Apulia
3192 1023 3366 1080 factus
3393 1035 3516 1082 est-

1915 1109 2012 1164 llic
2041 1109 2348 1164 Christiana
2385 1112 2648 1182 religione
2695 1122 2750 1166 et
2805 1115 3024 1168 militari
3067 1116 3335 1184 probitate
3382 1117 3498 1171 lau-

1913 1201 2109 1260 dabilis
2158 1202 2386 1255 exstitit.
2434 1203 2602 1268 Quem
2661 1203 2830 1258 Wazo
2879 1204 3264 1274 Neapolitanus
3317 1224 3500 1264 comes

1914 1301 2192 1361 compater
2235 1291 2352 1360 ejus
2393 1291 2520 1346 dum
2569 1294 2780 1364 vigilias
2816 1295 2866 1349 in
2903 1297 3130 1350 ecclesia
3171 1297 3320 1352 Beati
3356 1299 3516 1364 Lau-_

1913 1385 2074 1438 rentii
2111 1400 2162 1438 Iv
2189 1385 2316 1440 ldus
2360 1385 2588 1455 Augusti
2628 1396 2873 1456 agerent,
2910 1405 3094 1444 coram
3127 1389 3284 1445 altari
3331 1392 3496 1446 Deum

1910 1482 1968 1528 et
2033 1485 2280 1528 sanctum
2351 1473 2698 1530 Laurentium
2771 1478 3110 1534 invocantem
3185 1483 3496 1538 trucidavit.

1911 1566 2082 1636 Porro
2123 1567 2400 1624 Uml’ridus
2445 1567 2620 1624 frater
2667 1568 2784 1638 ejus
2829 1571 2880 1624 in
2929 1573 3232 1644 principatu
3282 1576 3330 1629 ei
3375 1591 3499 1630 suc-

1909 1661 2114 1724 cessit,
2187 1671 2462 1732 totamque
2515 1659 2766 1734 Apuliam
2820 1657 3207 1720 Nortlunannis
3262 1665 3514 1736 subegit..

1911 1752 2012 1820 Qui
2063 1761 2352 1824 postquam
2409 1751 2568 1808 linem
2625 1751 2748 1806 vita:
2799 1749 2904 1806 sibi
2952 1753 3144 1808 adesse
3195 1755 3492 1824 perspexit,

1909 1844 2264 1902 Abailardum
2307 1845 2478 1900 ﬁlium
2518 1859 2676 1900 suum
2719 1843 2960 1900 lioberto
2997 1845 3154 1900 fratri
3187 1861 3305 1911 suo,
3336 1860 3496 1916 quem

1906 1955 2007 2010 pro
2062 1940 2315 1995 versutiis
2367 1939 2756 1994 Wiscbardum
2811 1937 3322 2010 cognominaverat,
3373 1953 3496 1998 cum

1908 2033 2104 2086 ducatu
2127 2031 2166 2084 A
2177 2032 2332 2101 puli:e
2357 2032 2774 2086 commendavit.
2803 2031 3072 2086 liobertus
3096 2039 3278 2084 autem
3297 2030 3498 2088 fratres

1907 2141 2054 2186 suos.
2087 2126 2179 2196 qui
2221 2141 2414 2180 omnes
2455 2125 2620 2178 duces
2649 2125 2732 2179 vel
2765 2125 2993 2178 comites
3025 2123 3266 2189 fuerunt,
3295 2124 3496 2178 virtute

1908 2227 1962 2272 et
2013 2233 2174 2272 sensu
2227 2233 2292 2270 ac
2348 2216 2678 2270 sublimitate
2736 2215 3088 2270 transcendit.
3141 2214 3272 2268 Nam
3323 2225 3492 2282 totam

1904 2309 2186 2378 Apuliam,
2255 2307 2600 2369 Calabriam,
2648 2323 2712 2360 ac
2758 2305 2996 2360 Siciliam
3039 2305 3140 2358 sibi
3183 2305 3494 2373 subjugavit

1903 2411 1960 2454 et
2007 2409 2332 2456 transmeato
2379 2399 2512 2454 mari
2561 2399 2852 2452 maximam
2899 2405 3104 2466 partem
3141 2395 3363 2452 Graecia:
3408 2397 3491 2452 in-

1903 2491 2044 2546 vasit
2065 2501 2120 2544 et
2154 2490 2404 2544 Alexium
2437 2489 2836 2556 imperatorem,
2863 2485 2954 2554 qui
2984 2493 3170 2538 contra
3211 2483 3490 2538 dominum

1903 2597 2059 2636 suum
2101 2579 2416 2634 illichaelein
2461 2579 2761 2648 Augustum
2813 2576 3060 2646 nequiter
3109 2573 3488 2642 rebellaverint,

1901 2673 2044 2727 bello
2071 2672 2300 2740 turpiter
2327 2685 2448 2723 cum
2481 2669 2748 2722 immenso
2769 2667 3009 2721 exercitu
3037 2665 3234 2720 victum
3262 2663 3490 2736 fugavit.

1903 2764 2002 2818 Hic
2035 2777 2164 2818 vero
2198 2763 2362 2818 multa
2405 2763 2546 2816 bona
2591 2760 2742 2824 fecit,
2777 2761 3119 2828 episcopatus
3157 2765 3212 2812 et
3248 2757 3504 2812 abbatias.

1899 2857 2082 2928 plures
2111 2853 2454 2910 restauravit.
2501 2851 2618 2916 llic,
2663 2851 2804 2904 sicut
2845 2863 3008 2916 supra
3035 2847 3306 2917 ,‘diximus,
3341 2847 3494 2900 dom-

1901 2965 2030 3004 nutn
2077 2949 2372 3002 Robcrtum
2425 2946 2674 3000 abbatem
2714 2940 2899 2998 Sancti
2945 2939 3146 2994 Ebrulli
3194 2937 3496 3006 benignitet'

1902 3039 2144 3110 suscepit
2174 3051 2226 3092 et
2254 3035 2542 3106 quamdam
2581 3049 2798 3105 parvam
2837 3031 3120 3086 ecclesiam
3145 3044 3308 3099 supra
3345 3027 3496 3084 littus

207 3121 400 3192 iuvare
431 3124 813 3194 Langobardos
842 3135 1032 3180 contra
1064 3125 1387 3188 Saracenos,
1418 3127 1532 3180 sive
1557 3124 1794 3190 Grmcos,
1827 3136 1872 3198 (ζ
1903 3127 2168 3182 Calabrici
2199 3127 2364 3179 maris
2397 3125 2553 3177 sitam
2589 3137 2706 3191 qua:
2740 3121 2793 3174 in
2823 3121 3030 3174 honore
3057 3127 3260 3173 sancta:
3285 3118 3496 3188 Euphe-

207 3214 442 3270 viriliter
470 3223 772 3284 cmperuut,
800 3213 1069 3270 Barbaros
1104 3216 1244 3271 bello
1289 3215 1486 3284 saepius
1529 3223 1796 3285 protrive-

208 3315 358 3360 runt.
411 3305 562 3361 Unde
611 3307 824 3362 cunctis
867 3324 1053 3363 eorum
1101 3309 1244 3362 vires
1267 3308 1504 3377 expertis
1543 3307 1800 3360 formida-

211 3397 348 3454 biles
383 3398 512 3452 facti
545 3408 694 3452 sunt.
719 3399 1060 3470 Langobardi
1087 3415 1236 3464 vero,
1265 3401 1456 3468 adepta
1487 3399 1796 3462 securitate,

209 3497 498 3556 coeperunt
551 3487 962 3544 Nortbmaunos
1013 3489 1323 3558 deSpicere,
1373 3485 1562 3558 eisque
1620 3489 1800 3542 debita

209 3580 480 3648 Stipendia
527 3581 871 3636 subtrahere.
915 3581 987 3634 At
1031 3579 1128 3644 illi,
1161 3587 1219 3634 ut
1265 3579 1368 3634 hoc
1405 3579 1802 3635 animadverte-

211 3682 360 3739 ruut,
389 3674 678 3741 quemdam
723 3690 786 3728 ex
835 3675 952 3729 suis
991 3689 1152 3744 super
1179 3688 1236 3730 se
1264 3672 1564 3743 principem
1601 3671 1801 3725 consti-

211 3774 436 3818 tuerunt
502 3774 558 3820 et
613 3775 802 3818 contra
857 3764 1244 3835 Langobardos
1293 3779 1446 3818 arum
1501 3770 1797 3816 verterunt.

211 3855 416 3910 Deinde
464 3855 794 3910 munitiones
824 3864 1090 3925 ceperunt
1136 3866 1191 3908 et
1239 3855 1444 3909 incolas
1495 3863 1650 3906 terrae
1697 3851 1798 3908 sibi

211 3947 428 4002 fortiter
447 3947 800 4017 subegerunt.
833 3947 1046 4002 Primus
1067 3947 1448 4017 Apulieusibus
1477 3944 1802 4000 Nortlnnan-

210 4044 314 4110 nis,
343 4043 476 4097 dum
500 4042 680 4096 adhuc
703 4050 760 4094 ut
787 4041 1011 4096 advena:
1035 4039 1365 4096 Waiiualrhi
1393 4039 1545 4092 ducis
1571 4037 1798 4092 Salernii

209 4135 552 4208 stipendiarii,
601 4143 788 4198 erant,
831 4133 1046 4203 preefuit
1097 4131 1389 4186 Turstinus
1441 4140 1799 4201 cognomento

209 4227 492 4293 Scitellus,
527 4225 614 4280 vir
643 4224 696 4278 in
742 4223 926 4279 multis
967 4221 1327 4294 probitatibus
1377 4221 1670 4274 admodum
1700 4233 1800 4274 cv-

209 4329 422 4392 pertus.
461 4317 566 4384 Qui
607 4316 748 4370 inter
793 4315 1000 4384 reliqua
1045 4314 1261 4369 virtutis
1309 4329 1408 4368 sua
1451 4311 1648 4366 indicia
1703 4325 1798 4364 ca-

207 4427 362 4484 pram
409 4410 554 4465 leoni
597 4424 664 4464 ex
712 4422 808 4464 ore
852 4407 1062 4477 rapuit,
1114 4407 1396 4476 ipsumque
1443 4404 1652 4458 leonem
1701 4417 1800 4471 pro

209 4504 394 4559 ablata
439 4502 544 4558 sibi
593 4516 754 4571 capra
801 4498 1070 4554 furentem
1101 4497 1260 4552 nudis
1291 4496 1540 4550 uianibus
1568 4494 1798 4564 arripuit
1831 4484 1877 4542 D

209 4605 262 4652 et
283 4596 432 4652 ultra
459 4607 676 4648 murum
708 4591 892 4661 palatii
934 4588 1142 4658 praefati
1175 4588 1326 4643 ducis
1358 4586 1503 4642 velut
1546 4586 1796 4641 catellum

209 4685 512 4756 quemlibet
541 4681 790 4754 proiecit.
814 4680 1156 4752 Langobardi
1182 4693 1307 4733 vero
1331 4695 1397 4733 ex
1422 4678 1621 4733 invidia
1652 4691 1800 4731 coui-

211 4781 340 4836 moti
375 4788 568 4836 contra
597 4781 792 4850 ipsum,
827 4791 1056 4834 mortem
1087 4775 1203 4845 ejus
1231 4783 1499 4844 optantes,
1529 4775 1800 4828 duxerunt

214 4887 332 4928 eum
377 4873 434 4928 in
485 4872 776 4942 quemdam
819 4871 1018 4937 locum,
1061 4870 1152 4924 tibi
1199 4869 1514 4922 morabatur
1547 4865 1801 4921 immanis

215 4966 376 5022 draco
413 4981 540 5020 eum
585 4979 778 5034 magna
823 4963 1162 5018 multitudine
1204 4961 1558 5029 serpentium.
1599 4959 1802 5014 Deinde

215 5068 272 5113 ut
299 5059 596 5113 draconem
627 5055 818 5110 venire
857 5063 1164 5118 senserunt,
1195 5053 1483 5110 confestim
1525 5051 1802 5122 fugerunt.

217 5149 504 5204 Turstinus
555 5155 733 5201 autem
796 5143 1018 5212 ignarus
1067 5143 1205 5209 doli,
1259 5144 1384 5200 dum
1441 5141 1622 5198 socios
1677 5157 1804 5198 suos

215 5239 394 5298 fauere
430 5245 682 5294 cerneret
712 5244 772 5290 et
799 5234 1186 5298 obstupescens
1215 5251 1434 5294 causam
1467 5245 1576 5288 tam
1612 5236 1804 5290 subitae

1905 3220 2028 3272 mia:
2065 3218 2288 3286 virginis
2328 3223 2383 3268 et
2425 3213 2682 3281 martyris
2729 3213 2973 3266 dedicata
3019 3220 3160 3275 erat,
3192 3210 3240 3264 ei
3281 3211 3489 3265 tribuit.

1905 3313 1972 3366 At
2005 3311 2110 3374 ille,
2141 3317 2201 3364 ut
2225 3317 2344 3362 erat
2384 3306 2797 3375 magnanimus,
2842 3305 3029 3376 ingens
3065 3305 3369 3358 emnobium
3411 3304 3486 3359 ibi

1903 3401 2141 3456 condidit
2179 3407 2236 3454 et
2273 3413 2524 3467 magnam
2559 3395 2956 3449 multitudinem
2999 3393 3380 3448 monachorum
3412 3393 3480 3448 ad

1900 3489 2241 3546 militandqu
2287 3489 2396 3542 Deo
2447 3486 2644 3540 ibidem
2699 3483 3064 3554 congregavit.
3121 3481 3369 3553 Episcopi
3426 3491 3483 3537 et

1901 3581 2112 3636 nobiles
2166 3579 2272 3634 viri
2323 3579 2638 3648 prtedietum
2688 3575 2902 3628 Patrem
2951 3573 3244 3629 Robertum
3294 3575 3490 3646 dilige-

1901 3673 2060 3739 bant,
2107 3673 2528 3734 venerabantur,
2581 3669 2816 3738 totisque
2874 3667 3080 3720 nisibus
3139 3666 3489 3736 adjnvabant.

1900 3765 2096 3820 Curam
2128 3764 2326 3832 quippe
2356 3761 2600 3831 corporis
2634 3759 2715 3814 sui
2751 3757 3199 3828 parvipendebat,
3241 3756 3335 3810 sed
3388 3755 3490 3810 sibi

1903 3855 2174 3924 subjectos
2201 3856 2340 3908 virtu
2362 3861 2416 3907 et
2437 3853 2630 3906 vestitu
2657 3847 2985 3904 sufﬁcienter
3007 3847 3187 3902 alebat
3209 3857 3264 3902 et
3287 3857 3494 3902 mentes

1901 3963 2090 4002 eorum
2153 3943 2384 4014 regulari
2441 3942 2723 4011 disciplina
2784 3955 3041 3996 coercens
3106 3939 3492 4008 componebat.

1900 4037 2194 4092 Prchatum
2243 4035 2426 4105 itaque
2473 4034 2782 4089 coenobium
2835 4031 2949 4086 fere
2999 4030 3064 4085 17
3123 4029 3280 4084 annis
3329 4029 3491 4094 rexit,

1900 4129 2186 4199 ldibusque
2241 4127 2544 4182 decembris
2613 4125 2843 4180 feliciter
2899 4122 2966 4178 ad
3017 4121 3304 4176 Dominum
3380 4121 3490 4175 mi-

1903 4224 2100 4294 gravit.

2467 4324 2693 4382 CAPUT
2731 4322 2922 4378 XXXI.

1909 4441 2064 4509 Quod
2093 4433 2504 4509 Ileraldusudnci
2535 4430 2796 4509 Willelmo
2823 4427 3302 4509 ﬁdelitateinferit,
3335 4443 3494 4496 quam

2112 4519 2318 4562 mortuo
2349 4503 2611 4558 Edwardo
2649 4519 2765 4572 rege
2795 4500 3034 4570 perjurus
3063 4499 3294 4567 infregit.

1977 4601 2276 4658 Edwardus
2329 4595 2625 4668 Anglorum
2675 4609 2798 4656 rex,
2842 4591 3162 4658 disponente
3209 4590 3340 4654 Deo,
3373 4603 3498 4642 suc-

1906 4691 2154 4748 cessione
2193 4687 2362 4758 prolis
2397 4699 2611 4750 carens,
2645 4685 2776 4739 olim
2816 4681 3038 4737 miserat
3070 4679 3338 4736 Willelmo
3372 4678 3492 4734 duci

1908 4785 2206 4840 Bobertum
2251 4779 2673 4837 Cantuariorum
2713 4775 3180 4845 archipraesulem,
3223 4789 3290 4828 ex
3333 4785 3497 4842 regno

1908 4895 1938 4932 a
1966 4878 2074 4931 Deo
2103 4874 2202 4930 sibi
2233 4873 2498 4928 attribute
2523 4857 2678 4922 illum
2710 4877 2956 4924 statuens
2979 4865 3268 4922 hatredem.
3297 4863 3500 4918 Deinde

1909 4968 2204 5026 Heraldum
2261 4973 2580 5020 cunctorum
2633 4973 2750 5015 sum
2801 4958 3188 5014 dominationis
3248 4955 3502 5012 comitem

1909 5059 2116 5116 divitiis
2143 5065 2196 5112 et
2227 5055 2432 5110 honore
2461 5067 2524 5106 ac
2555 5054 2807 5118 polentia
2847 5053 3146 5106 maximum
3189 5047 3310 5105 duci
3340 5044 3504 5100 desti-

1909 5154 2084 5215 navit,
2114 5159 2172 5206 ut
2216 5150 2267 5203 ei
2313 5150 2380 5204 de
2425 5159 2625 5202 corona
2677 5163 2776 5202 sua
2817 5144 3133 5200 ﬁdelitatem
3179 5147 3404 5204 faceret.
3440 5154 3504 5195 ac

1910 5243 2224 5298 Christiano
2255 5255 2405 5295 more
2444 5241 2810 5296 sacramentis
2841 5237 3106 5296 ﬁrmaret.
3146 5239 3246 5298 Οιιί
3274 5237 3397 5290 dum
3434 5232 3504 5286 ob
