4044 5360
516 253 619 312 871

1306 282 1310 285 -
1343 244 1686 306 WILLELMI
1713 243 2007 303 CALCULI
2048 233 2608 300 GEMMETICENSIS
2647 235 2953 297 MONACIII

3670 244 3782 300 872
3799 283 3808 292 .

515 365 667 422 illum
714 361 966 419 extorsit.
1009 360 1181 430 Quem
1227 359 1538 431 aliquandiu
1594 373 1777 416 secum
1820 355 2091 413 demorari
2121 363 2168 420 Α
2200 353 2562 421 Hierusalem,
2601 353 2815 409 Manno
2841 354 2984 426 patri
3017 369 3168 422 meo,
3209 353 3539 411 consobrino
3569 358 3782 415 scilicet.

514 458 646 513 fecit
700 465 756 513 et
808 455 864 511 in
919 456 1263 528 expeditione
1311 464 1504 511 contra
1544 453 1793 508 Britones
1847 452 2092 507 adduxit.

515 549 719 605 Deinde
763 548 893 613 dux,
931 556 1214 618 postquam
1252 545 1518 602 Heraldus
1555 544 1869 600 ﬁdelitatem
1897 543 1998 598 sibi
2029 541 2096 597 de

513 654 683 711 regno
727 637 974 710 pluribus
1021 637 1382 692 sacramentis
1432 635 1684 702 ﬁrmavit,
1717 635 1992 690 Adelizam
2035 633 2097 688 ﬁo

514 731 640 786 liant
676 738 829 787 suam
856 744 976 786 cum
1008 730 1300 784 medietate
1327 728 1537 800 Anglici
1569 729 1717 799 regni
1751 742 1809 783 se
1839 728 2093 782 daturum

510 825 560 879 ci
600 823 905 895 spopondit.
939 821 1220 877 Postremo
1250 821 1424 891 ipsunt
1469 837 1591 876 cum
1639 819 1822 874 multis
1847 818 2094 874 muneri-

511 916 613 971 bus
643 916 753 986 regi
787 914 994 969 remisit
1035 923 1091 969 et
1137 913 1420 984 pulchrum
1468 913 1866 967 adolescentem
1895 910 2096 966 Vulne-

511 1019 626 1062 tum
655 1007 882 1062 fratrem
912 1005 1030 1074 ejus
1063 1005 1306 1060 obsidem
1334 1005 1574 1060 retinuit.
1605 1004 1848 1072 Denique
1877 1003 2094 1056 Edwar-

508 1100 612 1154 dus
657 1113 774 1164 rex,
803 1097 1078 1168 completo
1127 1097 1302 1153 felicis
1345 1098 1468 1152 vitae
1505 1098 1758 1159 termino,
1801 1093 1900 1149 sub
1953 1109 2096 1149 anno

508 1191 649 1248 1⁸065
705 1191 999 1246 Dominica:
1056 1191 1450 1246 incarnationis
1498 1189 1753 1260 ntigravit
1797 1203 1828 1244 e
1876 1188 2092 1242 satculo.

507 1285 672 1354 Cujus
711 1301 936 1357 regnum
975 1285 1242 1341 ileraldus
1285 1285 1544 1339 continuo
1571 1283 1786 1347 invasit,
1814 1296 1879 1337 ex
1921 1280 2093 1335 ﬁdeli-

508 1383 620 1431 tate
663 1374 934 1446 pejeratus
976 1391 1139 1445 quam
1169 1375 1452 1444 juraverat
1492 1374 1633 1428 duci.
1672 1373 1752 1428 Ad
1786 1387 1945 1444 quem
1987 1373 2093 1426 dux

505 1468 757 1537 protinus
801 1467 1005 1539 legatos
1035 1469 1257 1534 direxit,
1298 1468 1519 1522 hortans
1547 1478 1603 1521 ut
1646 1468 1713 1526 ab
1751 1466 1853 1522 ltac
1883 1465 2093 1520 insania

508 1559 853 1628 resipisceret
885 1571 938 1614 et
971 1561 1128 1615 ﬁdem
1161 1575 1323 1631 quam
1356 1560 1665 1630 juramento
1711 1558 2090 1628 spoponderat,

507 1651 772 1721 condigna
818 1653 1152 1722 subjectione
1204 1653 1583 1707 servaret.At
1629 1651 1719 1706 ille
1764 1667 1872 1706 non
1916 1651 2092 1706 solum

2199 465 2300 506 suo
2343 449 2743 506 commendavit
2783 463 3001 505 omnem
3045 460 3201 506 suam
3257 451 3651 506 hmreditatem.
3697 451 3777 506 Tu

2199 551 2424 608 autem,
2483 557 2608 610 cum
2674 541 3026 613 complicibus
3078 543 3187 598 tuis
3231 541 3502 598 Alannum
3565 552 3779 614 patrem

2198 647 2380 690 meum
2411 633 2552 704 apud
2580 633 3034 690 Winmusterium
3060 633 3116 689 itt
3141 622 3536 690 Nortbmannia
3563 650 3777 693 veneno

2199 726 2478 797 percmisti
2527 739 2583 782 et
2631 736 2835 782 terram
2867 727 3049 798 .ejus,
3109 741 3274 799 quam
3325 742 3428 799 ego
3467 729 3595 799 quia
3643 744 3778 799 puer

2198 833 2348 874 erant
2393 819 2675 890 possidere
2715 819 3031 890 nequiham,
3081 820 3328 877 invasiSti
3356 831 3412 876 et
3448 832 3639 877 contra
3671 821 3778 889 fas,

2199 925 2320 965 cum
2346 911 2422 966 sis
2451 912 2668 977 nothus,
2701 914 2980 982 hucusque
3026 913 3270 968 tenuisti.
3295 911 3451 969 Nunc
3483 914 3649 986 igitur
3684 924 3780 970 adt

2201 1003 2329 1058 mihi
2379 1004 2615 1059 debitam
2665 1005 2832 1060 redde
2871 1003 3350 1072 Northmanniam,
3395 1016 3490 1061 aut.
3535 1023 3639 1079 ego
3681 1009 3776 1064 tibi

2199 1090 2326 1151 totis
2353 1097 2558 1152 viribus
2589 1097 2787 1152 bellum
2812 1097 3064 1152 inferam.
3094 1117 3114 1149 ι
3158 1097 3255 1152 llis
3305 1099 3538 1165 auditis,
3570 1099 3779 1155 Willclc

2197 1204 2319 1244 mus
2357 1190 2464 1244 dux
2504 1189 2902 1259 aliquantulum
2955 1189 3176 1245 territus
3205 1199 3308 1246 est.
3340 1191 3446 1246 Sed
3489 1208 3615 1247 mox
3651 1208 3776 1248 eunt

2197 1283 2364 1349 Deus,
2391 1283 2668 1340 frustratis
2700 1282 2905 1338 inimici
2934 1282 3117 1348 minis,
3155 1283 3368 1354 eripere
3397 1283 3650 1355 dignatus
3672 1295 3772 1340 est.

2199 1373 2352 1430 Unus
2400 1376 2544 1430 enim
2590 1392 2655 1432 ex
2710 1377 3028 1446 proceribus
3075 1376 3380 1443 Britonum,
3425 1377 3517 1447 qui
3561 1373 3776 1448 utrique

2196 1471 2380 1524 comiti
2407 1470 2688 1540 juravcrat
2716 1469 3033 1526 ﬁdelitatem
3050 1470 3426 1542 ethujusmodi
3451 1471 3773 1542 legationem

2196 1561 2340 1616 inter
2364 1576 2458 1632 eos
2488 1561 2719 1630 ferebat,
2749 1562 2944 1618 lituum
2975 1562 3224 1618 Chunani
3245 1572 3302 1618 et
3321 1564 3583 1630 habenas,
3615 1572 3776 1636 atque

2198 1653 2507 1710 chirotecas
2553 1655 2882 1713 intrinsecus
2943 1655 3065 1712 livit
3121 1671 3352 1712 veneno.
3398 1656 3531 1710 Erat
3579 1659 3774 1728 quippe

507 1743 610 1796 hoc
657 1743 846 1796 audire
894 1745 1248 1812 contempsit,
1298 1758 1485 1798 verum
1533 1759 1747 1799 omnem
1797 1743 2092 1815 Anglorum
2124 1753 2170 1814 Β
2197 1745 2564 1804 cubicularius
2597 1748 2870 1804 Chunani.
2905 1746 3058 1804 Tunc
3095 1748 3238 1804 idem
3269 1763 3450 1805 comes
3492 1747 3775 1806 Britonutn

506 1841 720 1900 gentem
758 1833 827 1886 ab
868 1833 956 1888 illo
994 1834 1283 1889 inﬁdeliter
1315 1835 1532 1890 avertit.
1564 1833 1851 1890 Grithfridi
1880 1849 2094 1906 quoque

508 1923 652 1993 regis
700 1921 1031 1988 Wallorum,
1091 1933 1376 1994 postquam
1433 1925 1647 1980 hostilis
1702 1939 1827 1980 eum
1882 1925 2094 1996 gladius

506 2012 756 2081 peremit,
791 2012 1074 2082 pulchram
1123 2012 1407 2085 conjugetn
1445 2015 1663 2079 Alditlt,
1703 2015 1951 2086 praeclari
1994 2031 2093 2072 co-

505 2102 656 2156 tnitis
701 2103 888 2174 Algari
933 2105 1122 2172 ﬁliam,
1157 2107 1260 2162 sibi
1305 2121 1530 2162 uxorem
1575 2105 1776 2175 junxit.
1811 2106 1868 2162 In
1903 2107 2094 2163 diebus

505 2193 641 2258 illis,
686 2192 740 2248 in
788 2203 945 2264 parte
980 2195 1415 2252 Circii‘eometes
1451 2197 1719 2268 apparuit,
1757 2212 1877 2266 qua:
1920 2197 2094 2253 tribus

503 2283 671 2338 radiis
719 2283 931 2354 longius
979 2285 1282 2353 protensis,
1321 2286 1611 2341 maximam
1649 2299 1859 2357 partem
1905 2287 2093 2342 Austri

503 2392 600 2446 per
627 2376 861 2449 spatium
892 2377 1200 2447 quindecim
1237 2378 1478 2434 noctium
1518 2378 1808 2434 illustravit
1833 2388 1890 2434 et
1920 2389 2086 2433 muta-

505 2466 726 2533 tionem,
763 2475 820 2521 ut
843 2467 1064 2538 plurimi
1093 2478 1470 2537 asscruerunt,
1507 2467 1737 2539 alicujus
1762 2469 1912 2540 regni
1942 2469 2091 2525 desi-

502 2557 710 2624 gnavit.

1055 2651 1286 2709 CAPUT
1329 2644 1542 2707 XXXII.

506 2734 660 2814 Quod
680 2739 792 2814 dux
813 2739 1115 2814 Willelmus
1137 2741 1411 2814 Iustinum
1436 2739 1748 2814 [Tosticnm]
1773 2741 2010 2796 comitem
2038 2742 2091 2797 in

573 2812 819 2883 rtuglium
850 2812 1156 2883 tnisit,_qui
1196 2813 1265 2866 ad
1319 2811 1488 2882 regem
1541 2811 1870 2883 Nortlttbegce
1909 2814 2094 2868 timore

579 2880 809 2933 ﬂeruldi
837 2880 1095 2951 confugit.

577 2973 745 3030 Porro
772 2975 879 3028 dux
913 2974 1200 3031 'l‘ustinum
1245 2976 1500 3033 comitem
1535 2977 1588 3032 in
1632 2977 1880 3048 Angliam
1925 2977 2090 3044 misit,

2193 1841 2248 1895 in
2277 1839 2649 1912 Andcgavensi
2683 1841 2948 1897 comitatu
2984 1840 3268 1896 castellum
3289 1839 3581 1897 Guntherii
3619 1842 3775 1898 obso-

2193 1931 2349 1988 derat
2370 1943 2424 1988 et
2452 1934 2738 2004 oppidanis
2765 1933 3025 1988 militibus
3052 1948 3172 1989 sese
3197 1933 3274 1987 illi
3297 1932 3628 1990 dedentibus
3648 1938 3775 1991 suos

2193 2023 2612 2082 intromittebat.
2639 2025 2852 2080 Interea
2880 2024 3176 2081 Chunanus
3203 2027 3514 2082 ehirotecas
3536 2041 3666 2083 suas
3693 2027 3776 2082 in-

2190 2124 2352 2172 caute
2380 2117 2573 2185 iuduit,
2611 2118 2878 2189 tactisque
2907 2117 3159 2181 habenis,
3191 2133 3411 2173 manum
3437 2118 3507 2173 ad
3540 2134 3603 2174 os
3633 2119 3775 2176 leva-

2193 2208 2290 2264 vit.
2327 2207 2493 2279 Cujus
2542 2220 2690 2265 tactu
2733 2225 2943 2266 veneno
2983 2209 3217 2265 infectus
3245 2219 3330 2266 est
3366 2219 3423 2267 et
3459 2211 3620 2282 paulo
3657 2223 3776 2282 post

2193 2301 2444 2356 omnibus
2467 2303 2580 2358 suis
2607 2302 2919 2372 lugentibus
2949 2301 3239 2357 defunctus
3269 2310 3374 2367 est,
3414 2302 3512 2358 llic
3546 2304 3774 2360 multum

2193 2410 2358 2464 sagax
2388 2393 2488 2448 fuit
2513 2403 2572 2449 et
2601 2394 2824 2464 probus,
2871 2409 2934 2449 ac
2966 2402 3180 2449 amator
3202 2394 3445 2465 justitize.
3479 2394 3580 2462 Qui
3609 2397 3655 2450 si
3685 2398 3774 2451 diu

2192 2487 2436 2552 vixisset,
2466 2487 2632 2542 multa
2653 2485 2818 2555 bona,
2847 2495 2906 2541 ut
2928 2486 3124 2553 fertur,
3143 2487 3381 2551 fecisset,
3405 2502 3469 2543 ac
3492 2488 3562 2542 ad
3585 2503 3776 2559 regen-

2193 2579 2318 2634 dum
2338 2580 2600 2635 honorent
2621 2581 2768 2636 utilis
2789 2579 3001 2636 fuisset.
3021 2579 3275 2635 Prddit‘or
3295 2590 3502 2647 autem,
3524 2581 3775 2636 conscius

2192 2673 2277 2727 sui
2307 2682 2512 2736 reatus,
2543 2687 2667 2727 mox
2699 2674 2765 2729 de
2801 2675 3148 2745 expeditione
3187 2673 3422 2746 aufugit,
3454 2685 3511 2730 ct
3543 2683 3776 2729 mortem

2192 2764 2438 2820 Cltunani
2471 2763 2742 2821 Willelmo
2765 2766 2890 2822 duci
2933 2765 3232 2822 mandavit.

2723 2966 2954 3025 CAPUT
3002 2966 3241 3027 XXXIV.

505 3067 602 3120 sed
635 3063 828 3120 militia
858 3064 1080 3120 Hcraldi
1106 3081 1257 3121 mare
1281 3082 1506 3121 servans
1537 3081 1660 3121 cum
1691 3067 1859 3122 armis
1889 3067 2090 3138 abegit.

515 3157 570 3178 Δ·
628 3156 713 3178 ΞΙΙΔ
767 3171 872 3178 ..-η
937 3157 1121 3178 -_-I,_-__
1180 3157 1468 3178 _-.|__I,_2.-__
1533 3158 1762 3178 A___,I!._-_
1820 3159 2039 3178 2,,.,-_9,-,

2197 3081 2272 3137 De
2303 3097 2518 3137 numero
2572 3085 2781 3137 natium
2819 3087 3132 3178 qtiemrdux
3185 3085 3483 3143 ii’illelmus
3529 3093 3685 3152 duxit
3723 3098 3779 3152 fit

503 3157 576 3212 At
627 3156 717 3213 ille
767 3171 876 3212 non
937 3157 1124 3213 valens
1178 3157 1469 3214 salubriter
1521 3158 1771 3228 Angliam
1819 3159 2088 3226 introire,

505 3261 681 3318 neque
702 3245 1180 3314 Northmanniam,
1215 3248 1344 3318 quia
1386 3257 1580 3304 ventus
1608 3250 1864 3304 obstabat
1891 3251 2089 3316 redire,

505 3339 799 3397 Heraldum
821 3339 1114 3412 Herfagam
1137 3340 1480 3412 Northwega:
1503 3356 1685 3412 regem
1709 3343 1866 3408 adiit,
1891 3343 2093 3413 ipsum-

505 3449 611 3503 que
638 3434 861 3507 supplex
887 3444 946 3489 ut
965 3434 1259 3507 sejuvaret
1282 3435 1516 3507 rogavit.
1546 3435 1664 3506 Ipse
1688 3451 1818 3491 vero
1846 3438 2092 3506 precanti

504 3523 733 3581 'l‘ustino
747 3525 976 3582 libenter
988 3526 1275 3597 acquievit.
1294 3527 1492 3582 Eodem
1507 3541 1650 3581 anno
1665 3527 1891 3583 dontnus
1903 3527 2094 3584 Osher—

504 3634 608 3673 nus
628 3618 814 3687 abbas,
841 3627 1126 3689 postquam
1150 3619 1399 3674 cmnobio
1423 3619 1605 3675 Sancti
1625 3619 1824 3674 Ebt'ulli
1856 3621 2094 3690 quinque

505 3709 664 3764 annis
691 3718 746 3763 et
773 3711 982 3764 duobus
1029 3711 1308 3766 mensibus
1343 3711 1556 3781 praefuit
1580 3751 1594 3777 ,
1635 3713 1716 3766 vir
1742 3713 1917 3767 bonus
1943 3722 1998 3767 et
2025 3717 2092 3768 de

506 3797 766 3867 subjectis
789 3799 889 3853 sibi
911 3799 1198 3865 sollicitus,
1216 3816 1291 3854 γι.
1315 3801 1435 3854 Kal.
1459 3801 1604 3856 .lunii
1627 3802 1780 3856 obiit.
1805 3803 1904 3857 Cui
1926 3819 2091 3872 sagax

509 3890 842 3947 Mainnerius
867 3891 1110 3963 ejusdem
1142 3895 1376 3950 coenobii
1407 3895 1707 3950 monachus
1737 3897 2000 3952 successit
2037 3909 2093 3954 et

508 3997 705 4038 novatn
732 3982 1058 4050 ecclesiam,
1109 4000 1407 4054 onmesque
1434 3987 1624 4042 domos
1655 3989 1937 4042 monachis
1964 4005 2092 4044 cou-

508 4089 694 4144 grtias,
738 4075 850 4132 Deo
889 4075 1141 4145 juvantc,
1172 4091 1229 4134 et
1275 4082 1532 4150 temporis
1580 4080 1840 4137 felicitate
1876 4083 2092 4138 favente

509 4169 838 4223 construxit.
875 4170 978 4235 Qui
1035 4179 1322 4240 postquam
1366 4174 1439 4225 ‘22
1487 4173 1646 4227 anuis
1704 4175 2091 4228 monasterium

509 4259 920 4330 rexittempore
945 4262 1168 4317 Robcrti
1196 4263 1376 4333 ignavi
1408 4266 1560 4320 ducis
1583 4276 1635 4320 et
1658 4264 1948 4321 Gislebcrti
1978 4265 2093 4321 lla-

510 4351 1084 4409 minotiLuxovicnsis
1127 4356 1386 4426 episcopi,
1441 4373 1494 4410 χι
1549 4355 1688 4412 Νοιι.
1728 4357 2089 4413 Martiiobiit.

514 4445 787 4501 Uticensis
833 4462 962 4501 vero
995 4448 1226 4504 abbatia:
1257 4451 1494 4519 regimen
1523 4452 1925 4521 elegantissimo
1959 4457 2088 4509 Scr-
2124 4472 2168 4530 [)

510 4534 658 4601 loni,
706 4536 900 4606 peritia
940 4537 1347 4608 Scripturarum
1391 4551 1446 4596 ct
1493 4542 1798 4612 eloquentia
1830 4548 2086 4615 pollenti,

511 4621 762 4692 reliquit;
812 4628 904 4696 qui
935 4639 1057 4697 post
1087 4628 1224 4683 duos
1254 4645 1427 4685 annos
1465 4641 1518 4685 et
1560 4643 1669 4687 tres
1697 4651 1906 4692 tucnscs
1944 4655 2089 4707 pra:-

510 4715 747 4770 sulatum
777 4718 1062 4788 Sagiorum
1103 4721 1199 4775 Dei
1234 4723 1408 4791 gratia
1436 4726 1692 4794 suscepit.

1047 4834 1274 4890 CAPUT
1310 4835 1544 4892 XXXI“.

687 4924 766 4980 De
806 4936 970 4980 morte
997 4924 1238 4990 Caunum
1277 4929 1482 4984 comitis
1521 4930 1921 4990 Britannorum.

582 5013 856 5086 Tempore
881 5032 991 5085 quo
1019 5016 1320 5073 thlchnus
1352 5021 1458 5074 dux
1499 5024 1818 5093 disponebat
1841 5028 2090 5097 Angliam

512 5110 664 5165 adire
686 5117 742 5163 et
764 5108 932 5162 armis
961 5122 1082 5161 eam
1119 5109 1220 5163 sibi
1262 5112 1563 5180 vindicare,
1595 5119 1768 5172 audax
1801 5119 2094 5177 Chunanus

512 5214 700 5258 comes
743 5199 1038 5253 Britannia:
1086 5199 1236 5254 nisus
1277 5211 1362 5256 est
1413 5221 1568 5270 eum,
1612 5209 1776 5264 missa
1825 5210 2092 5282 legatione

513 5290 848 5360 huiusmodi,
880 5299 1090 5344 terrere
1117 5305 1130 5343 :
1171 5308 1190 5341 ‹
1230 5292 1404 5348 Audio
1434 5305 1506 5360 te,
1549 5297 1744 5360 inquit.
1775 5317 1919 5358 nunc
1952 5304 2090 5360 velle

2853 3156 3098 3226 Angliam

2266 3287 2574 3346 Willelntus
2627 3291 2834 3360 igitur,
2875 3307 3107 3348 securus
3155 3292 3419 3361 eﬂ'ectus,
3466 3296 3521 3350 in
3573 3297 3777 3369 Anglos

2191 3396 2409 3435 omnem
2447 3382 2556 3436 vim
2596 3382 2799 3440 furoris
2847 3387 3140 3442 convertit.
3187 3386 3550 3444 Considerans
3592 3401 3774 3448 autem

2193 3471 2486 3526 lleraldunt
2513 3474 2756 3543 quotidie
2785 3476 2992 3531 viribus
3022 3479 3290 3543 roborari,
3317 3478 3545 3535 classem
3569 3483 3638 3536 ad
3672 3485 3777 3540 tria

2194 3561 2360 3616 millia
2413 3563 2633 3618 naviunt
2677 3563 3000 3622 festinanter
3039 3578 3096 3623 et
3141 3570 3275 3624 bene
3305 3571 3548 3626 construi
3578 3571 3775 3641 jussit,

2192 3662 2246 3706 et
2275 3653 2329 3707 in
2360 3651 2588 3709 Puntivo
2621 3657 2763 3725 apud
2792 3656 3054 3714 Sanctum
3078 3660 3406 3717 Walerieum
3440 3663 3492 3716 in
3521 3665 3778 3722 anchoris

2192 3761 2430 3816 congrue
2463 3757 2608 3802 stare
2645 3748 2792 3803 fecit.
2822 3749 3100 3820 Ingentem
3129 3767 3343 3823 quoque
3373 3756 3674 3810 exercitum
3704 3773 3774 3812 ex

2192 3837 2581 3894 Nortlnnannis
2606 3850 2662 3896 et
2691 3841 3117 3900 Flandrensibus
3151 3862 3214 3900 ac
3241 3845 3470 3902 Francis
3504 3858 3560 3902 et
3597 3848 3774 3905 Britoo

2192 3931 2350 3985 nibus
2380 3935 2722 4002 aggregavit;
2774 3946 2936 4006 atque
2975 3947 3338 4008 przrparatant
3384 3939 3614 3996 classem
3664 3953 3776 3998 tam

2192 4024 2500 4078 valentibus
2531 4026 2686 4094 equis
2706 4043 2870 4096 quam
2902 4031 3291 4085 robustiSsitnis
3320 4031 3630 4088 hominibus
3651 4051 3775 4090 cum

2194 4116 2381 4171 loricis
2424 4125 2481 4171 et
2526 4118 2696 4188 galeis
2746 4120 2992 4191 replevit.
3036 4123 3302 4179 Omnibus
3340 4125 3522 4194 itaque
3549 4129 3773 4195 paratis,-

2194 4220 2358 4263 vcnto
2391 4208 2553 4265 flante
2580 4213 2850 4278 secundo,
2881 4214 3013 4268 velis
3043 4216 3094 4268 in
3123 4217 3354 4272 sublime
3388 4218 3596 4287 pansis,
3630 4231 3776 4275 trans

2197 4318 2348 4357 tnare
2388 4302 2765 4358 l’cnucsciluttt
2808 4308 3054 4376 appulit,
3099 4309 3188 4362 ubi
3236 4311 3420 4363 statim
3463 4311 3777 4368 ﬁrmissimo

2191 4395 2340 4449 ‘Vallo
2371 4406 2612 4450 castrum
2660 4399 2934 4463 comlidit,
2983 4402 3276 4471 probisque
3323 4404 3585 4459 militibus
3629 4421 3780 4460 convb

2197 4488 2582 4546 tnisit.l)eindc
2612 4491 2846 4547 festinus
2892 4492 3181 4563 llastiugas
3223 4497 3400 4558 venit,
3438 4496 3620 4568 ibique
3668 4500 3776 4554 cito

2193 4596 2360 4650 opere
2446 4583 2592 4637 aliud
2663 4583 2920 4638 ﬁrmavit.
3000 4586 3265 4641 lleraldus
3337 4598 3556 4655 autem,
3649 4591 3775 4646 dum

2194 4672 2554 4729 Northmanni
2589 4676 2930 4731 intraverunt
2967 4695 3191 4749 regnum
3215 4682 3356 4750 quod
3396 4682 3508 4752 ipse
3547 4699 3777 4755 usurpas

2199 4776 2348 4821 verat
2370 4806 2384 4832 ,
2440 4777 2632 4823 contra
2677 4768 2958 4824 Tosticum
2996 4771 3218 4825 fratrem
3246 4789 3402 4828 suum
3429 4776 3572 4832 bello
3607 4786 3774 4834 occtt-

2195 4865 2355 4924 patus
2409 4868 2546 4912 erat.
2602 4859 2657 4912 In
2702 4874 2812 4928 quo
2860 4862 3114 4917 conflictu
3179 4866 3494 4934 praedictum
3548 4868 3774 4926 fratrem

2198 4963 2353 5002 suum
2378 4951 2632 5018 peremit,
2662 4965 2727 5007 ac
2757 4952 3046 5009 Ilcraldum
3080 4971 3262 5024 regem
3289 4958 3650 5033 Northwegzc,
3683 4965 3772 5034 qui

2192 5038 2476 5093 -Tosticum
2497 5041 2691 5110 juvare
2717 5053 2962 5100 venerat.
2981 5043 3108 5100 Haec
3127 5063 3303 5118 pugna
3318 5048 3484 5106 Nonis
3501 5051 3772 5120 Octobris,

2195 5131 2251 5184 in
2279 5132 2370 5185 die
2395 5132 2620 5189 Sabhati
2666 5135 2806 5191 facta
2838 5147 2942 5201 est,
2989 5139 3044 5192 in
3076 5156 3180 5209 qua
3212 5156 3350 5209 pene
3397 5152 3539 5198 totus
3570 5144 3773 5200 North-

2196 5222 2532 5291 wigenarutn
2580 5228 2854 5282 exercitus
2909 5229 2978 5284 ab
3023 5230 3212 5302 Anglis
3279 5249 3438 5288 casus
3487 5245 3592 5290 est.
3652 5237 3773 5292 Indo

2195 5312 2369 5360 vit-[nr
2411 5313 2690 5360 "armisin:
2729 5317 3063 5360 Lttnﬂnninm
3113 5323 3268 5360 rmliit
3351 5327 3444 5360 unJ
3495 5327 3561 5360 Δρ
3594 5327 3771 5360 τηιιή-
