4040 5298
269 103 376 160 875

825 229 1050 288 CAPUT
1089 227 1308 284 XXXV.

263 325 424 394 Quod
477 323 746 392 Heraltlus
783 335 1042 394 tyrannus
1087 321 1364 394 consilium
1413 319 1600 394 matris
1651 333 1764 394 sum
1807 325 1854 369 et

271 387 560 466 ffratris.
607 387 827 466 bellum'
849 403 1032 446 contra
1095 389 1492 445 Northmmmos
1545 387 1859 441 dissuaden-

338 463 494 528 tium,
525 463 732 534 sprerlt.

340 571 462 644 ipse
509 587 640 628 vero
688 571 914 626 audiens
956 571 1198 627 acriores
1236 567 1576 625 adversarios
1629 583 1694 622 ex
1751 567 1854 622 alia

267 674 434 734 parte
465 663 804 728 surrexisse,
853 662 1051 717 iterum
1083 662 1150 717 ad
1188 677 1415 734 agonem
1457 660 1688 715 viriliter
1719 675 1856 730 prm-

263 757 484 830 paravit
513 771 593 811 se.
627 755 756 810 Erat
777 755 920 809 enim
949 755 1176 808 multum
1205 755 1382 808 audax
1409 761 1462 810 et
1489 755 1709 823 probus,
1741 759 1856 804 toto

255 863 498 922 corpore
527 845 950 916 pulcherrimus,
975 845 1283 916 eloquentia
1311 845 1523 915 lepidus
1545 853 1599 899 et
1625 843 1857 898 all'ahilis

263 937 540 991 ornnibns.
569 937 738 992 Porro
765 947 937 992 matre
968 953 1062 992 sua
1097 937 1326 1007 aliisque
1362 938 1554 992 amicis
1606 937 1856 992 fidelibus

261 1021 466 1079 bellum
490 1027 540 1080 ei
567 1026 1034 1091 dissuadentibus,
1065 1027 1201 1080 dixit
1227 1025 1276 1080 ei
1303 1027 1498 1082 Woth
1530 1041 1716 1081 comes
1745 1025 1858 1080 fra-

265 1127 350 1172 ter
375 1133 546 1172 suus:
580 1135 596 1169 ι
629 1117 890 1188 Oportet,
923 1119 1245 1173 chanissimc
1287 1117 1461 1172 frater
1503 1127 1556 1173 et
1603 1117 1853 1182 dontinc',

261 1219 324 1263 ut
369 1209 613 1278 probitas
661 1219 752 1263 tua
817 1217 1148 1278 temperetur
1205 1209 1556 1264 discretionis
1603 1210 1854 1262 modera-

259 1287 432 1351 inine.
479 1297 634 1352 Nunc
664 1314 728 1352 cx
761 1298 944 1368 proelio
981 1297 1492 1368 Northwigenarnm
1534 1297 1710 1353 fessus
1755 1313 1854 1355 τοο

260 1387 416 1448 nisti,
449 1385 766 1455 iterumque
797 1402 938 1441 nunc
971 1385 1196 1442 festinas
1231 1396 1420 1444 contra
1448 1385 1853 1444 Northmannos

257 1477 516 1546 przeliari.
545 1477 796 1545 Quiesce,
821 1493 1043 1548 qtueso;
1075 1481 1372 1548 prudenter
1402 1488 1640 1536 tractare
1673 1489 1850 1536 tecum

257 1567 420 1635 velis,
453 1569 584 1640 quid
629 1585 752 1624 cum
809 1572 1168 1626 sacramentis
1198 1571 1412 1628 consuli
1442 1571 1851 1628 Nortltmaunise

255 1659 600 1728 promiseris.
630 1661 774 1716 Cave
807 1676 874 1716 ne
903 1659 1468 1731 perjuriumincurras
1501 1673 1556 1720 et
1583 1679 1682 1734 pro
1701 1673 1852 1718 tanto

257 1751 468 1806 scelere
501 1761 556 1806 tu
587 1767 713 1806 cum
763 1753 972 1808 viribus
1015 1763 1212 1810 nostra:
1244 1755 1421 1824 gentis
1477 1771 1724 1822 corruas,
1755 1771 1852 1810 no-

253 1831 498 1912 smeque
545 1843 830 1916 progeniei
893 1859 1310 1916 permansurum
1363 1845 1604 1902 dedecus
1653 1847 1850 1902 exinde

201 1947 206 1952 ‘
257 1929 380 1987 lias.
419 1931 531 2002 Ego
567 1934 706 1988 liber
749 1935 818 1990 ab
850 1937 998 1990 omni
1041 1945 1424 2004 sacramento,
1455 1937 1731 1994 Willeltno
1759 1953 1851 1994 eo-

251 2025 370 2102 miti
407 2025 544 2080 nihil
583 2025 780 2081 debeo.
815 2025 1091 2104 Audacter
1107 2027 1274 2099 igitur
1315 2039 1506 2085 contra
1542 2031 1692 2086 illum
1747 2047 1848 2103 pro

257 2115 426 2170 natali
475 2117 590 2172 solo
639 2126 858 2173 certare
891 2128 1116 2188 paratus
1152 2136 1294 2176 sum.
1333 2121 1412 2176 Tu
1443 2132 1650 2190 autem,
1681 2123 1850 2178 frater

257 2208 352 2273 mi,
383 2223 494 2279 quo
509 2210 593 2264 vis
621 2209 674 2264 in
703 2225 836 2280 pace
863 2213 1086 2281 quiesce
1102 2221 1158 2268 et
1182 2223 1442 2269 eventum
1473 2215 1598 2270 belli
1623 2225 1850 2285 praesto-

249 2295 392 2366 lare,
426 2319 492 2357 ne
525 2303 672 2358 clara
699 2302 925 2358 libertas
946 2304 1246 2376 Anglorum
1280 2315 1468 2375 pereat
1507 2307 1560 2360 in
1609 2315 1696 2360 tua
1731 2321 1850 2377 per—

257 2391 540 2462 ditione.)
579 2393 676 2448 llis
707 2393 890 2464 itaque
931 2395 1134 2450 auditis
1175 2397 1538 2462 sermonibus,
1585 2397 1849 2452 lleraldus

257 2485 619 2539 vehementer
665 2491 750 2540 est
795 2485 1128 2557 indignatus.
1183 2486 1482 2542 Consilium
1530 2489 1674 2543 istud
1703 2491 1848 2560 quod

257 2573 584 2642 amicisrjus
612 2575 830 2629 salubre
853 2575 1162 2641 videbatur,
1189 2579 1419 2646 sprevit,
1444 2589 1500 2632 et
1526 2593 1846 2650 germanum

259 2678 416 2718 suum
443 2665 534 2733 qui
571 2665 804 2720 lidelitcr
827 2666 878 2720 ci
903 2667 1326 2734 consiliabatur,
1375 2669 1636 2724 conviciis
1665 2669 1848 2724 irrita-

259 2756 370 2819 vit,
405 2765 745 2828 matremque
773 2773 960 2824 suam,
1013 2773 1133 2829 qua:
1187 2759 1350 2814 nimis
1393 2760 1566 2830 ipsum
1611 2764 1847 2818 retinere

260 2861 444 2901 secum
477 2849 779 2918 satagebat,
813 2849 950 2926 pede
983 2851 1288 2922 procaciter
1319 2854 1612 2922 percussit.
1641 2853 1846 2910 Deinde

771 95 1122 155 HISTORle
1161 91 1796 154 NORTIIMANNORUM
1839 89 2018 146 LIBRI
2059 89 2263 146 OCTO.
2305 119 2378 132 --
2414 89 2620 146 LIBER
2661 91 3024 148 SEPTIMUS.

1891 217 1934 276 Α
1965 203 2148 258 viente
2207 202 2716 260 Northmannorum
2765 207 2820 260 in
2871 207 2960 262 die
3005 206 3234 264 Sabbati
3291 213 3544 270 multavit

3435 98 3542 154 874

1961 293 2130 348 multa
2157 295 2322 350 millia
2355 295 2676 366 Anglorum,
2708 299 2799 366 qui
2831 297 2990 370 longe
3021 309 3148 354 ante
3181 302 3530 362 innocentem

1961 381 2254 440 Aluredum
2289 383 2492 454 injuste
2532 396 2893 453 necaverunt,
2943 381 3008 444 ac
3048 392 3374 460 praecedenti
3405 393 3544 450 Sabo

1959 473 2086 530 bato
2119 474 2412 532 ileraltlum
2457 493 2636 548 regem
2683 487 2740 532 et
2777 479 3058 535 Tosticum
3099 481 3352 538 comitem
3382 484 3546 542 alios-

1959 577 2063 633 que
2126 567 2327 624 multos
2387 567 2590 638 absque
2653 568 2856 639 pietate
2917 571 3339 626 trucidaverunt.
3399 572 3545 630 Idem

1963 669 2180 726 quoque
2221 659 2386 726 iudex
2417 659 2666 728 sequenti
2715 668 2876 715 nocte
2917 659 3124 732 Anglos
3171 661 3466 718 vindicavit
3491 671 3549 718 et

1957 745 2202 804 furentes
2245 749 2650 806 Northmannos
2695 750 2751 806 in
2801 765 3000 806 caecam
3047 753 3366 824 voraginem
3406 769 3550 824 pra:-

1957 839 2226 907 cipitavit.
2277 840 2381 912 Ipsi
2427 842 2574 896 enim
2623 853 2812 898 contra
2863 855 3198 914 praeceptum
3249 845 3386 918 legis
3429 860 3544 902 rem

1957 930 2193 988 alienam
2241 933 2600 990 immoderate
2647 937 3048 1007 concupierunt
3097 953 3162 992 ac
3205 937 3454 1004 veloces,
3483 947 3546 992 ut

1957 1023 2418 1096 PsahnOgraphus
2447 1027 2576 1082 dicit
2597 1067 2612 1089 ,
2659 1027 2823 1098 pedes
2857 1043 3045 1084 eorum
3069 1030 3134 1083 ad
3161 1027 3546 1084 eﬂ'undendum

1957 1117 2278 1186 sanguinem
2309 1115 2556 1178 fuerunt.
2597 1117 2830 1188 Ideoque
2868 1119 3252 1175 contritionem
3281 1129 3340 1176 et
3369 1119 3548 1176 infeli-

1957 1205 2182 1261 citatem
2209 1207 2264 1262 in
2290 1207 2395 1263 viis
2426 1207 2540 1262 suis
2565 1207 2930 1262 olfenderunt.

2472 1315 2702 1372 CAPUT
2761 1317 3026 1373 XXXVII.

1957 1407 2112 1482 Qtt_0_d
2157 1405 2550 1482 Lundonienses
2580 1425 2638 1482 re
2658 1409 3001 1482 eidederunt.
3031 1417 3082 1482 et
3130 1413 3270 1479 quod
3305 1415 3544 1482 sequenti

2027 1477 2214 1552 Natali
2234 1477 2466 1552 Domini
2481 1476 2774 1552 Lundonia
2797 1495 2890 1532 rea:
2911 1476 3200 1550 Anglorum
3219 1476 3436 1552 e/fectiu
3461 1494 3540 1538 est

2024 1548 2158 1600 etde
2189 1547 2402 1602 abbatia
2432 1549 2497 1602 de
2526 1548 2696 1604 Bello.

2025 1657 2156 1715 Post
2207 1659 2324 1716 haec
2369 1659 2526 1716 fortis
2570 1661 2678 1716 dux
2734 1658 3040 1716 Willelmus
3085 1661 3156 1716 ab
3202 1661 3544 1718 inimicorum

1951 1759 2138 1822 strage
2167 1765 2442 1817 reversus,
2467 1759 2628 1808 nocte
2658 1751 2836 1806 media
2883 1753 2948 1806 ad
2995 1767 3244 1822 campum
3295 1754 3418 1808 belli
3465 1763 3550 1808 est

1953 1853 2252 1912 regressus.
2305 1841 2462 1898 Mane
2510 1857 2640 1897 vero
2683 1843 2982 1898 Dominica:
3023 1843 3128 1898 dici
3181 1843 3546 1906 illucescente.

1949 1933 2138 2004 spoliis
2193 1933 2431 1989 hostium
2467 1933 2746 1990 distractis
2783 1943 2840 1988 et
2887 1936 3206 2004 corporibus
3249 1936 3542 1990 charorum

1947 2039 2174 2080 suorum
2205 2026 2454 2096 sepultis,
2489 2027 2590 2082 iter
2619 2025 2848 2094 arripuit
2871 2028 3014 2095 quod
3047 2025 3384 2082 Lundoniam
3421 2037 3544 2082 ten-

1949 2117 2048 2172 dit.
2080 2117 2286 2172 Deinde
2325 2117 2390 2172 ad
2413 2119 2601 2172 urbem
2627 2115 3004 2186 Warengel'ort
3027 2132 3274 2186 gressum
3297 2119 3538 2179 divertit.

1943 2217 2396 2278 transmeatoque
2425 2209 2564 2262 vado
2589 2207 2758 2272 ﬂuvii,
2791 2207 3032 2278 legiones
3085 2208 3156 2263 ibi
3197 2217 3380 2264 castra
3428 2225 3546 2265 me-

1949 2300 2049 2354 tari
2093 2299 2276 2368 jussit.
2334 2299 2462 2355 Inde
2513 2313 2642 2353 vero
2685 2299 3002 2368 profectus,
3061 2299 3400 2356 Lundoniam
3459 2311 3546 2358 est

1949 2405 2276 2461 aggressus;
2327 2393 2420 2448 ubi
2473 2406 2838 2462 praecursorcs
2884 2392 3084 2448 milites
3127 2393 3432 2458 venientes,
3489 2395 3542 2448 in

1949 2483 2126 2552 platea
2155 2484 2304 2540 urbis
2326 2484 2588 2554 plurimos
2624 2484 2944 2538 invenerunt
2989 2485 3244 2551 rebelles,
3283 2487 3545 2542 resistere

1949 2581 2064 2630 toto
2089 2577 2377 2631 conamine
2433 2579 2797 2632 decertantes.
2825 2575 2960 2630 Cum
2990 2577 3186 2646 quibus
3209 2579 3392 2632 statim
3417 2594 3546 2633 eon-

1949 2669 2151 2737 gressi,
2185 2684 2291 2723 uon
2341 2669 2626 2723 minimum
2681 2667 2882 2722 luctum
2936 2669 3229 2724 intulerunt
3281 2671 3427 2736 urbi,
3473 2670 3545 2724 ub

1939 2747 2188 2813 ﬁliorum
2216 2775 2280 2814 ac
2305 2761 2504 2814 civium
2533 2773 2753 2814 suorum
2782 2757 3010 2828 plurima
3037 2759 3248 2815 funera.
3288 2760 3544 2820 V'identes

1947 2849 2168 2905 demum
2197 2849 2464 2906 Lundonii
2501 2865 2558 2906 se
2591 2847 2796 2906 diutius
2815 2861 3006 2906 contra
3039 2861 3186 2908 stare
3229 2869 3334 2906 non
3361 2867 3540 2923 posse,

247 2954 356 3014 per
399 2955 492 2996 sex
545 2941 662 2996 dies
717 2942 1053 2997 innumeram
1099 2943 1497 2998 multitudinem
1550 2947 1848 3017 Anglorum
1875 2931 1924 2994 C
1957 2941 2100 2996 datis
2129 2942 2430 3006 obsidibus,
2462 2957 2520 2996 se
2549 2957 2753 3012 suaque
2780 2942 2961 2998 omnia
2990 2943 3328 3000 nobilissimo
3353 2947 3542 3000 victori

259 3033 560 3094 contraxit,
581 3033 772 3086 ducem
799 3034 1076 3088 incautum
1107 3034 1422 3090 accclerans
1445 3053 1845 3108 przeoccupare,

245 3133 372 3204 tota
403 3135 560 3180 nocte
585 3124 836 3194 equitans
889 3126 942 3180 in
989 3141 1178 3196 campo
1217 3125 1344 3181 belli
1376 3129 1626 3198 apparuit
1663 3145 1842 3185 mane.

791 3235 1023 3312 CAPUT
1071 3237 1313 3293 xxxvi.

245 3317 538 3390 Quomodo
591 3325 702 3380 dua:
755 3325 1253 3402 Northntan‘nortmt
1293 3329 1585 3402 li'illelmus
1651 3331 1846 3402 Anglos

757 3397 857 3450 sibi
901 3397 1112 3451 rebelles
1143 3399 1344 3452 det-icit.

323 3487 450 3544 Dux
479 3503 641 3551 vero.
685 3497 983 3546 nocturnos
1018 3507 1330 3561 praicavens
1351 3509 1618 3550 excursus
1648 3497 1842 3566 hostis,

257 3579 646 3636 inclmantibus
672 3581 912 3636 tenebris
945 3581 1010 3636 ad
1039 3583 1407 3653 gratissimam
1455 3602 1627 3656 usqtte
1669 3589 1843 3646 lucem

255 3671 560 3726 exercitum
587 3671 753 3738 jussit
796 3687 918 3727 esse
952 3673 1006 3727 in
1039 3675 1228 3729 armis.
1285 3675 1456 3731 Facto
1491 3689 1670 3733 autem
1703 3681 1840 3734 dilu-

257 3755 380 3818 culo
413 3763 663 3827 Sahbati,
695 3763 935 3834 legiones
967 3765 1198 3820 militum
1243 3765 1296 3820 in
1345 3768 1520 3823 tribus
1563 3771 1844 3827 ordinibus

257 3857 548 3926 disposuit.
575 3866 630 3912 et
651 3859 926 3912 horrendo
951 3859 1107 3914 hoste
1139 3861 1442 3932 intrepidus
1471 3863 1688 3919 obviam
1717 3881 1846 3936 prs-

255 3947 448 4002 cessit.
479 3945 616 4002 Cum
649 3963 759 4017 quo
779 3989 792 4013 ,
816 3947 918 4002 sub
943 3948 1075 4003 hora
1123 3949 1228 4005 dici
1275 3953 1433 4008 tertia
1459 3953 1658 4010 bellum
1691 3971 1843 4010 com-

257 4037 408 4092 misit
441 4047 498 4093 et
529 4038 585 4092 in
637 4038 878 4093 caedibus
922 4039 989 4093 ab
1021 4047 1250 4109 utraque
1301 4053 1457 4110 parte
1497 4047 1845 4102 morientium

258 4144 431 4200 usque
461 4129 528 4184 ad
561 4139 774 4183 noctem
805 4131 1095 4210 protraxit.
1125 4131 1393 4188 Heraldus
1437 4135 1599 4190 etiam
1643 4137 1754 4206 ipse
1790 4137 1844 4192 in

235 4219 434 4291 'primo
477 4219 708 4274 militum
741 4233 1032 4290 progressu
1064 4221 1379 4278 vulneribus
1410 4223 1686 4278 lethaliter
1709 4241 1842 4280 con-

239 4309 437 4366 fossus
457 4309 730 4366 occubuit.
752 4309 906 4382 Angli
930 4325 1081 4380 vero,
1099 4321 1386 4382 postquam
1413 4321 1520 4367 tota
1534 4314 1846 4372 diciortitcr
1871 4294 1922 4354 Ῐ)

259 4403 312 4458 in
360 4403 616 4458 conﬂictu
656 4405 1039 4474 perstiterunt,
1115 4419 1412 4476 regemque
1466 4421 1623 4461 suum
1663 4419 1842 4464 morte

257 4510 576 4565 Oppressum
603 4507 1017 4568 compererunt,
1038 4497 1150 4567 jam
1180 4498 1246 4552 de
1274 4497 1450 4552 salute
1474 4512 1573 4552 sua
1601 4499 1842 4556 dillidere

260 4596 562 4656 coeperunt,
576 4595 635 4641 et
654 4597 814 4642 nocte
830 4587 1174 4654 imminente,
1197 4603 1352 4644 versa
1371 4587 1528 4655 facie,
1544 4591 1839 4645 subsidium

259 4674 398 4748 fugae
423 4681 788 4750 appetierunt.
818 4681 1005 4751 Itaque
1043 4679 1432 4750 Northmanni,
1482 4683 1610 4737 dum
1640 4685 1844 4755 Anglos

259 4766 448 4838 fugere
479 4771 758 4836 viderunt,
787 4781 899 4826 tota
931 4783 1094 4830 nocte
1134 4773 1413 4830 Dominica
1447 4791 1541 4831 eos
1581 4778 1647 4832 ad
1679 4779 1845 4834 detri-

261 4872 500 4938 mentum
530 4865 612 4918 sni
647 4865 847 4919 obnixe
874 4867 1145 4936 persecuti
1193 4879 1340 4922 sunt.
1375 4868 1510 4924 Nam
1539 4883 1845 4935 crescentes

265 4953 450 5010 herba:
479 4957 768 5028 antiquum
801 4959 1351 5030 aggerem'tegebant,
1382 4961 1470 5016 ubi
1499 4959 1844 5036 summopere

263 5054 540 5100 currentes
562 5045 925 5102 Northmanni
959 5065 1080 5103 cum
1115 5052 1270 5119 equis
1294 5063 1348 5108 et
1377 5053 1550 5108 armis
1583 5057 1838 5125 ruebant,

265 5150 327 5190 ac
346 5152 482 5202 sese,
511 5139 636 5194 dum
666 5155 810 5194 unus
835 5150 1054 5212 repente
1086 5157 1252 5211 super
1293 5145 1524 5202 altermn
1571 5149 1837 5218 cadebat,

263 5229 498 5284 vicissim
550 5231 994 5298 exstinguebant.
1039 5233 1114 5287 lbi
1165 5235 1458 5298 nimirum.
1513 5247 1576 5292 ut
1624 5241 1836 5298 ferunt.

1953 3045 2308 3102 supposuere.
2375 3033 2534 3087 Anno
2577 3033 2760 3102 itaque
2787 3033 2857 3088 ab
2905 3033 3280 3090 incarnatione
3328 3035 3541 3089 Domini

1953 3123 2092 3178 1066
2121 3123 2443 3188 Willelmus,
2471 3123 2968 3181 Northmannorum
3005 3127 3134 3191 dux,
3165 3141 3324 3197 quem
3364 3127 3536 3198 stylus

1951 3225 2136 3272 noster
2185 3217 2446 3272 extollere
2495 3232 2600 3271 non
2661 3215 2880 3284 sullicit,
2927 3219 3106 3272 nobile
3147 3228 3430 3288 tropaeum,
3481 3229 3541 3274 ut

1949 3323 2114 3378 supra
2140 3307 2340 3364 dictum
2365 3317 2467 3373 est,
2497 3323 2563 3362 ex
2594 3307 2785 3378 Anglis
2812 3307 3068 3362 confecit.
3105 3310 3324 3371 Deinde,
3361 3310 3412 3364 in
3453 3311 3542 3366 die

1950 3397 2156 3453 Natalis
2185 3399 2396 3453 Domini
2447 3399 2534 3454 ab'
2565 3400 2818 3454 omnibus
2871 3407 2978 3452 tam
3036 3397 3538 3456 Nortbmanuorum

1949 3507 2112 3559 quam
2141 3492 2430 3562 Anglorum
2465 3491 2782 3562 proceribus
2829 3506 2926 3546 rex
2953 3501 3036 3545 est
3065 3491 3272 3546 electus
3297 3501 3350 3547 et
3380 3508 3538 3548 sacro

1949 3584 2070 3638 oleo
2101 3584 2168 3636 ab
2189 3583 2456 3653 episcopis
2485 3583 2634 3653 regni
2660 3579 2948 3648 delibutus,
2975 3592 3136 3652 atque
3159 3584 3324 3656 regali
3353 3584 3538 3638 diade-

1947 3683 2091 3729 mate
2114 3683 2422 3728 coronatus.
2449 3673 2624 3729 Locus
2639 3689 2774 3728 vero
2792 3674 2902 3740 ubi,
2932 3675 3073 3730 sicut
3095 3691 3255 3745 supra
3281 3677 3536 3740 diximus,

1947 3775 2244 3836 pugnatum
2270 3775 2376 3830 est,
2407 3765 2604 3820 exinde
2633 3765 2836 3820 Bellum
2865 3781 3036 3836 usque
3083 3767 3244 3822 hodie
3293 3773 3536 3823 vocatur.

1947 3857 2142 3922 Porro,
2167 3857 2476 3913 Willelmus
2505 3873 2598 3913 rex
2629 3858 2697 3911 ibi
2729 3857 3034 3913 emnobinm
3065 3859 3118 3913 in
3161 3861 3366 3916 honore
3407 3877 3536 3915 sau-

1948 3955 2050 4002 cta:
2083 3947 2364 4003 Trinitatis
2413 3949 2720 4004 construxit
2743 3960 2799 4004 et
2841 3952 3140 4006 monachos
3171 3965 3234 4004 ac
3288 3953 3536 4008 ordinem

1949 4039 2166 4109 Maioris
2186 4041 2494 4096 Monasterii
2520 4041 2705 4094 Sancti
2731 4041 2944 4096 Martini
2970 4041 3302 4098 Turonensis
3325 4045 3532 4109 statuit,

1937 4141 2108 4201 atque
2128 4131 2446 4185 necessariis
2466 4133 2656 4200 opibus
2681 4147 2778 4201 pro
2799 4131 3094 4188 interfectis
3109 4135 3392 4202 utriusque
3411 4151 3534 4203 par-

1949 4222 2016 4275 tis
2041 4219 2244 4274 ali'atim
2273 4220 2484 4274 ditavit.

2454 4331 2684 4388 CAPUT
2721 4333 3006 4390 XXXVI".

1949 4423 2025 4476 De
2048 4424 2214 4476 reditu
2241 4423 2353 4492 ejus
2380 4424 2434 4476 in
2467 4423 2910 4480 Nortlmmnniam
2933 4439 2980 4481 el
3005 4429 3069 4482 de
3098 4438 3261 4484 morte
3291 4430 3533 4488 Maurilii

2211 4494 2588 4564 archiepiswpi
2616 4497 2700 4548 cui
2733 4500 2977 4550 successit
3011 4499 3263 4555 Joannes.

2023 4605 2224 4662 Dehinc
2255 4622 2384 4660 vero
2408 4608 2566 4677 paulo
2596 4617 2718 4677 post
2749 4610 2800 4663 in
2832 4607 3285 4668 Northmanniam
3317 4630 3530 4686 regres-

1949 4699 2379 4760 sus,ceelesiam
2435 4697 2650 4753 Sancta:
2697 4699 2960 4756 biariazin
3019 4703 3355 4762 Gemmetico
3408 4723 3534 4766 etne

1950 4787 2156 4844 honore
2187 4803 2383 4860 magno
2431 4791 2671 4844 dedicari
2709 4791 2891 4859 jussit.
2925 4795 3048 4864 UbiJ
3083 4811 3204 4851 cum
3251 4813 3538 4856 sacrosan-

1945 4889 2094 4935 etum
2125 4883 2232 4940 hoc
2274 4883 2590 4952 mysterium
2644 4897 2856 4940 summa
2885 4903 3004 4941 cum
3057 4890 3356 4945 reverentia
3417 4902 3530 4950 tam

1949 4971 2354 5041 religiosissime
2396 4987 2556 5040 quam
2588 4971 2936 5034 festivissime
2987 4980 3370 5048 celebraretur,
3422 4985 3538 5056 ipse

1949 5063 2140 5118 harum
2193 5063 2507 5134 nuptiarum
2555 5069 2736 5134 sponsi
2797 5088 3013 5142 semper
3047 5073 3317 5130 studiosus
3361 5078 3539 5136 cultor

1929 5151 2300 5209 'devotissimo
2330 5152 2513 5207 animo
2558 5155 2826 5217 interluit.
2859 5163 3030 5230 Quam
3060 5164 3454 5222 dedicationem
3481 5171 3536 5224 hi

1927 5237 2184 5298 'cniscooi
2211 5259 2333 5298 cum
2363 5244 2632 5298 sniritunli
2672 5247 3006 5298 iucunditati:
3057 5255 3194 5298 ton-1
3239 5257 3536 5298 “nmininm
