4040 5298
550 321 656 378 875

1345 283 1689 370 autumn
1721 312 2016 368 CALCUIJ
2057 310 2613 370 GEMMETICENSIS
2643 305 2950 367 unauna

3729 305 3827 362 δῖε

549 433 642 486 illo
673 432 878 496 vivens,
911 448 938 484 v
989 430 1112 486 ldus
1165 430 1417 500 Augusti,
1460 430 1642 484 carnis
1669 445 1832 482 onere
1873 429 2136 498 deposito,
2167 437 2215 494 Α
2243 443 2408 502 quam
2451 427 2789 484 Gislebertus
2825 427 2893 483 de
2937 425 3088 483 Ganz
3129 427 3301 484 duxit.
3353 429 3433 486 Ex
3481 446 3586 502 qua
3641 425 3824 504 genuit

550 541 673 578 cum
705 539 802 580 suo
831 541 954 594 rege
979 523 1199 580 Christo
1217 522 1330 591 jam
1357 522 1618 584 victurus,
1653 523 1790 576 liber
1815 530 1870 576 et
1895 521 2136 591 gattdens

551 617 804 672 decessit.
839 617 938 670 (lui
976 615 1238 670 successit
1291 613 1530 670 Joannes
1576 614 1944 668 Abrincatinar
1989 614 2140 668 urbis

549 705 766 776 prtesul,
791 707 874 760 vir
889 705 1224 777 ingenuitate
1240 705 1530 774 plurimum
1557 704 1904 774 conspicuus,
1921 720 1976 758 sa
1985 705 2134 774 picu-

548 799 624 852 tia
653 798 919 868 spirituah
951 798 1186 852 feliciter
1237 798 1496 862 imbutus,
1553 797 1833 868 prudentia
1889 796 2134 852 saeculari

547 905 758 946 summe
825 890 1106 960 przcditus,
1185 890 1480 945 secundum
1544 890 1742 960 quippe
1797 890 2134 944 nobilitatem

462 1023 468 1029 -
545 983 783 1052 generis.
824 983 1040 1038 comitis
1069 982 1336 1053 Rudolpbi
1361 983 1522 1040 filius.
1549 982 1615 1036 Et
1637 982 1764 1052 quia
1795 981 1970 1050 hujus
2021 981 2134 1034 Ru—

541 1075 724 1144 dolphi
749 1074 978 1130 fecimus
997 1076 1348 1140 mentionem,
1374 1075 1507 1130 libet
1549 1075 1830 1144 superiora
1861 1072 2134 1144 paulisper

439 1164 442 1166 ⁷
541 1175 809 1235 repetere.
867 1167 1222 1222 Richardusl
1263 1167 1516 1222 Willelmi
1565 1167 1954 1237 Lougmspataz,
2004 1181 2128 1220 cum

533 1257 715 1312 adhuc
741 1271 895 1327 puer,
943 1268 1156 1312 mortuo
1178 1266 1350 1328 patre,
1379 1274 1408 1312 a
1445 1274 1570 1330 rege
1603 1258 1934 1314 Francorum
1972 1257 2130 1326 quasi

539 1351 694 1405 exsul
719 1351 770 1404 in
795 1351 1026 1405 Francia
1059 1351 1416 1417 detineretur,
1445 1361 1620 1406 mater
1649 1351 1766 1418 ejus
1791 1352 2004 1422 Spreta,
2033 1365 2130 1404 ne-

497 1445 499 1447 ’
539 1443 794 1498 cessitate
821 1455 1070 1514 urgente,
1100 1445 1461 1499 contubernio
1515 1445 1790 1514 cujusdam
1832 1442 2128 1514 praedivitis

483 1537 486 1540 ’
537 1535 764 1592 nomine
782 1535 1099 1606 Asperlengi
1129 1537 1376 1592 adhazsit.
1412 1537 1510 1592 llic
1533 1538 1658 1592 licet
1686 1539 1739 1592 iu
1776 1539 1938 1594 rebus
1965 1539 2124 1593 locu-

539 1625 683 1696 ples,
759 1634 944 1680 tamen
995 1625 1303 1680 molendina
1345 1627 1501 1682 vallis
1561 1628 1737 1682 Ruelii
1785 1629 1850 1682 ad
1903 1627 2127 1683 firmam

535 1715 728 1772 solitus
747 1725 866 1772 erat
889 1725 1096 1772 tenere.
1127 1716 1326 1772 Genuit
1363 1717 1546 1788 itaque
1593 1735 1660 1774 ex
1692 1719 1886 1788 Spreta
1953 1719 2120 1774 filium

532 1809 848 1876 Bodulfum,
899 1811 969 1866 de
1027 1826 1136 1880 quo
1179 1811 1477 1882 loquimur,
1513 1823 1570 1869 et
1611 1815 1750 1870 ﬁlias
1791 1815 1973 1886 plures
2002 1829 2120 1885 qum
2154 1793 2196 1852 Β

475 1905 478 1910 ’
531 1913 721 1973 postea
793 1918 890 1973 per
945 1902 1390 1958 Northmauniam
1442 1905 1704 1960 nobilium
1773 1907 2121 1962 matrimonio

533 1995 1329 2066 sunt'eOpulatre.'Cum-autem
1359 1997 1984 2066 pradictus-Richardus
2024 2001 2120 2056 du-

477 2119 482 2122 -
533 2091 712 2139 catum
742 2084 1149 2141 Northmannia:
1165 2095 1318 2142 esset
1343 2087 1591 2156 adeptus,
1631 2105 1796 2158 quem
1820 2105 1914 2144 rex
1933 2089 2118 2144 Fran-

533 2178 725 2232 cor'um
756 2177 858 2232 sibi
895 2177 1272 2232 fraudulenter
1294 2177 1659 2248 subripuerat,
1709 2180 1937 2251 contigit
1993 2195 2120 2250 qua-

531 2267 656 2320 dam
710 2267 798 2321 die
873 2275 934 2320 ut
991 2267 1240 2322 homines
1287 2267 1456 2337 ipsius
1507 2269 1557 2322 in
1604 2253 1793 2324 silvam
1860 2270 2118 2326 Weuram

531 2356 865 2410 nominatam
911 2357 1052 2411 irent.
1097 2367 1375 2412 venatum.
1405 2357 1591 2414 Adfuit
1645 2359 1786 2415 forte
1838 2362 1978 2416 inter
2023 2377 2119 2418 eos

529 2447 670 2502 idem
699 2447 1009 2520 Rodolphus
1033 2450 1280 2504 uteriuus
1343 2448 1514 2504 frater
1554 2452 1726 2506 ducis.
1753 2451 1996 2523 Cumque
2025 2469 2120 2510 ve-

527 2541 707 2595 nando
731 2540 886 2595 devia
929 2555 1155 2612 quaeque
1183 2555 1240 2598 et
1265 2544 1447 2600 abdita
1497 2545 1645 2601 silvre
1691 2547 2006 2614 lustrat-ent,
2063 2549 2116 2602 in

529 2629 764 2699 quadam
794 2629 932 2688 valle
967 2637 1153 2687 ursum
1192 2635 1644 2690 immanissimum
1683 2639 1978 2708 reperiunt.
2011 2639 2115 2694 Ve-

529 2731 748 2776 natorcs
775 2723 937 2790 igitur
975 2724 1028 2777 in
1076 2723 1257 2795 fugam
1301 2727 1469 2792 versi,
1516 2727 1834 2795 praedictum
1861 2727 2115 2798 juvenem

529 2810 704 2863 solum
738 2811 1124 2880 relinquentes,
1150 2813 1492 2869 occasionem
1515 2831 1626 2871 sua:
1673 2819 1959 2886 probitatis
2001 2836 2115 2888 ma:-

515 2895 851 2954 nifestandm
887 2900 938 2953 ei
981 2900 1264 2956 dederunt.
1319 2901 1424 2958 Hic
1471 2919 1706 2974 namque
1754 2905 1872 2977 plus
1923 2909 2116 2964 timeas

530 2989 880 3058 opprobrium
907 2989 1098 3045 inertis
1137 2990 1279 3062 fuga:
1313 3007 1476 3063 quam
1525 2993 1864 3051 ferocitatem
1905 2999 2112 3065 bestiae,

529 3081 798 3148 substitit;
831 3088 885 3136 et
914 3081 1043 3138 licet
1077 3085 1234 3140 annis
1277 3093 1449 3152 tener,
1501 3085 1735 3158 ingenita
1776 3098 1956 3145 tamen
2003 3107 2116 3146 ma-

467 3199 469 3202 ‹
525 3173 880 3242 guanimitate
904 3172 1086 3241 fortis,
1115 3173 1388 3230 furentem
1419 3177 1473 3232 in
1507 3178 1828 3235 sebelluam
1871 3191 2116 3251 prostra-

529 3263 629 3318 vit.
675 3263 1034 3321 Revertentes
1083 3281 1212 3322 vero
1265 3267 1399 3323 socii
1445 3269 1614 3339 ipsius
1659 3281 1783 3340 post
1835 3271 2016 3343 fugam
2063 3283 2117 3330 et

526 3367 779 3412 eventum
801 3359 890 3432 rei
915 3360 1333 3430 comperienter,
1369 3363 1664 3433 pudibundi
1688 3365 1810 3420 duci
1837 3364 2112 3422 Richardo

525 3449 1083 3518 probitatem'jnvenis
1111 3452 1436 3509 retulerunt.
1492 3453 1646 3510 Uudc
1686 3455 1792 3511 dux
1848 3456 2110 3516 hilaratus

525 3540 695 3609 ipsam
724 3541 913 3598 silvam
950 3543 1209 3600 Weuram
1253 3561 1380 3602 eum
1409 3548 1746 3619 appendiciis
1765 3550 1877 3606 suis
1897 3549 1972 3605 illi
2011 3552 2106 3606 de-

503 3632 620 3685 -dit.
653 3632 886 3687 Vocatur
911 3643 1090 3690 autem
1116 3652 1284 3709 usque
1315 3638 1473 3695 hodie
1496 3640 1649 3696 vallis
1689 3642 1740 3696 in
1779 3659 1882 3712 qua
1910 3643 2106 3698 occidit

521 3735 732 3786 ursum,
763 3723 930 3776 Vallis
962 3723 1208 3780 Ursonis.
1251 3726 1406 3782 Dedit
1435 3741 1696 3798 prmterea
1751 3733 1822 3786 illi
1866 3743 2103 3788 castrum

520 3809 750 3863 lvreium
791 3810 868 3881 [in
891 3813 1013 3866 cod.
1057 3815 1494 3888 uno,Vireiunt],
1545 3821 1684 3876 unde
1751 3833 1974 3876 vocatus
2025 3833 2108 3878 est

506 3915 726 3958 .comes.
756 3901 978 3972 Accepit
1007 3913 1189 3958 autem
1218 3907 1500 3962 mulierem
1533 3912 1820 3978 quamdam
1847 3914 2106 3968 vocabulo

522 3992 930 4064 Erembergam,
971 3995 1270 4064 spesiosam
1321 3999 1494 4066 valde,
1548 4011 1728 4056 natam
1779 3993 2105 4074 in'quadam

519 4083 646 4136 villa
681 4083 886 4140 Calcini
917 4083 1170 4160 [Calcivi]
1199 4089 1481 4154 territorii,
1515 4105 1634 4160 qua:
1663 4093 1862 4148 dicitur
1901 4095 2104 4151 Cavilla

517 4173 897 4248 [Cachevilla].
927 4176 1126 4232 Genuit
1159 4193 1284 4233 vero
1310 4195 1375 4234 ex
1393 4195 1468 4236 ea
1495 4182 1628 4236 duos
1645 4181 1802 4248 filios,
1819 4183 2105 4255 llugouem

501 4268 1045 4348 .posteaepiscopum
1074 4269 1446 4348 tlajocensem,
1473 4281 1528 4326 et
1547 4271 1812 4328 Joannem
1837 4274 2104 4330 Abrinca-

511 4366 725 4413 tensem
747 4359 838 4428 qui
875 4361 940 4415 ad
971 4360 1217 4416 ultimum
1265 4347 1366 4417 fuit
1417 4363 1876 4436 Rothomageusis
1923 4367 2106 4422 archi-

2245 529 2498 592 quartum
2521 520 2826 590 Hugonem,
2848 519 2940 589 qui
2971 519 3126 575 duxit
3157 519 3441 577 Adelinam
3491 523 3661 579 filiam
3713 526 3824 583 Ro-

2241 611 2380 668 berti
2420 612 2634 668 comitis
2671 610 2941 677 Mellenti,
2985 626 3052 667 ex
3082 626 3187 681 qua
3231 612 3418 684 genuit
3465 613 3635 670 ﬁliam
3663 633 3820 676 suum

2239 703 2662 776 primogenitum
2694 704 2991 759 Robertum
3012 703 3266 762 ,etalios.
3293 704 3416 761 Ideo
3434 715 3612 762 autem
3645 707 3824 782 Hugo-

2238 812 2364 853 nem
2399 797 2634 852 diximus
2662 805 2940 866 quartum,
2963 796 3090 868 quia
3113 795 3572 870 secundus'llugo,
3605 813 3818 858 mortua

2235 890 2406 960 prima
2444 903 2630 952 uxore,
2669 888 2823 944 duxit
2848 888 3010 944 aliam
3059 904 3124 944 ex
3161 904 3268 958 qua
3299 886 3486 960 genuit
3531 887 3820 962 Hugonem

2237 981 2458 1036 tertium
2483 989 2536 1035 et
2563 979 2857 1036 Robertum
2888 979 3110 1034 fratrem
3153 981 3298 1050 ejus;
3325 983 3421 1036 sed
3455 984 3664 1052 absque
3679 983 3818 1041 libe-

2231 1072 2312 1128 ris
2327 1081 2623 1144 etperegre
2645 1071 2879 1128 defuncti
2895 1082 3042 1128 sunt.
3069 1072 3338 1128 Robertus
3360 1081 3540 1128 autem
3560 1076 3627 1130 de
3649 1074 3822 1130 Bello-

2233 1162 2358 1232 fago
2395 1163 2542 1218 circa
2571 1163 2734 1219 linem
2755 1177 2914 1218 suum
2956 1163 3136 1218 lactus
3177 1174 3258 1219 est
3287 1167 3586 1220 monachus
3635 1166 3811 1230 Becci.

2229 1253 2320 1310 ubi
2354 1253 2450 1308 filii
2479 1256 2595 1322 ejus
2629 1254 2938 1310 Richardus
2962 1262 3017 1308 et
3051 1254 3355 1310 Willelmus
3396 1256 3648 1327 religiose
3691 1273 3816 1312 con-

2232 1359 2538 1404 servantur.
2566 1348 2840 1404 Suecessit
2875 1363 3008 1404 vero
3021 1349 3076 1403 ei
3099 1348 3375 1404 .Robertus
3403 1347 3584 1402 Baviel
3612 1362 3680 1401 ex
3709 1348 3814 1403 lilia
3853 1337 3868 1346 ι

2230 1456 2418 1511 nepos.
2450 1441 2546 1496 llis
2584 1457 2682 1510 per
2729 1441 3176 1512 anticipationem
3229 1440 3406 1507 dictis,
3453 1440 3524 1496 ad
3571 1439 3813 1496 ordinem

2225 1531 2475 1590 historiae
2505 1533 2811 1589 redeamus.

2773 1644 3004 1701 CAPUT
3042 1642 3266 1698 XXXIX

2229 1735 2506 1803 Quomodo
2531 1736 2848 1792 Eustochia;
2894 1753 3064 1791 comes
3099 1735 3339 1790 Boloniw
3385 1735 3628 1806 repulsus
3667 1747 3738 1790 est
3777 1754 3810 1790 a

2295 1819 2465 1862 castra
2497 1808 2696 1878 Docera
2729 1808 2870 1878 quod
2892 1807 3182 1874 obsederat,
3211 1823 3329 1861 cum
3382 1822 3475 1860 rea:
3517 1806 3808 1862 Willelmtts

2293 1889 2423 1932 esset
2453 1879 2508 1933 in
2540 1875 2952 1932 Nortlunamzia.
3209 1939 3215 1944 _

2221 1995 2256 2057 ἓ.-
2294 1992 2427 2048 Cum
2455 1992 2616 2063 igitur
2641 1992 2965 2046 victoriosus
2993 2005 3088 2046 rex
3113 1990 3166 2046 in
3193 1989 3616 2054 Northmaunia,
3643 1989 3809 2044 bono-

2223 2097 2342 2136 rum
2373 2095 2599 2150 operum
2646 2079 2840 2134 studiis
2877 2079 3062 2148 probo
3119 2095 3272 2135 more
3307 2093 3406 2134 suo
3447 2079 3808 2140 immorando,

2223 2173 2440 2243 pietatis
2476 2171 2662 2226 titulos
2689 2169 3003 2240 adaugeret,
3037 2170 3387 2240 patriamque
3418 2167 3522 2224 sibi
3561 2160 3808 2237 gratisSi—

2221 2281 2366 2320 mam
2379 2264 2678 2334 praesentia
2703 2278 2800 2317 sua
2835 2262 3152 2326 illustraret,
3179 2259 3506 2316 Eustachius
3523 2257 3810 2312 Botonien-

2220 2357 2294 2412 sis
2325 2371 2506 2411 comes
2543 2355 2899 2424 quorumdam
2942 2352 3242 2422 Anglorum
3274 2351 3414 2406 intra
3446 2348 3808 2404 Cantuarien-

2220 2462 2333 2502 sem
2383 2446 2700 2500 comitatum
2736 2443 3147 2500 cousistenlium
3177 2441 3430 2498 versutiis
3461 2441 3806 2510 depravatus,

2221 2536 2556 2592 Dorober-nia
2597 2536 2882 2591 castellum
2937 2529 3182 2591 invulare
3227 2543 3315 2590 est
3367 2533 3539 2588 nisus.
3583 2531 3700 2598 Ὀιιί
3754 2531 3807 2584 in

2219 2629 2396 2684 noctis
2436 2627 2726 2682 conticiuio
2777 2642 2928 2680 mare
2981 2625 3358 2689 trausfretans,
3391 2621 3631 2677 diluculo
3685 2629 3806 2676 cum

2219 2720 2439 2790 copioso
2461 2719 2702 2774 exercitu
2727 2731 2914 2771 eorum
2944 2714 3072 2770 illud
3116 2713 3346 2779 obsedit,
3398 2713 3636 2782 totisque
3669 2709 3807 2764 viri-

2217 2810 2319 2864 bus
2344 2822 2654 2878 expuguare
2683 2806 2868 2877 coepit.
2903 2803 3070 2859 Porro
3101 2803 3304 2857 milites
3333 2800 3537 2857 Odonis
3579 2799 3806 2869 Bajoca-

2216 2900 2319 2955 sini
2351 2901 2616 2970 praesulis,
2656 2911 2822 2968 atque
2851 2896 3094 2970 Hugonis
3135 2896 3200 2950 de
3241 2892 3573 2959 Monteforti,
3613 2893 3810 2964 quibus

2217 2992 2461 3047 custodia
2500 2989 2846 3046 Dorobernite
2867 2989 3072 3045 credita
3106 2995 3246 3054 erat,
3279 2985 3674 3057 perspicientes
3715 2987 3810 3038 ab-

2221 3085 2464 3142 sentibus
2493 3083 2725 3138 dominis
2756 3082 2835 3138 sic
2861 3097 2921 3136 se
2947 3081 3224 3150 inopinato
3255 3080 3523 3140 obsessos,
3561 3069 3805 3130 liberali.

2218 3179 2322 3234 bus
2355 3177 2551 3232 animis
2581 3175 2796 3231 accensi
2833 3189 2957 3228 mox
2979 3179 3170 3241 portas
3203 3161 3558 3240 patefaciunt,
3610 3166 3808 3220 unani-

2217 3271 2378 3324 miter
2401 3267 2550 3322 foras
2565 3275 2860 3336 proruunt,
2878 3273 3238 3334 conserloque
3261 3261 3558 3316 certamine
3579 3266 3804 3314 cunctos

2213 3375 2336 3414 cum
2389 3358 2655 3413 dedecore
2709 3357 2777 3412 ab
2841 3353 3121 3410 obsidione
3171 3353 3413 3423 abigunt.
3479 3349 3804 3405 Eustachius

2208 3462 2389 3507 autem
2422 3450 2488 3504 ad
2531 3464 2680 3504 mare
2727 3449 3032 3512 devertens,
3076 3461 3196 3501 cum
3236 3445 3434 3517 paucis
3481 3444 3802 3498 indecenter

2207 3543 2424 3612 navigio
2455 3540 2686 3611 aufugit.
2713 3539 2906 3595 Caeteri
2931 3553 3061 3592 vero
3087 3537 3154 3592 ad
3180 3537 3442 3591 devexum
3479 3534 3682 3590 montis
3707 3533 3800 3604 qui

2206 3637 2431 3706 rupibus
2455 3645 2512 3690 et
2529 3634 2765 3704 scopulis
2789 3633 3121 3702 asperrimus
3139 3629 3273 3684 mari
3299 3629 3566 3698 imminet,
3587 3626 3798 3698 fugien-

2205 3735 2288 3783 tes
2311 3742 2500 3782 omnes
2519 3741 2656 3790 sese,
2695 3728 2802 3782 Deo
2854 3733 3116 3778 terrorem
3163 3722 3459 3792 ingerente,
3493 3719 3626 3774 inde
3656 3719 3800 3787 deje-

2206 3833 2332 3874 cere
2358 3820 2611 3873 deorsum
2639 3812 3168 3886 praecipites,’justas
3208 3809 3432 3866 sceleris
3471 3810 3556 3864 sui
3605 3821 3796 3878 pii-nas

2207 3909 2434 3966 luentes.
2469 3909 2666 3978 Sicque
2720 3905 2924 3961 factum
2969 3914 3054 3960 est
3106 3911 3185 3968 ut,
3235 3918 3372 3972 quos
3421 3900 3636 3972 gladius
3687 3913 3791 3953 non

2207 4001 2520 4071 prostravit,
2553 4000 2649 4053 hos
2680 3999 3011 4066 discerperel
3048 3994 3320 4049 horribilis
3359 3992 3630 4061 asperitas
3665 4005 3796 4060 pne-

2207 4093 2348 4164 rupti
2379 4092 2579 4148 montis
2598 4131 2612 4156 ,
2631 4089 2844 4144 vindice
2869 4087 3084 4158 superni
3107 4086 3307 4156 judicis
3327 4083 3600 4140 sententia
3631 4091 3794 4136 teme-

2209 4183 2382 4240 rarios
2413 4190 2748 4238 conterente.

2815 4290 3041 4347 CAPUT
3079 4289 3192 4346 XL.

2213 4385 2365 4452 Quod
2403 4383 2687 4439 latrunculi
2727 4383 2928 4453 Anglia:
2967 4382 3294 4453 rebellionem
3327 4390 3575 4453 parantes
3611 4380 3794 4434 condi-

509 4449 824 4521 cpiscopus.
851 4451 1018 4508 Filias
1047 4452 1211 4508 etiam
1243 4455 1466 4538 totidem
1505 4455 1714 4522 habuit,
1740 4473 1965 4526 quarum
1999 4475 2102 4512 uua
2139 4489 2184 4550 Β
2219 4449 2250 4452 θ’
2277 4458 2464 4511 derunt
2487 4466 2716 4509 castrum
2745 4449 3084 4518 Dunclmum,
3113 4461 3158 4506 et
3187 4451 3252 4504 de
3286 4449 3488 4504 excidio
3516 4467 3724 4504 eorum.
3749 4472 3765 4486 ο

518 4542 704 4610 nupsit
724 4541 969 4604 Osherno
989 4543 1055 4598 de
1080 4535 1316 4614 Crepon'.
1344 4546 1408 4599 de
1435 4562 1541 4616 qua
1573 4557 1742 4602 natus.
1778 4557 1860 4602 est
1896 4547 2104 4604 Willcl-

515 4645 638 4685 mus
689 4632 830 4687 ﬁlius
881 4633 1128 4691 Osbemi.
1185 4635 1428 4689 Alterura
1481 4637 1634 4690 duxit
1683 4637 1989 4694 Richardus
2037 4641 2102 4692 de

509 4719 806 4792 Bellofago,
839 4725 905 4779 de
933 4741 1037 4795 qua
1073 4726 1259 4796 genuit
1282 4725 1578 4781 llohertum
1608 4731 1698 4797 qui
1723 4731 1772 4784 ei
1811 4732 2096 4796 successit,

509 4817 567 4866 et
594 4810 730 4866 tilias
755 4813 957 4884 plures,
1000 4830 1230 4883 quarum
1279 4831 1381 4870 una
1422 4815 1608 4884 juncta
1650 4826 1734 4872 cst
1777 4817 1982 4890 llugoui
2033 4821 2102 4876 de

511 4901 822 4958 Monteforti
852 4907 1223 4961 inatrimouio.
1254 4907 1320 4961 Et
1344 4909 1470 4977 quia
1495 4909 1560 4964 de
1593 4910 1695 4964 hoc
1749 4907 1970 4980 llugoue
2018 4913 2097 4966 iu-

509 4996 756 5032 nialnnlnr
783 4995 1008 5032 rana-nuc
1041 4998 1366 5032 Innnlinno-n
1421 5000 1552 5032 ...ειη
1589 5001 1836 5032 ιΙιινῖ-νιιισ
1869 5002 1934 5032 ΑΛ
1983 5001 2094 5032 In.an

1041 4998 1366 5032 Innnlinno-n
1421 5000 1552 5032 Ill:ln
1589 5001 1836 5032 Λοινῖονιιισ

2277 4547 2393 4602 Rex
2431 4562 2558 4602 vero
2617 4545 2941 4608 Willelmus,
2985 4543 3096 4612 jam
3145 4541 3212 4598 ad
3273 4551 3456 4596 votum
3516 4539 3792 4612 dispositis

2206 4639 2598 4708 omnibus,pro
2618 4637 2816 4708 quibus
2844 4645 3090 4702 venerat,
3119 4633 3358 4690 Roberto
3386 4632 3497 4688 lilio
3519 4649 3622 4688 suo
3637 4633 3790 4701 juve-

2207 4731 2299 4785 nili
2346 4730 2558 4784 fervore
2601 4727 2848 4783 vernanti
2883 4725 3291 4782 Nortbmannici
3341 4725 3572 4780 ducatus
3613 4723 3784 4779 domi-

2203 4822 2352 4876 uitun
2387 4821 2625 4875 tradidit.
2650 4820 2766 4888 Ipse
2790 4811 2917 4874 vero
2963 4819 3015 4872 in
3050 4833 3272 4888 regnum
3323 4830 3574 4871 remeans
3599 4815 3790 4886 Angli-

2201 4929 2350 4978 cum,
2391 4913 2585 4967 iteralo
2610 4912 2872 4982 plurimos
2909 4910 3150 4980 ejusdem
3182 4909 3356 4982 gentis
3385 4911 3606 4978 reperit,
3657 4925 3788 4978 quo-

2199 5020 2316 5032 ..um
2349 5002 2481 5032 Ιηυξη
2517 5004 2676 5032 ΛΑι-ιΙη
2702 5002 2768 5032 ηιι
2795 5001 2906 5032 ηιξ-η-
2937 5001 3194 5032 “Jolhnln
3223 4999 3626 5032 -\nmunr:nnln;r
3653 5015 3782 5032 nnn-
