  <div class='ocr_page' id='page_1' title='image "/cluster/home/n/w/nwhite01/storage/ocr_20150623/149/hvd.32044015473770/444.png"; bbox 0 0 4040 5298; ppageno 0'>
   <div class='ocr_carea' id='block_1_1' title="bbox 309 165 412 219">
    <p class='ocr_par' dir='ltr' id='par_1_1' title="bbox 309 165 412 219">
     <span class='ocr_line' id='line_1_1' title="bbox 309 165 412 219; baseline -0.01 0"><span class='ocrx_word' id='word_1_1' title='bbox 309 165 412 219; x_wconf 77' lang='grc'><strong>877</strong></span> 
     </span>
    </p>
   </div>
   <div class='ocr_carea' id='block_1_2' title="bbox 823 161 1885 224">
    <p class='ocr_par' dir='ltr' id='par_1_2' title="bbox 823 163 1844 222">
     <span class='ocr_line' id='line_1_2' title="bbox 823 163 1844 222; baseline -0.004 -2"><span class='ocrx_word' id='word_1_2' title='bbox 823 164 1168 222; x_wconf 70' lang='grc' dir='ltr'><strong>ΙΙΙΞΤΟΒΙιΕ</strong></span> <span class='ocrx_word' id='word_1_3' title='bbox 1211 163 1844 222; x_wconf 66' lang='grc' dir='ltr'><strong>ΝΟΒΤΙΙΜΑΝΝΟΙΗΞΜ</strong></span> 
     </span>
    </p>
   </div>
   <div class='ocr_carea' id='block_1_3' title="bbox 1988 161 3042 224">
    <p class='ocr_par' dir='ltr' id='par_1_3' title="bbox 1988 161 3042 224">
     <span class='ocr_line' id='line_1_3' title="bbox 1988 161 3042 224; baseline 0.009 -11"><span class='ocrx_word' id='word_1_4' title='bbox 1988 161 2070 216; x_wconf 74' lang='lat' dir='ltr'><strong>llll</strong></span> <span class='ocrx_word' id='word_1_5' title='bbox 2106 161 2310 219; x_wconf 77' lang='lat' dir='ltr'><strong>OCTO.</strong></span> <span class='ocrx_word' id='word_1_6' title='bbox 2341 193 2408 202; x_wconf 89' lang='lat'><strong>—</strong></span> <span class='ocrx_word' id='word_1_7' title='bbox 2439 163 2642 219; x_wconf 79' lang='lat' dir='ltr'><strong>LIBER</strong></span> <span class='ocrx_word' id='word_1_8' title='bbox 2673 164 3042 224; x_wconf 78' lang='lat' dir='ltr'><strong>SEPTIMUS.</strong></span> 
     </span>
    </p>
   </div>
   <div class='ocr_carea' id='block_1_4' title="bbox 3465 177 3572 233">
    <p class='ocr_par' dir='ltr' id='par_1_4' title="bbox 3465 177 3572 233">
     <span class='ocr_line' id='line_1_4' title="bbox 3465 177 3572 233; baseline 0.009 -1"><span class='ocrx_word' id='word_1_9' title='bbox 3465 177 3572 233; x_wconf 76' lang='lat'><strong>878</strong></span> 
     </span>
    </p>
   </div>
   <div class='ocr_carea' id='block_1_5' title="bbox 310 254 3575 336">
    <p class='ocr_par' dir='ltr' id='par_1_5' title="bbox 310 254 3575 336">
     <span class='ocr_line' id='line_1_5' title="bbox 310 254 3575 336; baseline 0.003 -27"><span class='ocrx_word' id='word_1_10' title='bbox 310 255 502 312; x_wconf 84' lang='lat' dir='ltr'><strong>latoris</strong></span> <span class='ocrx_word' id='word_1_11' title='bbox 545 255 900 314; x_wconf 71' lang='lat' dir='ltr'><strong>formidantes</strong></span> <span class='ocrx_word' id='word_1_12' title='bbox 953 258 1264 322; x_wconf 94' lang='lat' dir='ltr'><strong>adventum,</strong></span> <span class='ocrx_word' id='word_1_13' title='bbox 1306 255 1492 310; x_wconf 90' lang='lat' dir='ltr'><strong>furtim</strong></span> <span class='ocrx_word' id='word_1_14' title='bbox 1542 265 1600 309; x_wconf 92' lang='lat' dir='ltr'><strong>ut</strong></span> <span class='ocrx_word' id='word_1_15' title='bbox 1643 255 1892 310; x_wconf 81' lang='lat' dir='ltr'><strong>festiuum</strong></span> <span class='ocrx_word' id='word_1_16' title='bbox 1925 259 1971 313; x_wconf 78' lang='grc' dir='ltr'>Α</span> <span class='ocrx_word' id='word_1_17' title='bbox 2000 268 2275 307; x_wconf 68' lang='lat' dir='ltr'><strong>aeruumas</strong></span> <span class='ocrx_word' id='word_1_18' title='bbox 2301 254 2466 308; x_wconf 87' lang='lat' dir='ltr'><strong>armis</strong></span> <span class='ocrx_word' id='word_1_19' title='bbox 2494 263 2653 325; x_wconf 91' lang='lat' dir='ltr'><strong>atque</strong></span> <span class='ocrx_word' id='word_1_20' title='bbox 2679 254 2804 328; x_wconf 89' lang='lat' dir='ltr'><strong>fuga</strong></span> <span class='ocrx_word' id='word_1_21' title='bbox 2843 258 3137 326; x_wconf 86' lang='lat' dir='ltr'><strong>auderent,</strong></span> <span class='ocrx_word' id='word_1_22' title='bbox 3179 261 3386 332; x_wconf 85' lang='lat' dir='ltr'><strong>regiam</strong></span> <span class='ocrx_word' id='word_1_23' title='bbox 3414 277 3575 336; x_wconf 78' lang='lat' dir='ltr'><strong>expe-</strong></span> 
     </span>
    </p>
   </div>
   <div class='ocr_carea' id='block_1_6' title="bbox 311 349 1893 420">
    <p class='ocr_par' dir='ltr' id='par_1_6' title="bbox 311 349 1893 420">
     <span class='ocr_line' id='line_1_6' title="bbox 311 349 1893 420; baseline 0 -18"><span class='ocrx_word' id='word_1_24' title='bbox 311 349 489 419; x_wconf 88' lang='lat' dir='ltr'><strong>magni</strong></span> <span class='ocrx_word' id='word_1_25' title='bbox 517 350 742 405; x_wconf 89' lang='lat' dir='ltr'><strong>terroris</strong></span> <span class='ocrx_word' id='word_1_26' title='bbox 766 351 1052 405; x_wconf 92' lang='lat' dir='ltr'><strong>consilium</strong></span> <span class='ocrx_word' id='word_1_27' title='bbox 1083 350 1277 415; x_wconf 89' lang='lat' dir='ltr'><strong>suasit,</strong></span> <span class='ocrx_word' id='word_1_28' title='bbox 1311 349 1432 420; x_wconf 82' lang='lat' dir='ltr'><strong>fuga</strong></span> <span class='ocrx_word' id='word_1_29' title='bbox 1459 349 1594 419; x_wconf 80' lang='lat' dir='ltr'><strong>lapsi</strong></span> <span class='ocrx_word' id='word_1_30' title='bbox 1623 349 1676 404; x_wconf 94' lang='lat' dir='ltr'><strong>in</strong></span> <span class='ocrx_word' id='word_1_31' title='bbox 1701 363 1893 418; x_wconf 85' lang='lat' dir='ltr'><strong>quam-</strong></span> 
     </span>
    </p>
   </div>
   <div class='ocr_carea' id='block_1_7' title="bbox 309 441 1893 511">
    <p class='ocr_par' dir='ltr' id='par_1_7' title="bbox 309 441 1893 511">
     <span class='ocr_line' id='line_1_7' title="bbox 309 441 1893 511; baseline 0.001 -18"><span class='ocrx_word' id='word_1_32' title='bbox 309 441 431 494; x_wconf 87' lang='lat' dir='ltr'><strong>dam</strong></span> <span class='ocrx_word' id='word_1_33' title='bbox 465 451 672 511; x_wconf 87' lang='lat' dir='ltr'><strong>partem</strong></span> <span class='ocrx_word' id='word_1_34' title='bbox 699 442 1112 498; x_wconf 82' lang='lat' dir='ltr'><strong>Cumberlonda:</strong></span> <span class='ocrx_word' id='word_1_35' title='bbox 1137 441 1451 505; x_wconf 77' lang='lat' dir='ltr'><strong>comitatus,</strong></span> <span class='ocrx_word' id='word_1_36' title='bbox 1477 443 1634 511; x_wconf 89' lang='lat' dir='ltr'><strong>aquis</strong></span> <span class='ocrx_word' id='word_1_37' title='bbox 1688 442 1893 511; x_wconf 88' lang='lat' dir='ltr'><strong>pariter</strong></span> 
     </span>
    </p>
   </div>
   <div class='ocr_carea' id='block_1_8' title="bbox 307 530 1890 598">
    <p class='ocr_par' dir='ltr' id='par_1_8' title="bbox 307 530 1890 598">
     <span class='ocr_line' id='line_1_8' title="bbox 307 530 1890 598; baseline 0 -14"><span class='ocrx_word' id='word_1_38' title='bbox 307 538 362 584; x_wconf 88' lang='lat' dir='ltr'><strong>et</strong></span> <span class='ocrx_word' id='word_1_39' title='bbox 389 530 546 585; x_wconf 90' lang='lat' dir='ltr'><strong>silvis</strong></span> <span class='ocrx_word' id='word_1_40' title='bbox 576 532 1030 597; x_wconf 88' lang='lat' dir='ltr'><strong>inaccessibilem,</strong></span> <span class='ocrx_word' id='word_1_41' title='bbox 1054 548 1112 588; x_wconf 91' lang='lat' dir='ltr'><strong>se</strong></span> <span class='ocrx_word' id='word_1_42' title='bbox 1138 532 1512 598; x_wconf 87' lang='lat' dir='ltr'><strong>contulerunt;</strong></span> <span class='ocrx_word' id='word_1_43' title='bbox 1546 543 1601 587; x_wconf 89' lang='lat' dir='ltr'><strong>et</strong></span> <span class='ocrx_word' id='word_1_44' title='bbox 1643 531 1890 587; x_wconf 83' lang='lat' dir='ltr'><strong>firmissi-</strong></span> 
     </span>
    </p>
   </div>
   <div class='ocr_carea' id='block_1_9' title="bbox 307 621 1890 692">
    <p class='ocr_par' dir='ltr' id='par_1_9' title="bbox 307 621 1890 692">
     <span class='ocr_line' id='line_1_9' title="bbox 307 621 1890 692; baseline 0.002 -20"><span class='ocrx_word' id='word_1_45' title='bbox 307 635 398 674; x_wconf 86' lang='lat' dir='ltr'><strong>tno</strong></span> <span class='ocrx_word' id='word_1_46' title='bbox 439 621 579 675; x_wconf 86' lang='lat' dir='ltr'><strong>vallo</strong></span> <span class='ocrx_word' id='word_1_47' title='bbox 626 631 866 676; x_wconf 88' lang='lat' dir='ltr'><strong>castrum</strong></span> <span class='ocrx_word' id='word_1_48' title='bbox 919 632 1226 685; x_wconf 86' lang='lat' dir='ltr'><strong>erexerunt,</strong></span> <span class='ocrx_word' id='word_1_49' title='bbox 1260 622 1402 692; x_wconf 91' lang='lat' dir='ltr'><strong>quod</strong></span> <span class='ocrx_word' id='word_1_50' title='bbox 1451 623 1671 691; x_wconf 89' lang='lat' dir='ltr'><strong>propria</strong></span> <span class='ocrx_word' id='word_1_51' title='bbox 1713 623 1890 692; x_wconf 88' lang='lat' dir='ltr'><strong>lingua</strong></span> 
     </span>
    </p>
   </div>
   <div class='ocr_carea' id='block_1_10' title="bbox 303 709 1893 781">
    <p class='ocr_par' dir='ltr' id='par_1_10' title="bbox 303 709 1893 781">
     <span class='ocr_line' id='line_1_10' title="bbox 303 709 1893 781; baseline 0.003 -19"><span class='ocrx_word' id='word_1_52' title='bbox 303 709 626 764; x_wconf 89' lang='lat' dir='ltr'><strong>Dunelmunt</strong></span> <span class='ocrx_word' id='word_1_53' title='bbox 680 721 1080 781; x_wconf 87' lang='lat' dir='ltr'><strong>nuncuparunt.</strong></span> <span class='ocrx_word' id='word_1_54' title='bbox 1133 712 1261 767; x_wconf 86' lang='lat' dir='ltr'><strong>Inde</strong></span> <span class='ocrx_word' id='word_1_55' title='bbox 1328 713 1571 766; x_wconf 88' lang='lat' dir='ltr'><strong>diversos</strong></span> <span class='ocrx_word' id='word_1_56' title='bbox 1631 726 1893 767; x_wconf 79' lang='lat' dir='ltr'><strong>excursus</strong></span> 
     </span>
    </p>
   </div>
   <div class='ocr_carea' id='block_1_11' title="bbox 303 800 1889 872">
    <p class='ocr_par' dir='ltr' id='par_1_11' title="bbox 303 800 1889 872">
     <span class='ocr_line' id='line_1_11' title="bbox 303 800 1889 872; baseline 0.004 -22"><span class='ocrx_word' id='word_1_57' title='bbox 303 800 500 852; x_wconf 89' lang='lat' dir='ltr'><strong>crebro</strong></span> <span class='ocrx_word' id='word_1_58' title='bbox 577 800 876 870; x_wconf 84' lang='lat' dir='ltr'><strong>agitantes,</strong></span> <span class='ocrx_word' id='word_1_59' title='bbox 938 802 1250 872; x_wconf 85' lang='lat' dir='ltr'><strong>aliquandiu</strong></span> <span class='ocrx_word' id='word_1_60' title='bbox 1332 802 1464 856; x_wconf 92' lang='lat' dir='ltr'><strong>inibi</strong></span> <span class='ocrx_word' id='word_1_61' title='bbox 1537 801 1889 868; x_wconf 87' lang='lat' dir='ltr'><strong>delituerunt,</strong></span> 
     </span>
    </p>
   </div>
   <div class='ocr_carea' id='block_1_12' title="bbox 312 885 1890 964">
    <p class='ocr_par' dir='ltr' id='par_1_12' title="bbox 312 885 1890 964">
     <span class='ocr_line' id='line_1_12' title="bbox 312 885 1890 964; baseline 0.003 -23"><span class='ocrx_word' id='word_1_62' title='bbox 312 885 478 944; x_wconf 87' lang='lat' dir='ltr'><strong>Sveni</strong></span> <span class='ocrx_word' id='word_1_63' title='bbox 556 892 830 947; x_wconf 87' lang='lat' dir='ltr'><strong>Danorum</strong></span> <span class='ocrx_word' id='word_1_64' title='bbox 910 894 1053 964; x_wconf 88' lang='lat' dir='ltr'><strong>regis</strong></span> <span class='ocrx_word' id='word_1_65' title='bbox 1118 893 1498 963; x_wconf 63' lang='lat' dir='ltr'><strong>pratstolantes</strong></span> <span class='ocrx_word' id='word_1_66' title='bbox 1575 894 1890 960; x_wconf 75' lang='lat' dir='ltr'><strong>adventum,</strong></span> 
     </span>
    </p>
   </div>
   <div class='ocr_carea' id='block_1_13' title="bbox 303 986 1893 1053">
    <p class='ocr_par' dir='ltr' id='par_1_13' title="bbox 303 986 1893 1053">
     <span class='ocr_line' id='line_1_13' title="bbox 303 986 1893 1053; baseline 0.003 -17"><span class='ocrx_word' id='word_1_67' title='bbox 303 999 464 1053; x_wconf 87' lang='lat' dir='ltr'><strong>quem</strong></span> <span class='ocrx_word' id='word_1_68' title='bbox 497 986 791 1040; x_wconf 88' lang='lat' dir='ltr'><strong>veredariis</strong></span> <span class='ocrx_word' id='word_1_69' title='bbox 821 987 889 1040; x_wconf 89' lang='lat' dir='ltr'><strong>ad</strong></span> <span class='ocrx_word' id='word_1_70' title='bbox 919 987 999 1041; x_wconf 91' lang='lat' dir='ltr'><strong>sui</strong></span> <span class='ocrx_word' id='word_1_71' title='bbox 1043 995 1413 1043; x_wconf 82' lang='lat' dir='ltr'><strong>eonvocarant</strong></span> <span class='ocrx_word' id='word_1_72' title='bbox 1446 987 1729 1041; x_wconf 81' lang='lat' dir='ltr'><strong>auxilium.</strong></span> <span class='ocrx_word' id='word_1_73' title='bbox 1766 987 1893 1041; x_wconf 93' lang='lat' dir='ltr'><strong>lude</strong></span> 
     </span>
    </p>
   </div>
   <div class='ocr_carea' id='block_1_14' title="bbox 301 1072 1894 1146">
    <p class='ocr_par' dir='ltr' id='par_1_14' title="bbox 301 1072 1894 1146">
     <span class='ocr_line' id='line_1_14' title="bbox 301 1072 1894 1146; baseline 0.003 -20"><span class='ocrx_word' id='word_1_74' title='bbox 301 1089 436 1129; x_wconf 84' lang='lat' dir='ltr'><strong>vero</strong></span> <span class='ocrx_word' id='word_1_75' title='bbox 473 1072 680 1146; x_wconf 75' lang='lat' dir='ltr'><strong>legatos</strong></span> <span class='ocrx_word' id='word_1_76' title='bbox 722 1077 1000 1131; x_wconf 85' lang='lat' dir='ltr'><strong>mittentes</strong></span> <span class='ocrx_word' id='word_1_77' title='bbox 1051 1077 1118 1131; x_wconf 90' lang='lat' dir='ltr'><strong>ad</strong></span> <span class='ocrx_word' id='word_1_78' title='bbox 1175 1076 1443 1132; x_wconf 81' lang='lat' dir='ltr'><strong>exercnda</strong></span> <span class='ocrx_word' id='word_1_79' title='bbox 1467 1091 1576 1132; x_wconf 71' lang='lat' dir='ltr'><strong>sua:</strong></span> <span class='ocrx_word' id='word_1_80' title='bbox 1639 1076 1894 1146; x_wconf 62' lang='lat' dir='ltr'><strong>nequitia:</strong></span> 
     </span>
    </p>
   </div>
   <div class='ocr_carea' id='block_1_15' title="bbox 302 1165 1890 1233">
    <p class='ocr_par' dir='ltr' id='par_1_15' title="bbox 302 1165 1890 1233">
     <span class='ocr_line' id='line_1_15' title="bbox 302 1165 1890 1233; baseline 0.002 -14"><span class='ocrx_word' id='word_1_81' title='bbox 302 1165 542 1220; x_wconf 88' lang='lat' dir='ltr'><strong>infausta</strong></span> <span class='ocrx_word' id='word_1_82' title='bbox 602 1177 930 1233; x_wconf 89' lang='lat' dir='ltr'><strong>commenta,</strong></span> <span class='ocrx_word' id='word_1_83' title='bbox 985 1168 1089 1223; x_wconf 85' lang='lat' dir='ltr'><strong>sibi</strong></span> <span class='ocrx_word' id='word_1_84' title='bbox 1139 1168 1450 1223; x_wconf 91' lang='lat' dir='ltr'><strong>asciverunt</strong></span> <span class='ocrx_word' id='word_1_85' title='bbox 1500 1169 1890 1223; x_wconf 69' lang='lat' dir='ltr'><strong>liboracenses.</strong></span> 
     </span>
    </p>
   </div>
   <div class='ocr_carea' id='block_1_16' title="bbox 299 1256 1891 1330">
    <p class='ocr_par' dir='ltr' id='par_1_16' title="bbox 299 1256 1891 1330">
     <span class='ocr_line' id='line_1_16' title="bbox 299 1256 1891 1330; baseline 0.001 -19"><span class='ocrx_word' id='word_1_86' title='bbox 299 1257 510 1322; x_wconf 81' lang='lat' dir='ltr'><strong>Quibus</strong></span> <span class='ocrx_word' id='word_1_87' title='bbox 528 1256 732 1326; x_wconf 88' lang='lat' dir='ltr'><strong>juncti,</strong></span> <span class='ocrx_word' id='word_1_88' title='bbox 753 1274 1028 1312; x_wconf 90' lang='lat' dir='ltr'><strong>armorum</strong></span> <span class='ocrx_word' id='word_1_89' title='bbox 1050 1259 1209 1314; x_wconf 87' lang='lat' dir='ltr'><strong>simul</strong></span> <span class='ocrx_word' id='word_1_90' title='bbox 1231 1271 1284 1313; x_wconf 93' lang='lat' dir='ltr'><strong>et</strong></span> <span class='ocrx_word' id='word_1_91' title='bbox 1313 1259 1707 1330; x_wconf 84' lang='lat' dir='ltr'><strong>stipendiorum</strong></span> <span class='ocrx_word' id='word_1_92' title='bbox 1735 1259 1891 1330; x_wconf 90' lang='lat' dir='ltr'><strong>copia</strong></span> 
     </span>
    </p>
   </div>
   <div class='ocr_carea' id='block_1_17' title="bbox 300 1348 1891 1419">
    <p class='ocr_par' dir='ltr' id='par_1_17' title="bbox 300 1348 1891 1419">
     <span class='ocr_line' id='line_1_17' title="bbox 300 1348 1891 1419; baseline 0.001 -19"><span class='ocrx_word' id='word_1_93' title='bbox 300 1348 490 1401; x_wconf 87' lang='lat' dir='ltr'><strong>urbem</strong></span> <span class='ocrx_word' id='word_1_94' title='bbox 527 1348 839 1402; x_wconf 90' lang='lat' dir='ltr'><strong>munierunt</strong></span> <span class='ocrx_word' id='word_1_95' title='bbox 867 1358 924 1402; x_wconf 90' lang='lat' dir='ltr'><strong>et</strong></span> <span class='ocrx_word' id='word_1_96' title='bbox 947 1349 1270 1419; x_wconf 89' lang='lat' dir='ltr'><strong>semetipsos</strong></span> <span class='ocrx_word' id='word_1_97' title='bbox 1296 1350 1363 1404; x_wconf 88' lang='lat' dir='ltr'><strong>ad</strong></span> <span class='ocrx_word' id='word_1_98' title='bbox 1388 1351 1744 1405; x_wconf 88' lang='lat' dir='ltr'><strong>resistendum</strong></span> <span class='ocrx_word' id='word_1_99' title='bbox 1771 1365 1891 1404; x_wconf 87' lang='lat' dir='ltr'><strong>cor-</strong></span> 
     </span>
    </p>
   </div>
   <div class='ocr_carea' id='block_1_18' title="bbox 301 1438 1893 1508">
    <p class='ocr_par' dir='ltr' id='par_1_18' title="bbox 301 1438 1893 1508">
     <span class='ocr_line' id='line_1_18' title="bbox 301 1438 1893 1508; baseline 0.004 -21"><span class='ocrx_word' id='word_1_100' title='bbox 301 1438 726 1503; x_wconf 87' lang='lat' dir='ltr'><strong>roboraverunt,</strong></span> <span class='ocrx_word' id='word_1_101' title='bbox 782 1438 995 1508; x_wconf 84' lang='lat' dir='ltr'><strong>sibique</strong></span> <span class='ocrx_word' id='word_1_102' title='bbox 1051 1454 1280 1507; x_wconf 89' lang='lat' dir='ltr'><strong>puerum</strong></span> <span class='ocrx_word' id='word_1_103' title='bbox 1335 1439 1624 1508; x_wconf 83' lang='lat' dir='ltr'><strong>quemdam</strong></span> <span class='ocrx_word' id='word_1_104' title='bbox 1674 1439 1893 1494; x_wconf 88' lang='lat' dir='ltr'><strong>nomine</strong></span> 
     </span>
    </p>
   </div>
   <div class='ocr_carea' id='block_1_19' title="bbox 300 1524 1894 1598">
    <p class='ocr_par' dir='ltr' id='par_1_19' title="bbox 300 1524 1894 1598">
     <span class='ocr_line' id='line_1_19' title="bbox 300 1524 1894 1598; baseline 0.003 -20"><span class='ocrx_word' id='word_1_105' title='bbox 300 1524 606 1596; x_wconf 75' lang='lat' dir='ltr'><strong>Eadgarum</strong></span> <span class='ocrx_word' id='word_1_106' title='bbox 638 1543 705 1581; x_wconf 86' lang='lat' dir='ltr'><strong>ex</strong></span> <span class='ocrx_word' id='word_1_107' title='bbox 740 1526 993 1582; x_wconf 83' lang='lat' dir='ltr'><strong>Edwardi</strong></span> <span class='ocrx_word' id='word_1_108' title='bbox 1027 1529 1168 1598; x_wconf 86' lang='lat' dir='ltr'><strong>regis</strong></span> <span class='ocrx_word' id='word_1_109' title='bbox 1198 1527 1476 1584; x_wconf 86' lang='lat' dir='ltr'><strong>nobilitate</strong></span> <span class='ocrx_word' id='word_1_110' title='bbox 1496 1544 1665 1598; x_wconf 82' lang='lat' dir='ltr'><strong>genus</strong></span> <span class='ocrx_word' id='word_1_111' title='bbox 1693 1529 1894 1582; x_wconf 84' lang='lat' dir='ltr'><strong>ducen-</strong></span> 
     </span>
    </p>
   </div>
   <div class='ocr_carea' id='block_1_20' title="bbox 302 1603 1885 1702">
    <p class='ocr_par' dir='ltr' id='par_1_20' title="bbox 302 1617 1885 1689">
     <span class='ocr_line' id='line_1_20' title="bbox 302 1617 1885 1689; baseline 0.004 -21"><span class='ocrx_word' id='word_1_112' title='bbox 302 1627 436 1682; x_wconf 87' lang='lat' dir='ltr'><strong>tem,</strong></span> <span class='ocrx_word' id='word_1_113' title='bbox 469 1633 650 1687; x_wconf 89' lang='lat' dir='ltr'><strong>regem</strong></span> <span class='ocrx_word' id='word_1_114' title='bbox 681 1617 1064 1689; x_wconf 69' lang='lat' dir='ltr'><strong>praafeceruut.</strong></span> <span class='ocrx_word' id='word_1_115' title='bbox 1098 1619 1341 1686; x_wconf 83' lang='lat' dir='ltr'><strong>Quorum</strong></span> <span class='ocrx_word' id='word_1_116' title='bbox 1390 1620 1707 1676; x_wconf 87' lang='lat' dir='ltr'><strong>temerarios</strong></span> <span class='ocrx_word' id='word_1_117' title='bbox 1738 1631 1885 1675; x_wconf 89' lang='lat' dir='ltr'><strong>actus</strong></span> 
     </span>
    </p>
   </div>
   <div class='ocr_carea' id='block_1_21' title="bbox 1988 1603 2723 1702">
    <p class='ocr_par' dir='ltr' id='par_1_21' title="bbox 1993 1603 2723 1702">
     <span class='ocr_line' id='line_1_21' title="bbox 1993 1603 2723 1702; baseline 0.015 -11"><span class='ocrx_word' id='word_1_118' title='bbox 1993 1637 2072 1692; x_wconf 86' lang='lat' dir='ltr'><strong>De</strong></span> <span class='ocrx_word' id='word_1_119' title='bbox 2105 1652 2271 1695; x_wconf 83' lang='lat' dir='ltr'><strong>morte</strong></span> <span class='ocrx_word' id='word_1_120' title='bbox 2303 1641 2512 1698; x_wconf 82' lang='lat' dir='ltr'><strong>Roberti</strong></span> <span class='ocrx_word' id='word_1_121' title='bbox 2544 1603 2723 1702; x_wconf 36' lang='lat' dir='ltr'><strong>litis-ca</strong></span> 
     </span>
    </p>
   </div>
   <div class='ocr_carea' id='block_1_22' title="bbox 298 1708 1886 1781">
    <p class='ocr_par' dir='ltr' id='par_1_22' title="bbox 298 1708 1886 1781">
     <span class='ocr_line' id='line_1_22' title="bbox 298 1708 1886 1781; baseline 0.004 -22"><span class='ocrx_word' id='word_1_122' title='bbox 298 1708 383 1761; x_wconf 85' lang='lat' dir='ltr'><strong>vel</strong></span> <span class='ocrx_word' id='word_1_123' title='bbox 410 1719 639 1764; x_wconf 90' lang='lat' dir='ltr'><strong>conatus</strong></span> <span class='ocrx_word' id='word_1_124' title='bbox 660 1709 968 1765; x_wconf 87' lang='lat' dir='ltr'><strong>Willelmus</strong></span> <span class='ocrx_word' id='word_1_125' title='bbox 998 1726 1088 1766; x_wconf 90' lang='lat' dir='ltr'><strong>rex</strong></span> <span class='ocrx_word' id='word_1_126' title='bbox 1115 1721 1173 1764; x_wconf 91' lang='lat' dir='ltr'><strong>ut</strong></span> <span class='ocrx_word' id='word_1_127' title='bbox 1205 1711 1446 1781; x_wconf 81' lang='lat' dir='ltr'><strong>agnmit,</strong></span> <span class='ocrx_word' id='word_1_128' title='bbox 1481 1711 1886 1766; x_wconf 82' lang='lat' dir='ltr'><strong>Northmanno-</strong></span> 
     </span>
    </p>
   </div>
   <div class='ocr_carea' id='block_1_23' title="bbox 297 1801 1887 1872">
    <p class='ocr_par' dir='ltr' id='par_1_23' title="bbox 297 1801 1887 1872">
     <span class='ocr_line' id='line_1_23' title="bbox 297 1801 1887 1872; baseline 0.002 -19"><span class='ocrx_word' id='word_1_129' title='bbox 297 1814 418 1853; x_wconf 89' lang='lat' dir='ltr'><strong>rum</strong></span> <span class='ocrx_word' id='word_1_130' title='bbox 447 1812 695 1856; x_wconf 87' lang='lat' dir='ltr'><strong>catervas</strong></span> <span class='ocrx_word' id='word_1_131' title='bbox 713 1802 969 1872; x_wconf 86' lang='lat' dir='ltr'><strong>produxit</strong></span> <span class='ocrx_word' id='word_1_132' title='bbox 990 1811 1044 1858; x_wconf 90' lang='lat' dir='ltr'><strong>et</strong></span> <span class='ocrx_word' id='word_1_133' title='bbox 1069 1803 1389 1872; x_wconf 62' lang='lat' dir='ltr'><strong>quantocius</strong></span> <span class='ocrx_word' id='word_1_134' title='bbox 1410 1803 1476 1855; x_wconf 89' lang='lat' dir='ltr'><strong>ad</strong></span> <span class='ocrx_word' id='word_1_135' title='bbox 1501 1801 1887 1857; x_wconf 82' lang='lat' dir='ltr'><strong>confutandam</strong></span> 
     </span>
    </p>
   </div>
   <div class='ocr_carea' id='block_1_24' title="bbox 297 1891 1887 1964">
    <p class='ocr_par' dir='ltr' id='par_1_24' title="bbox 297 1891 1887 1964">
     <span class='ocr_line' id='line_1_24' title="bbox 297 1891 1887 1964; baseline 0.004 -22"><span class='ocrx_word' id='word_1_136' title='bbox 297 1891 700 1946; x_wconf 87' lang='lat' dir='ltr'><strong>contumaciam</strong></span> <span class='ocrx_word' id='word_1_137' title='bbox 749 1908 936 1947; x_wconf 91' lang='lat' dir='ltr'><strong>eorum</strong></span> <span class='ocrx_word' id='word_1_138' title='bbox 982 1893 1244 1964; x_wconf 85' lang='lat' dir='ltr'><strong>perrexit.</strong></span> <span class='ocrx_word' id='word_1_139' title='bbox 1280 1892 1535 1947; x_wconf 79' lang='lat' dir='ltr'><strong>Seditiosi</strong></span> <span class='ocrx_word' id='word_1_140' title='bbox 1568 1903 1750 1949; x_wconf 89' lang='lat' dir='ltr'><strong>autem</strong></span> <span class='ocrx_word' id='word_1_141' title='bbox 1787 1909 1887 1948; x_wconf 83' lang='lat' dir='ltr'><strong>au-</strong></span> 
     </span>
    </p>
   </div>
   <div class='ocr_carea' id='block_1_25' title="bbox 297 1981 1886 2053">
    <p class='ocr_par' dir='ltr' id='par_1_25' title="bbox 297 1981 1886 2053">
     <span class='ocr_line' id='line_1_25' title="bbox 297 1981 1886 2053; baseline 0.002 -19"><span class='ocrx_word' id='word_1_142' title='bbox 297 1981 461 2035; x_wconf 87' lang='lat' dir='ltr'><strong>dacia</strong></span> <span class='ocrx_word' id='word_1_143' title='bbox 489 1990 544 2035; x_wconf 94' lang='lat' dir='ltr'><strong>et</strong></span> <span class='ocrx_word' id='word_1_144' title='bbox 566 1981 772 2036; x_wconf 86' lang='lat' dir='ltr'><strong>viribus</strong></span> <span class='ocrx_word' id='word_1_145' title='bbox 797 1983 877 2036; x_wconf 90' lang='lat' dir='ltr'><strong>tisi</strong></span> <span class='ocrx_word' id='word_1_146' title='bbox 914 1998 982 2035; x_wconf 82' lang='lat' dir='ltr'><strong>ex</strong></span> <span class='ocrx_word' id='word_1_147' title='bbox 1037 1983 1258 2037; x_wconf 87' lang='lat' dir='ltr'><strong>civitate</strong></span> <span class='ocrx_word' id='word_1_148' title='bbox 1289 1983 1654 2053; x_wconf 63' lang='lat' dir='ltr'><strong>prosiluernnt</strong></span> <span class='ocrx_word' id='word_1_149' title='bbox 1681 1992 1734 2036; x_wconf 92' lang='lat' dir='ltr'><strong>et</strong></span> <span class='ocrx_word' id='word_1_150' title='bbox 1754 1998 1886 2037; x_wconf 88' lang='lat' dir='ltr'><strong>con-</strong></span> 
     </span>
    </p>
   </div>
   <div class='ocr_carea' id='block_1_26' title="bbox 303 2070 1886 2140">
    <p class='ocr_par' dir='ltr' id='par_1_26' title="bbox 303 2070 1886 2140">
     <span class='ocr_line' id='line_1_26' title="bbox 303 2070 1886 2140; baseline 0.001 -17"><span class='ocrx_word' id='word_1_151' title='bbox 303 2080 386 2124; x_wconf 88' lang='lat' dir='ltr'><strong>tra</strong></span> <span class='ocrx_word' id='word_1_152' title='bbox 420 2070 656 2140; x_wconf 76' lang='lat' dir='ltr'><strong>regalem</strong></span> <span class='ocrx_word' id='word_1_153' title='bbox 699 2072 999 2126; x_wconf 86' lang='lat' dir='ltr'><strong>exercitum</strong></span> <span class='ocrx_word' id='word_1_154' title='bbox 1035 2071 1181 2127; x_wconf 91' lang='lat' dir='ltr'><strong>illico</strong></span> <span class='ocrx_word' id='word_1_155' title='bbox 1233 2072 1407 2126; x_wconf 89' lang='lat' dir='ltr'><strong>aciem</strong></span> <span class='ocrx_word' id='word_1_156' title='bbox 1453 2071 1787 2126; x_wconf 75' lang='lat' dir='ltr'><strong>direxerant.</strong></span> <span class='ocrx_word' id='word_1_157' title='bbox 1841 2072 1886 2124; x_wconf 81' lang='grc' dir='ltr'><strong>Δ</strong></span> 
     </span>
    </p>
   </div>
   <div class='ocr_carea' id='block_1_27' title="bbox 297 2164 1885 2237">
    <p class='ocr_par' dir='ltr' id='par_1_27' title="bbox 297 2164 1885 2237">
     <span class='ocr_line' id='line_1_27' title="bbox 297 2164 1885 2237; baseline 0.004 -23"><span class='ocrx_word' id='word_1_158' title='bbox 297 2178 406 2232; x_wconf 89' lang='lat' dir='ltr'><strong>quo</strong></span> <span class='ocrx_word' id='word_1_159' title='bbox 447 2165 696 2234; x_wconf 86' lang='lat' dir='ltr'><strong>protinus</strong></span> <span class='ocrx_word' id='word_1_160' title='bbox 753 2165 825 2218; x_wconf 86' lang='lat' dir='ltr'><strong>ita</strong></span> <span class='ocrx_word' id='word_1_161' title='bbox 881 2164 1148 2237; x_wconf 82' lang='lat' dir='ltr'><strong>proﬂigati</strong></span> <span class='ocrx_word' id='word_1_162' title='bbox 1199 2174 1344 2230; x_wconf 89' lang='lat' dir='ltr'><strong>sunt,</strong></span> <span class='ocrx_word' id='word_1_163' title='bbox 1388 2174 1447 2219; x_wconf 90' lang='lat' dir='ltr'><strong>ut</strong></span> <span class='ocrx_word' id='word_1_164' title='bbox 1498 2165 1885 2234; x_wconf 81' lang='lat' dir='ltr'><strong>quamplurimi</strong></span> 
     </span>
    </p>
   </div>
   <div class='ocr_carea' id='block_1_28' title="bbox 297 2255 1890 2326">
    <p class='ocr_par' dir='ltr' id='par_1_28' title="bbox 297 2255 1890 2326">
     <span class='ocr_line' id='line_1_28' title="bbox 297 2255 1890 2326; baseline 0.001 -18"><span class='ocrx_word' id='word_1_165' title='bbox 297 2255 698 2322; x_wconf 89' lang='lat' dir='ltr'><strong>perimerentur</strong></span> <span class='ocrx_word' id='word_1_166' title='bbox 720 2263 775 2308; x_wconf 90' lang='lat' dir='ltr'><strong>et</strong></span> <span class='ocrx_word' id='word_1_167' title='bbox 804 2255 995 2325; x_wconf 85' lang='lat' dir='ltr'><strong>reliqui</strong></span> <span class='ocrx_word' id='word_1_168' title='bbox 1026 2258 1174 2310; x_wconf 89' lang='lat' dir='ltr'><strong>intra.</strong></span> <span class='ocrx_word' id='word_1_169' title='bbox 1203 2257 1404 2310; x_wconf 76' lang='lat' dir='ltr'><strong>mmnia</strong></span> <span class='ocrx_word' id='word_1_170' title='bbox 1435 2256 1616 2326; x_wconf 79' lang='lat' dir='ltr'><strong>oppidi</strong></span> <span class='ocrx_word' id='word_1_171' title='bbox 1644 2255 1890 2326; x_wconf 79' lang='lat' dir='ltr'><strong>refugere</strong></span> 
     </span>
    </p>
   </div>
   <div class='ocr_carea' id='block_1_29' title="bbox 299 2346 1887 2419">
    <p class='ocr_par' dir='ltr' id='par_1_29' title="bbox 299 2346 1887 2419">
     <span class='ocr_line' id='line_1_29' title="bbox 299 2346 1887 2419; baseline 0.003 -21"><span class='ocrx_word' id='word_1_172' title='bbox 299 2346 775 2416; x_wconf 82' lang='lat' dir='ltr'><strong>compellerentur.</strong></span> <span class='ocrx_word' id='word_1_173' title='bbox 841 2347 1199 2401; x_wconf 80' lang='lat' dir='ltr'><strong>Nortbmanni</strong></span> <span class='ocrx_word' id='word_1_174' title='bbox 1247 2363 1380 2401; x_wconf 66' lang='lat' dir='ltr'><strong>vero</strong></span> <span class='ocrx_word' id='word_1_175' title='bbox 1433 2363 1463 2402; x_wconf 90' lang='lat' dir='ltr'><strong>c</strong></span> <span class='ocrx_word' id='word_1_176' title='bbox 1513 2348 1744 2419; x_wconf 85' lang='lat' dir='ltr'><strong>vestigio</strong></span> <span class='ocrx_word' id='word_1_177' title='bbox 1794 2363 1887 2403; x_wconf 91' lang='lat' dir='ltr'><strong>eos</strong></span> 
     </span>
    </p>
   </div>
   <div class='ocr_carea' id='block_1_30' title="bbox 298 2437 1882 2508">
    <p class='ocr_par' dir='ltr' id='par_1_30' title="bbox 298 2437 1882 2508">
     <span class='ocr_line' id='line_1_30' title="bbox 298 2437 1882 2508; baseline 0.001 -17"><span class='ocrx_word' id='word_1_178' title='bbox 298 2437 580 2491; x_wconf 84' lang='lat' dir='ltr'><strong>consecuti</strong></span> <span class='ocrx_word' id='word_1_179' title='bbox 611 2446 738 2491; x_wconf 90' lang='lat' dir='ltr'><strong>sunt</strong></span> <span class='ocrx_word' id='word_1_180' title='bbox 772 2445 828 2492; x_wconf 94' lang='lat' dir='ltr'><strong>et</strong></span> <span class='ocrx_word' id='word_1_181' title='bbox 855 2438 992 2490; x_wconf 93' lang='lat' dir='ltr'><strong>muri</strong></span> <span class='ocrx_word' id='word_1_182' title='bbox 1029 2437 1315 2502; x_wconf 88' lang='lat' dir='ltr'><strong>ambitum,</strong></span> <span class='ocrx_word' id='word_1_183' title='bbox 1345 2453 1454 2507; x_wconf 92' lang='lat' dir='ltr'><strong>quo</strong></span> <span class='ocrx_word' id='word_1_184' title='bbox 1505 2437 1882 2508; x_wconf 77' lang='lat' dir='ltr'><strong>confugerant,</strong></span> 
     </span>
    </p>
   </div>
   <div class='ocr_carea' id='block_1_31' title="bbox 299 2529 1884 2602">
    <p class='ocr_par' dir='ltr' id='par_1_31' title="bbox 299 2529 1884 2602">
     <span class='ocr_line' id='line_1_31' title="bbox 299 2529 1884 2602; baseline 0.002 -20"><span class='ocrx_word' id='word_1_185' title='bbox 299 2544 420 2582; x_wconf 90' lang='lat' dir='ltr'><strong>cum</strong></span> <span class='ocrx_word' id='word_1_186' title='bbox 448 2529 580 2599; x_wconf 85' lang='lat' dir='ltr'><strong>ipsis</strong></span> <span class='ocrx_word' id='word_1_187' title='bbox 601 2529 935 2599; x_wconf 92' lang='lat' dir='ltr'><strong>irruperunt,</strong></span> <span class='ocrx_word' id='word_1_188' title='bbox 963 2540 1127 2600; x_wconf 88' lang='lat' dir='ltr'><strong>atque</strong></span> <span class='ocrx_word' id='word_1_189' title='bbox 1155 2539 1262 2584; x_wconf 89' lang='lat' dir='ltr'><strong>tam</strong></span> <span class='ocrx_word' id='word_1_190' title='bbox 1305 2530 1451 2584; x_wconf 87' lang='lat' dir='ltr'><strong>ferro</strong></span> <span class='ocrx_word' id='word_1_191' title='bbox 1491 2547 1654 2600; x_wconf 89' lang='lat' dir='ltr'><strong>quam</strong></span> <span class='ocrx_word' id='word_1_192' title='bbox 1706 2532 1826 2602; x_wconf 81' lang='lat' dir='ltr'><strong>igne</strong></span> <span class='ocrx_word' id='word_1_193' title='bbox 1855 2547 1884 2585; x_wconf 92' lang='lat' dir='ltr'><strong>a</strong></span> 
     </span>
    </p>
   </div>
   <div class='ocr_carea' id='block_1_32' title="bbox 299 2621 1912 2690">
    <p class='ocr_par' dir='ltr' id='par_1_32' title="bbox 299 2621 1912 2690">
     <span class='ocr_line' id='line_1_32' title="bbox 299 2621 1912 2690; baseline 0.002 -19"><span class='ocrx_word' id='word_1_194' title='bbox 299 2633 470 2688; x_wconf 90' lang='lat' dir='ltr'><strong>puero</strong></span> <span class='ocrx_word' id='word_1_195' title='bbox 483 2634 656 2688; x_wconf 89' lang='lat' dir='ltr'><strong>usque</strong></span> <span class='ocrx_word' id='word_1_196' title='bbox 675 2621 743 2674; x_wconf 90' lang='lat' dir='ltr'><strong>ad</strong></span> <span class='ocrx_word' id='word_1_197' title='bbox 766 2634 950 2674; x_wconf 90' lang='lat' dir='ltr'><strong>senem</strong></span> <span class='ocrx_word' id='word_1_198' title='bbox 981 2627 1149 2674; x_wconf 88' lang='lat' dir='ltr'><strong>totam</strong></span> <span class='ocrx_word' id='word_1_199' title='bbox 1171 2635 1308 2690; x_wconf 88' lang='lat' dir='ltr'><strong>pene</strong></span> <span class='ocrx_word' id='word_1_200' title='bbox 1337 2622 1524 2675; x_wconf 84' lang='lat' dir='ltr'><strong>urbem</strong></span> <span class='ocrx_word' id='word_1_201' title='bbox 1549 2621 1882 2677; x_wconf 85' lang='lat' dir='ltr'><strong>deleverunt.</strong></span> <span class='ocrx_word' id='word_1_202' title='bbox 1906 2656 1912 2662; x_wconf 90' lang='grc'><strong><em>-</em></strong></span> 
     </span>
    </p>
   </div>
   <div class='ocr_carea' id='block_1_33' title="bbox 301 2710 1885 2781">
    <p class='ocr_par' dir='ltr' id='par_1_33' title="bbox 301 2710 1885 2781">
     <span class='ocr_line' id='line_1_33' title="bbox 301 2710 1885 2781; baseline 0.001 -16"><span class='ocrx_word' id='word_1_203' title='bbox 301 2710 620 2766; x_wconf 89' lang='lat' dir='ltr'><strong>lncentores</strong></span> <span class='ocrx_word' id='word_1_204' title='bbox 645 2720 826 2766; x_wconf 85' lang='lat' dir='ltr'><strong>autem</strong></span> <span class='ocrx_word' id='word_1_205' title='bbox 878 2713 1041 2766; x_wconf 88' lang='lat' dir='ltr'><strong>totius</strong></span> <span class='ocrx_word' id='word_1_206' title='bbox 1091 2711 1198 2765; x_wconf 92' lang='lat' dir='ltr'><strong>doli</strong></span> <span class='ocrx_word' id='word_1_207' title='bbox 1252 2727 1350 2781; x_wconf 89' lang='lat' dir='ltr'><strong>per</strong></span> <span class='ocrx_word' id='word_1_208' title='bbox 1382 2713 1620 2768; x_wconf 86' lang='lat' dir='ltr'><strong>llumbre</strong></span> <span class='ocrx_word' id='word_1_209' title='bbox 1667 2713 1885 2769; x_wconf 83' lang='lat' dir='ltr'><strong>fluvium</strong></span> 
     </span>
    </p>
   </div>
   <div class='ocr_carea' id='block_1_34' title="bbox 302 2801 1458 2874">
    <p class='ocr_par' dir='ltr' id='par_1_34' title="bbox 302 2801 1458 2874">
     <span class='ocr_line' id='line_1_34' title="bbox 302 2801 1458 2874; baseline -0.002 -16"><span class='ocrx_word' id='word_1_210' title='bbox 302 2805 536 2860; x_wconf 84' lang='lat' dir='ltr'><strong>navibus</strong></span> <span class='ocrx_word' id='word_1_211' title='bbox 560 2804 899 2874; x_wconf 89' lang='lat' dir='ltr'><strong>dispendium</strong></span> <span class='ocrx_word' id='word_1_212' title='bbox 925 2803 1116 2858; x_wconf 90' lang='lat' dir='ltr'><strong>mortis</strong></span> <span class='ocrx_word' id='word_1_213' title='bbox 1136 2801 1458 2872; x_wconf 85' lang='lat' dir='ltr'><strong>effugerunt.</strong></span> 
     </span>
    </p>
   </div>
   <div class='ocr_carea' id='block_1_35' title="bbox 893 2915 3572 3071">
    <p class='ocr_par' dir='ltr' id='par_1_35' title="bbox 893 2915 3572 3071">
     <span class='ocr_line' id='line_1_35' title="bbox 893 2915 3568 2999; baseline 0.008 -54"><span class='ocrx_word' id='word_1_214' title='bbox 893 2916 1123 2972; x_wconf 58' lang='lat' dir='ltr'><strong>CAPUT</strong></span> <span class='ocrx_word' id='word_1_215' title='bbox 1159 2915 1294 2970; x_wconf 51' lang='lat' dir='ltr'><strong>XLI.</strong></span> <span class='ocrx_word' id='word_1_216' title='bbox 1911 2945 1951 2999; x_wconf 59' lang='grc' dir='ltr'><strong><em>Γ</em></strong></span> <span class='ocrx_word' id='word_1_217' title='bbox 1991 2915 2126 2947; x_wconf 77' lang='lat' dir='ltr'><strong>ututs</strong></span> <span class='ocrx_word' id='word_1_218' title='bbox 2160 2915 2420 2966; x_wconf 80' lang='lat' dir='ltr'><strong>quinque.</strong></span> <span class='ocrx_word' id='word_1_219' title='bbox 2458 2915 2608 2954; x_wconf 72' lang='lat' dir='ltr'><strong>l‘llltn</strong></span> <span class='ocrx_word' id='word_1_220' title='bbox 2636 2916 2765 2956; x_wconf 87' lang='lat' dir='ltr'><strong>vero</strong></span> <span class='ocrx_word' id='word_1_221' title='bbox 2797 2915 2932 2959; x_wconf 83' lang='lat' dir='ltr'><strong>adeo</strong></span> <span class='ocrx_word' id='word_1_222' title='bbox 2960 2915 3414 2966; x_wconf 73' lang='lat' dir='ltr'><strong>excellentissime</strong></span> <span class='ocrx_word' id='word_1_223' title='bbox 3447 2927 3568 2966; x_wconf 58' lang='lat' dir='ltr'><strong>ma-</strong></span> 
     </span>
     <span class='ocr_line' id='line_1_36' title="bbox 895 2981 3572 3071; baseline 0.008 -34"><span class='ocrx_word' id='word_1_224' title='bbox 895 3007 1076 3071; x_wconf 53' lang='lat' dir='ltr'><strong>’ﬁh-u,</strong></span> <span class='ocrx_word' id='word_1_225' title='bbox 1131 3005 1371 3060; x_wconf 57' lang='grc' dir='ltr'><strong>Εηάοηίε</strong></span> <span class='ocrx_word' id='word_1_226' title='bbox 1417 3008 1622 3060; x_wconf 46' lang='lat' dir='ltr'><strong>(omnis</strong></span> <span class='ocrx_word' id='word_1_227' title='bbox 1669 3008 1886 3060; x_wconf 54' lang='grc' dir='ltr'><strong>,ηςηονίε</strong></span> <span class='ocrx_word' id='word_1_228' title='bbox 1939 2981 1952 2998; x_wconf 90' lang='grc'><em>⁴</em></span> <span class='ocrx_word' id='word_1_229' title='bbox 1991 2985 2164 3038; x_wconf 77' lang='lat' dir='ltr'><strong>ritatm</strong></span> <span class='ocrx_word' id='word_1_230' title='bbox 2189 2997 2337 3052; x_wconf 91' lang='lat' dir='ltr'><strong>sunt,</strong></span> <span class='ocrx_word' id='word_1_231' title='bbox 2367 2998 2427 3042; x_wconf 92' lang='lat' dir='ltr'><strong>ut</strong></span> <span class='ocrx_word' id='word_1_232' title='bbox 2453 3005 2558 3044; x_wconf 92' lang='lat' dir='ltr'><strong>una</strong></span> <span class='ocrx_word' id='word_1_233' title='bbox 2586 3007 2772 3046; x_wconf 91' lang='lat' dir='ltr'><strong>earum</strong></span> <span class='ocrx_word' id='word_1_234' title='bbox 2820 2995 3169 3056; x_wconf 85' lang='lat' dir='ltr'><strong>matrimonio</strong></span> <span class='ocrx_word' id='word_1_235' title='bbox 3203 3001 3450 3071; x_wconf 88' lang='lat' dir='ltr'><strong>copulata</strong></span> <span class='ocrx_word' id='word_1_236' title='bbox 3499 3004 3572 3058; x_wconf 86' lang='lat' dir='ltr'><strong>sit</strong></span> 
     </span>
    </p>
   </div>
   <div class='ocr_carea' id='block_1_36' title="bbox 301 3005 1886 3080">
    <p class='ocr_par' dir='ltr' id='par_1_36' title="bbox 301 3005 1886 3080">
     <span class='ocr_line' id='line_1_37' title="bbox 301 3005 1886 3080; baseline -0.003 -15"><span class='ocrx_word' id='word_1_237' title='bbox 301 3011 578 3080; x_wconf 82' lang='lat' dir='ltr'><strong>Quomodo</strong></span> <span class='ocrx_word' id='word_1_238' title='bbox 626 3009 908 3073; x_wconf 77' lang='lat' dir='ltr'><strong>Brietmus,</strong></span> <span class='ocrx_word' id='word_1_239' title='bbox 933 3007 1076 3076; x_wconf 81' lang='lat' dir='ltr'><strong>[ilius</strong></span> <span class='ocrx_word' id='word_1_240' title='bbox 1104 3005 1371 3080; x_wconf 67' lang='lat' dir='ltr'><strong>__If.‘ud9_uis</strong></span> <span class='ocrx_word' id='word_1_241' title='bbox 1409 3008 1622 3080; x_wconf 60' lang='lat' dir='ltr'><strong>routitis</strong></span> <span class='ocrx_word' id='word_1_242' title='bbox 1669 3008 1886 3080; x_wconf 69' lang='lat' dir='ltr'><strong>minoris</strong></span> 
     </span>
    </p>
   </div>
   <div class='ocr_carea' id='block_1_37' title="bbox 370 3075 1884 3146">
    <p class='ocr_par' dir='ltr' id='par_1_37' title="bbox 370 3075 1884 3146">
     <span class='ocr_line' id='line_1_38' title="bbox 370 3075 1884 3146; baseline -0.005 -11"><span class='ocrx_word' id='word_1_243' title='bbox 370 3082 689 3146; x_wconf 74' lang='lat' dir='ltr'><strong>Britanuirr,</strong></span> <span class='ocrx_word' id='word_1_244' title='bbox 720 3081 904 3133; x_wconf 80' lang='lat' dir='ltr'><strong>devicit</strong></span> <span class='ocrx_word' id='word_1_245' title='bbox 931 3075 1064 3132; x_wconf 69' lang='lat' dir='ltr'><strong>duo:</strong></span> <span class='ocrx_word' id='word_1_246' title='bbox 1085 3077 1226 3145; x_wconf 73' lang='lat' dir='ltr'><strong>ﬁlias</strong></span> <span class='ocrx_word' id='word_1_247' title='bbox 1254 3075 1494 3142; x_wconf 81' lang='lat' dir='ltr'><strong>Heraldi,</strong></span> <span class='ocrx_word' id='word_1_248' title='bbox 1511 3094 1629 3130; x_wconf 77' lang='lat' dir='ltr'><strong>cunt</strong></span> <span class='ocrx_word' id='word_1_249' title='bbox 1655 3079 1884 3131; x_wconf 71' lang='lat' dir='ltr'><strong>exercim</strong></span> 
     </span>
    </p>
   </div>
   <div class='ocr_carea' id='block_1_38' title="bbox 371 3150 1880 3221">
    <p class='ocr_par' dir='ltr' id='par_1_38' title="bbox 371 3150 1880 3221">
     <span class='ocr_line' id='line_1_39' title="bbox 371 3150 1880 3221; baseline -0.009 -17"><span class='ocrx_word' id='word_1_250' title='bbox 371 3153 507 3221; x_wconf 76' lang='lat' dir='ltr'><strong>regis</strong></span> <span class='ocrx_word' id='word_1_251' title='bbox 526 3150 573 3203; x_wconf 89' lang='grc'><em>11</em></span> <span class='ocrx_word' id='word_1_252' title='bbox 581 3151 814 3204; x_wconf 72' lang='grc' dir='ltr'><strong>ἱὺεηιὶω.</strong></span> <span class='ocrx_word' id='word_1_253' title='bbox 1877 3157 1880 3160; x_wconf 66' lang='grc'><strong>’</strong></span> 
     </span>
    </p>
   </div>
   <div class='ocr_carea' id='block_1_39' title="bbox 369 3259 1886 3332">
    <p class='ocr_par' dir='ltr' id='par_1_39' title="bbox 369 3259 1886 3332">
     <span class='ocr_line' id='line_1_40' title="bbox 369 3259 1886 3332; baseline -0.003 -14"><span class='ocrx_word' id='word_1_254' title='bbox 369 3264 560 3329; x_wconf 86' lang='lat' dir='ltr'><strong>Porro,</strong></span> <span class='ocrx_word' id='word_1_255' title='bbox 587 3264 712 3318; x_wconf 92' lang='lat' dir='ltr'><strong>dum</strong></span> <span class='ocrx_word' id='word_1_256' title='bbox 743 3262 836 3318; x_wconf 88' lang='lat' dir='ltr'><strong>lilii</strong></span> <span class='ocrx_word' id='word_1_257' title='bbox 898 3260 1117 3317; x_wconf 86' lang='lat' dir='ltr'><strong>Ileraldi</strong></span> <span class='ocrx_word' id='word_1_258' title='bbox 1167 3260 1311 3332; x_wconf 81' lang='lat' dir='ltr'><strong>regis</strong></span> <span class='ocrx_word' id='word_1_259' title='bbox 1355 3259 1423 3314; x_wconf 90' lang='lat' dir='ltr'><strong>ab</strong></span> <span class='ocrx_word' id='word_1_260' title='bbox 1456 3275 1644 3316; x_wconf 88' lang='lat' dir='ltr'><strong>eorum</strong></span> <span class='ocrx_word' id='word_1_261' title='bbox 1694 3269 1886 3314; x_wconf 83' lang='lat' dir='ltr'><strong>conlu-</strong></span> 
     </span>
    </p>
   </div>
   <div class='ocr_carea' id='block_1_40' title="bbox 299 3352 1880 3423">
    <p class='ocr_par' dir='ltr' id='par_1_40' title="bbox 299 3352 1880 3423">
     <span class='ocr_line' id='line_1_41' title="bbox 299 3352 1880 3423; baseline -0.001 -13"><span class='ocrx_word' id='word_1_262' title='bbox 299 3355 491 3410; x_wconf 87' lang='lat' dir='ltr'><strong>bernio</strong></span> <span class='ocrx_word' id='word_1_263' title='bbox 519 3370 578 3410; x_wconf 91' lang='lat' dir='ltr'><strong>se</strong></span> <span class='ocrx_word' id='word_1_264' title='bbox 604 3355 998 3420; x_wconf 80' lang='lat' dir='ltr'><strong>subduxerunt,</strong></span> <span class='ocrx_word' id='word_1_265' title='bbox 1023 3363 1076 3409; x_wconf 92' lang='lat' dir='ltr'><strong>et</strong></span> <span class='ocrx_word' id='word_1_266' title='bbox 1101 3369 1225 3408; x_wconf 93' lang='lat' dir='ltr'><strong>cum</strong></span> <span class='ocrx_word' id='word_1_267' title='bbox 1247 3352 1432 3407; x_wconf 89' lang='lat' dir='ltr'><strong>multis</strong></span> <span class='ocrx_word' id='word_1_268' title='bbox 1453 3354 1759 3408; x_wconf 88' lang='lat' dir='ltr'><strong>vernaculis</strong></span> <span class='ocrx_word' id='word_1_269' title='bbox 1785 3369 1880 3423; x_wconf 86' lang='lat' dir='ltr'><strong>pa-</strong></span> 
     </span>
    </p>
   </div>
   <div class='ocr_carea' id='block_1_41' title="bbox 302 3443 1881 3515">
    <p class='ocr_par' dir='ltr' id='par_1_41' title="bbox 302 3443 1881 3515">
     <span class='ocr_line' id='line_1_42' title="bbox 302 3443 1881 3515; baseline 0 -15"><span class='ocrx_word' id='word_1_270' title='bbox 302 3448 400 3502; x_wconf 90' lang='lat' dir='ltr'><strong>tris</strong></span> <span class='ocrx_word' id='word_1_271' title='bbox 420 3447 721 3502; x_wconf 89' lang='lat' dir='ltr'><strong>Dirmetum</strong></span> <span class='ocrx_word' id='word_1_272' title='bbox 762 3446 1032 3501; x_wconf 81' lang='lat' dir='ltr'><strong>Hibernia:</strong></span> <span class='ocrx_word' id='word_1_273' title='bbox 1061 3459 1241 3515; x_wconf 85' lang='lat' dir='ltr'><strong>regem</strong></span> <span class='ocrx_word' id='word_1_274' title='bbox 1271 3459 1372 3514; x_wconf 92' lang='lat' dir='ltr'><strong>pro</strong></span> <span class='ocrx_word' id='word_1_275' title='bbox 1405 3443 1700 3499; x_wconf 90' lang='lat' dir='ltr'><strong>obtinendo</strong></span> <span class='ocrx_word' id='word_1_276' title='bbox 1719 3444 1881 3512; x_wconf 85' lang='lat' dir='ltr'><strong>juva-</strong></span> 
     </span>
    </p>
   </div>
   <div class='ocr_carea' id='block_1_42' title="bbox 301 3535 1880 3610">
    <p class='ocr_par' dir='ltr' id='par_1_42' title="bbox 301 3535 1880 3610">
     <span class='ocr_line' id='line_1_43' title="bbox 301 3535 1880 3610; baseline 0 -17"><span class='ocrx_word' id='word_1_277' title='bbox 301 3540 446 3594; x_wconf 89' lang='lat' dir='ltr'><strong>mine</strong></span> <span class='ocrx_word' id='word_1_278' title='bbox 474 3539 712 3610; x_wconf 85' lang='lat' dir='ltr'><strong>aggressi</strong></span> <span class='ocrx_word' id='word_1_279' title='bbox 737 3548 881 3593; x_wconf 87' lang='lat' dir='ltr'><strong>sunt.</strong></span> <span class='ocrx_word' id='word_1_280' title='bbox 911 3537 989 3593; x_wconf 89' lang='lat' dir='ltr'><strong>De</strong></span> <span class='ocrx_word' id='word_1_281' title='bbox 1032 3535 1186 3605; x_wconf 91' lang='lat' dir='ltr'><strong>cujus</strong></span> <span class='ocrx_word' id='word_1_282' title='bbox 1233 3551 1420 3607; x_wconf 86' lang='lat' dir='ltr'><strong>regno,</strong></span> <span class='ocrx_word' id='word_1_283' title='bbox 1465 3537 1656 3593; x_wconf 89' lang='lat' dir='ltr'><strong>eodem</strong></span> <span class='ocrx_word' id='word_1_284' title='bbox 1683 3538 1880 3593; x_wconf 87' lang='lat' dir='ltr'><strong>sull&#39;ra-</strong></span> 
     </span>
    </p>
   </div>
   <div class='ocr_carea' id='block_1_43' title="bbox 299 3627 1879 3701">
    <p class='ocr_par' dir='ltr' id='par_1_43' title="bbox 299 3627 1879 3701">
     <span class='ocr_line' id='line_1_44' title="bbox 299 3627 1879 3701; baseline 0 -17"><span class='ocrx_word' id='word_1_285' title='bbox 299 3637 480 3701; x_wconf 82' lang='lat' dir='ltr'><strong>gante,</strong></span> <span class='ocrx_word' id='word_1_286' title='bbox 510 3644 674 3700; x_wconf 86' lang='lat' dir='ltr'><strong>parva</strong></span> <span class='ocrx_word' id='word_1_287' title='bbox 716 3628 974 3698; x_wconf 83' lang='lat' dir='ltr'><strong>temporis</strong></span> <span class='ocrx_word' id='word_1_288' title='bbox 1014 3627 1420 3697; x_wconf 87' lang='lat' dir='ltr'><strong>intercapedine</strong></span> <span class='ocrx_word' id='word_1_289' title='bbox 1457 3642 1564 3682; x_wconf 91' lang='lat' dir='ltr'><strong>non</strong></span> <span class='ocrx_word' id='word_1_290' title='bbox 1598 3627 1879 3684; x_wconf 84' lang='lat' dir='ltr'><strong>minimam</strong></span> 
     </span>
    </p>
   </div>
   <div class='ocr_carea' id='block_1_44' title="bbox 300 3717 1879 3781">
    <p class='ocr_par' dir='ltr' id='par_1_44' title="bbox 300 3717 1879 3781">
     <span class='ocr_line' id='line_1_45' title="bbox 300 3717 1879 3781; baseline -0.003 -5"><span class='ocrx_word' id='word_1_291' title='bbox 300 3735 520 3776; x_wconf 90' lang='lat' dir='ltr'><strong>manum</strong></span> <span class='ocrx_word' id='word_1_292' title='bbox 568 3718 798 3774; x_wconf 89' lang='lat' dir='ltr'><strong>militum</strong></span> <span class='ocrx_word' id='word_1_293' title='bbox 854 3718 954 3774; x_wconf 85' lang='lat' dir='ltr'><strong>sibi</strong></span> <span class='ocrx_word' id='word_1_294' title='bbox 1001 3725 1409 3772; x_wconf 76' lang='lat' dir='ltr'><strong>contraxerunt.</strong></span> <span class='ocrx_word' id='word_1_295' title='bbox 1465 3717 1700 3781; x_wconf 90' lang='lat' dir='ltr'><strong>Deinde,</strong></span> <span class='ocrx_word' id='word_1_296' title='bbox 1757 3733 1879 3773; x_wconf 90' lang='lat' dir='ltr'><strong>cum</strong></span> 
     </span>
    </p>
   </div>
   <div class='ocr_carea' id='block_1_45' title="bbox 299 3808 1880 3882">
    <p class='ocr_par' dir='ltr' id='par_1_45' title="bbox 299 3808 1880 3882">
     <span class='ocr_line' id='line_1_46' title="bbox 299 3808 1880 3882; baseline -0.002 -17"><span class='ocrx_word' id='word_1_297' title='bbox 299 3811 579 3882; x_wconf 79' lang='lat' dir='ltr'><strong>sexaginta</strong></span> <span class='ocrx_word' id='word_1_298' title='bbox 607 3823 704 3864; x_wconf 86' lang='lat' dir='ltr'><strong>sex</strong></span> <span class='ocrx_word' id='word_1_299' title='bbox 733 3810 981 3871; x_wconf 84' lang='lat' dir='ltr'><strong>navibus,</strong></span> <span class='ocrx_word' id='word_1_300' title='bbox 1014 3823 1120 3878; x_wconf 89' lang='lat' dir='ltr'><strong>qua</strong></span> <span class='ocrx_word' id='word_1_301' title='bbox 1153 3808 1206 3862; x_wconf 92' lang='lat' dir='ltr'><strong>in</strong></span> <span class='ocrx_word' id='word_1_302' title='bbox 1249 3808 1470 3877; x_wconf 88' lang='lat' dir='ltr'><strong>regione</strong></span> <span class='ocrx_word' id='word_1_303' title='bbox 1515 3809 1752 3863; x_wconf 81' lang='lat' dir='ltr'><strong>maxime</strong></span> <span class='ocrx_word' id='word_1_304' title='bbox 1785 3823 1880 3878; x_wconf 54' lang='lat' dir='ltr'><strong>op-</strong></span> 
     </span>
    </p>
   </div>
   <div class='ocr_carea' id='block_1_46' title="bbox 295 3896 1881 3972">
    <p class='ocr_par' dir='ltr' id='par_1_46' title="bbox 295 3896 1881 3972">
     <span class='ocr_line' id='line_1_47' title="bbox 295 3896 1881 3972; baseline -0.003 -16"><span class='ocrx_word' id='word_1_305' title='bbox 295 3912 590 3972; x_wconf 89' lang='lat' dir='ltr'><strong>portunum</strong></span> <span class='ocrx_word' id='word_1_306' title='bbox 617 3899 1042 3962; x_wconf 80' lang='lat' dir='ltr'><strong>:estimaveruut,</strong></span> <span class='ocrx_word' id='word_1_307' title='bbox 1066 3897 1220 3952; x_wconf 90' lang='lat' dir='ltr'><strong>ocius</strong></span> <span class='ocrx_word' id='word_1_308' title='bbox 1237 3896 1444 3968; x_wconf 85' lang='lat' dir='ltr'><strong>Anglos</strong></span> <span class='ocrx_word' id='word_1_309' title='bbox 1471 3898 1800 3967; x_wconf 81' lang='lat' dir='ltr'><strong>repetierant</strong></span> <span class='ocrx_word' id='word_1_310' title='bbox 1827 3906 1881 3952; x_wconf 86' lang='lat' dir='ltr'><strong>et</strong></span> 
     </span>
    </p>
   </div>
   <div class='ocr_carea' id='block_1_47' title="bbox 293 3990 1879 4060">
    <p class='ocr_par' dir='ltr' id='par_1_47' title="bbox 293 3990 1879 4060">
     <span class='ocr_line' id='line_1_48' title="bbox 293 3990 1879 4060; baseline -0.004 -10"><span class='ocrx_word' id='word_1_311' title='bbox 293 4009 449 4050; x_wconf 87' lang='lat' dir='ltr'><strong>more</strong></span> <span class='ocrx_word' id='word_1_312' title='bbox 479 3993 905 4048; x_wconf 70' lang='lat' dir='ltr'><strong>saevissimorum</strong></span> <span class='ocrx_word' id='word_1_313' title='bbox 938 3991 1265 4059; x_wconf 88' lang='lat' dir='ltr'><strong>piratarum,</strong></span> <span class='ocrx_word' id='word_1_314' title='bbox 1311 3990 1515 4060; x_wconf 86' lang='lat' dir='ltr'><strong>rapinis</strong></span> <span class='ocrx_word' id='word_1_315' title='bbox 1540 4000 1595 4046; x_wconf 91' lang='lat' dir='ltr'><strong>et</strong></span> <span class='ocrx_word' id='word_1_316' title='bbox 1616 3992 1879 4047; x_wconf 91' lang='lat' dir='ltr'><strong>incendiis</strong></span> 
     </span>
    </p>
   </div>
   <div class='ocr_carea' id='block_1_48' title="bbox 298 4081 1880 4154">
    <p class='ocr_par' dir='ltr' id='par_1_48' title="bbox 298 4081 1880 4154">
     <span class='ocr_line' id='line_1_49' title="bbox 298 4081 1880 4154; baseline -0.002 -14"><span class='ocrx_word' id='word_1_317' title='bbox 298 4097 459 4140; x_wconf 58' lang='lat' dir='ltr'><strong>terrae</strong></span> <span class='ocrx_word' id='word_1_318' title='bbox 489 4082 749 4154; x_wconf 75' lang='lat' dir='ltr'><strong>populum</strong></span> <span class='ocrx_word' id='word_1_319' title='bbox 789 4081 1154 4136; x_wconf 75' lang='lat' dir='ltr'><strong>exterminare</strong></span> <span class='ocrx_word' id='word_1_320' title='bbox 1185 4081 1366 4136; x_wconf 88' lang='lat' dir='ltr'><strong>conati</strong></span> <span class='ocrx_word' id='word_1_321' title='bbox 1419 4090 1565 4135; x_wconf 90' lang='lat' dir='ltr'><strong>sunt.</strong></span> <span class='ocrx_word' id='word_1_322' title='bbox 1611 4082 1880 4137; x_wconf 85' lang='lat' dir='ltr'><strong>Briennus</strong></span> 
     </span>
    </p>
   </div>
   <div class='ocr_carea' id='block_1_49' title="bbox 292 4171 1880 4240">
    <p class='ocr_par' dir='ltr' id='par_1_49' title="bbox 292 4171 1880 4240">
     <span class='ocr_line' id='line_1_50' title="bbox 292 4171 1880 4240; baseline -0.004 -8"><span class='ocrx_word' id='word_1_323' title='bbox 292 4187 499 4240; x_wconf 88' lang='lat' dir='ltr'><strong>autem,</strong></span> <span class='ocrx_word' id='word_1_324' title='bbox 526 4174 771 4230; x_wconf 85' lang='lat' dir='ltr'><strong>Eudonis</strong></span> <span class='ocrx_word' id='word_1_325' title='bbox 801 4172 954 4228; x_wconf 88' lang='lat' dir='ltr'><strong>ducis</strong></span> <span class='ocrx_word' id='word_1_326' title='bbox 999 4171 1296 4226; x_wconf 76' lang='lat' dir='ltr'><strong>Britannia:</strong></span> <span class='ocrx_word' id='word_1_327' title='bbox 1348 4171 1574 4228; x_wconf 89' lang='lat' dir='ltr'><strong>minoris</strong></span> <span class='ocrx_word' id='word_1_328' title='bbox 1605 4173 1766 4237; x_wconf 79' lang='lat' dir='ltr'><strong>filius,</strong></span> <span class='ocrx_word' id='word_1_329' title='bbox 1801 4173 1880 4228; x_wconf 91' lang='lat' dir='ltr'><strong>eis</strong></span> 
     </span>
    </p>
   </div>
   <div class='ocr_carea' id='block_1_50' title="bbox 1996 341 3572 412">
    <p class='ocr_par' dir='ltr' id='par_1_50' title="bbox 1996 341 3572 412">
     <span class='ocr_line' id='line_1_51' title="bbox 1996 341 3572 412; baseline 0.009 -16"><span class='ocrx_word' id='word_1_330' title='bbox 1996 341 2254 396; x_wconf 88' lang='lat' dir='ltr'><strong>ditionem</strong></span> <span class='ocrx_word' id='word_1_331' title='bbox 2276 358 2438 412; x_wconf 90' lang='lat' dir='ltr'><strong>super</strong></span> <span class='ocrx_word' id='word_1_332' title='bbox 2453 358 2511 398; x_wconf 89' lang='lat' dir='ltr'><strong>se</strong></span> <span class='ocrx_word' id='word_1_333' title='bbox 2529 352 2830 402; x_wconf 89' lang='lat' dir='ltr'><strong>metuentes</strong></span> <span class='ocrx_word' id='word_1_334' title='bbox 2853 347 3150 406; x_wconf 89' lang='lat' dir='ltr'><strong>deliberata</strong></span> <span class='ocrx_word' id='word_1_335' title='bbox 3173 354 3440 410; x_wconf 83' lang='lat' dir='ltr'><strong>sententia</strong></span> <span class='ocrx_word' id='word_1_336' title='bbox 3464 363 3572 412; x_wconf 86' lang='lat' dir='ltr'><strong>tam</strong></span> 
     </span>
    </p>
   </div>
   <div class='ocr_carea' id='block_1_51' title="bbox 1997 431 3577 517">
    <p class='ocr_par' dir='ltr' id='par_1_51' title="bbox 1997 431 3577 517">
     <span class='ocr_line' id='line_1_52' title="bbox 1997 431 3577 517; baseline 0.011 -31"><span class='ocrx_word' id='word_1_337' title='bbox 1997 431 2311 488; x_wconf 83' lang='lat' dir='ltr'><strong>inconsultae</strong></span> <span class='ocrx_word' id='word_1_338' title='bbox 2327 435 2617 490; x_wconf 87' lang='lat' dir='ltr'><strong>temeritati</strong></span> <span class='ocrx_word' id='word_1_339' title='bbox 2632 452 2893 507; x_wconf 85' lang='lat' dir='ltr'><strong>congrua,</strong></span> <span class='ocrx_word' id='word_1_340' title='bbox 2910 440 2961 494; x_wconf 91' lang='lat' dir='ltr'><strong>in</strong></span> <span class='ocrx_word' id='word_1_341' title='bbox 2978 443 3371 500; x_wconf 91' lang='lat' dir='ltr'><strong>maritimorum</strong></span> <span class='ocrx_word' id='word_1_342' title='bbox 3388 449 3577 517; x_wconf 65' lang='lat' dir='ltr'><strong>praesi-</strong></span> 
     </span>
    </p>
   </div>
   <div class='ocr_carea' id='block_1_52' title="bbox 1993 521 3576 610">
    <p class='ocr_par' dir='ltr' id='par_1_52' title="bbox 1993 521 3576 610">
     <span class='ocr_line' id='line_1_53' title="bbox 1993 521 3576 610; baseline 0.013 -34"><span class='ocrx_word' id='word_1_343' title='bbox 1993 521 2206 577; x_wconf 86' lang='lat' dir='ltr'><strong>diorum</strong></span> <span class='ocrx_word' id='word_1_344' title='bbox 2245 526 2535 580; x_wconf 89' lang='lat' dir='ltr'><strong>remotiora</strong></span> <span class='ocrx_word' id='word_1_345' title='bbox 2567 541 2689 582; x_wconf 90' lang='lat' dir='ltr'><strong>sese</strong></span> <span class='ocrx_word' id='word_1_346' title='bbox 2720 540 3060 600; x_wconf 87' lang='lat' dir='ltr'><strong>receperunt,</strong></span> <span class='ocrx_word' id='word_1_347' title='bbox 3090 533 3404 592; x_wconf 87' lang='lat' dir='ltr'><strong>inhonestas</strong></span> <span class='ocrx_word' id='word_1_348' title='bbox 3444 553 3576 610; x_wconf 84' lang='lat' dir='ltr'><strong>opes</strong></span> 
     </span>
    </p>
   </div>
   <div class='ocr_carea' id='block_1_53' title="bbox 1993 611 3576 683">
    <p class='ocr_par' dir='ltr' id='par_1_53' title="bbox 1993 611 3576 683">
     <span class='ocr_line' id='line_1_54' title="bbox 1993 611 3576 683; baseline 0.013 -19"><span class='ocrx_word' id='word_1_349' title='bbox 1993 611 2226 682; x_wconf 90' lang='lat' dir='ltr'><strong>piratico</strong></span> <span class='ocrx_word' id='word_1_350' title='bbox 2255 613 2540 670; x_wconf 89' lang='lat' dir='ltr'><strong>latrocinio</strong></span> <span class='ocrx_word' id='word_1_351' title='bbox 2571 616 2673 671; x_wconf 91' lang='lat' dir='ltr'><strong>sibi</strong></span> <span class='ocrx_word' id='word_1_352' title='bbox 2705 621 3106 677; x_wconf 90' lang='lat' dir='ltr'><strong>contrahentes.</strong></span> <span class='ocrx_word' id='word_1_353' title='bbox 3129 622 3242 679; x_wconf 82' lang='lat' dir='ltr'><strong>Rex</strong></span> <span class='ocrx_word' id='word_1_354' title='bbox 3258 635 3438 682; x_wconf 90' lang='lat' dir='ltr'><strong>autem</strong></span> <span class='ocrx_word' id='word_1_355' title='bbox 3459 645 3576 683; x_wconf 86' lang='lat' dir='ltr'><strong>mo-</strong></span> 
     </span>
    </p>
   </div>
   <div class='ocr_carea' id='block_1_54' title="bbox 1994 704 3574 793">
    <p class='ocr_par' dir='ltr' id='par_1_54' title="bbox 1994 704 3574 793">
     <span class='ocr_line' id='line_1_55' title="bbox 1994 704 3574 793; baseline 0.014 -37"><span class='ocrx_word' id='word_1_356' title='bbox 1994 704 2140 758; x_wconf 90' lang='lat' dir='ltr'><strong>nitus</strong></span> <span class='ocrx_word' id='word_1_357' title='bbox 2161 705 2377 774; x_wconf 89' lang='lat' dir='ltr'><strong>quidem</strong></span> <span class='ocrx_word' id='word_1_358' title='bbox 2404 710 2688 778; x_wconf 88' lang='lat' dir='ltr'><strong>prudentia</strong></span> <span class='ocrx_word' id='word_1_359' title='bbox 2712 727 2818 782; x_wconf 88' lang='lat' dir='ltr'><strong>qua</strong></span> <span class='ocrx_word' id='word_1_360' title='bbox 2841 714 3125 770; x_wconf 88' lang='lat' dir='ltr'><strong>consulere</strong></span> <span class='ocrx_word' id='word_1_361' title='bbox 3147 717 3202 771; x_wconf 87' lang='lat' dir='ltr'><strong>itt</strong></span> <span class='ocrx_word' id='word_1_362' title='bbox 3229 720 3440 776; x_wconf 91' lang='lat' dir='ltr'><strong>cunctis</strong></span> <span class='ocrx_word' id='word_1_363' title='bbox 3458 722 3574 793; x_wconf 85' lang='lat' dir='ltr'><strong>regi</strong></span> 
     </span>
    </p>
   </div>
   <div class='ocr_carea' id='block_1_55' title="bbox 1995 793 3574 882">
    <p class='ocr_par' dir='ltr' id='par_1_55' title="bbox 1995 793 3574 882">
     <span class='ocr_line' id='line_1_56' title="bbox 1995 793 3574 882; baseline 0.013 -37"><span class='ocrx_word' id='word_1_364' title='bbox 1995 793 2164 857; x_wconf 90' lang='lat' dir='ltr'><strong>novit,</strong></span> <span class='ocrx_word' id='word_1_365' title='bbox 2194 794 2475 852; x_wconf 91' lang='lat' dir='ltr'><strong>immunita</strong></span> <span class='ocrx_word' id='word_1_366' title='bbox 2506 800 2655 870; x_wconf 85' lang='lat' dir='ltr'><strong>regni</strong></span> <span class='ocrx_word' id='word_1_367' title='bbox 2675 803 3056 870; x_wconf 87' lang='lat' dir='ltr'><strong>providissima</strong></span> <span class='ocrx_word' id='word_1_368' title='bbox 3079 806 3436 877; x_wconf 88' lang='lat' dir='ltr'><strong>dispositione</strong></span> <span class='ocrx_word' id='word_1_369' title='bbox 3450 828 3574 882; x_wconf 85' lang='lat' dir='ltr'><strong>per--</strong></span> 
     </span>
    </p>
   </div>
   <div class='ocr_carea' id='block_1_56' title="bbox 1995 883 3573 960">
    <p class='ocr_par' dir='ltr' id='par_1_56' title="bbox 1995 883 3573 960">
     <span class='ocr_line' id='line_1_57' title="bbox 1995 883 3573 960; baseline 0.015 -24"><span class='ocrx_word' id='word_1_370' title='bbox 1995 883 2264 952; x_wconf 88' lang='lat' dir='ltr'><strong>lustravit,</strong></span> <span class='ocrx_word' id='word_1_371' title='bbox 2289 902 2351 942; x_wconf 91' lang='lat' dir='ltr'><strong>ac</strong></span> <span class='ocrx_word' id='word_1_372' title='bbox 2374 889 2439 942; x_wconf 83' lang='lat' dir='ltr'><strong>ad</strong></span> <span class='ocrx_word' id='word_1_373' title='bbox 2461 894 2724 948; x_wconf 87' lang='lat' dir='ltr'><strong>arcendos</strong></span> <span class='ocrx_word' id='word_1_374' title='bbox 2753 895 2988 952; x_wconf 93' lang='lat' dir='ltr'><strong>hostium</strong></span> <span class='ocrx_word' id='word_1_375' title='bbox 3011 913 3274 958; x_wconf 83' lang='lat' dir='ltr'><strong>excursus</strong></span> <span class='ocrx_word' id='word_1_376' title='bbox 3298 903 3573 960; x_wconf 89' lang='lat' dir='ltr'><strong>tutissima</strong></span> 
     </span>
    </p>
   </div>
   <div class='ocr_carea' id='block_1_57' title="bbox 1994 979 3574 1064">
    <p class='ocr_par' dir='ltr' id='par_1_57' title="bbox 1994 979 3574 1064">
     <span class='ocr_line' id='line_1_58' title="bbox 1994 979 3574 1064; baseline 0.015 -34"><span class='ocrx_word' id='word_1_377' title='bbox 1994 979 2215 1032; x_wconf 89' lang='lat' dir='ltr'><strong>castella</strong></span> <span class='ocrx_word' id='word_1_378' title='bbox 2247 995 2341 1049; x_wconf 91' lang='lat' dir='ltr'><strong>per</strong></span> <span class='ocrx_word' id='word_1_379' title='bbox 2364 994 2666 1052; x_wconf 87' lang='lat' dir='ltr'><strong>opportuna</strong></span> <span class='ocrx_word' id='word_1_380' title='bbox 2703 985 2820 1042; x_wconf 91' lang='lat' dir='ltr'><strong>loca</strong></span> <span class='ocrx_word' id='word_1_381' title='bbox 2845 990 3139 1058; x_wconf 90' lang='lat' dir='ltr'><strong>stabilivit;</strong></span> <span class='ocrx_word' id='word_1_382' title='bbox 3179 1009 3310 1064; x_wconf 64' lang='lat' dir='ltr'><strong>qua}</strong></span> <span class='ocrx_word' id='word_1_383' title='bbox 3341 995 3574 1054; x_wconf 87' lang='lat' dir='ltr'><strong>militum</strong></span> 
     </span>
    </p>
   </div>
   <div class='ocr_carea' id='block_1_58' title="bbox 1994 1069 3575 1160">
    <p class='ocr_par' dir='ltr' id='par_1_58' title="bbox 1994 1069 3575 1160">
     <span class='ocr_line' id='line_1_59' title="bbox 1994 1069 3575 1160; baseline 0.013 -36"><span class='ocrx_word' id='word_1_384' title='bbox 1994 1069 2320 1129; x_wconf 90' lang='lat' dir='ltr'><strong>electissimo</strong></span> <span class='ocrx_word' id='word_1_385' title='bbox 2352 1077 2548 1132; x_wconf 90' lang='lat' dir='ltr'><strong>robore</strong></span> <span class='ocrx_word' id='word_1_386' title='bbox 2589 1088 2645 1133; x_wconf 94' lang='lat' dir='ltr'><strong>et</strong></span> <span class='ocrx_word' id='word_1_387' title='bbox 2683 1081 2957 1136; x_wconf 88' lang='lat' dir='ltr'><strong>uberrima</strong></span> <span class='ocrx_word' id='word_1_388' title='bbox 2991 1084 3386 1154; x_wconf 90' lang='lat' dir='ltr'><strong>stipendiorum</strong></span> <span class='ocrx_word' id='word_1_389' title='bbox 3420 1089 3575 1160; x_wconf 87' lang='lat' dir='ltr'><strong>copia</strong></span> 
     </span>
    </p>
   </div>
   <div class='ocr_carea' id='block_1_59' title="bbox 1995 1164 3576 1249">
    <p class='ocr_par' dir='ltr' id='par_1_59' title="bbox 1995 1164 3576 1249">
     <span class='ocr_line' id='line_1_60' title="bbox 1995 1164 3576 1249; baseline 0.013 -34"><span class='ocrx_word' id='word_1_390' title='bbox 1995 1164 2248 1218; x_wconf 89' lang='lat' dir='ltr'><strong>munivit.</strong></span> <span class='ocrx_word' id='word_1_391' title='bbox 2284 1165 2527 1222; x_wconf 88' lang='lat' dir='ltr'><strong>Tandem</strong></span> <span class='ocrx_word' id='word_1_392' title='bbox 2570 1169 2833 1226; x_wconf 89' lang='lat' dir='ltr'><strong>bellorum</strong></span> <span class='ocrx_word' id='word_1_393' title='bbox 2879 1187 2945 1228; x_wconf 88' lang='lat' dir='ltr'><strong>ac</strong></span> <span class='ocrx_word' id='word_1_394' title='bbox 2983 1175 3311 1231; x_wconf 89' lang='lat' dir='ltr'><strong>seditionum</strong></span> <span class='ocrx_word' id='word_1_395' title='bbox 3359 1186 3576 1249; x_wconf 89' lang='lat' dir='ltr'><strong>tempe-</strong></span> 
     </span>
    </p>
   </div>
   <div class='ocr_carea' id='block_1_60' title="bbox 1995 1261 3576 1340">
    <p class='ocr_par' dir='ltr' id='par_1_60' title="bbox 1995 1261 3576 1340">
     <span class='ocr_line' id='line_1_61' title="bbox 1995 1261 3576 1340; baseline 0.012 -35"><span class='ocrx_word' id='word_1_396' title='bbox 1995 1261 2136 1308; x_wconf 85' lang='lat' dir='ltr'><strong>state</strong></span> <span class='ocrx_word' id='word_1_397' title='bbox 2166 1270 2462 1328; x_wconf 90' lang='lat' dir='ltr'><strong>parumper</strong></span> <span class='ocrx_word' id='word_1_398' title='bbox 2489 1261 2929 1329; x_wconf 90' lang='lat' dir='ltr'><strong>conquiescente,</strong></span> <span class='ocrx_word' id='word_1_399' title='bbox 2969 1263 3084 1334; x_wconf 90' lang='lat' dir='ltr'><strong>jam</strong></span> <span class='ocrx_word' id='word_1_400' title='bbox 3138 1269 3303 1323; x_wconf 87' lang='lat' dir='ltr'><strong>totius</strong></span> <span class='ocrx_word' id='word_1_401' title='bbox 3336 1270 3576 1340; x_wconf 60' lang='lat' dir='ltr'><strong>Anglice</strong></span> 
     </span>
    </p>
   </div>
   <div class='ocr_carea' id='block_1_61' title="bbox 2001 1345 3575 1432">
    <p class='ocr_par' dir='ltr' id='par_1_61' title="bbox 2001 1345 3575 1432">
     <span class='ocr_line' id='line_1_62' title="bbox 2001 1345 3575 1432; baseline 0.013 -37"><span class='ocrx_word' id='word_1_402' title='bbox 2001 1345 2332 1399; x_wconf 79' lang='lat' dir='ltr'><strong>mouarcbia:</strong></span> <span class='ocrx_word' id='word_1_403' title='bbox 2358 1358 2408 1402; x_wconf 91' lang='lat' dir='ltr'><strong>et</strong></span> <span class='ocrx_word' id='word_1_404' title='bbox 2441 1348 2682 1404; x_wconf 90' lang='lat' dir='ltr'><strong>habenas</strong></span> <span class='ocrx_word' id='word_1_405' title='bbox 2720 1353 2992 1420; x_wconf 83' lang='lat' dir='ltr'><strong>potentius</strong></span> <span class='ocrx_word' id='word_1_406' title='bbox 3031 1366 3296 1428; x_wconf 87' lang='lat' dir='ltr'><strong>temperat</strong></span> <span class='ocrx_word' id='word_1_407' title='bbox 3322 1370 3374 1416; x_wconf 90' lang='lat' dir='ltr'><strong>et</strong></span> <span class='ocrx_word' id='word_1_408' title='bbox 3404 1361 3575 1432; x_wconf 85' lang='lat' dir='ltr'><strong>gloria</strong></span> 
     </span>
    </p>
   </div>
   <div class='ocr_carea' id='block_1_62' title="bbox 1995 1437 2556 1507">
    <p class='ocr_par' dir='ltr' id='par_1_62' title="bbox 1995 1437 2556 1507">
     <span class='ocr_line' id='line_1_63' title="bbox 1995 1437 2556 1507; baseline 0.012 -21"><span class='ocrx_word' id='word_1_409' title='bbox 1995 1437 2310 1504; x_wconf 71' lang='lat' dir='ltr'><strong>prosperius</strong></span> <span class='ocrx_word' id='word_1_410' title='bbox 2333 1439 2556 1507; x_wconf 89' lang='lat' dir='ltr'><strong>potitur.</strong></span> 
     </span>
    </p>
   </div>
   <div class='ocr_carea' id='block_1_63' title="bbox 2560 1557 3007 1616">
    <p class='ocr_par' dir='ltr' id='par_1_63' title="bbox 2560 1557 3007 1616">
     <span class='ocr_line' id='line_1_64' title="bbox 2560 1557 3007 1616; baseline 0.007 -5"><span class='ocrx_word' id='word_1_411' title='bbox 2560 1557 2789 1614; x_wconf 61' lang='lat' dir='ltr'><strong>CAPUT</strong></span> <span class='ocrx_word' id='word_1_412' title='bbox 2831 1559 3007 1616; x_wconf 63' lang='lat' dir='ltr'><strong>XLYII.</strong></span> 
     </span>
    </p>
   </div>
   <div class='ocr_carea' id='block_1_64' title="bbox 2240 1651 3576 1728">
    <p class='ocr_par' dir='ltr' id='par_1_64' title="bbox 2240 1651 3576 1728">
     <span class='ocr_line' id='line_1_65' title="bbox 2240 1651 3576 1728; baseline 0.015 -34"><span class='ocrx_word' id='word_1_413' title='bbox 2240 1659 2271 1722; x_wconf 67' lang='grc' dir='ltr'><em>ρ</em></span> <span class='ocrx_word' id='word_1_414' title='bbox 2303 1651 2512 1728; x_wconf 70' lang='lat' dir='ltr'><strong>ﬂoberli</strong></span> <span class='ocrx_word' id='word_1_415' title='bbox 2544 1651 2810 1728; x_wconf 65' lang='lat' dir='ltr'><strong>ll&#39;ismrdi</strong></span> <span class='ocrx_word' id='word_1_416' title='bbox 2839 1651 2989 1704; x_wconf 78' lang='lat' dir='ltr'><strong>ducis</strong></span> <span class='ocrx_word' id='word_1_417' title='bbox 3021 1653 3222 1728; x_wconf 63' lang='lat' dir='ltr'><strong>Apulia</strong></span> <span class='ocrx_word' id='word_1_418' title='bbox 3243 1667 3288 1708; x_wconf 85' lang='lat' dir='ltr'><strong>et</strong></span> <span class='ocrx_word' id='word_1_419' title='bbox 3318 1657 3383 1728; x_wconf 61' lang='lat' dir='ltr'><strong>de</strong></span> <span class='ocrx_word' id='word_1_420' title='bbox 3408 1660 3576 1727; x_wconf 73' lang='lat' dir='ltr'><strong>probi-</strong></span> 
     </span>
    </p>
   </div>
   <div class='ocr_carea' id='block_1_65' title="bbox 2064 1720 3576 1797">
    <p class='ocr_par' dir='ltr' id='par_1_65' title="bbox 2064 1720 3576 1797">
     <span class='ocr_line' id='line_1_66' title="bbox 2064 1720 3576 1797; baseline 0.017 -35"><span class='ocrx_word' id='word_1_421' title='bbox 2064 1721 2172 1763; x_wconf 82' lang='lat' dir='ltr'><strong>tate</strong></span> <span class='ocrx_word' id='word_1_422' title='bbox 2201 1720 2319 1794; x_wconf 64' lang='lat' dir='ltr'><strong>ejus</strong></span> <span class='ocrx_word' id='word_1_423' title='bbox 2357 1720 2754 1797; x_wconf 47' lang='lat' dir='ltr'><strong>et&#39;poslerilatis</strong></span> <span class='ocrx_word' id='word_1_424' title='bbox 2787 1731 2835 1773; x_wconf 88' lang='lat' dir='ltr'><strong>et</strong></span> <span class='ocrx_word' id='word_1_425' title='bbox 2875 1739 2978 1791; x_wconf 85' lang='lat' dir='ltr'><strong>qua</strong></span> <span class='ocrx_word' id='word_1_426' title='bbox 3011 1720 3298 1797; x_wconf 5' lang='lat' dir='ltr'><strong>oecasioueq</strong></span> <span class='ocrx_word' id='word_1_427' title='bbox 3319 1720 3576 1797; x_wconf 58' lang='lat' dir='ltr'><strong>Royerius</strong></span> 
     </span>
    </p>
   </div>
   <div class='ocr_carea' id='block_1_66' title="bbox 2066 1784 3298 1853">
    <p class='ocr_par' dir='ltr' id='par_1_66' title="bbox 2066 1784 3298 1853">
     <span class='ocr_line' id='line_1_67' title="bbox 2066 1784 3298 1853; baseline 0.014 -21"><span class='ocrx_word' id='word_1_428' title='bbox 2066 1797 2226 1848; x_wconf 72' lang='lat' dir='ltr'><strong>nepos</strong></span> <span class='ocrx_word' id='word_1_429' title='bbox 2258 1784 2374 1853; x_wconf 79' lang='lat' dir='ltr'><strong>ejus</strong></span> <span class='ocrx_word' id='word_1_430' title='bbox 2401 1784 2575 1853; x_wconf 78' lang='lat' dir='ltr'><strong>[actus</strong></span> <span class='ocrx_word' id='word_1_431' title='bbox 2603 1800 2676 1841; x_wconf 78' lang='lat' dir='ltr'><strong>est</strong></span> <span class='ocrx_word' id='word_1_432' title='bbox 2708 1805 2818 1842; x_wconf 76' lang='lat' dir='ltr'><strong>rex.</strong></span> <span class='ocrx_word' id='word_1_433' title='bbox 2887 1784 2898 1791; x_wconf 78' lang='grc'><em>’</em></span> <span class='ocrx_word' id='word_1_434' title='bbox 3296 1795 3298 1799; x_wconf 80' lang='grc'><em>’</em></span> 
     </span>
    </p>
   </div>
   <div class='ocr_carea' id='block_1_67' title="bbox 2063 1889 3572 1974">
    <p class='ocr_par' dir='ltr' id='par_1_67' title="bbox 2063 1889 3572 1974">
     <span class='ocr_line' id='line_1_68' title="bbox 2063 1889 3572 1974; baseline 0.017 -31"><span class='ocrx_word' id='word_1_435' title='bbox 2063 1889 2175 1947; x_wconf 88' lang='lat' dir='ltr'><strong>llac</strong></span> <span class='ocrx_word' id='word_1_436' title='bbox 2207 1901 2529 1965; x_wconf 87' lang='lat' dir='ltr'><strong>tempestate</strong></span> <span class='ocrx_word' id='word_1_437' title='bbox 2557 1908 2803 1956; x_wconf 87' lang='lat' dir='ltr'><strong>mortuus</strong></span> <span class='ocrx_word' id='word_1_438' title='bbox 2824 1911 2907 1956; x_wconf 91' lang='lat' dir='ltr'><strong>est</strong></span> <span class='ocrx_word' id='word_1_439' title='bbox 2930 1903 3199 1962; x_wconf 84' lang='lat' dir='ltr'><strong>Roberlus</strong></span> <span class='ocrx_word' id='word_1_440' title='bbox 3234 1892 3572 1974; x_wconf 62' lang='lat' dir='ltr'><strong>Wiscardus.</strong></span> 
     </span>
    </p>
   </div>
   <div class='ocr_carea' id='block_1_68' title="bbox 1993 1979 3575 2069">
    <p class='ocr_par' dir='ltr' id='par_1_68' title="bbox 1993 1979 3575 2069">
     <span class='ocr_line' id='line_1_69' title="bbox 1993 1979 3575 2069; baseline 0.015 -37"><span class='ocrx_word' id='word_1_441' title='bbox 1993 1979 2512 2053; x_wconf 77' lang='lat' dir='ltr'><strong>Nertbmannigena,</strong></span> <span class='ocrx_word' id='word_1_442' title='bbox 2563 1987 2669 2042; x_wconf 71' lang='lat' dir='ltr'><strong>dux</strong></span> <span class='ocrx_word' id='word_1_443' title='bbox 2728 1991 2950 2060; x_wconf 67' lang='lat' dir='ltr'><strong>Apulia).</strong></span> <span class='ocrx_word' id='word_1_444' title='bbox 3001 1993 3130 2062; x_wconf 91' lang='lat' dir='ltr'><strong>llic,</strong></span> <span class='ocrx_word' id='word_1_445' title='bbox 3171 1998 3359 2055; x_wconf 88' lang='lat' dir='ltr'><strong>relicta</strong></span> <span class='ocrx_word' id='word_1_446' title='bbox 3390 2001 3575 2069; x_wconf 88' lang='lat' dir='ltr'><strong>priore</strong></span> 
     </span>
    </p>
   </div>
   <div class='ocr_carea' id='block_1_69' title="bbox 1993 2081 3578 2161">
    <p class='ocr_par' dir='ltr' id='par_1_69' title="bbox 1993 2081 3578 2161">
     <span class='ocr_line' id='line_1_70' title="bbox 1993 2081 3578 2161; baseline 0.015 -38"><span class='ocrx_word' id='word_1_447' title='bbox 1993 2087 2162 2126; x_wconf 74' lang='lat' dir='ltr'><strong>uxore</strong></span> <span class='ocrx_word' id='word_1_448' title='bbox 2187 2084 2409 2144; x_wconf 83' lang='lat' dir='ltr'><strong>propter</strong></span> <span class='ocrx_word' id='word_1_449' title='bbox 2436 2081 2962 2147; x_wconf 81' lang='lat' dir='ltr'><strong>eonsanguinitatem</strong></span> <span class='ocrx_word' id='word_1_450' title='bbox 2982 2125 2998 2148; x_wconf 93' lang='lat'><strong>,</strong></span> <span class='ocrx_word' id='word_1_451' title='bbox 3037 2086 3104 2140; x_wconf 91' lang='lat' dir='ltr'><strong>de</strong></span> <span class='ocrx_word' id='word_1_452' title='bbox 3125 2103 3226 2157; x_wconf 88' lang='lat' dir='ltr'><strong>qua</strong></span> <span class='ocrx_word' id='word_1_453' title='bbox 3260 2100 3578 2161; x_wconf 83' lang='lat' dir='ltr'><strong>susceperat</strong></span> 
     </span>
    </p>
   </div>
   <div class='ocr_carea' id='block_1_70' title="bbox 1994 2160 3576 2249">
    <p class='ocr_par' dir='ltr' id='par_1_70' title="bbox 1994 2160 3576 2249">
     <span class='ocr_line' id='line_1_71' title="bbox 1994 2160 3576 2249; baseline 0.013 -36"><span class='ocrx_word' id='word_1_454' title='bbox 1994 2160 2160 2217; x_wconf 83' lang='lat' dir='ltr'><strong>lilium</strong></span> <span class='ocrx_word' id='word_1_455' title='bbox 2214 2167 2436 2219; x_wconf 90' lang='lat' dir='ltr'><strong>nomine</strong></span> <span class='ocrx_word' id='word_1_456' title='bbox 2494 2165 2907 2236; x_wconf 83' lang='lat' dir='ltr'><strong>Boamundum,</strong></span> <span class='ocrx_word' id='word_1_457' title='bbox 2957 2173 3111 2228; x_wconf 74' lang='lat' dir='ltr'><strong>duxit</strong></span> <span class='ocrx_word' id='word_1_458' title='bbox 3158 2160 3576 2249; x_wconf 87' lang='lat' dir='ltr'><strong>primogenitam</strong></span> 
     </span>
    </p>
   </div>
   <div class='ocr_carea' id='block_1_71' title="bbox 1993 2251 3576 2329">
    <p class='ocr_par' dir='ltr' id='par_1_71' title="bbox 1993 2251 3576 2329">
     <span class='ocr_line' id='line_1_72' title="bbox 1993 2251 3576 2329; baseline 0.013 -26"><span class='ocrx_word' id='word_1_459' title='bbox 1993 2251 2157 2306; x_wconf 77' lang='lat' dir='ltr'><strong>filiam</strong></span> <span class='ocrx_word' id='word_1_460' title='bbox 2201 2253 2478 2309; x_wconf 79' lang='lat' dir='ltr'><strong>Cantuarii</strong></span> <span class='ocrx_word' id='word_1_461' title='bbox 2527 2259 2787 2328; x_wconf 85' lang='lat' dir='ltr'><strong>principis</strong></span> <span class='ocrx_word' id='word_1_462' title='bbox 2837 2259 3324 2329; x_wconf 86' lang='lat' dir='ltr'><strong>Salerni,nontine</strong></span> <span class='ocrx_word' id='word_1_463' title='bbox 3360 2269 3576 2326; x_wconf 84' lang='lat' dir='ltr'><strong>Sichel-</strong></span> 
     </span>
    </p>
   </div>
   <div class='ocr_carea' id='block_1_72' title="bbox 1991 2344 3574 2434">
    <p class='ocr_par' dir='ltr' id='par_1_72' title="bbox 1991 2344 3574 2434">
     <span class='ocr_line' id='line_1_73' title="bbox 1991 2344 3574 2434; baseline 0.013 -36"><span class='ocrx_word' id='word_1_464' title='bbox 1991 2344 2214 2434; x_wconf 66' lang='lat' dir='ltr'><strong>gaitam,</strong></span> <span class='ocrx_word' id='word_1_465' title='bbox 2245 2345 2459 2402; x_wconf 90' lang='lat' dir='ltr'><strong>favente</strong></span> <span class='ocrx_word' id='word_1_466' title='bbox 2484 2349 2713 2420; x_wconf 84' lang='lat' dir='ltr'><strong>Gisulfn,</strong></span> <span class='ocrx_word' id='word_1_467' title='bbox 2749 2353 2917 2410; x_wconf 85' lang='lat' dir='ltr'><strong>fratre</strong></span> <span class='ocrx_word' id='word_1_468' title='bbox 2946 2357 3218 2426; x_wconf 71' lang='lat' dir='ltr'><strong>prmdictte</strong></span> <span class='ocrx_word' id='word_1_469' title='bbox 3247 2361 3458 2430; x_wconf 66' lang='lat' dir='ltr'><strong>puellm,</strong></span> <span class='ocrx_word' id='word_1_470' title='bbox 3479 2365 3574 2434; x_wconf 93' lang='lat' dir='ltr'><strong>qui</strong></span> 
     </span>
    </p>
   </div>
   <div class='ocr_carea' id='block_1_73' title="bbox 1989 2431 3572 2525">
    <p class='ocr_par' dir='ltr' id='par_1_73' title="bbox 1989 2431 3572 2525">
     <span class='ocr_line' id='line_1_74' title="bbox 1989 2431 3572 2525; baseline 0.013 -40"><span class='ocrx_word' id='word_1_471' title='bbox 1989 2431 2283 2490; x_wconf 85' lang='lat' dir='ltr'><strong>Gaumario</strong></span> <span class='ocrx_word' id='word_1_472' title='bbox 2306 2439 2449 2507; x_wconf 91' lang='lat' dir='ltr'><strong>patri</strong></span> <span class='ocrx_word' id='word_1_473' title='bbox 2475 2451 2832 2497; x_wconf 87' lang='lat' dir='ltr'><strong>successerat.</strong></span> <span class='ocrx_word' id='word_1_474' title='bbox 2857 2443 3178 2502; x_wconf 86' lang='lat' dir='ltr'><strong>Gatteelima</strong></span> <span class='ocrx_word' id='word_1_475' title='bbox 3203 2431 3572 2525; x_wconf 85' lang='lat' dir='ltr'><strong>[Gatteclinia]</strong></span> 
     </span>
    </p>
   </div>
   <div class='ocr_carea' id='block_1_74' title="bbox 1991 2529 3573 2611">
    <p class='ocr_par' dir='ltr' id='par_1_74' title="bbox 1991 2529 3573 2611">
     <span class='ocr_line' id='line_1_75' title="bbox 1991 2529 3573 2611; baseline 0.013 -34"><span class='ocrx_word' id='word_1_476' title='bbox 1991 2540 2120 2578; x_wconf 88' lang='lat' dir='ltr'><strong>vero</strong></span> <span class='ocrx_word' id='word_1_477' title='bbox 2149 2541 2303 2580; x_wconf 90' lang='lat' dir='ltr'><strong>soror</strong></span> <span class='ocrx_word' id='word_1_478' title='bbox 2324 2529 2441 2598; x_wconf 85' lang='lat' dir='ltr'><strong>ejus</strong></span> <span class='ocrx_word' id='word_1_479' title='bbox 2464 2531 2642 2584; x_wconf 90' lang='lat' dir='ltr'><strong>minor</strong></span> <span class='ocrx_word' id='word_1_480' title='bbox 2671 2534 2853 2604; x_wconf 91' lang='lat' dir='ltr'><strong>nupsit</strong></span> <span class='ocrx_word' id='word_1_481' title='bbox 2873 2533 3092 2591; x_wconf 82' lang='lat' dir='ltr'><strong>Jordani</strong></span> <span class='ocrx_word' id='word_1_482' title='bbox 3110 2538 3573 2611; x_wconf 70' lang='lat' dir='ltr'><strong>principiCapuae,</strong></span> 
     </span>
    </p>
   </div>
   <div class='ocr_carea' id='block_1_75' title="bbox 1993 2615 3572 2703">
    <p class='ocr_par' dir='ltr' id='par_1_75' title="bbox 1993 2615 3572 2703">
     <span class='ocr_line' id='line_1_76' title="bbox 1993 2615 3572 2703; baseline 0.014 -35"><span class='ocrx_word' id='word_1_483' title='bbox 1993 2615 2101 2670; x_wconf 85' lang='lat' dir='ltr'><strong>filio</strong></span> <span class='ocrx_word' id='word_1_484' title='bbox 2124 2616 2379 2674; x_wconf 83' lang='lat' dir='ltr'><strong>Ricbardi</strong></span> <span class='ocrx_word' id='word_1_485' title='bbox 2413 2623 2669 2688; x_wconf 88' lang='lat' dir='ltr'><strong>senioris,</strong></span> <span class='ocrx_word' id='word_1_486' title='bbox 2701 2626 2840 2694; x_wconf 84' lang='lat' dir='ltr'><strong>patri</strong></span> <span class='ocrx_word' id='word_1_487' title='bbox 2873 2643 3001 2683; x_wconf 87' lang='lat' dir='ltr'><strong>vero</strong></span> <span class='ocrx_word' id='word_1_488' title='bbox 3035 2628 3290 2686; x_wconf 79' lang='lat' dir='ltr'><strong>Ricbardi</strong></span> <span class='ocrx_word' id='word_1_489' title='bbox 3314 2633 3572 2703; x_wconf 90' lang='lat' dir='ltr'><strong>junioris.</strong></span> 
     </span>
    </p>
   </div>
   <div class='ocr_carea' id='block_1_76' title="bbox 1991 2707 3573 2783">
    <p class='ocr_par' dir='ltr' id='par_1_76' title="bbox 1991 2707 3573 2783">
     <span class='ocr_line' id='line_1_77' title="bbox 1991 2707 3573 2783; baseline 0.015 -23"><span class='ocrx_word' id='word_1_490' title='bbox 1991 2707 2159 2774; x_wconf 75' lang='lat' dir='ltr'><strong>llz-jns</strong></span> <span class='ocrx_word' id='word_1_491' title='bbox 2189 2712 2434 2766; x_wconf 91' lang='lat' dir='ltr'><strong>condidit</strong></span> <span class='ocrx_word' id='word_1_492' title='bbox 2457 2717 2646 2769; x_wconf 90' lang='lat' dir='ltr'><strong>urbem</strong></span> <span class='ocrx_word' id='word_1_493' title='bbox 2672 2719 2888 2775; x_wconf 88' lang='lat' dir='ltr'><strong>nomine</strong></span> <span class='ocrx_word' id='word_1_494' title='bbox 2924 2721 3208 2778; x_wconf 83' lang='lat' dir='ltr'><strong>Aversam.</strong></span> <span class='ocrx_word' id='word_1_495' title='bbox 3244 2726 3444 2782; x_wconf 89' lang='lat' dir='ltr'><strong>Gennit</strong></span> <span class='ocrx_word' id='word_1_496' title='bbox 3472 2743 3573 2783; x_wconf 81' lang='lat' dir='ltr'><strong>au-</strong></span> 
     </span>
    </p>
   </div>
   <div class='ocr_carea' id='block_1_77' title="bbox 1992 2803 3572 2886">
    <p class='ocr_par' dir='ltr' id='par_1_77' title="bbox 1992 2803 3572 2886">
     <span class='ocr_line' id='line_1_78' title="bbox 1992 2803 3572 2886; baseline 0.013 -32"><span class='ocrx_word' id='word_1_497' title='bbox 1992 2811 2096 2855; x_wconf 90' lang='lat' dir='ltr'><strong>tem</strong></span> <span class='ocrx_word' id='word_1_498' title='bbox 2123 2803 2390 2862; x_wconf 75' lang='lat' dir='ltr'><strong>llobertus</strong></span> <span class='ocrx_word' id='word_1_499' title='bbox 2419 2805 2733 2865; x_wconf 85' lang='lat' dir='ltr'><strong>Wiseardus</strong></span> <span class='ocrx_word' id='word_1_500' title='bbox 2760 2826 2826 2866; x_wconf 81' lang='lat' dir='ltr'><strong>ex</strong></span> <span class='ocrx_word' id='word_1_501' title='bbox 2860 2811 3187 2886; x_wconf 88' lang='lat' dir='ltr'><strong>Sichelgaita</strong></span> <span class='ocrx_word' id='word_1_502' title='bbox 3211 2817 3351 2874; x_wconf 89' lang='lat' dir='ltr'><strong>filios</strong></span> <span class='ocrx_word' id='word_1_503' title='bbox 3383 2829 3492 2878; x_wconf 92' lang='lat' dir='ltr'><strong>tres</strong></span> <span class='ocrx_word' id='word_1_504' title='bbox 3515 2829 3572 2877; x_wconf 86' lang='lat' dir='ltr'><strong>et</strong></span> 
     </span>
    </p>
   </div>
   <div class='ocr_carea' id='block_1_78' title="bbox 1991 2892 3568 2966">
    <p class='ocr_par' dir='ltr' id='par_1_78' title="bbox 1991 2892 3568 2966">
     <span class='ocr_line' id='line_1_79' title="bbox 1991 2892 3568 2966; baseline 0.015 -22"><span class='ocrx_word' id='word_1_505' title='bbox 1991 2892 2126 2947; x_wconf 87' lang='lat' dir='ltr'><strong>filias</strong></span> <span class='ocrx_word' id='word_1_506' title='bbox 2160 2895 2420 2966; x_wconf 90' lang='lat' dir='ltr'><strong>quinque.</strong></span> <span class='ocrx_word' id='word_1_507' title='bbox 2458 2897 2608 2954; x_wconf 76' lang='lat' dir='ltr'><strong>Filia:</strong></span> <span class='ocrx_word' id='word_1_508' title='bbox 2636 2916 2765 2956; x_wconf 86' lang='lat' dir='ltr'><strong>vero</strong></span> <span class='ocrx_word' id='word_1_509' title='bbox 2797 2903 2932 2959; x_wconf 91' lang='lat' dir='ltr'><strong>adeo</strong></span> <span class='ocrx_word' id='word_1_510' title='bbox 2960 2905 3414 2966; x_wconf 86' lang='lat' dir='ltr'><strong>excellentissime</strong></span> <span class='ocrx_word' id='word_1_511' title='bbox 3447 2927 3568 2966; x_wconf 58' lang='lat' dir='ltr'><strong>mae</strong></span> 
     </span>
    </p>
   </div>
   <div class='ocr_carea' id='block_1_79' title="bbox 1988 3076 3569 3152">
    <p class='ocr_par' dir='ltr' id='par_1_79' title="bbox 1988 3076 3569 3152">
     <span class='ocr_line' id='line_1_80' title="bbox 1988 3076 3569 3152; baseline 0.013 -23"><span class='ocrx_word' id='word_1_512' title='bbox 1988 3076 2300 3147; x_wconf 87' lang='lat' dir='ltr'><strong>imperatori</strong></span> <span class='ocrx_word' id='word_1_513' title='bbox 2329 3079 2949 3152; x_wconf 85' lang='lat' dir='ltr'><strong>Constantinopolitano.</strong></span> <span class='ocrx_word' id='word_1_514' title='bbox 2982 3088 3080 3144; x_wconf 87' lang='lat' dir='ltr'><strong>llic</strong></span> <span class='ocrx_word' id='word_1_515' title='bbox 3123 3089 3396 3148; x_wconf 80' lang='lat' dir='ltr'><strong>Robertus</strong></span> <span class='ocrx_word' id='word_1_516' title='bbox 3434 3095 3569 3150; x_wconf 90' lang='lat' dir='ltr'><strong>duos</strong></span> 
     </span>
    </p>
   </div>
   <div class='ocr_carea' id='block_1_80' title="bbox 1988 3167 3566 3246">
    <p class='ocr_par' dir='ltr' id='par_1_80' title="bbox 1988 3167 3566 3246">
     <span class='ocr_line' id='line_1_81' title="bbox 1988 3167 3566 3246; baseline 0.013 -26"><span class='ocrx_word' id='word_1_517' title='bbox 1988 3167 2340 3237; x_wconf 84' lang='lat' dir='ltr'><strong>imperatores</strong></span> <span class='ocrx_word' id='word_1_518' title='bbox 2364 3173 2417 3227; x_wconf 90' lang='lat' dir='ltr'><strong>in</strong></span> <span class='ocrx_word' id='word_1_519' title='bbox 2449 3189 2557 3228; x_wconf 91' lang='lat' dir='ltr'><strong>uno</strong></span> <span class='ocrx_word' id='word_1_520' title='bbox 2580 3175 2710 3229; x_wconf 87' lang='lat' dir='ltr'><strong>vicit</strong></span> <span class='ocrx_word' id='word_1_521' title='bbox 2732 3177 2937 3246; x_wconf 67' lang='lat' dir='ltr'><strong>praelio,</strong></span> <span class='ocrx_word' id='word_1_522' title='bbox 2977 3179 3224 3235; x_wconf 85' lang='lat' dir='ltr'><strong>Alexium</strong></span> <span class='ocrx_word' id='word_1_523' title='bbox 3253 3181 3566 3240; x_wconf 63' lang='lat' dir='ltr'><strong>Griecorutn</strong></span> 
     </span>
    </p>
   </div>
   <div class='ocr_carea' id='block_1_81' title="bbox 1987 3256 3568 3330">
    <p class='ocr_par' dir='ltr' id='par_1_81' title="bbox 1987 3256 3568 3330">
     <span class='ocr_line' id='line_1_82' title="bbox 1987 3256 3568 3330; baseline 0.012 -20"><span class='ocrx_word' id='word_1_524' title='bbox 1987 3256 2296 3323; x_wconf 77' lang='lat' dir='ltr'><strong>iuGraecia,</strong></span> <span class='ocrx_word' id='word_1_525' title='bbox 2344 3260 2638 3317; x_wconf 83' lang='lat' dir='ltr'><strong>Henricum</strong></span> <span class='ocrx_word' id='word_1_526' title='bbox 2689 3265 3054 3322; x_wconf 77' lang='lat' dir='ltr'><strong>Romanorum</strong></span> <span class='ocrx_word' id='word_1_527' title='bbox 3100 3269 3151 3322; x_wconf 92' lang='lat' dir='ltr'><strong>in</strong></span> <span class='ocrx_word' id='word_1_528' title='bbox 3195 3269 3368 3327; x_wconf 89' lang='lat' dir='ltr'><strong>Italia.</strong></span> <span class='ocrx_word' id='word_1_529' title='bbox 3420 3273 3568 3330; x_wconf 87' lang='lat' dir='ltr'><strong>Satis</strong></span> 
     </span>
    </p>
   </div>
   <div class='ocr_carea' id='block_1_82' title="bbox 1985 3351 3562 3425">
    <p class='ocr_par' dir='ltr' id='par_1_82' title="bbox 1985 3351 3562 3425">
     <span class='ocr_line' id='line_1_83' title="bbox 1985 3351 3562 3425; baseline 0.013 -24"><span class='ocrx_word' id='word_1_530' title='bbox 1985 3351 2129 3403; x_wconf 90' lang='lat' dir='ltr'><strong>enim</strong></span> <span class='ocrx_word' id='word_1_531' title='bbox 2170 3351 2344 3406; x_wconf 90' lang='lat' dir='ltr'><strong>victus</strong></span> <span class='ocrx_word' id='word_1_532' title='bbox 2393 3362 2478 3407; x_wconf 86' lang='lat' dir='ltr'><strong>est</strong></span> <span class='ocrx_word' id='word_1_533' title='bbox 2503 3352 2790 3421; x_wconf 89' lang='lat' dir='ltr'><strong>llenricus,</strong></span> <span class='ocrx_word' id='word_1_534' title='bbox 2828 3357 3156 3425; x_wconf 86' lang='lat' dir='ltr'><strong>qui,audita</strong></span> <span class='ocrx_word' id='word_1_535' title='bbox 3207 3360 3350 3416; x_wconf 90' lang='lat' dir='ltr'><strong>fama</strong></span> <span class='ocrx_word' id='word_1_536' title='bbox 3407 3363 3562 3421; x_wconf 84' lang='lat' dir='ltr'><strong>ducis</strong></span> 
     </span>
    </p>
   </div>
   <div class='ocr_carea' id='block_1_83' title="bbox 1989 3441 3561 3524">
    <p class='ocr_par' dir='ltr' id='par_1_83' title="bbox 1989 3441 3561 3524">
     <span class='ocr_line' id='line_1_84' title="bbox 1989 3441 3561 3524; baseline 0.013 -30"><span class='ocrx_word' id='word_1_537' title='bbox 1989 3441 2234 3511; x_wconf 78' lang='lat' dir='ltr'><strong>Roberti,</strong></span> <span class='ocrx_word' id='word_1_538' title='bbox 2282 3461 2381 3500; x_wconf 91' lang='lat' dir='ltr'><strong>nec</strong></span> <span class='ocrx_word' id='word_1_539' title='bbox 2419 3446 2623 3502; x_wconf 86' lang='lat' dir='ltr'><strong>viribus</strong></span> <span class='ocrx_word' id='word_1_540' title='bbox 2679 3448 2954 3504; x_wconf 86' lang='lat' dir='ltr'><strong>Saxonum</strong></span> <span class='ocrx_word' id='word_1_541' title='bbox 3003 3460 3060 3506; x_wconf 84' lang='lat' dir='ltr'><strong>et</strong></span> <span class='ocrx_word' id='word_1_542' title='bbox 3112 3453 3561 3524; x_wconf 83' lang='lat' dir='ltr'><strong>Alemannorum,</strong></span> 
     </span>
    </p>
   </div>
   <div class='ocr_carea' id='block_1_84' title="bbox 1987 3535 3564 3614">
    <p class='ocr_par' dir='ltr' id='par_1_84' title="bbox 1987 3535 3564 3614">
     <span class='ocr_line' id='line_1_85' title="bbox 1987 3535 3564 3614; baseline 0.014 -28"><span class='ocrx_word' id='word_1_543' title='bbox 1987 3548 2085 3588; x_wconf 92' lang='lat' dir='ltr'><strong>nec</strong></span> <span class='ocrx_word' id='word_1_544' title='bbox 2116 3535 2277 3588; x_wconf 88' lang='lat' dir='ltr'><strong>etiam</strong></span> <span class='ocrx_word' id='word_1_545' title='bbox 2309 3538 2580 3592; x_wconf 61' lang='lat' dir='ltr'><strong>menibus</strong></span> <span class='ocrx_word' id='word_1_546' title='bbox 2602 3540 2770 3607; x_wconf 89' lang='lat' dir='ltr'><strong>urbis,</strong></span> <span class='ocrx_word' id='word_1_547' title='bbox 2797 3556 2916 3610; x_wconf 69' lang='lat' dir='ltr'><strong>qua:</strong></span> <span class='ocrx_word' id='word_1_548' title='bbox 2935 3551 3099 3614; x_wconf 90' lang='lat' dir='ltr'><strong>caput</strong></span> <span class='ocrx_word' id='word_1_549' title='bbox 3123 3554 3210 3601; x_wconf 92' lang='lat' dir='ltr'><strong>est</strong></span> <span class='ocrx_word' id='word_1_550' title='bbox 3235 3548 3406 3614; x_wconf 89' lang='lat' dir='ltr'><strong>orbis,</strong></span> <span class='ocrx_word' id='word_1_551' title='bbox 3434 3567 3564 3607; x_wconf 86' lang='lat' dir='ltr'><strong>con-</strong></span> 
     </span>
    </p>
   </div>
   <div class='ocr_carea' id='block_1_85' title="bbox 1986 3624 3560 3710">
    <p class='ocr_par' dir='ltr' id='par_1_85' title="bbox 1986 3624 3560 3710">
     <span class='ocr_line' id='line_1_86' title="bbox 1986 3624 3560 3710; baseline 0.013 -32"><span class='ocrx_word' id='word_1_552' title='bbox 1986 3624 2134 3689; x_wconf 68' lang='lat' dir='ltr'><strong>fisus,</strong></span> <span class='ocrx_word' id='word_1_553' title='bbox 2161 3626 2240 3681; x_wconf 87' lang='lat' dir='ltr'><strong>vel</strong></span> <span class='ocrx_word' id='word_1_554' title='bbox 2267 3635 2434 3693; x_wconf 91' lang='lat' dir='ltr'><strong>tutus,</strong></span> <span class='ocrx_word' id='word_1_555' title='bbox 2459 3631 2702 3686; x_wconf 84' lang='lat' dir='ltr'><strong>concitus</strong></span> <span class='ocrx_word' id='word_1_556' title='bbox 2727 3632 2953 3704; x_wconf 87' lang='lat' dir='ltr'><strong>aufugit.</strong></span> <span class='ocrx_word' id='word_1_557' title='bbox 2981 3636 3327 3696; x_wconf 86' lang='lat' dir='ltr'><strong>Boamundus</strong></span> <span class='ocrx_word' id='word_1_558' title='bbox 3357 3651 3560 3710; x_wconf 89' lang='lat' dir='ltr'><strong>autem,</strong></span> 
     </span>
    </p>
   </div>
   <div class='ocr_carea' id='block_1_86' title="bbox 1984 3713 3565 3800">
    <p class='ocr_par' dir='ltr' id='par_1_86' title="bbox 1984 3713 3565 3800">
     <span class='ocr_line' id='line_1_87' title="bbox 1984 3713 3565 3800; baseline 0.015 -32"><span class='ocrx_word' id='word_1_559' title='bbox 1984 3713 2110 3769; x_wconf 90' lang='lat' dir='ltr'><strong>licet</strong></span> <span class='ocrx_word' id='word_1_560' title='bbox 2150 3716 2376 3773; x_wconf 85' lang='lat' dir='ltr'><strong>haberet</strong></span> <span class='ocrx_word' id='word_1_561' title='bbox 2425 3736 2672 3791; x_wconf 80' lang='lat' dir='ltr'><strong>magnam</strong></span> <span class='ocrx_word' id='word_1_562' title='bbox 2724 3731 2946 3790; x_wconf 91' lang='lat' dir='ltr'><strong>terram,</strong></span> <span class='ocrx_word' id='word_1_563' title='bbox 3006 3727 3060 3800; x_wconf 90' lang='lat' dir='ltr'><strong>in</strong></span> <span class='ocrx_word' id='word_1_564' title='bbox 3108 3728 3302 3800; x_wconf 85' lang='lat' dir='ltr'><strong>Apulia</strong></span> <span class='ocrx_word' id='word_1_565' title='bbox 3347 3736 3565 3790; x_wconf 84' lang='lat' dir='ltr'><strong>tandem</strong></span> 
     </span>
    </p>
   </div>
   <div class='ocr_carea' id='block_1_87' title="bbox 1982 3799 3564 3889">
    <p class='ocr_par' dir='ltr' id='par_1_87' title="bbox 1982 3799 3564 3889">
     <span class='ocr_line' id='line_1_88' title="bbox 1982 3799 3564 3889; baseline 0.013 -30"><span class='ocrx_word' id='word_1_566' title='bbox 1982 3819 2105 3859; x_wconf 92' lang='lat' dir='ltr'><strong>cum</strong></span> <span class='ocrx_word' id='word_1_567' title='bbox 2144 3808 2354 3862; x_wconf 81' lang='lat' dir='ltr'><strong>caeteris</strong></span> <span class='ocrx_word' id='word_1_568' title='bbox 2380 3807 2770 3867; x_wconf 87' lang='lat' dir='ltr'><strong>Northmannis</strong></span> <span class='ocrx_word' id='word_1_569' title='bbox 2790 3821 2844 3868; x_wconf 87' lang='lat' dir='ltr'><strong>et</strong></span> <span class='ocrx_word' id='word_1_570' title='bbox 2867 3799 3091 3872; x_wconf 55' lang='lat' dir='ltr'><strong>Fran&#39;cis</strong></span> <span class='ocrx_word' id='word_1_571' title='bbox 3112 3799 3356 3889; x_wconf 85' lang='lat' dir='ltr'><strong>perrexit</strong></span> <span class='ocrx_word' id='word_1_572' title='bbox 3397 3823 3564 3878; x_wconf 89' lang='lat' dir='ltr'><strong>dimi-</strong></span> 
     </span>
    </p>
   </div>
   <div class='ocr_carea' id='block_1_88' title="bbox 1981 3897 3569 3979">
    <p class='ocr_par' dir='ltr' id='par_1_88' title="bbox 1981 3897 3569 3979">
     <span class='ocr_line' id='line_1_89' title="bbox 1981 3897 3569 3979; baseline 0.012 -30"><span class='ocrx_word' id='word_1_573' title='bbox 1981 3909 2108 3949; x_wconf 89' lang='lat' dir='ltr'><strong>care</strong></span> <span class='ocrx_word' id='word_1_574' title='bbox 2135 3897 2396 3952; x_wconf 88' lang='lat' dir='ltr'><strong>adversus</strong></span> <span class='ocrx_word' id='word_1_575' title='bbox 2427 3898 2778 3967; x_wconf 88' lang='lat' dir='ltr'><strong>Sarracenos,</strong></span> <span class='ocrx_word' id='word_1_576' title='bbox 2807 3904 2897 3972; x_wconf 91' lang='lat' dir='ltr'><strong>qui</strong></span> <span class='ocrx_word' id='word_1_577' title='bbox 2927 3914 3053 3962; x_wconf 91' lang='lat' dir='ltr'><strong>tunc</strong></span> <span class='ocrx_word' id='word_1_578' title='bbox 3088 3911 3348 3979; x_wconf 88' lang='lat' dir='ltr'><strong>temporis</strong></span> <span class='ocrx_word' id='word_1_579' title='bbox 3377 3927 3569 3968; x_wconf 80' lang='lat' dir='ltr'><strong>omnes</strong></span> 
     </span>
    </p>
   </div>
   <div class='ocr_carea' id='block_1_89' title="bbox 1981 3985 3562 4059">
    <p class='ocr_par' dir='ltr' id='par_1_89' title="bbox 1981 3985 3562 4059">
     <span class='ocr_line' id='line_1_90' title="bbox 1981 3985 3562 4059; baseline 0.013 -21"><span class='ocrx_word' id='word_1_580' title='bbox 1981 3985 2094 4042; x_wconf 87' lang='lat' dir='ltr'><strong>fere</strong></span> <span class='ocrx_word' id='word_1_581' title='bbox 2129 3987 2383 4044; x_wconf 91' lang='lat' dir='ltr'><strong>civitates</strong></span> <span class='ocrx_word' id='word_1_582' title='bbox 2412 3990 2690 4046; x_wconf 62' lang='lat' dir='ltr'><strong>Romanis:</strong></span> <span class='ocrx_word' id='word_1_583' title='bbox 2721 3996 2996 4050; x_wconf 86' lang='lat' dir='ltr'><strong>tenebant.</strong></span> <span class='ocrx_word' id='word_1_584' title='bbox 3022 3998 3314 4054; x_wconf 87' lang='lat' dir='ltr'><strong>Debellatis</strong></span> <span class='ocrx_word' id='word_1_585' title='bbox 3346 4003 3562 4059; x_wconf 88' lang='lat' dir='ltr'><strong>tandem</strong></span> 
     </span>
    </p>
   </div>
   <div class='ocr_carea' id='block_1_90' title="bbox 1980 4079 3556 4149">
    <p class='ocr_par' dir='ltr' id='par_1_90' title="bbox 1980 4079 3556 4149">
     <span class='ocr_line' id='line_1_91' title="bbox 1980 4079 3556 4149; baseline 0.011 -19"><span class='ocrx_word' id='word_1_586' title='bbox 1980 4079 2208 4148; x_wconf 85' lang='lat' dir='ltr'><strong>paganis</strong></span> <span class='ocrx_word' id='word_1_587' title='bbox 2241 4088 2297 4134; x_wconf 91' lang='lat' dir='ltr'><strong>et</strong></span> <span class='ocrx_word' id='word_1_588' title='bbox 2318 4079 2620 4149; x_wconf 83' lang='lat' dir='ltr'><strong>subjugatis</strong></span> <span class='ocrx_word' id='word_1_589' title='bbox 2650 4083 2874 4138; x_wconf 81' lang='lat' dir='ltr'><strong>urbibus</strong></span> <span class='ocrx_word' id='word_1_590' title='bbox 2900 4085 3186 4142; x_wconf 81' lang='lat' dir='ltr'><strong>Antiochia</strong></span> <span class='ocrx_word' id='word_1_591' title='bbox 3215 4099 3270 4143; x_wconf 88' lang='lat' dir='ltr'><strong>et</strong></span> <span class='ocrx_word' id='word_1_592' title='bbox 3293 4089 3556 4148; x_wconf 87' lang='lat' dir='ltr'><strong>llierusa-</strong></span> 
     </span>
    </p>
   </div>
   <div class='ocr_carea' id='block_1_91' title="bbox 1980 4168 3559 4251">
    <p class='ocr_par' dir='ltr' id='par_1_91' title="bbox 1980 4168 3559 4251">
     <span class='ocr_line' id='line_1_92' title="bbox 1980 4168 3559 4251; baseline 0.008 -28"><span class='ocrx_word' id='word_1_593' title='bbox 1980 4168 2087 4224; x_wconf 90' lang='lat' dir='ltr'><strong>lem</strong></span> <span class='ocrx_word' id='word_1_594' title='bbox 2116 4179 2172 4225; x_wconf 90' lang='lat' dir='ltr'><strong>et</strong></span> <span class='ocrx_word' id='word_1_595' title='bbox 2192 4171 2405 4225; x_wconf 67' lang='lat' dir='ltr'><strong>caeteris</strong></span> <span class='ocrx_word' id='word_1_596' title='bbox 2435 4171 3003 4235; x_wconf 84' lang='lat' dir='ltr'><strong>multis,Boamnndus</strong></span> <span class='ocrx_word' id='word_1_597' title='bbox 3043 4177 3269 4246; x_wconf 89' lang='lat' dir='ltr'><strong>adeptus</strong></span> <span class='ocrx_word' id='word_1_598' title='bbox 3303 4189 3387 4234; x_wconf 81' lang='lat' dir='ltr'><strong>est</strong></span> <span class='ocrx_word' id='word_1_599' title='bbox 3411 4183 3559 4251; x_wconf 86' lang='lat' dir='ltr'><strong>prin-</strong></span> 
     </span>
    </p>
   </div>
   <div class='ocr_carea' id='block_1_92' title="bbox 293 4264 3560 4343">
    <p class='ocr_par' dir='ltr' id='par_1_92' title="bbox 293 4264 3560 4343">
     <span class='ocr_line' id='line_1_93' title="bbox 293 4264 3560 4343; baseline 0.002 -19"><span class='ocrx_word' id='word_1_600' title='bbox 293 4278 536 4324; x_wconf 84' lang='lat' dir='ltr'><strong>armatus</strong></span> <span class='ocrx_word' id='word_1_601' title='bbox 555 4282 679 4321; x_wconf 92' lang='lat' dir='ltr'><strong>cum</strong></span> <span class='ocrx_word' id='word_1_602' title='bbox 702 4266 818 4322; x_wconf 92' lang='lat' dir='ltr'><strong>suis</strong></span> <span class='ocrx_word' id='word_1_603' title='bbox 838 4265 1082 4320; x_wconf 88' lang='lat' dir='ltr'><strong>occurrit</strong></span> <span class='ocrx_word' id='word_1_604' title='bbox 1110 4273 1166 4320; x_wconf 85' lang='lat' dir='ltr'><strong>et</strong></span> <span class='ocrx_word' id='word_1_605' title='bbox 1190 4280 1315 4320; x_wconf 86' lang='lat' dir='ltr'><strong>mox</strong></span> <span class='ocrx_word' id='word_1_606' title='bbox 1363 4280 1486 4319; x_wconf 92' lang='lat' dir='ltr'><strong>cum</strong></span> <span class='ocrx_word' id='word_1_607' title='bbox 1535 4265 1617 4320; x_wconf 88' lang='lat' dir='ltr'><strong>eis</strong></span> <span class='ocrx_word' id='word_1_608' title='bbox 1664 4267 1765 4322; x_wconf 89' lang='lat' dir='ltr'><strong>sub</strong></span> <span class='ocrx_word' id='word_1_609' title='bbox 1791 4267 1879 4323; x_wconf 90' lang='lat' dir='ltr'><strong>die</strong></span> <span class='ocrx_word' id='word_1_610' title='bbox 1905 4279 1958 4338; x_wconf 75' lang='grc' dir='ltr'><strong>ι)</strong></span> <span class='ocrx_word' id='word_1_611' title='bbox 1983 4264 2221 4334; x_wconf 87' lang='lat' dir='ltr'><strong>cipatum</strong></span> <span class='ocrx_word' id='word_1_612' title='bbox 2250 4264 2552 4320; x_wconf 65' lang='lat' dir='ltr'><strong>Antiochia:</strong></span> <span class='ocrx_word' id='word_1_613' title='bbox 2574 4275 2628 4321; x_wconf 90' lang='lat' dir='ltr'><strong>et</strong></span> <span class='ocrx_word' id='word_1_614' title='bbox 2657 4267 2898 4323; x_wconf 74' lang='lat' dir='ltr'><strong>baeredes</strong></span> <span class='ocrx_word' id='word_1_615' title='bbox 2922 4269 3039 4339; x_wconf 86' lang='lat' dir='ltr'><strong>ejus</strong></span> <span class='ocrx_word' id='word_1_616' title='bbox 3074 4282 3196 4341; x_wconf 91' lang='lat' dir='ltr'><strong>post</strong></span> <span class='ocrx_word' id='word_1_617' title='bbox 3223 4273 3420 4343; x_wconf 89' lang='lat' dir='ltr'><strong>ipsum,</strong></span> <span class='ocrx_word' id='word_1_618' title='bbox 3443 4279 3560 4332; x_wconf 25' lang='lat' dir='ltr'><strong>isci-</strong></span> 
     </span>
    </p>
   </div>
   <div class='ocr_carea' id='block_1_93' title="bbox 292 4358 1876 4430">
    <p class='ocr_par' dir='ltr' id='par_1_93' title="bbox 292 4358 1876 4430">
     <span class='ocr_line' id='line_1_94' title="bbox 292 4358 1876 4430; baseline 0.001 -14"><span class='ocrx_word' id='word_1_619' title='bbox 292 4379 398 4416; x_wconf 93' lang='lat' dir='ltr'><strong>una</strong></span> <span class='ocrx_word' id='word_1_620' title='bbox 441 4361 654 4416; x_wconf 89' lang='lat' dir='ltr'><strong>duobus</strong></span> <span class='ocrx_word' id='word_1_621' title='bbox 697 4359 898 4430; x_wconf 67' lang='lat' dir='ltr'><strong>prmliis</strong></span> <span class='ocrx_word' id='word_1_622' title='bbox 944 4373 1165 4412; x_wconf 89' lang='lat' dir='ltr'><strong>manum</strong></span> <span class='ocrx_word' id='word_1_623' title='bbox 1212 4359 1510 4414; x_wconf 88' lang='lat' dir='ltr'><strong>conseruit.</strong></span> <span class='ocrx_word' id='word_1_624' title='bbox 1551 4358 1720 4416; x_wconf 69' lang='lat' dir='ltr'><strong>Ctesis</strong></span> <span class='ocrx_word' id='word_1_625' title='bbox 1745 4376 1876 4418; x_wconf 91' lang='lat' dir='ltr'><strong>vero</strong></span> 
     </span>
    </p>
   </div>
   <div class='ocr_carea' id='block_1_94' title="bbox 293 4449 1879 4521">
    <p class='ocr_par' dir='ltr' id='par_1_94' title="bbox 293 4449 1879 4521">
     <span class='ocr_line' id='line_1_95' title="bbox 293 4449 1879 4521; baseline 0.001 -14"><span class='ocrx_word' id='word_1_626' title='bbox 293 4452 441 4507; x_wconf 88' lang='lat' dir='ltr'><strong>mille</strong></span> <span class='ocrx_word' id='word_1_627' title='bbox 469 4460 526 4506; x_wconf 93' lang='lat' dir='ltr'><strong>ct</strong></span> <span class='ocrx_word' id='word_1_628' title='bbox 555 4449 915 4521; x_wconf 88' lang='lat' dir='ltr'><strong>septingentis</strong></span> <span class='ocrx_word' id='word_1_629' title='bbox 939 4449 1293 4513; x_wconf 88' lang='lat' dir='ltr'><strong>bellatorum,</strong></span> <span class='ocrx_word' id='word_1_630' title='bbox 1331 4463 1454 4503; x_wconf 93' lang='lat' dir='ltr'><strong>cum</strong></span> <span class='ocrx_word' id='word_1_631' title='bbox 1486 4451 1762 4507; x_wconf 87' lang='lat' dir='ltr'><strong>nonnullis</strong></span> <span class='ocrx_word' id='word_1_632' title='bbox 1793 4468 1879 4508; x_wconf 87' lang='lat' dir='ltr'><strong>re-</strong></span> 
     </span>
    </p>
   </div>
   <div class='ocr_carea' id='block_1_95' title="bbox 292 4539 1881 4614">
    <p class='ocr_par' dir='ltr' id='par_1_95' title="bbox 292 4539 1881 4614">
     <span class='ocr_line' id='line_1_96' title="bbox 292 4539 1881 4614; baseline 0.001 -15"><span class='ocrx_word' id='word_1_633' title='bbox 292 4544 382 4614; x_wconf 89' lang='lat' dir='ltr'><strong>gni</strong></span> <span class='ocrx_word' id='word_1_634' title='bbox 415 4542 758 4614; x_wconf 88' lang='lat' dir='ltr'><strong>proceribus,</strong></span> <span class='ocrx_word' id='word_1_635' title='bbox 792 4539 986 4610; x_wconf 90' lang='lat' dir='ltr'><strong>reliqui</strong></span> <span class='ocrx_word' id='word_1_636' title='bbox 1040 4555 1070 4596; x_wconf 90' lang='lat' dir='ltr'><strong>e</strong></span> <span class='ocrx_word' id='word_1_637' title='bbox 1112 4540 1411 4595; x_wconf 89' lang='lat' dir='ltr'><strong>certamine</strong></span> <span class='ocrx_word' id='word_1_638' title='bbox 1454 4540 1754 4611; x_wconf 87' lang='lat' dir='ltr'><strong>fugientes,</strong></span> <span class='ocrx_word' id='word_1_639' title='bbox 1782 4561 1881 4601; x_wconf 80' lang='lat' dir='ltr'><strong>na-</strong></span> 
     </span>
    </p>
   </div>
   <div class='ocr_carea' id='block_1_96' title="bbox 291 4636 1880 4709">
    <p class='ocr_par' dir='ltr' id='par_1_96' title="bbox 291 4636 1880 4709">
     <span class='ocr_line' id='line_1_97' title="bbox 291 4636 1880 4709; baseline -0.001 -16"><span class='ocrx_word' id='word_1_640' title='bbox 291 4639 438 4695; x_wconf 86' lang='lat' dir='ltr'><strong>vium</strong></span> <span class='ocrx_word' id='word_1_641' title='bbox 470 4637 724 4709; x_wconf 84' lang='lat' dir='ltr'><strong>praesidio</strong></span> <span class='ocrx_word' id='word_1_642' title='bbox 756 4637 907 4691; x_wconf 87' lang='lat' dir='ltr'><strong>necis</strong></span> <span class='ocrx_word' id='word_1_643' title='bbox 953 4636 1226 4693; x_wconf 85' lang='lat' dir='ltr'><strong>excidium</strong></span> <span class='ocrx_word' id='word_1_644' title='bbox 1266 4643 1556 4706; x_wconf 89' lang='lat' dir='ltr'><strong>utcumque</strong></span> <span class='ocrx_word' id='word_1_645' title='bbox 1591 4648 1880 4694; x_wconf 84' lang='lat' dir='ltr'><strong>evaserunt</strong></span> 
     </span>
    </p>
   </div>
   <div class='ocr_carea' id='block_1_97' title="bbox 291 4727 1879 4799">
    <p class='ocr_par' dir='ltr' id='par_1_97' title="bbox 291 4727 1879 4799">
     <span class='ocr_line' id='line_1_98' title="bbox 291 4727 1879 4799; baseline -0.002 -10"><span class='ocrx_word' id='word_1_646' title='bbox 291 4743 348 4789; x_wconf 89' lang='lat' dir='ltr'><strong>et</strong></span> <span class='ocrx_word' id='word_1_647' title='bbox 368 4750 438 4790; x_wconf 86' lang='lat' dir='ltr'><strong>ex</strong></span> <span class='ocrx_word' id='word_1_648' title='bbox 466 4733 759 4788; x_wconf 89' lang='lat' dir='ltr'><strong>charorum</strong></span> <span class='ocrx_word' id='word_1_649' title='bbox 802 4729 1097 4786; x_wconf 87' lang='lat' dir='ltr'><strong>amissione</strong></span> <span class='ocrx_word' id='word_1_650' title='bbox 1136 4729 1530 4799; x_wconf 83' lang='lat' dir='ltr'><strong>permaximum</strong></span> <span class='ocrx_word' id='word_1_651' title='bbox 1583 4727 1879 4786; x_wconf 81' lang='lat' dir='ltr'><strong>Ilibernen-</strong></span> 
     </span>
    </p>
   </div>
   <div class='ocr_carea' id='block_1_98' title="bbox 292 4819 1876 4891">
    <p class='ocr_par' dir='ltr' id='par_1_98' title="bbox 292 4819 1876 4891">
     <span class='ocr_line' id='line_1_99' title="bbox 292 4819 1876 4891; baseline -0.003 -9"><span class='ocrx_word' id='word_1_652' title='bbox 292 4826 444 4882; x_wconf 89' lang='lat' dir='ltr'><strong>sibus</strong></span> <span class='ocrx_word' id='word_1_653' title='bbox 463 4825 672 4880; x_wconf 90' lang='lat' dir='ltr'><strong>luctum</strong></span> <span class='ocrx_word' id='word_1_654' title='bbox 706 4829 1148 4891; x_wconf 82' lang='lat' dir='ltr'><strong>reportaverunt.</strong></span> <span class='ocrx_word' id='word_1_655' title='bbox 1185 4820 1287 4886; x_wconf 84' lang='lat' dir='ltr'><strong>Qui</strong></span> <span class='ocrx_word' id='word_1_656' title='bbox 1321 4819 1566 4891; x_wconf 85' lang='lat' dir='ltr'><strong>profecto</strong></span> <span class='ocrx_word' id='word_1_657' title='bbox 1588 4860 1602 4882; x_wconf 89' lang='lat'><strong>,</strong></span> <span class='ocrx_word' id='word_1_658' title='bbox 1632 4821 1733 4876; x_wconf 91' lang='lat' dir='ltr'><strong>nisi</strong></span> <span class='ocrx_word' id='word_1_659' title='bbox 1771 4838 1876 4878; x_wconf 87' lang='lat' dir='ltr'><strong>nox</strong></span> 
     </span>
    </p>
   </div>
   <div class='ocr_carea' id='block_1_99' title="bbox 293 4909 1874 4987">
    <p class='ocr_par' dir='ltr' id='par_1_99' title="bbox 293 4909 1874 4987">
     <span class='ocr_line' id='line_1_100' title="bbox 293 4909 1874 4987; baseline -0.001 -16"><span class='ocrx_word' id='word_1_660' title='bbox 293 4916 538 4987; x_wconf 67' lang='lat' dir='ltr'><strong>prmlium</strong></span> <span class='ocrx_word' id='word_1_661' title='bbox 570 4913 903 4977; x_wconf 86' lang='lat' dir='ltr'><strong>diremisset,</strong></span> <span class='ocrx_word' id='word_1_662' title='bbox 939 4928 1131 4969; x_wconf 87' lang='lat' dir='ltr'><strong>omnes</strong></span> <span class='ocrx_word' id='word_1_663' title='bbox 1165 4912 1358 4967; x_wconf 91' lang='lat' dir='ltr'><strong>mortis</strong></span> <span class='ocrx_word' id='word_1_664' title='bbox 1389 4909 1651 4967; x_wconf 87' lang='lat' dir='ltr'><strong>novacula</strong></span> <span class='ocrx_word' id='word_1_665' title='bbox 1697 4912 1874 4977; x_wconf 89' lang='lat' dir='ltr'><strong>abrasi</strong></span> 
     </span>
    </p>
   </div>
   <div class='ocr_carea' id='block_1_100' title="bbox 293 5009 1136 5068">
    <p class='ocr_par' dir='ltr' id='par_1_100' title="bbox 293 5009 1136 5068">
     <span class='ocr_line' id='line_1_101' title="bbox 293 5009 1136 5068; baseline 0.005 -4"><span class='ocrx_word' id='word_1_666' title='bbox 293 5009 544 5065; x_wconf 88' lang='lat' dir='ltr'><strong>fuissent.</strong></span> <span class='ocrx_word' id='word_1_667' title='bbox 1061 5025 1066 5030; x_wconf 81' lang='lat'><em>‘</em></span> <span class='ocrx_word' id='word_1_668' title='bbox 1126 5061 1136 5068; x_wconf 82' lang='lat'><strong>.</strong></span> 
     </span>
    </p>
   </div>
   <div class='ocr_carea' id='block_1_101' title="bbox 865 5096 1289 5155">
    <p class='ocr_par' dir='ltr' id='par_1_101' title="bbox 865 5096 1289 5155">
     <span class='ocr_line' id='line_1_102' title="bbox 865 5096 1289 5155; baseline -0.007 -4"><span class='ocrx_word' id='word_1_669' title='bbox 865 5097 1094 5155; x_wconf 79' lang='lat' dir='ltr'><strong>CAPUT</strong></span> <span class='ocrx_word' id='word_1_670' title='bbox 1135 5096 1289 5150; x_wconf 81' lang='lat' dir='ltr'><strong>XLII.</strong></span> 
     </span>
    </p>
   </div>
   <div class='ocr_carea' id='block_1_102' title="bbox 292 5188 1878 5274">
    <p class='ocr_par' dir='ltr' id='par_1_102' title="bbox 292 5188 1878 5274">
     <span class='ocr_line' id='line_1_103' title="bbox 292 5188 1878 5274; baseline -0.002 -27"><span class='ocrx_word' id='word_1_671' title='bbox 292 5193 447 5274; x_wconf 79' lang='lat' dir='ltr'><strong>Quod</strong></span> <span class='ocrx_word' id='word_1_672' title='bbox 472 5188 894 5274; x_wconf 37' lang='lat' dir='ltr'><strong>rexllltilrlelmus</strong></span> <span class='ocrx_word' id='word_1_673' title='bbox 924 5192 1186 5269; x_wconf 58' lang='lat' dir='ltr'><strong>circuiens</strong></span> <span class='ocrx_word' id='word_1_674' title='bbox 1211 5188 1491 5274; x_wconf 51' lang='lat' dir='ltr'><strong>Angliam,</strong></span> <span class='ocrx_word' id='word_1_675' title='bbox 1509 5188 1730 5244; x_wconf 76' lang='lat' dir='ltr'><strong>castella</strong></span> <span class='ocrx_word' id='word_1_676' title='bbox 1759 5192 1878 5260; x_wconf 82' lang='lat' dir='ltr'><strong>plu-</strong></span> 
     </span>
    </p>
   </div>
   <div class='ocr_carea' id='block_1_103' title="bbox 360 5258 1511 5298">
    <p class='ocr_par' dir='ltr' id='par_1_103' title="bbox 360 5258 1511 5298">
     <span class='ocr_line' id='line_1_104' title="bbox 360 5258 1511 5298; baseline 0 0"><span class='ocrx_word' id='word_1_677' title='bbox 360 5264 496 5298; x_wconf 55' lang='grc' dir='ltr'><strong>’ἰηιη</strong></span> <span class='ocrx_word' id='word_1_678' title='bbox 522 5262 590 5298; x_wconf 75' lang='lat' dir='ltr'><strong><em>IIII</em></strong></span> <span class='ocrx_word' id='word_1_679' title='bbox 625 5258 980 5298; x_wconf 66' lang='lat' dir='ltr'><strong>[Infpnsinnam</strong></span> <span class='ocrx_word' id='word_1_680' title='bbox 1023 5261 1165 5298; x_wconf 75' lang='grc' dir='ltr'><em>νοηηί</em></span> <span class='ocrx_word' id='word_1_681' title='bbox 1203 5272 1408 5298; x_wconf 66' lang='lat' dir='ltr'><strong>rnnxtrn</strong></span> <span class='ocrx_word' id='word_1_682' title='bbox 1427 5259 1511 5298; x_wconf 63' lang='lat' dir='ltr'><strong>)‘ll-</strong></span> 
     </span>
    </p>
   </div>
   <div class='ocr_carea' id='block_1_104' title="bbox 1980 4353 3560 4423">
    <p class='ocr_par' dir='ltr' id='par_1_104' title="bbox 1980 4353 3560 4423">
     <span class='ocr_line' id='line_1_105' title="bbox 1980 4353 3560 4423; baseline 0.008 -15"><span class='ocrx_word' id='word_1_683' title='bbox 1980 4353 2107 4409; x_wconf 91' lang='lat' dir='ltr'><strong>licet</strong></span> <span class='ocrx_word' id='word_1_684' title='bbox 2137 4354 2281 4410; x_wconf 80' lang='lat' dir='ltr'><strong>Illius</strong></span> <span class='ocrx_word' id='word_1_685' title='bbox 2321 4353 2436 4422; x_wconf 88' lang='lat' dir='ltr'><strong>ejus</strong></span> <span class='ocrx_word' id='word_1_686' title='bbox 2483 4355 2856 4423; x_wconf 88' lang='lat' dir='ltr'><strong>Boamundus,</strong></span> <span class='ocrx_word' id='word_1_687' title='bbox 2913 4369 3075 4416; x_wconf 88' lang='lat' dir='ltr'><strong>natus</strong></span> <span class='ocrx_word' id='word_1_688' title='bbox 3117 4375 3182 4416; x_wconf 76' lang='lat' dir='ltr'><strong>ex</strong></span> <span class='ocrx_word' id='word_1_689' title='bbox 3231 4361 3560 4420; x_wconf 81' lang='lat' dir='ltr'><strong>Constancia</strong></span> 
     </span>
    </p>
   </div>
   <div class='ocr_carea' id='block_1_105' title="bbox 1980 4441 3559 4520">
    <p class='ocr_par' dir='ltr' id='par_1_105' title="bbox 1980 4441 3559 4520">
     <span class='ocr_line' id='line_1_106' title="bbox 1980 4441 3559 4520; baseline 0.008 -24"><span class='ocrx_word' id='word_1_690' title='bbox 1980 4441 2089 4498; x_wconf 88' lang='lat' dir='ltr'><strong>filia</strong></span> <span class='ocrx_word' id='word_1_691' title='bbox 2119 4443 2348 4516; x_wconf 87' lang='lat' dir='ltr'><strong>Philippi</strong></span> <span class='ocrx_word' id='word_1_692' title='bbox 2387 4446 2533 4516; x_wconf 89' lang='lat' dir='ltr'><strong>regis</strong></span> <span class='ocrx_word' id='word_1_693' title='bbox 2563 4446 2922 4514; x_wconf 89' lang='lat' dir='ltr'><strong>Francorum;</strong></span> <span class='ocrx_word' id='word_1_694' title='bbox 2955 4459 3009 4504; x_wconf 93' lang='lat' dir='ltr'><strong>et</strong></span> <span class='ocrx_word' id='word_1_695' title='bbox 3054 4457 3177 4520; x_wconf 78' lang='lat' dir='ltr'><strong>post</strong></span> <span class='ocrx_word' id='word_1_696' title='bbox 3228 4451 3390 4508; x_wconf 89' lang='lat' dir='ltr'><strong>istum</strong></span> <span class='ocrx_word' id='word_1_697' title='bbox 3434 4453 3559 4508; x_wconf 76' lang='lat' dir='ltr'><strong>Bai-</strong></span> 
     </span>
    </p>
   </div>
   <div class='ocr_carea' id='block_1_106' title="bbox 1983 4536 3558 4614">
    <p class='ocr_par' dir='ltr' id='par_1_106' title="bbox 1983 4536 3558 4614">
     <span class='ocr_line' id='line_1_107' title="bbox 1983 4536 3558 4614; baseline 0.008 -27"><span class='ocrx_word' id='word_1_698' title='bbox 1983 4536 2213 4591; x_wconf 90' lang='lat' dir='ltr'><strong>muudus</strong></span> <span class='ocrx_word' id='word_1_699' title='bbox 2268 4536 2413 4590; x_wconf 84' lang='lat' dir='ltr'><strong>filius</strong></span> <span class='ocrx_word' id='word_1_700' title='bbox 2461 4537 2718 4592; x_wconf 82' lang='lat' dir='ltr'><strong>Willelmi</strong></span> <span class='ocrx_word' id='word_1_701' title='bbox 2778 4538 2993 4594; x_wconf 91' lang='lat' dir='ltr'><strong>comitis</strong></span> <span class='ocrx_word' id='word_1_702' title='bbox 3037 4539 3415 4609; x_wconf 84' lang='lat' dir='ltr'><strong>Pictavorum,</strong></span> <span class='ocrx_word' id='word_1_703' title='bbox 3465 4546 3558 4614; x_wconf 89' lang='lat' dir='ltr'><strong>qui</strong></span> 
     </span>
    </p>
   </div>
   <div class='ocr_carea' id='block_1_107' title="bbox 1983 4628 3561 4694">
    <p class='ocr_par' dir='ltr' id='par_1_107' title="bbox 1983 4628 3561 4694">
     <span class='ocr_line' id='line_1_108' title="bbox 1983 4628 3561 4694; baseline 0.006 -13"><span class='ocrx_word' id='word_1_704' title='bbox 1983 4628 2148 4683; x_wconf 88' lang='lat' dir='ltr'><strong>filiam</strong></span> <span class='ocrx_word' id='word_1_705' title='bbox 2178 4629 2399 4685; x_wconf 87' lang='lat' dir='ltr'><strong>secundi</strong></span> <span class='ocrx_word' id='word_1_706' title='bbox 2430 4629 2728 4685; x_wconf 87' lang='lat' dir='ltr'><strong>Boamundi</strong></span> <span class='ocrx_word' id='word_1_707' title='bbox 2756 4628 2988 4686; x_wconf 85' lang='lat' dir='ltr'><strong>duxerat</strong></span> <span class='ocrx_word' id='word_1_708' title='bbox 3029 4649 3280 4691; x_wconf 87' lang='lat' dir='ltr'><strong>uxorem.</strong></span> <span class='ocrx_word' id='word_1_709' title='bbox 3320 4637 3561 4694; x_wconf 79' lang='lat' dir='ltr'><strong>Roberto</strong></span> 
     </span>
    </p>
   </div>
   <div class='ocr_carea' id='block_1_108' title="bbox 1982 4718 3564 4793">
    <p class='ocr_par' dir='ltr' id='par_1_108' title="bbox 1982 4718 3564 4793">
     <span class='ocr_line' id='line_1_109' title="bbox 1982 4718 3564 4793; baseline 0.007 -21"><span class='ocrx_word' id='word_1_710' title='bbox 1982 4718 2167 4790; x_wconf 87' lang='lat' dir='ltr'><strong>itaque</strong></span> <span class='ocrx_word' id='word_1_711' title='bbox 2190 4721 2327 4776; x_wconf 91' lang='lat' dir='ltr'><strong>duce</strong></span> <span class='ocrx_word' id='word_1_712' title='bbox 2355 4720 2609 4784; x_wconf 90' lang='lat' dir='ltr'><strong>abeunte,</strong></span> <span class='ocrx_word' id='word_1_713' title='bbox 2646 4720 2912 4775; x_wconf 88' lang='lat' dir='ltr'><strong>successit</strong></span> <span class='ocrx_word' id='word_1_714' title='bbox 2941 4722 2989 4776; x_wconf 93' lang='lat' dir='ltr'><strong>ei</strong></span> <span class='ocrx_word' id='word_1_715' title='bbox 3019 4723 3159 4780; x_wconf 88' lang='lat' dir='ltr'><strong>filius</strong></span> <span class='ocrx_word' id='word_1_716' title='bbox 3183 4743 3344 4793; x_wconf 85' lang='lat' dir='ltr'><strong>suus,</strong></span> <span class='ocrx_word' id='word_1_717' title='bbox 3378 4729 3446 4786; x_wconf 89' lang='lat' dir='ltr'><strong>de</strong></span> <span class='ocrx_word' id='word_1_718' title='bbox 3475 4742 3564 4783; x_wconf 89' lang='lat' dir='ltr'><strong>se-</strong></span> 
     </span>
    </p>
   </div>
   <div class='ocr_carea' id='block_1_109' title="bbox 1981 4809 3563 4888">
    <p class='ocr_par' dir='ltr' id='par_1_109' title="bbox 1981 4809 3563 4888">
     <span class='ocr_line' id='line_1_110' title="bbox 1981 4809 3563 4888; baseline 0.005 -25"><span class='ocrx_word' id='word_1_719' title='bbox 1981 4812 2156 4866; x_wconf 87' lang='lat' dir='ltr'><strong>cunda</strong></span> <span class='ocrx_word' id='word_1_720' title='bbox 2184 4810 2412 4880; x_wconf 87' lang='lat' dir='ltr'><strong>conjuge</strong></span> <span class='ocrx_word' id='word_1_721' title='bbox 2433 4809 2848 4880; x_wconf 85' lang='lat' dir='ltr'><strong>primogenitus,</strong></span> <span class='ocrx_word' id='word_1_722' title='bbox 2876 4814 3094 4868; x_wconf 90' lang='lat' dir='ltr'><strong>nomine</strong></span> <span class='ocrx_word' id='word_1_723' title='bbox 3126 4814 3427 4888; x_wconf 83' lang='lat' dir='ltr'><strong>Rogerius,</strong></span> <span class='ocrx_word' id='word_1_724' title='bbox 3470 4831 3563 4872; x_wconf 88' lang='lat' dir='ltr'><strong>co-</strong></span> 
     </span>
    </p>
   </div>
   <div class='ocr_carea' id='block_1_110' title="bbox 1983 4899 3570 4974">
    <p class='ocr_par' dir='ltr' id='par_1_110' title="bbox 1983 4899 3570 4974">
     <span class='ocr_line' id='line_1_111' title="bbox 1983 4899 3570 4974; baseline 0.003 -18"><span class='ocrx_word' id='word_1_725' title='bbox 1983 4913 2273 4972; x_wconf 83' lang='lat' dir='ltr'><strong>gnomento</strong></span> <span class='ocrx_word' id='word_1_726' title='bbox 2301 4901 2492 4954; x_wconf 90' lang='lat' dir='ltr'><strong>Bursa.</strong></span> <span class='ocrx_word' id='word_1_727' title='bbox 2522 4899 2636 4956; x_wconf 83' lang='lat' dir='ltr'><strong>Hoc</strong></span> <span class='ocrx_word' id='word_1_728' title='bbox 2679 4903 2843 4955; x_wconf 88' lang='lat' dir='ltr'><strong>etiam</strong></span> <span class='ocrx_word' id='word_1_729' title='bbox 2901 4903 3133 4974; x_wconf 78' lang='lat' dir='ltr'><strong>llogerio</strong></span> <span class='ocrx_word' id='word_1_730' title='bbox 3175 4908 3467 4971; x_wconf 73' lang='lat' dir='ltr'><strong>deficiente</strong></span> <span class='ocrx_word' id='word_1_731' title='bbox 3507 4916 3570 4961; x_wconf 81' lang='lat' dir='ltr'><strong>et</strong></span> 
     </span>
    </p>
   </div>
   <div class='ocr_carea' id='block_1_111' title="bbox 1985 4991 3566 5065">
    <p class='ocr_par' dir='ltr' id='par_1_111' title="bbox 1985 4991 3566 5065">
     <span class='ocr_line' id='line_1_112' title="bbox 1985 4991 3566 5065; baseline 0.003 -19"><span class='ocrx_word' id='word_1_732' title='bbox 1985 4993 2111 5049; x_wconf 84' lang='lat' dir='ltr'><strong>filiis</strong></span> <span class='ocrx_word' id='word_1_733' title='bbox 2159 4995 2270 5049; x_wconf 85' lang='lat' dir='ltr'><strong>suis</strong></span> <span class='ocrx_word' id='word_1_734' title='bbox 2318 5000 2439 5059; x_wconf 89' lang='lat' dir='ltr'><strong>post</strong></span> <span class='ocrx_word' id='word_1_735' title='bbox 2486 4991 2696 5058; x_wconf 87' lang='lat' dir='ltr'><strong>ipsum,</strong></span> <span class='ocrx_word' id='word_1_736' title='bbox 2744 4991 3013 5060; x_wconf 79' lang='lat' dir='ltr'><strong>ltogerius</strong></span> <span class='ocrx_word' id='word_1_737' title='bbox 3058 4998 3320 5065; x_wconf 88' lang='lat' dir='ltr'><strong>patruelis</strong></span> <span class='ocrx_word' id='word_1_738' title='bbox 3373 4997 3566 5065; x_wconf 86' lang='lat' dir='ltr'><strong>ipsius.</strong></span> 
     </span>
    </p>
   </div>
   <div class='ocr_carea' id='block_1_112' title="bbox 1987 5076 3566 5157">
    <p class='ocr_par' dir='ltr' id='par_1_112' title="bbox 1987 5076 3566 5157">
     <span class='ocr_line' id='line_1_113' title="bbox 1987 5076 3566 5157; baseline 0.001 -18"><span class='ocrx_word' id='word_1_739' title='bbox 1987 5087 2127 5142; x_wconf 83' lang='lat' dir='ltr'><strong>ﬁlius</strong></span> <span class='ocrx_word' id='word_1_740' title='bbox 2147 5083 2362 5157; x_wconf 83' lang='lat' dir='ltr'><strong>Rogerii</strong></span> <span class='ocrx_word' id='word_1_741' title='bbox 2386 5082 2604 5138; x_wconf 90' lang='lat' dir='ltr'><strong>comitis</strong></span> <span class='ocrx_word' id='word_1_742' title='bbox 2635 5086 2857 5150; x_wconf 85' lang='lat' dir='ltr'><strong>Siciliae,</strong></span> <span class='ocrx_word' id='word_1_743' title='bbox 2878 5084 3064 5144; x_wconf 82' lang='lat' dir='ltr'><strong>fratris</strong></span> <span class='ocrx_word' id='word_1_744' title='bbox 3087 5090 3306 5147; x_wconf 81' lang='lat' dir='ltr'><strong>Roberti</strong></span> <span class='ocrx_word' id='word_1_745' title='bbox 3323 5076 3566 5146; x_wconf 79' lang='lat' dir='ltr'><strong>Wisean-</strong></span> 
     </span>
    </p>
   </div>
   <div class='ocr_carea' id='block_1_113' title="bbox 1985 5175 3560 5248">
    <p class='ocr_par' dir='ltr' id='par_1_113' title="bbox 1985 5175 3560 5248">
     <span class='ocr_line' id='line_1_114' title="bbox 1985 5175 3560 5248; baseline -0.001 -16"><span class='ocrx_word' id='word_1_746' title='bbox 1985 5180 2059 5238; x_wconf 73' lang='lat' dir='ltr'><strong>(ii.</strong></span> <span class='ocrx_word' id='word_1_747' title='bbox 2092 5181 2236 5233; x_wconf 85' lang='lat' dir='ltr'><strong>solus</strong></span> <span class='ocrx_word' id='word_1_748' title='bbox 2267 5187 2375 5232; x_wconf 88' lang='lat' dir='ltr'><strong>tam</strong></span> <span class='ocrx_word' id='word_1_749' title='bbox 2405 5175 2654 5246; x_wconf 81' lang='lat' dir='ltr'><strong>Apuliam</strong></span> <span class='ocrx_word' id='word_1_750' title='bbox 2689 5193 2851 5248; x_wconf 86' lang='lat' dir='ltr'><strong>quam</strong></span> <span class='ocrx_word' id='word_1_751' title='bbox 2903 5179 3142 5236; x_wconf 88' lang='lat' dir='ltr'><strong>Siciliam</strong></span> <span class='ocrx_word' id='word_1_752' title='bbox 3176 5182 3426 5238; x_wconf 90' lang='lat' dir='ltr'><strong>obtinuit.</strong></span> <span class='ocrx_word' id='word_1_753' title='bbox 3459 5176 3560 5232; x_wconf 75' lang='lat' dir='ltr'><strong>llic</strong></span> 
     </span>
    </p>
   </div>
   <div class='ocr_carea' id='block_1_114' title="bbox 1988 5266 3535 5298">
    <p class='ocr_par' dir='ltr' id='par_1_114' title="bbox 1988 5266 3535 5298">
     <span class='ocr_line' id='line_1_115' title="bbox 1988 5266 3535 5298; baseline 0 0"><span class='ocrx_word' id='word_1_754' title='bbox 1988 5279 2163 5298; x_wconf 57' lang='lat' dir='ltr'><strong>nulla-g‘</strong></span> <span class='ocrx_word' id='word_1_755' title='bbox 2192 5266 2520 5298; x_wconf 62' lang='lat' dir='ltr'><strong>mrnnnnlnnin</strong></span> <span class='ocrx_word' id='word_1_756' title='bbox 2555 5274 2800 5298; x_wconf 64' lang='lat' dir='ltr'><strong>Inmnnnn</strong></span> <span class='ocrx_word' id='word_1_757' title='bbox 2843 5269 2907 5298; x_wconf 65' lang='grc' dir='ltr'><strong>ΑΛ</strong></span> <span class='ocrx_word' id='word_1_758' title='bbox 2951 5271 3082 5298; x_wconf 67' lang='grc' dir='ltr'><strong>..ι-ΑΛ</strong></span> <span class='ocrx_word' id='word_1_759' title='bbox 3113 5269 3283 5298; x_wconf 54' lang='lat' dir='ltr'><strong>Enna“...</strong></span> <span class='ocrx_word' id='word_1_760' title='bbox 3320 5276 3398 5298; x_wconf 71' lang='grc' dir='ltr'><strong>ΛοΙ</strong></span> <span class='ocrx_word' id='word_1_761' title='bbox 3441 5279 3535 5298; x_wconf 65' lang='lat' dir='ltr'><strong>rnv</strong></span> 
     </span>
    </p>
   </div>
  </div>
