4044 5360
419 282 524 341 879

1211 275 1548 332 WllLELMl
1587 275 1879 332 CALCULI
1917 273 2472 332 GEMMETICENSIS
2511 275 2817 332 MONACIII

3574 273 3678 333 880

421 396 676 468 Rogerio,
716 403 775 449 ut
835 394 982 463 regio
1029 393 1332 446 diademate
1383 397 1649 451 uteretur,
1677 389 1799 444 ideo
1851 391 1992 458 quod
2023 393 2069 452 Α
2099 389 2405 460 huiusmodi
2440 390 2720 446 discordia:
2745 397 2884 455 erat,
2919 391 3060 460 quod
3092 390 3264 445 eidem
3307 389 3416 446 ﬁlio
3443 405 3542 448 suo
3583 406 3675 446 rex

419 492 561 545 idem
594 490 702 543 dux
735 489 870 557 parti
900 489 1066 555 ipsius
1096 484 1329 539 favebat.
1361 483 1574 538 Accidit
1601 483 1701 536 hoc
1724 483 1870 538 circa
1899 499 1996 537 an-

421 601 549 641 num
587 585 656 638 ab
676 582 1056 638 lncarnatione
1100 577 1312 633 Domini
1365 577 1521 632 “50.
1553 575 1818 632 Vixerunt
1867 589 1995 632 vero

421 678 580 732 ambo
611 675 723 730 fere
744 681 866 729 octo
893 672 1048 726 annis
1073 669 1254 724 simul.

985 781 1214 838 CAPUT
1251 780 1435 836 XLIV.

422 877 500 931 De
526 884 693 931 morte
729 871 984 928 Willeimi
1039 873 1172 943 regis
1224 872 1508 943 Anglorum
1557 881 1604 925 et
1660 873 1808 943 ducis
1864 871 1997 925 Nor-

492 949 880 1007 thmannorum,
915 944 1047 997 etde
1075 942 1342 1013 sepultura
1374 942 1488 1012 ejus
1515 943 1656 1012 apud
1685 942 1996 997 Lndomum.

489 1037 584 1090 Bis
610 1051 705 1107 per
725 1035 1167 1104 anticipationem
1191 1033 1424 1088 breviter
1448 1033 1728 1097 intimatis,
1747 1035 1812 1088 ad
1840 1034 1998 1087 linem

419 1125 976 1200 gestorum,Willelnti
1038 1124 1182 1195 regis
1229 1124 1527 1195 Anglorum
1575 1132 1631 1179 et
1679 1125 1831 1179 ducis
1862 1123 2001 1178 Nor-

420 1221 829 1282 thmannorum,
861 1219 927 1272 de
963 1218 1160 1286 quibus
1186 1216 1404 1271 fastidio
1451 1217 1710 1272 lectorum
1741 1230 1998 1287 compen-

419 1309 571 1364 diose
589 1308 954 1373 consulentes,
972 1307 1217 1376 quaedam
1236 1305 1676 1376 perstrinximus,
1692 1305 1997 1360 veniamus.

421 1399 476 1455 Si
508 1401 630 1468 quis
674 1414 806 1455 vero
861 1399 1071 1469 plenius
1110 1397 1198 1452 illa
1252 1412 1415 1453 nosse
1468 1397 1765 1462 desiderat,
1802 1396 1999 1454 librum

419 1489 678 1546 Willelmi
714 1489 1070 1552 Pictavensis,
1092 1489 1458 1544 Luxoviorum
1487 1487 1881 1553 archidiaconi,
1915 1503 1999 1543 ea-

423 1585 545 1638 dem
575 1593 726 1655 gesta
753 1584 895 1638 sicut
918 1586 1157 1652 copiose,
1189 1583 1262 1636 ita
1292 1581 1563 1651 eloquenti
1595 1596 1846 1637 sermone
1876 1580 2003 1635 affa-

413 1675 518 1728 tim
541 1675 932 1739 continentem,
961 1669 1128 1743 legat.
1179 1672 1361 1727 Edidit
1387 1681 1644 1742 praeterea
1697 1656 1764 1726 de
1813 1673 1998 1726 eadem

2058 530 2063 536 .
2101 482 2404 538 Willelmus
2419 497 2521 536 non
2535 480 3067 551 permittebatfacere
3080 483 3414 540 voluntatem
3438 498 3590 538 suam
3612 484 3677 538 de

2100 575 2295 630 ducatu
2324 573 2891 639 NorthmannimJieet
2917 590 3044 629 eum
3077 575 3191 644 ipse
3223 583 3343 645 post
3371 590 3430 630 se
3461 575 3678 631 fecisset

2101 667 2394 736 hrcredem)
2427 685 2440 720 :
2480 681 2604 721 cum
2634 666 2796 736 igitur
2823 667 3126 723 Willelmus
3163 682 3258 722 rex
3285 667 3537 737 oppidum
3571 666 3678 722 lie-

2102 760 2262 813 danta
2309 759 2556 814 assiliens
2588 758 2820 816 flammis
2862 758 3144 815 ultricibus
3181 760 3515 825 tradidisset,
3545 774 3678 831 pon-

2102 849 2231 904 dere
2254 864 2526 904 armorum
2549 857 2605 904 et
2634 848 2817 904 labore
2845 848 3118 916 clamoris,
3144 864 3251 919 quo
3271 863 3399 904 suos
3423 849 3681 904 exhorta-

2101 943 2282 1007 batur,
2321 951 2375 996 ut
2404 942 2592 1007 fertur,
2619 941 2804 996 arvina
2827 941 3203 998 intestinorum
3226 939 3342 1010 ejus
3365 941 3681 1012 liquefacta,

2103 1037 2366 1091 infirmari
2420 1053 2526 1091 non
2587 1037 2795 1091 modice
2848 1036 3033 1106 carpit.
3088 1036 3154 1090 Et
3197 1036 3324 1090 licet
3368 1035 3679 1106 aliquandiu

2093 1138 2290 1200 postea
2320 1129 2538 1196 vixerit,
2570 1144 2674 1183 non
2715 1137 2892 1183 tamen
2917 1128 3071 1182 solita
3094 1127 3400 1182 valetudine
3425 1141 3553 1182 usus
3577 1135 3681 1183 est.

2105 1219 2390 1292 Dispositis
2421 1222 2636 1276 tandem
2671 1221 2830 1278 rebus
2861 1221 2975 1276 suis
3006 1229 3062 1274 et
3099 1235 3264 1291 regno
3303 1219 3510 1290 Anglia:
3550 1236 3682 1273 con-

2105 1327 2259 1366 cesso
2286 1310 2559 1368 Willelmo
2592 1309 2702 1364 lilio
2728 1325 2844 1373 suo,
2878 1311 3043 1364 vitam
3073 1317 3393 1379 praesentem
3428 1308 3602 1362 finivit
3629 1309 3681 1362 in

2103 1402 2494 1459 Northmannia
2514 1402 2652 1474 apud
2678 1402 3076 1472 Rothomagum
3099 1401 3132 1454 4
3183 1400 3307 1456 ldus
3336 1399 3682 1470 scptembris.

2103 1493 2446 1552 Translatum
2477 1504 2558 1550 est
2581 1511 2779 1566 corpus
2798 1493 2934 1562 ejus.
2963 1492 3489 1555 sicutordinaverat,
3511 1491 3684 1546 Cadu-

2105 1603 2250 1643 mum
2282 1596 2336 1643 et
2365 1587 2417 1642 in
2453 1585 2686 1642 ecclesia
2723 1583 2912 1644 Sancti
2942 1583 3204 1654 Stephani
3227 1624 3241 1646 ,
3283 1597 3445 1652 quam
3493 1580 3607 1651 ipse
3645 1595 3676 1633 a

2109 1679 2475 1734 fundamentis
2503 1678 2889 1740 acditicaverat,
2923 1685 3050 1728 ante
3091 1671 3267 1743 majus
3307 1671 3478 1726 altare
3533 1684 3687 1739 rega-

423 1767 650 1820 materia
684 1780 820 1840 opus
860 1780 969 1819 non
1021 1765 1472 1819 contemnendum
1505 1763 1680 1819 Guido
1721 1764 2006 1833 episcopus
2036 1731 2078 1790 Β
2106 1769 2230 1825 liter
2265 1768 2610 1824 tumulatum.
2642 1767 2801 1822 Solus
2829 1775 3007 1820 autem
3031 1764 3268 1820 filiorum
3291 1777 3514 1817 suorum
3543 1761 3686 1816 llen-

423 1853 826 1918 Ambianensis,
857 1853 1081 1908 heroico
1115 1861 1287 1908 metro
1331 1862 1635 1908 exaratum.
1669 1851 1776 1908 Sed
1806 1860 1866 1906 ut
1896 1850 2008 1919 jam

405 1952 586 2006 -tinem
619 1949 832 2006 dicendi
861 1948 1158 2016 faciamus,
1209 1964 1431 2005 causam
1475 1949 1671 2004 mortis
1711 1947 2009 2004 secundum

422 2038 877 2094 existimationem
909 2039 1268 2109 quorumdam
1297 2039 1620 2109 pandamus.

499 2129 636 2186 Cum
661 2146 791 2201 ergo
821 2132 964 2186 idem
995 2147 1088 2186 rex
1117 2131 1438 2187 victoriosus
1457 2129 1824 2202 postplnrima
1848 2129 2012 2194 bella,

420 2229 547 2291 post
581 2221 905 2292 multiplices
934 2223 1307 2293 expeditiones
1339 2232 1447 2277 tam
1505 2223 1557 2277 in
1605 2221 2002 2277 Northmanuia

423 2329 584 2385 quam
619 2315 672 2368 in
704 2314 898 2384 Anglia
931 2324 985 2369 et
1033 2315 1084 2368 in
1118 2314 1327 2369 minore
1372 2313 1672 2378 Britannia,
1705 2328 1800 2369 seu
1839 2313 2004 2368 etiam

423 2403 476 2456 in
504 2403 871 2458 Cenomannia
901 2419 1159 2474 prospero
1205 2403 1354 2459 exitu
1398 2411 1828 2467 eonsummatas,
1856 2401 2007 2472 oppi-

422 2495 550 2548 dum
580 2496 851 2566 quoddam
877 2496 1127 2551 Medanta
1170 2496 1387 2552 nomine
1442 2495 1720 2566 proprium
1757 2495 2005 2564 Philippi

423 2587 566 2655 regis
599 2585 951 2653 Francorum,
979 2588 1070 2657 qui
1105 2597 1231 2642 tunc
1268 2587 1527 2656 temporis
1557 2596 1744 2657 partes
1781 2586 2006 2641 Roberti

425 2675 577 2731 ducis
607 2677 804 2733 bellum
834 2680 975 2748 patri
1015 2678 1300 2733 inferentis
1337 2677 1564 2745 juvabat
1595 2678 1782 2733 (causa
1824 2687 2006 2731 autem

2108 1859 2254 1914 ricus
2304 1858 2597 1928 exsequias.
2645 1858 2817 1927 patris
2863 1864 3185 1927 persecutus
3214 1861 3328 1916 est,
3354 1849 3550 1922 dignus
3594 1851 3684 1919 qui

2095 1959 2389 2019 paternam
2417 1947 2792 2003 hacrcditatem
2847 1944 3141 2015 aliquando
3188 1941 3341 1997 solus
3391 1940 3686 2011 obtineret,

2108 2058 2271 2111 quam
2309 2040 2510 2096 fratres
2546 2040 2631 2096 sui
2676 2037 3045 2110 particulatim
3093 2045 3216 2108 post
3255 2041 3490 2090 mortem
3517 2031 3689 2104 patris

2105 2136 2192 2189 sui
2223 2133 2600 2204 possederunt.
2626 2130 2870 2186 Decessit
2894 2139 3074 2184 autem
3107 2128 3247 2192 idem
3271 2142 3360 2180 rex
3388 2124 3503 2178 fere
3533 2138 3688 2176 sexa-

2115 2224 2388 2296 genarius,
2422 2238 2564 2277 anno
2588 2222 2813 2276 ducatus
2845 2221 2899 2274 in
2935 2215 3332 2279 Northmannia
3379 2215 3481 2276 δὲ,
3527 2226 3689 2281 porro

2116 2319 2267 2388 regni
2300 2315 2380 2370 sui
2411 2317 2463 2370 in
2495 2315 2686 2384 Anglia
2713 2313 2805 2378 20,
2828 2310 3225 2366 incarnationis
3273 2317 3451 2361 autem
3478 2303 3689 2359 Domini

2115 2408 2271 2464 1087.
2305 2407 2584 2476 Regnante
2614 2406 2803 2459 eodem
2843 2403 3070 2457 Domino
3103 2408 3288 2454 nostro
3323 2397 3446 2451 Jesn
3475 2395 3693 2450 Christo

2116 2514 2238 2554 eum
2272 2506 2475 2553 aeterno
2510 2497 2680 2550 Patre
2723 2495 2776 2549 in
2830 2493 3036 2547 unitate
3094 2489 3327 2560 Spiritus
3373 2485 3544 2542 sancti
3599 2498 3693 2553 per

2114 2591 2296 2655 omnia
2327 2587 2520 2643 sarcula
2548 2585 2890 2640 smculorum.
2918 2583 3113 2637 Amen.

428 2825 3690 2864 MM

1061 2954 1789 3073 HISTORUE
1877 2954 3083 3071 NORTMANNORUM

1564 3177 1922 3266 LIBER
1993 3171 2526 3266 OCTAVUS

1241 3353 1322 3406 De
1349 3349 1582 3404 Henrico
1613 3348 1637 3402 I
1673 3365 1791 3419 rege
1811 3309 2111 3418 Anglorum
2135 3357 2184 3403 et
2215 3349 2347 3402 duce
2377 3345 2888 3404 Northmanuorum.
2936 3355 2938 3357 ’

945 3634 1171 3689 CAPUT
1212 3629 1500 3685 PRIMUM.

436 3737 694 3804 Prologus
721 3733 772 3785 in
805 3739 945 3804 gesta
982 3727 1196 3804 llenriei
1227 3725 1385 3804 regis,
1422 3725 1475 3804 in
1510 3739 1612 3804 quo
1651 3721 1868 3774 ιρνρυξιει·
1900 3719 2011 3786 [νη-

791 3795 955 3853 (ribus
990 3799 1098 3849 suis
1139 3795 1319 3847 melior
1354 3795 1664 3845 ostenditur.

509 3913 774 3982 Quoniam
826 3909 876 3962 in
926 3899 1063 3961 libro
1107 3903 1372 3973 superiori
1415 3901 1480 3956 de
1511 3901 1722 3956 actibus
1758 3898 2015 3954 Willelmi

439 4009 584 4078 regis
611 4003 903 4073 Anglorum
927 4006 981 4053 et
1021 3997 1174 4051 ducis
1197 3993 1696 4048 Northmannorum
1731 4001 2018 4044 tractatum

438 4111 545 4163 est,
572 4112 675 4151 non
707 4094 964 4148 indecens
990 4089 1259 4143 videbitur
1287 4095 1344 4141 ut
1379 4085 1465 4139 hic
1493 4084 1652 4149 liber,
1715 4083 1806 4153 qui
1848 4082 2017 4152 septi-

442 4206 564 4246 mus
593 4187 669 4259 (5)
698 4187 913 4240 euditur
955 4182 1008 4236 in
1059 4179 1554 4234 Nortlnnannorum
1605 4176 1801 4232 ducum
1847 4185 2020 4246 gesta,

442 4284 608 4337 vitam
641 4291 696 4334 et
717 4274 1182 4333 conversationem
1211 4279 1268 4327 et
1295 4285 1360 4325 ex
1384 4279 1542 4340 parte
1564 4284 1672 4323 non
1693 4268 1901 4323 modica
1933 4282 2022 4321 res

442 4383 622 4446 gestas
666 4370 882 4426 llenriei
933 4365 1253 4422 nobilissimi
1295 4364 1436 4432 regis
1484 4362 1574 4415 lilii
1625 4356 2023 4430 praedictiWil-

442 4466 586 4520 lelmi
612 4464 939 4526 edisserens,
968 4457 1164 4513 sznculo
1194 4457 1375 4510 futuro
1428 4465 1482 4510 et
1521 4456 1757 4509 maxime
1789 4452 2026 4524 posteris

446 4556 740 4611 imitandas
769 4559 1054 4623 preponat.
1096 4548 1206 4603 Nec
1231 4547 1504 4602 immerito
1541 4547 1629 4602 hic
1649 4560 1908 4601 numerus
1949 4545 2025 4598 illi

448 4648 566 4700 viro
601 4645 870 4714 congruit,
899 4643 989 4713 qui
1021 4656 1127 4694 non
1166 4639 1337 4693 solum
1385 4641 1668 4693 honestate
1713 4639 1902 4701 animi,
1931 4651 2024 4691 ve-

450 4752 568 4790 rum
601 4735 762 4786 etiam
792 4729 1341 4800 corporisprobitate,
1363 4744 1489 4782 vero
1516 4726 1765 4782 videlicet
1788 4726 2027 4780 ternario

451 4837 506 4881 et
531 4823 882 4895 quaternario
910 4821 1198 4890 plurimum
1228 4819 1472 4873 emicuit.
1531 4818 1613 4871 Ad
1670 4818 1774 4871 hoc
1827 4817 2024 4872 accidit

449 4918 593 4986 quod
620 4917 763 4969 idem
791 4928 881 4966 rex
921 4927 1080 4980 quem
1123 4910 1539 4964 describendum
1581 4908 1940 4977 suscepimus,
1974 4908 2026 4960 in

2072 3649 2088 3668 ¹
2122 3655 2260 3697 vnter
2287 3644 2511 3698 dicenda
2547 3653 2700 3711 sunt;
2749 3647 2986 3702 maxime
3015 3662 3137 3700 eum
3181 3647 3287 3703 hoc
3329 3652 3396 3705 ad
3430 3667 3695 3712 commen-

2122 3735 2394 3787 dationem
2438 3744 2704 3803 susceptae
2753 3739 2996 3792 materia:
3041 3740 3308 3807 proﬁciat.
3356 3742 3508 3798 Sicut
3552 3747 3696 3800 enim

2117 3827 2360 3896 pictores
2391 3828 2758 3900 ferrugineum
2787 3831 3021 3887 colorem
3050 3834 3398 3888 substernere
3418 3837 3615 3905 solent,
3642 3849 3699 3893 ut

2125 3920 2323 3975 rubens
2370 3923 2742 3991 superpositus
2783 3923 2952 3992 magis
2993 3923 3400 3990 elueeseat;‘ita
3449 3927 3701 3996 forsitan,

2122 4011 2167 4064 si
2199 4013 2493 4082 supradicti
2520 4013 2720 4069 fratres
2745 4014 3098 4070 conferantur
3129 4032 3251 4070 cum
3279 4019 3400 4086 isto,
3426 4034 3492 4074 ex
3515 4003 3710 4077 eorum.

2116 4106 2530 4175 comparatione
2567 4107 2729 4163 altius
2769 4109 3152 4179 tesplendebit.
3181 4110 3334 4177 Quod
3371 4115 3558 4183 paucis
3589 4118 3705 4170 ani-

2126 4199 2388 4252 madverti
2411 4208 2605 4268 potest.
2631 4199 2686 4254 In
2711 4202 2881 4257 altero
2903 4219 3115 4267 eorum,
3132 4203 3459 4258 Willelmum
3489 4206 3703 4276 loquor,

2125 4291 2410 4361 dapsilitas
2439 4307 2566 4365 erga
2619 4293 2906 4351 saeculares
2949 4296 3376 4366 praedicabatur,
3430 4299 3525 4352 sed
3575 4315 3704 4354 con-

2127 4390 2330 4453 tempta
2363 4385 2432 4439 ab
2451 4401 2517 4441 eo
2539 4386 2866 4456 religiositas
2905 4388 3195 4458 plurimum
3242 4372 3711 4460 coaqnerebatur.

2128 4474 2424 4530 Robertum
2460 4477 2513 4530 in
2543 4477 2701 4532 rebus
2731 4479 2937 4534 bellicis
2978 4479 3120 4534 fama
3151 4495 3253 4534 non
3302 4482 3577 4537 immerito
3614 4498 3705 4537 ex-

2131 4567 2374 4631 tollebat,
2413 4567 2505 4623 sed
2539 4569 2652 4623 haec
2682 4570 2866 4624 eadem
2893 4570 2946 4624 in
2978 4571 3293 4626 maturitate
3318 4572 3529 4627 consilii
3557 4583 3611 4627 et
3656 4574 3706 4626 in

2132 4659 2392 4728 regimine
2421 4660 2648 4714 ducatus
2677 4660 2850 4730 ipsum
2881 4663 3062 4716 minus
3089 4663 3273 4716 utilem
3330 4680 3436 4718 non
3484 4665 3709 4718 menda-

2131 4749 2268 4804 citer
2298 4753 2597 4805 asserebat.
2625 4753 2695 4805 At.
2723 4753 2987 4808 llenrieus
3024 4765 3077 4809 et
3116 4754 3202 4808 illa
3228 4756 3594 4825 complectens
3626 4771 3712 4810 so-

2133 4841 2238 4908 lus,
2269 4859 2390 4913 quae
2417 4845 2469 4897 in
2496 4845 2722 4915 singulis
2745 4860 2932 4902 eorum
2958 4848 3182 4900 honesta
3214 4847 3532 4902 videbantur
3562 4857 3618 4902 et
3649 4863 3709 4903 ea

2062 4957 2105 4992 n
2132 4937 2339 4992 pariter
2363 4938 2558 4992 quibus
2582 4939 2728 4992 ipsos
2763 4953 2950 4992 carere
2975 4938 3082 4992 iam
3110 4940 3364 4992 diximus.
3404 4957 3511 4992 non
3539 4941 3709 4992 solum
