4044 5360
313 196 406 250 881
841 198 1184 258 ΙΙΙδΤΟΗΙΕ
1216 203 1844 270 NOHTHMANNOBUM
1883 215 1895 268 Ι

1998 216 2060 270 Ill
2099 215 2300 274 OCTO.
2327 249 2394 259 -ο
2427 219 2626 273 LIBER
2663 217 3006 277 OCTAVUS.

935 337 1164 395 CAPUT
1203 340 1268 396 ll.

311 441 464 506 Quod
519 439 816 500 Willelmus
872 445 1040 514 frater
1083 449 1324 518 Henrict‘,
1375 463 1584 510 mortuo
1617 455 1884 514 Willelmo

381 528 497 596 rege
523 525 669 596 patre
702 531 904 596 eorum,
932 522 1192 596 transiens
1228 523 1282 596 in
1313 525 1556 594 Angliam
1591 543 1680 580 rea:
1711 529 1886 596 factus

377 591 456 634 est
473 593 520 636 et
545 581 796 665 Robertus
813 585 1070 665 ducatum
1095 581 1500 648 Northmanitite
1529 581 1746 664 adepta}

375 661 426 704 et
459 653 600 722 quod
649 653 784 708 idem
813 655 1090 714 'Robertus
1125 665 1425 716 comitatum
1462 653 1887 722 Constantiniani

379 739 494 776 rem
519 723 662 778 dedit
697 723 928 782 Henrico
949 740 998 782 et
1021 741 1201 800 postea
1225 733 1458 788 abstulit.

379 855 556 926 igitur
593 872 718 926 iege
755 857 1048 929 Anglorum
1106 863 1378 923 Willeluto
1427 867 1588 924 rebus
1637 871 1890 926 lnnnanis

307 947 613 1012 subtracto,
681 949 982 1008 Willclmtts
1007 954 1149 1010 filius
1179 955 1320 1026 ejus,
1343 973 1504 1028 quam
1533 961 1692 1016 citius
1719 965 1892 1032 potuit

309 1039 450 1108 apud
477 1039 700 1094 Tolcam
728 1041 864 1096 mari
896 1045 1147 1112 transito,
1181 1059 1464 1120 susceptus
1495 1061 1576 1106 est
1607 1053 1674 1108 ab
1705 1055 1890 1126 Anglis

307 1139 362 1182 ιιι
391 1129 642 1196 Francis,
697 1143 1000 1204 unctusque
1042 1149 1128 1192 est
1173 1139 1228 1194 in
1279 1155 1462 1212 regem
1507 1161 1536 1196 a
1589 1145 1891 1203 Lant'ranco

309 1221 720 1292 archiepiscopo
769 1223 1166 1294 Cautuariensi,
1223 1231 1449 1302 ejusque
1509 1237 1890 1310 sull'raganeis,

309 1311 606 1366 Lundonia:
649 1316 790 1384 apud
838 1315 1396 1376 Westmonasterium.
1437 1325 1704 1382 ltobertus
1737 1345 1890 1384 nam-

309 1417 414 1470 que
443 1399 620 1457 frater
647 1403 764 1472 ejus
802 1415 930 1460 ante
958 1419 1194 1464 mortem
1235 1414 1406 1481 patris
1446 1417 1526 1470 sui
1571 1418 1894 1474 discesserat

311 1491 376 1544 de
421 1489 841 1552 Northmaunia:
887 1499 1110 1568 indigne
1159 1501 1361 1570 ferens,
1419 1507 1564 1576 quod
1621 1509 1738 1580 ipse
1787 1527 1892 1564 non

313 1584 672 1649 permitteret
709 1585 758 1640 ei
819 1601 918 1657 pro
967 1605 1063 1645 sua
1113 1593 1390 1652 voluntate
1438 1599 1727 1669 disponere
1783 1611 1891 1656 tam

3283 205 3308 214 .-

3457 227 3562 284 83⁸2

1907 336 2040 394 Aet
2079 332 2348 388 liabet-tus
2395 335 2502 388 dux
2551 334 2978 401 Northman-niae,
3021 339 3150 392 licet
3183 341 3564 410 regnumAn-

1987 423 2108 494 glite
2141 426 2254 494 ipse
2287 425 2558 482 Robertus
2611 427 2866 482 facillime
2919 429 3078 497 paulo
3125 439 3252 486 ante
3297 431 3568 502 potuisset.

1987 515 2212 580 habere,
2243 515 2348 572 nisi
2395 517 2576 572 minus
2615 525 2808 572 cautus
2837 527 3002 574 esset.
3057 517 3344 588 Siquidem
3375 519 3564 576 Eusta-

1991 605 2146 662 chius
2173 621 2356 662 comes
2383 606 2620 662 Bolonia!
2641 619 2696 664 et
2717 610 3007 680 episcopus
3037 609 3348 678 Bajocensis
3387 619 3442 666 et
3471 615 3564 666 eo?

1991 713 2103 752 mes
2127 697 2377 754 Moritolii
2409 703 2582 768 patrui
2632 699 2800 769 ipsius
2838 709 2894 756 et
2939 703 3032 756 alii
3068 703 3338 773 principes
3369 702 3568 758 North-

1991 791 2244 858 mannite,
2281 807 2402 846 cum
2431 809 2624 863 Inagno
2654 805 2918 862 apparatu
2951 793 3184 848 militum
3216 811 3364 852 mare
3395 806 3568 850 trans-

1991 895 2206 946 eunzes,
2241 882 2644 938 ltovecestriam
2687 893 2742 938 et
2779 885 2884 938 alia
2937 885 3194 940 nonnulla
3235 887 3458 942 castella
3511 887 3566 942 in

1991 973 2252 1028 cornitatu
2299 973 2680 1030 Carttuariensi
2733 985 3062 1046 occupantes
3103 987 3160 1032 et
3203 987 3450 1034 tenentes
3499 983 3568 1034 ad

1993 1076 2128 1133 opus
2153 1065 2326 1130 illius;
2344 1065 2470 1120 dum
2495 1067 2670 1136 ipsum
2693 1065 2988 1123 [lobertum
3011 1069 3202 1124 ducem
3223 1077 3564 1139 exspectant.

1994 1158 2086 1226 qui
2134 1167 2260 1212 tunc
2315 1159 2576 1226 temporis
2623 1157 2763 1213 ultra
2815 1175 2980 1229 quam
3030 1159 3204 1214 virum
3259 1163 3452 1216 deceat
3511 1161 3564 1214 iu

1995 1249 2390 1304 I‘iortlunannia
2421 1249 2794 1312 deliciabalut‘.
2832 1251 3040 1308 obsessi
3087 1255 3176 1306 diu
3205 1269 3232 1306 a
3263 1267 3390 1322 rege
3435 1252 3564 1306 Wil.

1993 1341 2176 1406 lelmo,
2209 1343 2334 1396 dum
2365 1341 2454 1396 ille
2485 1341 2640 1411 cujus
2667 1357 2828 1398 causa
2863 1351 3070 1398 tantum
3105 1345 3402 1400 discrimen
3435 1346 3566 1400 sub-
3647 1379 3654 1386 ε

1995 1435 2194 1496 ierant,
2235 1449 2342 1488 non
2377 1433 2650 1498 subvenit.
2695 1448 2818 1488 cum
2858 1434 3124 1489 dedecore
3151 1433 3294 1504 ipsas
3322 1449 3462 1505 quas
3493 1443 3571 1490 te—

1995 1527 2198 1580 nebant
2245 1525 2574 1580 attonitioues
2617 1533 2902 1588 exeuntes,
2951 1525 3018 1578 ad
3065 1524 3284 1592 propria
3319 1536 3442 1580 sunt
3479 1541 3566 1580 re-

1997 1619 2160 1670 versi.
2195 1615 2360 1671 Facta
2403 1625 2488 1670 est
2535 1617 2718 1684 itaque
2759 1615 2972 1669 tandem
3003 1615 3144 1668 inter
3171 1630 3266 1670 eos
3293 1617 3434 1684 apud
3465 1616 3568 1670 Ca-

309 1673 630 1776 comitatum
659 1674 1074 1776 IIV'o‘rthtnauuite
1106 1699 1265 1752 quam
1307 1687 1710 1746 Ceuomaunite.
1743 1695 1892 1748 Alte-
1927 1718 1972 1776 Β
1999 1707 2254 1772 domum,
2288 1716 2344 1762 u-t
2372 1673 2650 1770 diximus,
2689 1705 3108 1760 adminiculante
3153 1673 3400 1775 Philippo
3447 1722 3570 1776 rege

313 1763 427 1816 rius
461 1764 610 1818 enim
641 1767 841 1822 dudum
869 1771 1044 1826 hzcres
1078 1773 1388 1846 designatus
1431 1779 1632 1848 fuerat,
1670 1783 1896 1840 alterius

311 1869 440 1910 vero
467 1853 575 1910 hac
595 1856 664 1912 de
695 1873 857 1914 causa
889 1862 1106 1942 vivente
1136 1875 1292 1935 patre
1321 1870 1562 1940 regimen
1593 1876 1893 1942 quaerebat,

311 1947 450 2014 quod
487 1945 792 2018 Margareta
833 1939 939 2006 filia
973 1953 1224 2012 llerberti
1272 1939 1544 2028 quondam
1593 1939 1896 2020 (ξοιιοιικιιιέ

291 2039 490 2094 ἰιυηεῑς
535 2043 754 2096 comitis
781 2045 882 2114 ipsi
937 2047 1114 2102 fuerat
1160 2049 1524 2120 desponsata;
1557 2055 1702 2122 licet,
1737 2067 1894 2111 ante—

311 2145 469 2198 quam
505 2133 576 2185 ad
609 2133 823 2202 nuptias
851 2136 965 2203 ejus
991 2139 1346 2210 pertingeret,
1385 2145 1526 2213 apud
1564 2145 1892 2202 Fiscannum

315 2219 460 2288 virgo
486 2223 678 2278 eadem
729 2221 949 2280 Christo
988 2227 1182 2282 devota
1231 2229 1448 2286 ohierit.
1478 2231 1612 2288 Cum
1647 2233 1812 2305 igitur
1840 2237 1896 2291 in

317 2311 544 2366 Pontivo
592 2313 733 2383 apud
784 2317 1220 2386 Ahbatisvillam,
1281 2338 1404 2376 cum
1463 2327 1895 2396 Sllis'SlltllllitUS

309 2403 602 2471 juvenibus
649 2405 774 2463 filiis
818 2410 1028 2464 scilicet
1075 2423 1413 2484 satraparum
1467 2415 1892 2485 Nortlnnannite,

314 2498 404 2565 qui
447 2499 496 2552 ei
553 2501 710 2567 quasi
753 2501 975 2558 domino
1009 2502 1196 2561 futuro
1233 2511 1414 2577 specie
1445 2519 1601 2566 tenus
1627 2514 1894 2582 obseque-

316 2587 530 2652 bantur,
587 2603 642 2642 re
689 2601 866 2646 autem
907 2607 1044 2648 vera
1091 2611 1354 2650 novarum
1385 2616 1568 2654 rerum
1601 2604 1896 2671 cupiditate

315 2678 498 2744 illecti.
527 2691 840 2737 moraretur
867 2693 922 2738 et
948 2685 1204 2742 ducotum
1231 2688 1636 2746 Northmanuim
1662 2697 1840 2748 maxin
1863 2711 1898 2753 ο

316 2768 366 2821 iu
403 2771 672 2840 margine,
713 2775 1131 2832 excursionibus
1171 2789 1224 2832 et
1272 2781 1476 2850 rapinis
1507 2783 1889 2854 dentoliretur;

313 2860 492 2916 audito
545 2863 740 2920 nuntio
783 2879 1039 2922 excessus
1089 2871 1282 2939 patris,
1338 2873 1622 2930 confestim
1671 2879 1896 2936 veniens

320 2955 740 3032 Rotbomagum,
787 2963 959 3032 ipsam
1004 2967 1276 3022 civitatem
1325 2979 1380 3026 et
1425 2979 1592 3026 totum
1637 2975 1890 3029 ducatum

1993 1803 2352 1862 Francorum.
2372 1801 2463 1870 qui
2489 1801 2542 1856 in
2563 1802 2824 1856 auxilium
2853 1795 3004 1856 ducis
3029 1813 3216 1857 contra
3243 1801 3566 1855 Willelmum

1995 1909 2174 1964 regem
2231 1895 2372 1963 apud
2419 1893 2674 1966 oppidum
2723 1895 2856 1948 Anci
2919 1895 3118 1964 ingenti
3173 1895 3466 1966 Anglorum
3519 1907 3574 1950 ct

1997 1985 2498 2039 Northmaunortnn
2539 1986 2784 2040 exercitu
2830 1996 2955 2040 tunc
2991 1995 3292 2041 morantem
3325 1995 3568 2058 venerat,

1995 2077 2384 2146 qualiscunque
2425 2077 2714 2130 conco:dia
2761 2085 2816 2131 et
2851 2064 3112 2146 quantum
3139 2077 3206 2132 ad
3241 2079 3432 2132 ducem
3463 2077 3572 2134 llo-

1995 2170 2208 2224 berlum
2231 2179 2440 2240 spectat
2459 2171 2720 2238 probrosa
2751 2180 2915 2239 atque
2943 2173 3222 2226 damnosa.
3253 2169 3386 2224 Nam
3413 2170 3572 2240 quid-

1995 2261 2124 2330 quid
2156 2275 2250 2315 rex
2277 2260 2578 2315 Willelmus
2603 2263 2656 2314 in
2675 2261 3456 2328 Nonhmannia'occUpaveral,
3479 2275 3576 2329 per

1997 2351 2367 2406 inﬁdelitatem
2419 2351 2698 2408 hominum
2749 2351 2924 2416 ducis,
2971 2351 3272 2420 quieidem
3307 2349 3418 2418 regi
3445 2363 3594 2404 suas-

1998 2442 2334 2496 tnunitiones
2383 2443 2752 2508 tradiderant,
2791 2459 2928 2514 quas
2975 2442 3090 2498 suis
3145 2440 3408 2496 militibus
3456 2442 3574 2512 ipse

1995 2533 2367 2596 commiserat,
2399 2541 2458 2586 ut
2491 2533 2616 2590 inde
2653 2533 2878 2590 fratrem
2907 2549 3062 2588 suum
3095 2531 3434 2594 infestarent,
3465 2530 3572 2584 im-

1999 2640 2141 2694 pune
2191 2625 2492 2694 per-missus
2537 2635 2622 2682 est
2665 2624 2886 2680 habere.
2935 2623 3262 2678 Munitiones
3297 2621 3402 2680 illm
3439 2635 3576 2691 quas

2001 2715 2102 2770 hoc
2131 2717 2287 2770 modo
2331 2716 2581 2778 tenebat,
2637 2713 2856 2769 fuerunt
2909 2713 3260 2776 lt‘iscannum,
3309 2703 3568 2781 oppidum

1995 2806 2160 2872 Anci,
2203 2807 2346 2877 quod
2387 2805 2696 2862 Willelmus
2738 2822 2922 2862 comes
2960 2806 3224 2861 Aucensis
3267 2820 3390 2859 cum
3449 2805 3574 2860 reli—

1999 2899 2124 2966 quis
2173 2899 2287 2952 suis
2333 2897 2640 2954 lirmatibus
2672 2898 2748 2953 illi
2781 2898 3100 2954 tradiderat.
3152 2896 3415 2952 Similiter
3455 2895 3576 2950 Ste-

2003 2989 2211 3056 phanus
2241 3003 2424 3043 comes
2454 2989 2518 3042 de
2547 2985 2878 3050 Albamarla,
2929 2987 3084 3042 filius.
3109 2986 3316 3043 Odonis
3359 2985 3594 3042 comitis.

313 3047 424 3102 sine
461 3050 576 3105 ulla
600 3055 1032 3112 contradictione
1074 3061 1330 3130 Suscepit.
1367 3059 1612 3132 Ctunque
1644 3066 1726 3120 sui
1763 3067 1896 3120 litie-
1921 3063 1966 3126 C
2003 3047 2068 3132 ζει,
2111 3078 2424 3146 Campania,
2467 3075 2724 3132 Willelmi
2766 3087 2945 3148 autem
2997 3079 3138 3148 regis
3167 3079 3577 3146 Anglorum-se-

313 3137 386 3192 lrs
413 3155 538 3194 eum
583 3143 1026 3214 exhortarcnlur,
1071 3157 1130 3202 ut
1183 3165 1404 3220 regnum
1459 3153 1665 3220 Anglia:
1713 3155 1812 3210 sibi
1861 3173 1892 3208 a

313 3225 478 3285 fratre
503 3247 835 3303 praereptum
859 3237 1098 3292 velocius
1125 3241 1292 3294 armis
1322 3241 1536 3296 sibimet
1559 3245 1890 3309 restitueret,

313 3317 660 3388 simplicitate
707 3325 890 3391 solita,
941 3337 1102 3392 et,ut
1147 3329 1220 3384 ita
1266 3330 1467 3396 dicam,
1511 3333 1891 3402 imprudentia:

313 3410 580 3478 proxima,
641 3417 988 3484 respondisse
1045 3417 1218 3474 fertur
1250 3439 1264 3476 :
1301 3419 1450 3476 «Per
1501 3423 1725 3500 angelos
1775 3425 1891 3489 Dei,

315 3502 356 3554 si
382 3515 479 3574 ego
506 3519 689 3559 essent
721 3507 776 3561 in
807 3507 1162 3576 Alexandria,
1194 3521 1577 3580 exspectarent
1607 3529 1692 3568 me
1713 3515 1894 3586 Angli,

315 3589 410 3648 nec
435 3605 564 3652 ante
611 3599 905 3653 adventum
949 3617 1129 3657 meum
1167 3618 1352 3674 regem
1383 3605 1484 3660 sibi
1517 3605 1698 3662 facere
1728 3608 1896 3662 aude-

315 3700 454 3764 rent.
486 3689 609 3762 Ipse
639 3693 805 3748 etiam
849 3693 1155 3751 Willelmus
1193 3696 1363 3753 frater
1394 3713 1567 3763 meus,
1597 3701 1738 3770 quod
1771 3715 1892 3754 eum

319 3785 728 3854 prmsumpsisse
775 3785 979 3854 dicitis,
1009 3802 1108 3857 pro
1141 3781 1322 3859 capite
1349 3805 1450 3844 suo
1479 3789 1598 3846 sine
1627 3807 1744 3845 mea
1770 3806 1894 3860 per-

317 3871 570 3928 missioue
622 3874 846 3930 minime
889 3884 1204 3930 attentaret.
1237 3897 1255 3929 ι
1288 3877 1418 3932 Haec
1448 3879 1623 3948 primo
1655 3881 1893 3948 dicebat,

318 3959 408 4013 sed
461 3971 751 4033 postquam
791 3966 867 4020 rei
897 3974 1061 4036 gesta:
1089 3968 1336 4022 ordinem
1373 3970 1618 4034 rescivit,
1659 3988 1764 4025 non
1795 3973 1895 4026 mi-

319 4049 456 4104 nima
479 4053 756 4108 discordia
787 4055 926 4111 inter
951 4071 1011 4112 se
1044 4065 1100 4112 et
1125 4057 1348 4112 fratrem
1379 4075 1537 4114 suum
1567 4059 1895 4116 Willclmutn

321 4141 560 4196 emersit.
603 4143 830 4198 interim
872 4155 1052 4200 autem
1095 4145 1362 4201 llenricus
1393 4148 1564 4203 frater
1593 4165 1780 4204 eorum
1811 4167 1896 4206 re-

323 4230 514 4286 mansit
541 4233 596 4286 in
619 4231 1014 4291 Northmanuia
1037 4252 1156 4292 eum
1185 4239 1322 4292 duce
1351 4237 1607 4296 Roberto.
1667 4242 1898 4296 Dederat

321 4325 494 4374 autem
531 4321 582 4376 ei
615 4321 850 4380 llenrico
871 4336 1027 4394 pater
1055 4343 1186 4382 suus
1225 4331 1466 4384 moriens
1489 4331 1724 4400 quinque
1751 4332 1897 4386 mille-

321 4403 478 4464 libras
504 4413 712 4484 Anglia:
745 4425 998 4472 moneta}.
1039 4415 1314 4476 Robertus
1342 4421 1510 4476 etiam
1557 4420 1727 4476 frater
1765 4437 1897 4478 suus
1925 4409 1974 4468 Π

323 4499 461 4556 dedit
499 4505 578 4560 illi
625 4507 940 4563 comitatum
989 4510 1544 4586 Constantiniensem,
1577 4513 1680 4578 vel,
1717 4522 1775 4568 ut
1803 4513 1894 4568 alii

323 4591 524 4662 volunt,
557 4597 873 4656 invadiavit.
901 4601 1010 4660 Sed
1041 4621 1147 4660 non
1179 4605 1380 4660 diutius
1403 4605 1527 4659 inde
1549 4607 1767 4676 gavisus
1793 4619 1892 4662 est;

323 4683 452 4742 Nam
484 4689 720 4749 inventis
751 4697 1076 4772 quibusdam
1129 4699 1328 4754 vilibus
1367 4699 1766 4766 occasionibus,
1801 4717 1897 4772 per

326 4780 582 4839 malorum
613 4793 794 4843 tamen
821 4789 1098 4848 hominum
1123 4793 1526 4863 suggestiones,
1560 4793 1735 4862 ipsum
1763 4795 1896 4850 nihil

293 4873 416 4928 “tale
445 4879 807 4937 meditantem
841 4884 981 4952 apud
1011 4885 1412 4958 llothomagum
1455 4886 1706 4957 capiens,
1753 4890 1896 4960 quod

312 4961 519 5022 dederat
546 4970 882 5028 indecenter
911 4977 1160 5030 extorsit.

923 5109 1149 5168 CAPUT
1183 5111 1267 5168 Ill.

307 5191 377 5248 De
392 5203 698 5279 fort-conditi
735 5219 851 5279 qua:
877 5202 1037 5279 facta
1068 5213 1144 5279 est
1183 5203 1693 5279 inter_Wil(elmum
1725 5225 1894 5279 regem

371 5267 671 5360 {inglorium
704 5267 758 5329 εἰ
785 5267 1070 5328 Βοιίενιαηι
1105 5273 1290 5360 autem
1323 5267 1891 5360 Narzhmawﬁwjm'-

1999 3170 2167 3222 uioris
2195 3183 2260 3220 e1
2293 3181 2480 3221 sorore
2509 3183 2696 3235 nepos,
2727 3147 2964 3230 fecerat;
3017 3176 3072 3222 et
3101 3165 3190 3220 alii
3221 3166 3404 3237 plures
3433 3166 3588 3224 ultra

2001 3261 2306 3327 Sequanam
2369 3259 2696 3312 habitantes.
2747 3257 2894 3328 Cum
2937 3257 3099 3326 igitur
3143 3255 3365 3310 fratrem
3418 3271 3574 3310 suum

2001 3348 2297 3402 llenricum
2335 3347 2651 3404 debuissent
2677 3347 2954 3417 adjuvare,
2988 3346 3148 3414 eique
3177 3344 3482 3413 providere,
3519 3355 3577 3398 ut

1999 3441 2142 3494 sicut
2183 3441 2350 3496 frater
2377 3455 2562 3498 eorum
2589 3449 2646 3494 et.
2675 3439 2816 3493 [ilius
2851 3439 2992 3508 regis
3033 3436 3424 3494 honorabiliter
3450 3451 3576 3506 pos-

1999 3541 2080 3588 set
2129 3532 2346 3597 vivere,
2384 3531 2448 3586 dc
2483 3541 2590 3584 tota
2624 3541 2766 3585 terra
2805 3529 2976 3600 patris
3019 3527 3102 3582 sui
3142 3541 3266 3582 eum
3305 3525 3576 3595 expellere

1999 3624 2180 3678 conati
2225 3632 2373 3678 sunt.
2425 3622 2576 3677 Unde
2631 3620 2828 3676 accidit
2885 3631 2940 3674 ut
2980 3619 3216 3689 quadam
3257 3617 3370 3672 vice
3399 3619 3578 3686 ipsum

1999 3715 2278 3770 obsidione
2322 3714 2600 3784 cingerent
2633 3714 2684 3766 in
2717 3711 2894 3767 Melite
2920 3711 3104 3766 Sancti
3138 3707 3438 3764 Michaelis.
3467 3708 3575 3764 Sed

1983 3809 2108 3880 illis
2140 3807 2340 3862 ibidem
2371 3806 2645 3864 incassum
2687 3805 2778 3860 diu
2827 3803 3202 3858 laborantibus
3248 3811 3303 3856 et
3343 3802 3410 3856 ad
3453 3800 3576 3856 ulti-

1999 3915 2144 3954 mum
2203 3901 2346 3953 inter
2369 3913 2430 3954 se
2457 3897 2864 3962 dissidentibus,
2909 3912 3094 3954 comes
3144 3895 3406 3951 llenricus
3453 3894 3578 3956 inde

2003 3993 2173 4046 libere
2201 3991 2390 4046 exiens
2423 3991 2678 4059 oppidum
2707 3989 3124 4046 munitissimum
3155 3987 3374 4041 nomine
3411 3986 3576 4038 Dant-

2001 4086 2233 4140 frontem
2268 4085 2564 4155 sagacitate
2601 4083 2878 4152 cujusdam
2913 4081 3177 4150 indigenae
3207 4079 3462 4146 suscepit.
3491 4075 3578 4130 ln-

2005 4177 2330 4246 dignabatur
2378 4174 2524 4228 enim
2571 4173 2860 4244 praedictus
2912 4169 3186 4240 indigena,
3249 4175 3436 4236 utpote
3492 4165 3580 4218 vir

2005 4269 2203 4324 nobilis
2228 4276 2284 4322 et
2309 4267 2480 4332 dives,
2513 4265 2894 4336 Oppressioncs
2918 4261 3152 4332 amplius
3187 4257 3417 4329 perpeti,
3445 4273 3582 4327 quas

2009 4361 2280 4416 Robertus
2305 4359 2371 4414 de
2398 4357 2655 4422 Belismo,
2701 4356 2864 4411 homo
2913 4353 3066 4409 ferox
3101 4361 3158 4406 et
3194 4349 3390 4404 mentis
3417 4349 3578 4402 inhu-

2007 4467 2203 4514 manae,
2249 4451 2349 4505 sibi
2379 4459 2434 4504 et
2466 4449 2586 4504 aliis
2623 4447 2966 4504 eonvicaneis
3005 4442 3289 4507 inferebat,
3320 4441 3412 4510 qui
3455 4449 3582 4495 tunc

2009 4543 2268 4610 temporis
2307 4541 2434 4596 illud
2468 4549 2704 4596 castrum
2733 4538 3066 4610 possidebat.
3101 4533 3255 4603 Quod
3283 4539 3432 4587 tanta
3458 4529 3574 4584 dili—

2002 4637 2184 4708 gentia
2235 4634 2501 4690 Henricus
2526 4632 2723 4688 exinde
2747 4628 3064 4692 custodivit,
3097 4638 3156 4680 ut
3182 4626 3354 4694 usque
3382 4621 3448 4676 ad
3479 4629 3590 4675 ter-

2005 4729 2210 4782 minum
2257 4729 2382 4780 vitm
2419 4724 2562 4780 illius
2610 4723 2664 4778 in
2713 4737 2811 4777 suo
2843 4719 3082 4775 dominio
3123 4714 3396 4773 imbuerit.
3422 4711 3598 4773 Circa

2007 4821 2122 4872 [nec
2161 4827 2428 4886 tempora,
2477 4815 2712 4868 oheunte
2757 4809 2966 4866 Joanne
3018 4807 3426 4878 archiepiscopo
3474 4801 3608 4858 Ro-

2012 4907 2374 4977 lltomagt'nsi,
2413 4907 2680 4962 successit
2717 4901 3024 4959 Willelmus
3051 4901 3218 4956 abbas
3249 4892 3436 4954 Sancti
3467 4891 3630 4953 ειε-

2009 5002 2172 5070 pltani
2205 4997 2446 5056 Cadomi.

2627 5107 2856 5166 CAPUT
2895 5106 2982 5160 IV.

2015 5200 2168 5266 Quod
2223 5198 2466 5271 redeunte
2520 5197 2819 5271 Willelmo
2851 5213 2967 5271 rege
3007 5195 3060 5248 in
3085 5193 3346 5271 Ἀνιριξαηι
3379 5182 3640 5271 Δξιξξτξΐ-

2084 5288 2174 5324 cus
2207 5268 2510 5322 comitatum
2539 5264 3052 5332 Constantiniensem
3079 5264 3131 5317 in
3161 5264 3409 5316 ditionem
3439 5267 3638 5315 suam
