4044 5360
478 371 582 426 883

1331 373 1674 433 WILLELMI
1709 375 2004 434 CALCULI
2043 375 2605 435 GEMMETICL‘NSIS
2645 375 2958 435 MONACIII
3037 393 3042 398 '

3643 377 3749 434 εει

478 485 647 537 seu'su
681 480 943 540 Willelmi
987 484 1130 556 regis
1157 491 1212 541 et
1244 487 1448 544 auxilio
1473 487 1737 544 Richardi
1769 488 1834 544 de
1859 487 2068 545 Revers
2095 493 2141 552 Α
2171 489 2220 544 ei
2245 487 2297 542 in
2323 489 2584 558 regimine
2604 487 2840 557 ejusdem
2863 487 2967 544 loci
2985 485 3288 544 Willelmus
3307 488 3374 542 de
3387 487 3746 555 Bellomonte,

477 583 535 628 et
591 575 810 647 Rogerii
849 577 916 632 de
953 577 1143 648 Magna
1187 579 1346 646 Villa,
1397 596 1464 636 ex
1495 581 1690 650 majori
1717 589 1872 652 parte
1895 581 1948 636 in
1981 581 2064 636 di-

453 665 684 720 'tionem
735 681 888 722 suam
939 669 1234 724 revocavit.
1287 670 1354 726 Et
1390 671 1515 740 quia
1555 673 1606 726 in
1635 673 1740 728 hoc
1769 673 1988 743 negotio
2009 681 2064 727 et

477 754 534 808 in
561 755 680 810 aliis
707 755 980 826 plerisque
1017 759 1136 812 suis
1192 760 1637 826 necessitatibus,
1679 761 1836 831 lingu
1875 777 2062 818 comes

477 843 786 902 Cestrensis
815 847 864 902 ei
897 847 1070 903 ﬁdelis
1107 851 1414 917 exstiterat,
1447 853 1718 909 concessit
1744 854 1792 907 ei
1825 869 1888 908 ex
1921 854 2062 910 inte-

477 951 578 1003 gro
604 937 908 1005 castellum,
936 940 1080 1008 quod
1121 939 1308 996 Sancti
1349 941 1537 999 Jacobi
1584 944 1910 1014 appellatum
1956 955 2061 1013 est,

478 1027 534 1082 in
567 1043 677 1098 quo
713 1027 858 1084 idem
887 1044 1074 1086 comes
1106 1041 1236 1087 tunc
1266 1037 1526 1102 tempatis
1558 1035 1692 1088 nihil
1725 1035 1866 1089 aliud
1897 1036 2064 1091 habe-

475 1119 592 1184 bat,
645 1129 848 1190 prteter
903 1123 1206 1178 custodiam
1260 1126 1584 1180 munitionis
1632 1126 1803 1198 ipsius
1855 1126 2057 1198 oppidi.

477 1209 786 1266 Willelmus
839 1213 1107 1284 siquidem
1167 1230 1257 1271 rex
1314 1217 1616 1286 Anglorum
1683 1219 1868 1274 senior
1928 1219 2060 1274 illud

477 1302 799 1359 condiderat
844 1304 898 1359 in
947 1306 1184 1361 confinio
1233 1307 1642 1364 Northmannize
1683 1318 1737 1366 et
1765 1310 2062 1366 Britannia:

477 1391 737 1456 minoris;
789 1410 914 1450 cum
957 1405 1083 1452 ante
1115 1398 1314 1453 bellum
1347 1400 1630 1470 Anglicum
1663 1411 1854 1457 contra
1885 1402 2062 1457 Cona-

475 1499 610 1538 num
655 1485 912 1540 comitem
959 1487 1252 1543 Britanniae
1299 1490 1470 1544 filium
1518 1491 1712 1546 Alanni
1751 1493 2059 1548 consobrini

475 1577 581 1640 sui,
630 1577 734 1633 sibi
785 1594 891 1634 non
928 1583 1424 1653 obtemperantem,
1479 1586 1780 1641 exercitum
1813 1573 2056 1642 duceret.

474 1669 556 1724 Ne
579 1670 745 1741 igitur
769 1671 1003 1743 amplius
1043 1673 1280 1730 famelici
1326 1676 1613 1746 praedones
1649 1678 1932 1732 Britonum
1970 1694 2059 1734 ec-

476 1761 658 1818 clesiis
709 1762 1033 1829 inermibus,
1082 1775 1176 1820 aut
1214 1767 1408 1824 ultimo
1452 1779 1612 1823 terra;
1639 1785 1752 1824 sua:
1787 1770 1946 1841 vulgo
1969 1785 2060 1825 ex-

2131 627 2134 632 .
2171 581 2256 634 vir
2284 595 2389 634 non
2415 583 2824 636 contemnenda:
2863 581 3140 652 religionis
3161 590 3216 636 et
3239 579 3482 648 ejusdem
3513 582 3748 636 cmuobii

2167 671 2462 724 monachus
2485 670 2987 726 claustralis.Anno
3012 671 3204 726 deinde
3223 672 3479 734 secundo,
3505 671 3752 727 Urbanus

2168 773 2303 828 papa
2334 759 2384 812 in
2409 759 2612 815 Gallias
2640 760 2888 826 veniens,
2931 761 3156 816 civitate
3191 761 3470 824 Arvernis,
3496 775 3618 829 quae
3647 761 3752 816 alio

2167 847 2388 902 nomine
2411 847 2604 904 Clarus
2629 848 2781 904 Mons
2807 849 3030 913 dicitur,
3069 851 3134 904 de
3161 848 3553 906 ecclesiasticis
3589 865 3754 918 nego-

2173 936 2264 992 tiis
2311 947 2660 1010 tractaturus,
2707 940 2996 994 concilium
3053 939 3426 1009 congregavit.
3471 939 3618 994 Inter
3647 940 3754 994 alia

2164 1043 2335 1094 vero,
2382 1046 2504 1100 qua:
2555 1032 2627 1086 ibi
2681 1031 2972 1088 salubriter
3022 1033 3308 1102 disposuit,
3361 1032 3614 1086 hortatus
3667 1039 3754 1086 est

2170 1118 2358 1174 ﬁdeles
2383 1129 2490 1172 tam
2513 1131 2810 1190 praesentes
2824 1137 2985 1191 quam
3009 1124 3279 1187 absentes,
3301 1131 3360 1175 ut
3382 1122 3448 1175 ad
3474 1121 3752 1176 liberanda

2166 1217 2356 1263 sancta
2385 1209 2502 1264 loca
2530 1211 2596 1265 de
2623 1221 2889 1281 potestate
2937 1227 3292 1283 paganorum,
3333 1227 3363 1265 a
3393 1210 3592 1280 quibus
3625 1219 3754 1264 tunc

2166 1313 2420 1368 possessa
2459 1300 2993 1364 contaminabantur,
3043 1299 3384 1355 Hierusalem
3419 1313 3518 1369 pro
3559 1297 3755 1353 remis-

2133 1422 2136 1426 -
2164 1389 2320 1445 sione
2341 1403 2666 1446 excessuum
2691 1406 2916 1446 suorum
2945 1391 3108 1445 irent.

2755 1503 2984 1560 CAPUT
3023 1503 3132 1559 VII.

2163 1591 2318 1660 Quod
2347 1593 2593 1648 Robertus
2620 1595 2730 1648 dua:
2789 1586 3214 1656 Northmanniw,
3253 1593 3526 1646 inradiata
3555 1593 3753 1646 duram

2231 1681 2328 1718 suo
2356 1663 2624 1788 Wi‘llelmo
2651 1665 2756 1736 regi
2785 1665 3073 1736 Anglorum
3088 1663 3377 1732 fratrisuo,
3409 1661 3748 1716 Hierusalem

2227 1749 2432 1803 perrexi
2462 1771 2477 1789 .

476 1853 826 1909 cursionibus
853 1853 1307 1914 latrocinantibus
1355 1867 1647 1924 nocerent;
1693 1859 1822 1914 illud
1857 1839 1925 1915 ad
1961 1875 2058 1917 eos

2229 1840 2397 1913 Igitur
2417 1859 2561 1898 anno
2587 1844 2833 1915 sequenti
2863 1845 2966 1899 hac
2999 1843 3181 1898 divina
3217 1840 3599 1898 exhortatione
3629 1853 3754 1908 per-

435 1945 751 2016 parcendos
805 1944 1116 2002 institutum
1185 1949 1411 2005 tradidit
1465 1949 1744 2006 Richardo
1796 1951 2062 2008 Abrinca-

477 2036 618 2091 tensi
647 2036 888 2107 prmsidi,
918 2039 1064 2110 patri
1102 2040 1356 2097 videlicet
1402 2042 1646 2113 praedicti
1691 2044 1908 2099 comitis
1948 2043 2058 2100 Ilu-

475 2143 652 2198 gonts.

1057 2247 1284 2306 CAPUT
1332 2251 1398 2306 V.

485 2331 642 2399 Quod
698 2334 1151 2392 Cenomannenses
1193 2342 1516 2395 advertentes
1555 2341 1735 2394 ducem
1776 2342 2060 2396 Robertum

549 2417 861 2477 occupatum
883 2406 1124 2475 plurimis
1147 2412 1622 2477 perturbationibus
1649 2413 1702 2465 in
1729 2412 2058 2465 Northman-

553 2475 690 2544 aiat,
703 2476 939 2544 fecerunt
970 2477 1069 2532 sibi
1099 2475 1338 2534 comitem
1377 2479 1590 2536 Heliam
1633 2481 1796 2535 ‘ilinm
1831 2481 2058 2536 Joannis

554 2545 616 2598 :te
647 2539 836 2602 Fiera.
881 2589 884 2592 .

550 2659 764 2716 Interea
811 2651 1288 2720 Cenomannenses
1329 2666 1676 2722 advertentes
1725 2665 1914 2720 ducent
1949 2665 2060 2719 Bo-

441 2793 448 2800 .
482 2749 701 2805 bertum
742 2761 822 2806 tot
849 2753 1352 2822 perturbationibus
1379 2755 1434 2809 in
1465 2754 1857 2810 Northmanuia
1899 2770 2061 2809 oceu-

484 2849 690 2906 patum,
725 2842 1011 2896 consilium
1041 2842 1233 2898 ineunt
1263 2859 1383 2898 eum
1411 2843 1564 2900 Helia
1597 2843 1708 2898 filio
1741 2843 1966 2900 Joannis
1997 2845 2062 2898 de

479 2929 663 2992 Fleca,
713 2931 832 2986 viro
871 2929 1002 2986 forti
1050 2941 1106 2986 et
1150 2932 1418 2988 industrio
1464 2941 1518 2987 et
1560 2933 1614 2988 in
1658 2934 1748 2986 illa
1779 2933 2060 3004 provincia

479 3021 886 3090 potentissimo,
945 3033 1006 3078 ut
1053 3022 1218 3078 filiam
1269 3022 1551 3094 cujusdam
1585 3026 1804 3082 comitis
1851 3025 2060 3096 Lango-

479 3111 708 3174 bardiai,
741 3121 955 3182 neptem
987 3113 1241 3170 videlicet
1268 3114 1548 3170 llereberti
1576 3117 1846 3184 quondam
1879 3115 2056 3170 Ceno-

482 3203 802 3258 mauneusis
834 3204 1051 3260 comitis
1079 3221 1144 3259 ex
1173 3206 1544 3278 primogenita
1559 3208 1666 3262 lilia
1695 3209 1748 3262 in
1779 3210 2062 3264 matrimo-
2089 3180 2136 3241 δ

481 3291 636 3346 nium
678 3292 878 3360 ducat;
919 3294 1296 3351 existimantes
1347 3298 1452 3352 hac
1497 3299 1782 3354 occasione
1816 3315 1874 3354 se
1901 3313 2060 3368 posse

477 3391 736 3440 excutere
761 3401 790 3439 a
818 3401 915 3440 sua
957 3387 1172 3442 cervice
1208 3387 1396 3458 jugtun
1444 3389 1831 3446 dominationis
1860 3390 2056 3445 ducunt

479 3474 910 3548 Northmannize.
937 3477 994 3533 In
1022 3494 1130 3549 quo
1152 3479 1529 3556 persuadendo
1552 3480 1754 3536 diutius
1780 3480 2058 3536 immorari

479 3569 586 3625 illis
639 3585 865 3628 necesse
919 3588 1026 3628 non
1083 3573 1222 3637 fuit,
1275 3589 1398 3628 cum
1441 3572 1552 3641 jam
1611 3574 1922 3630 nominatus
1979 3574 2060 3627 vir

479 3659 695 3716 illorum
724 3662 1150 3718 admonitionem
1178 3664 1380 3718 dudum
1407 3680 1505 3718 suo
1534 3673 1662 3719 voto
1699 3664 2055 3734 praeveniens,

483 3751 820 3814 voluntatem
859 3767 1048 3808 eorum
1088 3769 1254 3822 super
1285 3755 1388 3809 hoc
1419 3754 1657 3824 negotio,
1689 3754 2056 3824 prattcrmissa

481 3842 632 3895 omni
661 3841 949 3906 dilatione,
993 3843 1060 3898 ad
1103 3842 1354 3898 effectum
1401 3843 1678 3914 perduxit.
1725 3843 1836 3898 Nec
1883 3842 2058 3912 ipsum

449 3971 454 3975 -
481 3947 585 3986 nec
624 3933 971 3989 consiliarios
1013 3949 1164 4000 suos,
1197 3935 1264 3988 ab
1289 3936 1393 3990 hac
1426 3933 1738 3990 rebellionis
1767 3949 2062 4004 praesump-

480 4025 628 4080 tione
691 4027 968 4082 revocavit
1033 4027 1360 4084 deterrendo
1419 4029 1563 4098 quod
1613 4028 1912 4098 antiquitus
1961 4029 2062 4082 sub

479 4113 979 4172 Northmannorum
1041 4118 1240 4173 ducunt
1293 4118 1501 4176 ditione
1561 4119 1710 4188 regio
1757 4117 2062 4174 Cenoman-

477 4207 604 4262 nica
625 4206 756 4279 egit,
779 4208 866 4262 vel
887 4210 1031 4280 quod
1055 4217 1242 4264 nostra
1267 4211 1530 4264 memoria
1557 4209 1927 4282 nobilissimus
1953 4210 2060 4266 dux

478 4297 984 4366 Northmannorum
1004 4299 1332 4364 Willelmus,
1355 4309 1544 4376 postea
1557 4317 1694 4358 .vero
1707 4299 2062 4358 felicissimus

477 4389 775 4460 Anglorum
822 4401 1180 4462 expugnator,
1209 4392 1430 4448 eosdem
1477 4392 1953 4448 Cenomannenscs
1994 4392 2062 4449 de
2131 4417 2136 4420 ·

483 4482 839 4550 oppressione
889 4481 1136 4540 Gaufridi
1193 4483 1426 4538 Martclli
1495 4485 1730 4540 senioris
1791 4485 2058 4551 liberans,

481 4569 572 4624 alii
621 4585 734 4625 sua:
782 4573 1136 4642 protectionis
1187 4575 1449 4641 munitos,
1495 4575 1674 4645 quoad
1741 4576 1878 4631 vixit
1935 4575 2056 4630 illos

481 4669 546 4715 ut
596 4664 844 4730 proprios
874 4665 1032 4729 rexit,
1073 4679 1141 4722 ac
1179 4665 1294 4722 suis
1341 4667 1750 4722 successoribus
1798 4667 2065 4738 regendos

479 4753 726 4807 moriens
768 4753 993 4810 dimisit.
1043 4755 1200 4812 Unde
1242 4755 1450 4812 factum
1511 4764 1595 4812 cst
1643 4767 1702 4812 ut
1743 4759 1902 4828 paulo
1944 4770 2066 4830 post

482 4853 714 4898 mortem
761 4846 926 4914 ipsius
975 4848 1119 4920 regis
1167 4848 1312 4906 idem
1369 4847 1478 4904 dux
1524 4848 1818 4914 Robertus,
1863 4851 1929 4906 de
1958 4869 2066 4920 quo

449 4967 456 4972 -
491 4948 640 4986 nunc
665 4949 847 4986 sermo
873 4947 979 4986 est-
1010 4939 1063 4986 in
1099 4939 1368 4986 nrinciniu
1415 4939 1497 4986 sui
1544 4940 1775 4986 ducatus
1801 4942 1906 4986 iam
1941 4951 2067 4986 ltum

2163 1933 2294 1988 moti
2323 1949 2514 1990 omnes
2549 1933 2660 1988 fere
2701 1933 2923 1990 famosa:
2949 1933 3234 2003 probitatis
3276 1931 3473 1986 milites
3504 1928 3753 1982 Occidua:

2161 2022 2419 2092 regionis,
2451 2032 2560 2078 tam
2583 2023 2822 2078 illustres
2851 2038 3014 2093 quam
3039 2020 3220 2075 caueri
3247 2018 3465 2089 privati,
3503 2017 3610 2070 iter
3629 2031 3752 2069 san-

2123 2133 2126 2136 ·
2161 2129 2262 2170 cae
2290 2116 2744 2186 peregrinationis
2765 2116 2970 2170 ineunt.
3003 2113 3120 2180 Quo
3151 2111 3420 2167 desiderio
3453 2122 3753 2164 succensus

2161 2205 2433 2262 Robertus
2462 2209 2570 2262 dux
2601 2207 3124 2268 Northmanuorutn,
3154 2201 3428 2258 Willcltno
3461 2199 3621 2254 fratri
3651 2215 3750 2252 suo

2163 2299 2276 2368 regi
2305 2299 2606 2370 Anglorum
2633 2315 2731 2370 per
2760 2299 3010 2352 nuntium
3040 2296 3336 2361 mandavit,
3369 2303 3428 2346 ut
3453 2295 3506 2348 in
3553 2291 3752 2346 North-

2165 2392 2442 2446 manniam
2490 2391 2815 2446 festinanter
2851 2389 3055 2455 veniat,
3083 2388 3338 2444 ducatum
3365 2401 3523 2441 suum
3581 2399 3751 2454 usque

2163 2483 2230 2536 ad
2263 2483 2490 2538 reditum
2526 2484 2692 2552 ipsius
2723 2477 3022 2543 habiturus,
3057 2482 3123 2537 de
3159 2479 3427 2536 thesauris
3449 2477 3744 2548 Anglorum

2162 2575 2357 2643 opimis
2379 2591 2533 2629 suam
2559 2583 2614 2630 et
2641 2591 2862 2631 suorqu
2891 2572 3254 2644 indigentiam
3277 2573 3454 2627 obiter
3475 2570 3746 2641 suppleat.

2163 2665 2332 2734 Hujus
2369 2677 2548 2719 autem
2590 2665 2875 2736 legationis
2909 2665 3100 2719 nuntio
3121 2663 3455 2718 exhilaratus
3483 2678 3580 2716 rex
3614 2661 3746 2716 Wil-

2164 2753 2359 2810 lelmus
2395 2755 2448 2809 in
2489 2754 2937 2810 Northmanniam
2980 2753 3360 2818 transfretans,
3395 2753 3578 2806 decies
3605 2751 3748 2804 mille

2164 2861 2379 2903 marcas
2404 2845 2613 2914 argenti
2638 2859 2700 2898 ea
2743 2843 3052 2900 conditione
3084 2843 3318 2896 llobcrto
3356 2841 3480 2896 duci
3510 2855 3750 2895 commo-

2130 2938 2314 2994 rdavit
2355 2945 2432 2999 ut,
2463 2937 2700 3006 quandiu
2735 2937 2874 2992 idem
2906 2936 3010 2990 dux
3041 2935 3092 2990 in
3125 2935 3382 3003 prtedicta
3431 2933 3746 3002 peregrina-

2165 3027 2312 3084 tione
2337 3037 2664 3092 moraretur,
2691 3028 2805 3098 ipse
2836 3027 3089 3082 ducatum
3118 3025 3526 3082 Nortbmanniae
3550 3040 3648 3093 pro
3670 3026 3749 3080 eis

2165 3119 2817 3184 vadensltabcret,illum
2847 3118 2966 3173 duci
3023 3119 3398 3179 restituturus,
3452 3131 3578 3170 cum
3630 3115 3744 3184 ipse

2169 3212 2271 3267 sibi
2301 3219 2656 3282 prastaxatam
2691 3211 2975 3280 pecuniam
3027 3212 3240 3266 rediens
3289 3212 3744 3280 reconsignasset.

2133 3333 2136 3336 λ
2171 3303 2266 3359 llis
2305 3304 2488 3372 itaque
2539 3303 2727 3373 gestis,
2759 3319 2940 3358 comes
2985 3303 3250 3358 Henricus
3304 3303 3531 3358 contulit
3587 3318 3648 3357 se
3683 3303 3748 3356 ad

2169 3407 2352 3464 regem
2381 3391 2737 3456 Willeltuum,
2769 3401 2932 3461 atque
2961 3392 3185 3446 omnino
3215 3409 3337 3446 cum
3375 3407 3439 3446 eo
3469 3389 3743 3451 remansit,

2168 3483 2256 3539 cui
2293 3481 2435 3536 idem
2467 3497 2561 3536 rex
2581 3481 2904 3535 comitatum
2934 3482 3464 3536 Conslantinienscm
3491 3490 3547 3535 et
3593 3481 3746 3550 Bajo-

2129 3605 2136 3612 -
2168 3587 2411 3638 censent,
2434 3581 2633 3640 prmter
2680 3571 2954 3626 civitatem
2990 3571 3218 3641 Bajocas
3245 3581 3298 3625 et
3328 3572 3617 3642 oppidum-
3649 3570 3748 3625 Ca-

2168 3663 2334 3728 domi,
2362 3676 2430 3717 ex
2459 3663 2668 3730 integro
2701 3663 2991 3716 concessit.
3024 3661 3136 3717 l-Ioc
3173 3669 3414 3732 tempore
3450 3663 3744 3732 praedictus

2169 3732 2265 3806 rex
2317 3751 2621 3808 Willelmus
2669 3753 2798 3806 fecit
2852 3753 3121 3822 quoddam
3186 3752 3472 3808 castellum
3525 3753 3742 3805 nomine

2167 3841 2355 3898 Gisorz
2391 3844 2444 3897 in
2478 3844 2714 3898 conliuio
2765 3842 3172 3898 Nortlunanuize
3211 3851 3268 3897 et
3317 3842 3582 3906 Francim,
3607 3841 3747 3910 quod

2168 3948 2310 4004 sape
2339 3933 2643 3988 nominatus
2670 3933 2840 3988 frater
2877 3932 2994 4000 ejus
3037 3933 3322 3997 Henricus,
3353 3933 3446 4002 qui
3485 3933 3534 3987 ei
3567 3932 3748 3986 divina

2168 4025 2521 4094 dispositione
2543 4024 2825 4101 successit,
2844 4025 3118 4080 mcenibus
3143 4024 3404 4079 ambitum
3431 4033 3486 4078 et
3509 4023 3751 4078 turribus

2169 4117 2398 4173 excelsis
2431 4116 2852 4188 inexpugnabile
2877 4117 3129 4172 reddidit.

2755 4227 2986 4284 CAPUT
3026 4226 3158 4281 VIII.

2167 4321 2244 4376 De
2266 4321 2519 4388 probitate
2550 4321 2710 4388 ipsius
2763 4318 3016 4373 Willelmi
3044 4319 3097 4372 in
3120 4319 3335 4388 negotiis
3360 4319 3503 4388 regni
3545 4327 3594 4372 et
3613 4317 3750 4389 quod

2243 4391 2530 4445 Ecclesium
2571 4390 2664 4444 Dei
2683 4401 2729 4443 et
2765 4406 2936 4443 servos
2961 4392 3075 4458 ejus
3105 4399 3404 4458 persecutus
3430 4399 3529 4442 est.

2240 4483 2315 4537 De
2343 4483 2458 4552 ipso
2492 4489 2671 4534 autem
2719 4479 2992 4534 Willelmo
3045 4477 3142 4534 his
3185 4479 3477 4533 Annalium
3540 4479 3751 4548 paginis

2169 4587 2450 4646 possemus
2491 4572 2920 4640 inserere,.quod
2957 4569 3124 4626 semel
3147 4579 3202 4623 et
3228 4570 3422 4624 iterum
3449 4569 3754 4624 Wallenses

2173 4663 2334 4718 ducto
2359 4661 2602 4716 exercitu
2642 4661 2696 4714 in
2729 4661 2964 4730 ipsorum
2995 4659 3158 4714 finem
3207 4659 3307 4713 sibi
3369 4659 3597 4714 rebelles
3626 4661 3750 4714 sub-

2168 4755 2406 4827 iugavit;
2450 4753 2701 4823 quodque
2747 4753 2858 4822 regi
2912 4751 3200 4806 Scotorum
3237 4750 3517 4814 Malcomo,
3551 4751 3644 4819 qui
3700 4751 3750 4805 in

2173 4849 2421 4919 Angliam
2465 4847 2768 4904 exercitum
2815 4847 3132 4910 adduxerat,
3179 4861 3300 4898 cum
3358 4859 3457 4898 suo
3509 4843 3750 4898 exercitu

2175 4945 2398 4986 nlwimm
2450 4957 2572 4986 ριιιιι
2606 4943 2671 4986 ml
2703 4955 2822 4986 una!
2847 4939 3016 4986 \‘ulttil
3055 4947 3209 4986 nacta
3260 4937 3559 4986 inclinavit.
3619 4936 3750 4986 llltltl
