4044 5360
265 378 376 436 κδ

785 376 1134 434 HISTORIA}
1173 372 1808 434 NORTHHANNORUM
1847 371 2026 429 LIBRI
2063 372 2262 432 OCTO.
2293 403 2361 418 -—
2397 373 2598 432 LIBER
2637 375 2978 437 OCTAVUS.

3401 384 3578 444 .8861

265 495 688 561 mareveniens,
706 509 830 552 cum
854 503 1048 549 ventus
1071 503 1217 549 esset
1240 492 1546 549 contrarius
1577 491 1632 546 in
1657 489 1854 546 North-
1882 492 1932 551 Α
1959 488 2294 546 Hierusalem
2352 491 2680 559 perrexisset
2727 501 2783 549 et
2826 495 3080 550 ducatum
3130 496 3537 554 Nortbmannia:

269 587 550 643 manniam
630 584 1047 641 transfretaturo
1105 591 1296 639 contra
1349 589 1569 636 ventum
1633 579 1856 635 intravit

267 677 528 748 pelagus,
585 675 773 732 dicens
819 690 880 731 se
930 688 1206 745 nunquam
1269 673 1485 727 audisse
1531 671 1598 726 de
1673 669 1854 740 aliquo

266 783 397 838 rege
449 765 596 837 quod
641 765 930 836 naufragio
975 765 1228 837 perisset.
1280 762 1642 832 Transitoque
1690 761 1850 826 mari,

266 858 428 913 velut.
445 866 640 914 contra
679 859 791 912 vim
841 857 1236 912 elementorum
1258 894 1274 919 ,
1310 853 1600 924 prmdictos
1628 851 1856 908 comites

267 951 388 1006 solo
415 950 605 1006 auditu
639 951 723 1006 sui
759 950 1026 1005 adventus
1053 949 1124 1003 ab
1145 947 1428 1003 obsidione
1451 945 1674 1015 fugavit.
1703 943 1849 1010 Haec,

266 1043 512 1111 inquam,
547 1051 604 1096 et
635 1041 738 1095 alia
761 1041 848 1096 bis
874 1040 1094 1102 similia.
1125 1042 1191 1094 de
1238 1038 1329 1094 illo
1365 1039 1633 1093 veraciter
1659 1051 1852 1107 posse-

265 1147 393 1186 mus
426 1129 650 1194 referre,
681 1130 785 1184 nisi
809 1129 952 1185 facta
986 1128 1262 1198 ejus,quia
1284 1127 1548 1199 plurimos
1569 1141 1853 1182 servorum

269 1222 370 1276 Dei
397 1230 452 1277 et
480 1232 725 1276 sanctam
759 1220 1059 1275 Ecclesiam
1091 1235 1199 1276 non
1224 1220 1509 1274 minimum
1539 1228 1855 1289 persecutus

261 1320 371 1375 est,
400 1314 541 1368 unde
568 1329 710 1380 sero,
744 1324 801 1367 et
829 1313 1222 1368 infructuosam
1250 1320 1308 1366 ut
1337 1311 1592 1382 pluribus.
1634 1310 1855 1381 sapien-

267 1402 416 1456 tibus
442 1403 673 1467 videtur,
696 1403 806 1473 egit
834 1401 1856 1474 panitentiam,dignumjudicaremus

223 1541 228 1544 _
265 1502 492 1563 propter
514 1495 759 1550 ordinem
786 1495 1030 1552 historia:
1055 1495 1398 1552 solummodo
1421 1496 1663 1552 breviter
1683 1495 1854 1551 attin-

266 1600 399 1654 gere
422 1596 480 1641 et
507 1587 576 1642 ad
604 1599 758 1644 actus
794 1587 1016 1644 IIcnrici
1065 1589 1202 1643 diva:
1239 1589 1520 1643 memoriae
1565 1587 1757 1642 fratris
1800 1596 1856 1642 et

264 1681 606 1735 successoris
628 1681 851 1752 sui,_qui
887 1681 1030 1737 viros
1056 1681 1336 1753 religiosos
1361 1690 1412 1735 et
1442 1679 1738 1736 Ecclesiam
1759 1679 1856 1735 Dei

267 1776 603 1845 protegendo
627 1787 693 1831 et.
709 1777 970 1831 auxilium
1008 1776 1254 1842 ferendo,
1282 1777 1573 1832 admodum
1618 1791 1852 1832 venera-

221 1900 226 1903 -
273 1874 364 1920 tus
391 1875 492 1929 est,
543 1868 808 1936 prolixius
853 1867 1207 1939 explicandus
1260 1868 1522 1924 vellemus
1568 1869 1850 1925 accedere.
1884 1848 1942 1906 θ’

272 1956 476 2012 Eodem
506 1958 775 2016 Willclmo
803 1977 1026 2032 regnum
1053 1961 1258 2032 Anglia:
1279 1970 1628 2030 procurante,
1659 1960 1855 2017 Morel—

273 2046 360 2101 lus
387 2063 554 2118 nepos
604 2049 822 2105 Roberti
845 2053 915 2105 de
936 2049 1210 2106 Moubraio
1230 2051 1445 2107 comitis
1466 2050 1860 2106 Northumbre-

273 2138 468 2194 Isndize
490 2141 802 2210 pnedietum
827 2141 1149 2198 Malcomum
1177 2158 1359 2213 regem
1387 2142 1582 2198 Scotia:
1603 2143 1862 2213 irruptio-

228 2259 242 2266 -
273 2245 374 2284 nes
401 2230 453 2284 in
479 2231 671 2301 Anglia
703 2230 989 2287 iacientem
1008 2241 1062 2287 et
1077 2232 1245 2287 lilium
1271 2232 1390 2301 ejus
1412 2233 1860 2303 primogenitum,

274 2333 401 2372 eisin
421 2321 653 2375 maxima
681 2333 833 2391 parte
853 2322 934 2376 sui
962 2323 1232 2378 exercitus
1259 2324 1312 2377 in
1338 2323 1535 2378 ﬁnibus
1565 2322 1859 2394 Anglorum

279 2411 586 2467 trucidavit.
617 2411 714 2468 Hic
743 2425 925 2470 autem
952 2415 1246 2482 Robertus,
1271 2432 1395 2471 eum
1445 2419 1710 2488 quasdam
1736 2433 1860 2472 mu-

279 2497 514 2554 nitiones
545 2501 722 2572 regias
745 2517 846 2558 suo
897 2505 1180 2559 comitatui
1233 2505 1636 2562 colliminantes
1667 2515 1860 2563 contra

276 2587 606 2644 voluntatem
644 2593 846 2648 domini
872 2595 954 2650 sui
998 2604 1321 2653 attentasset
1347 2614 1637 2670 occupare,
1672 2608 1861 2670 captus

277 2697 311 2733 a
347 2680 608 2737 militibus
635 2683 894 2740 Willelmi
949 2688 1112 2759 regis,
1145 2690 1368 2759 ipsoque
1390 2689 1612 2760 jubente
1639 2692 1692 2745 in
1729 2692 1862 2760 ipsis

276 2769 509 2825 vinculis
548 2772 751 2829 diutius
780 2791 1155 2845 perseverans,
1179 2790 1443 2851 regnante
1463 2778 1580 2849 jam
1621 2780 1860 2838 Henrico

279 2875 422 2930 rege,
450 2864 664 2919 tandem
697 2866 750 2922 in
772 2867 890 2938 ipso
901 2871 1174 2940 ergastulo
1195 2871 1456 2928 deﬁciens
1486 2881 1731 2930 mortuus
1752 2883 1858 2929 est.

280 2954 494 3010 Dictum
538 2966 622 3013 est
653 2973 684 3013 a
710 2961 953 3030 pluribus
989 2964 1133 3020 hunc
1174 2964 1430 3021 talionem
1456 2967 1558 3020 sibi
1591 2967 1860 3020 redditum

281 3044 470 3113 fuisse,
496 3049 620 3117 quia
653 3066 832 3122 regem
855 3052 1072 3119 Scotiae,
1098 3064 1307 3124 patrem
1337 3056 1589 3111 videlicet
1633 3056 1858 3112 nobilis-

280 3134 436 3191 sima:
482 3137 754 3196 Hathildis
809 3154 993 3212 postea
1031 3147 1229 3217 reginae
1288 3147 1583 3217 Anglorum
1612 3188 1626 3213 ,
1674 3148 1859 3204 dolose

281 3240 608 3294 peremerat.
649 3209 1020 3290 Illiusfautem
1075 3209 1275 3292 terram
1320 3209 1481 3309 quam
1531 3240 1767 3295 habebat
1806 3241 1859 3295 in
1887 3209 1934 3270 Ο

282 3317 676 3376 Northmannia
723 3334 780 3378 et
825 3328 1118 3381 maximam
1150 3339 1360 3397 partem
1389 3331 1630 3398 praedicti
1647 3332 1742 3386 sui
1769 3345 1862 3386 co-

282 3409 526 3475 mitatus,
561 3412 824 3470 Henricus
840 3415 952 3485 jam
988 3433 1082 3471 rex
1128 3417 1306 3474 factus
1349 3421 1500 3476 dedit
1535 3421 1742 3492 Nigella
1793 3422 1862 3478 de

280 3497 588 3565 Albinneio,
621 3503 951 3562 viroillnstri
992 3517 1046 3562 et
1075 3509 1265 3578 probo.
1309 3493 1687 3580 Duxitpostea
1717 3513 1859 3568 idem

278 3584 517 3656 Nigellus
547 3589 891 3650 Gundredam
939 3597 1102 3652 ﬁliam
1133 3596 1336 3653 Giraldi
1385 3600 1451 3654 de
1495 3600 1765 3667 Gornaeo,
1792 3618 1858 3656 ex

279 3694 404 3747 qua.
438 3681 626 3752 genuit
661 3684 828 3740 ﬁlium
874 3690 1094 3744 nomine
1123 3689 1413 3761 Rogerium
1443 3693 1509 3746 de
1557 3692 1858 3762 Moubraio,

279 3772 374 3839 qui
401 3773 614 3829 tandem
644 3776 820 3833 adhuc
845 3781 1101 3850 parvulus
1122 3784 1260 3852 patri
1289 3785 1564 3842 suo-facto
1591 3790 1860 3844 monacho

280 3860 536 3918 Beccensi
568 3874 624 3921 et
651 3868 829 3924 eidem
879 3870 998 3927 loco
1053 3888 1300 3945 magnam
1344 3879 1743 3946 possessionem
1807 3881 1857 3934 in

245 3951 470 4020 .Anglia
501 3955 824 4024 conferenti,
857 3964 1143 4017 successit.
1196 3965 1311 4034 Ipse
1358 3969 1520 4022 etiam
1580 3969 1855 4036 Giraldus,

280 4052 468 4110 rogatu
502 4042 744 4115 Hugonis
769 4048 838 4104 de
859 4051 1110 4109 Gornaco
1139 4056 1309 4120 patris
1342 4058 1422 4111 sui
1449 4060 1700 4114 monachi
1731 4075 1860 4117 vero

281 4129 588 4199 Beccensis,
621 4138 776 4207 plura
818 4141 976 4196 dedit
1010 4143 1188 4198 eidem
1245 4149 1510 4212 ecclesias,
1546 4159 1600 4202 et
1639 4151 1856 4206 tandem

282 4220 616 4280 Hierusalem
651 4238 841 4298 petens
876 4247 998 4286 cum
1055 4249 1235 4289 uxore
1279 4253 1373 4289 sua
1406 4237 1640 4293 Edilhun
1673 4256 1861 4296 sorore

245 4361 248 4364 .
281 4313 535 4370 Willclmi
563 4320 784 4376 comitis.
820 4323 888 4377 de
908 4322 1204 4389 Warenna,
1241 4327 1292 4379 in
1323 4327 1667 4396 ipso-itinere
1709 4346 1858 4385 mor-

281 4414 405 4459 tuus
432 4417 536 4461 est.
565 4407 712 4463 Uxor
743 4427 872 4467 vero
885 4413 1029 4470 inde.
1050 4418 1268 4472 rediens
1303 4421 1487 4489 nupsit
1529 4418 1764 4490 Drogoni
1794 4421 1860 4476 de

283 4494 547 4563 Honeeio,
584 4515 651 4555 ex
678 4518 785 4572 qua
830 4504 971 4560 idem
1001 4508 1176 4574 Drogo
1208 4510 1448 4580 suscepit
1472 4526 1636 4564 unum
1689 4510 1855 4566 lilium

247 4617 250 4620 ~
277 4589 494 4645 nomine
514 4591 840 4663 Drogonem.
889 4597 1162 4654 Successit
1191 4601 1448 4670 praedicto
1472 4602 1693 4657 Giraldo
1715 4603 1855 4659 ﬁlius
1882 4584 1934 4647 Ῐ)

251 4681 394 4750 ejus
422 4685 640 4740 nomine
672 4686 844 4759 Hugo,
865 4692 956 4759 qui
979 4706 1052 4746 es
1073 4708 1260 4748 sorore
1293 4693 1500 4749 llodulli
1517 4694 1581 4746 de
1613 4695 1853 4750 I’arrona

253 4773 494 4830 comitis
531 4777 982 4835 Viromandorum
1013 4785 1200 4851 genuit
1230 4799 1394 4838 unum
1438 4784 1606 4838 filium
1633 4787 1854 4842 nomine

252 4865 575 4934 Magonem.
605 4866 732 4924 Haec
757 4884 856 4938 per
898 4872 1337 4943 anticipationem
1363 4875 1430 4931 de
1459 4876 1651 4932 amicis
1677 4892 1740 4933 ac
1762 4878 1854 4934 he-

278 4958 649 5015 nefactorihus
673 4960 958 5020 Beccensis
985 4967 1295 5022 monasterii
1323 4967 1680 5024 hic-breviter
1706 4987 1851 5026 com-

273 5054 703 5109 memoravimus
728 5095 742 5118 ,
781 5071 923 5113 nunc
963 5056 1035 5112 ad
1071 5058 1316 5114 ordinem
1369 5060 1615 5115 historiae
1667 5078 1858 5122 redea-

270 5159 407 5199 m5.

892 5281 1120 5338 CAPUT
1160 5284 1247 5338 IX.

1961 582 2231 639 Willelmo
2281 583 2438 638 fratri
2489 600 2590 640 suo
2645 587 2759 657 regi
2813 585 3108 656 Anglorum
3161 587 3537 654 i'nvadiasset,

1957 675 2200 746 contigit,
2239 685 2360 746 post
2411 675 2748 746 aliquantum
2803 679 3082 747 temporis,
3134 686 3193 732 ut
3243 678 3388 732 idem
3441 692 3534 733 rex

1954 769 2188 836 quadam
2218 767 2304 821 die
2332 777 2585 823 venatum
2622 769 2725 822 iret
2747 769 2808 822 in
2848 766 3336 832 Novamforestam,
3370 768 3458 823 ubi
3483 783 3539 822 tv

1956 855 2141 912 Nonas
2168 856 2398 930 Augusti
2427 858 2593 914 missa
2629 858 2824 929 sagitta
2855 858 3072 913 incaute
3098 873 3129 912 a
3173 858 3405 927 quodam
3437 871 3538 912 suo

1956 943 2209 1000 familiari
2247 947 2302 1001 in
2339 949 2504 1002 corde
2551 962 2860 1017 percussus,
2907 955 3155 1003 mortuus
3181 956 3266 1003 est
3294 963 3438 1003 anno
3467 948 3539 1002 ab

1956 1035 2334 1092 lncarnatione
2377 1036 2588 1092 Domini
2630 1037 2791 1103 I100,
2815 1038 2964 1108 regni
2998 1045 3180 1092 autem
3225 1038 3308 1093 sui
3359 1038 3444 1094 I3.
3475 1037 3538 1094 In

1956 1130 2144 1186 eadem
2168 1129 2336 1187 etiam
2372 1129 2506 1186 silva
2539 1130 2845 1186 Ricbardns
2880 1131 3054 1186 frater
3083 1130 3253 1206 ipsius
3283 1129 3541 1186 Willelmi

1955 1218 2179 1285 dudum,
2208 1218 2399 1279 adhuc
2443 1220 2660 1274 vivente
2713 1229 2867 1290 patre
2920 1235 3144 1282 eorum,
3190 1220 3318 1275 dum
3371 1219 3541 1276 simili

1956 1309 2116 1364 modo
2145 1319 2439 1368 venaretur
2471 1310 2582 1365 ictu
2607 1311 2820 1366 arboris
2848 1310 2984 1366 male
3008 1311 3224 1367 evitata:
3244 1319 3538 1383 :egrotans.

1955 1409 2078 1473 post
2128 1401 2407 1473 paululum
2480 1402 2750 1458 hominem
2812 1403 3000 1458 exivit.
3041 1403 3305 1460 Dixerunt
3355 1411 3542 1458 autem

1956 1493 2134 1559 multi,
2169 1494 2312 1565 quod
2349 1495 2468 1550 ideo
2501 1495 2554 1550 bi
2589 1494 2697 1549 duo
2750 1494 2846 1550 filii
2893 1494 3154 1550 Willelmi
3199 1494 3345 1566 regis
3372 1495 3425 1549 in
3449 1493 3542 1550 illa

1954 1585 2090 1640 silva
2115 1585 2324 1655 judicio
2349 1587 2443 1641 Dei
2472 1586 2782 1657 perierunt,
2806 1587 3064 1658 quoniam
3087 1586 3284 1643 multas
3311 1585 3464 1642 villas
3486 1594 3545 1646 et

1954 1676 2216 1734 ecclesias
2245 1689 2468 1750 pr0pter
2495 1679 2742 1735 eamdem
2794 1679 3054 1736 forestam
3101 1675 3555 1756 ampliﬁcandam,

1957 1771 2012 1825 in
2041 1772 2273 1828 circuitu
2306 1773 2476 1830 insius
2498 1773 2866 1828 destrinxerat.
3050 1768 3072 1774 ”’

2577 1888 2805 1946 CAPUT
2848 1890 2937 1944 Χ..

1963 1976 2118 2044 Quod
2159 1977 2421 2052 Henricus
2464 1979 2629 2052 frater
2657 1981 2819 2052 ipsius
2846 1981 2893 2034 ei
2913 1981 3180 2052 successit,
3210 1981 3301 2052 qui
3329 1978 3546 2036 Mamili-

2138 2051 2253 2102 dem
2283 2049 2451 2118 [ilium
2478 2051 2609 2119 regis
2645 2050 2839 2106 Scoliae
2861 2052 3012 2104 duxit
3041 2050 3097 2105 in
3121 2049 3359 2106 uxorem.

2033 2139 2226 2194 Occiso
2283 2139 2462 2208 itaque
2508 2140 2779 2196 Willelmo
2837 2155 3000 2212 rege,
3051 2149 3112 2196 ut
3159 2140 3544 2212 praemisimus,

1963 2229 2144 2284 statim
2175 2228 2344 2285 frater
2369 2246 2500 2286 suus
2530 2231 2799 2286 Henricus
2821 2247 3017 2302 corpus
3043 2231 3160 2302 ejus
3191 2233 3544 2289 Wintomiam

1963 2321 2162 2377 deferri
2213 2322 2360 2388 fecit,
2403 2323 2582 2392 ibique
2633 2325 2686 2378 in
2729 2325 2961 2380 ecclesia
3012 2326 3189 2380 sancti
3241 2324 3388 2380 Petri
3417 2333 3547 2378 ante

1964 2415 2140 2484 majus
2160 2413 2330 2470 altare
2358 2415 2652 2486 sepulturae
2686 2416 2929 2471 tradidit.
2979 2415 3097 2483 Quo
3139 2414 3373 2486 sepulto,
3399 2399 3546 2469 Lun-

1925 2497 1927 2500 ⁴
1965 2505 2182 2560 doniam
2210 2509 2380 2575 venit,
2426 2517 2589 2578 atque
2637 2508 2780 2579 apud
2824 2507 3394 2572 Westmonasterium,
3445 2521 3547 2561 an-

1963 2595 2252 2650 nuentibus
2276 2599 2487 2654 cunctis
2517 2598 2744 2655 Francis
2769 2607 2824 2654 et
2848 2597 3067 2669 Anglis,
3099 2607 3292 2667 quarto
3314 2595 3400 2652 die
3423 2603 3548 2666 post

1963 2696 2193 2743 mortem
2221 2686 2405 2744 fratris
2444 2692 2625 2762 regale
2663 2693 2912 2749 diadema
2959 2691 3217 2761 suscepit.
3244 2689 3401 2748 Unde
3429 2689 3547 2760 pln-

1963 2779 2084 2834 rimi
2106 2789 2231 2834 sunt
2260 2779 2421 2836 Izetati
2472 2783 2616 2853 quod
2655 2786 2815 2840 modo
2867 2799 3046 2856 regem
3096 2793 3285 2841 natum
3325 2782 3394 2837 de
3422 2796 3551 2852 rege

1962 2880 2017 2926 et
2044 2872 2247 2942 regina,
2280 2882 2466 2929 natum
2498 2884 2555 2930 et
2583 2878 2844 2930 nutritum
2885 2878 2936 2930 in
2962 2875 3151 2948 Anglis
3194 2875 3398 2930 habere
3428 2885 3549 2928 rnew

1963 2965 2222 3021 ruissent.
2263 2965 2334 3021 Ut
2359 2977 2537 3023 autem
2567 2968 2708 3023 idem
2743 2985 2831 3022 rex
2866 2968 3107 3039 Iegaliter
3134 2967 3362 3030 viveret,
3392 2965 3552 3021 duxit

1963 3055 2152 3110 eodem
2180 3071 2324 3113 anno
2356 3059 2720 3113 venerabilem
2753 3059 3066 3114 Mathildem
3104 3049 3268 3112 ﬁliam
3298 3056 3564 3112 Malcomi

1965 3147 2109 3217 regis
2139 3148 2334 3205 Scotia:
2359 3160 2414 3206 et
2435 3150 2768 3221 Margaretze.
2795 3150 3022 3218 Quantae
3043 3161 3221 3206 autem
3244 3151 3553 3206 sanctitatis

1964 3248 2018 3294 et
2050 3241 2291 3296 scientiae
2322 3251 2430 3296 tam
2465 3243 2742 3298 saecularis
2767 3260 2930 3314 quam
2980 3244 3278 3314 spiritualis
3321 3253 3552 3314 utraque

1965 3331 2174 3398 regina,
2235 3333 2540 3404 Margarcta
2595 3334 2803 3389 scilicet
2853 3343 2906 3389 et
2953 3333 3265 3400 Mathildis,
3315 3332 3545 3400 fuerint;

1964 3419 2101 3474 liber
2117 3423 2206 3491 qui
2235 3423 2298 3479 de
2321 3423 2704 3494 Vita-ipsarum
2732 3427 2964 3495 scriptus
2988 3435 3090 3491 est,
3112 3426 3272 3493 plano
3297 3440 3550 3482 sermone

1963 3511 2240 3568 describit.
2273 3514 2381 3570 Nec
2414 3515 2542 3571 illud
2573 3518 3091 3588 praetermittendum
3115 3517 3260 3588 quod
3290 3533 3320 3572 a
3347 3527 3548 3572 sanctae

1967 3605 2360 3661 recordationis
2408 3608 2663 3663 Ansclmo
2707 3609 3083 3663 Cantuaricnsi
3139 3607 3548 3678 archiepiscopo

1962 3697 2153 3752 eadem
2186 3696 2458 3755 Mathildis
2487 3700 2539 3754 in
2587 3699 2876 3755 festivitate
2924 3701 3093 3756 sancti
3143 3700 3357 3756 Martini
3407 3702 3546 3771 apud

1963 3792 2514 3849 Westmonasterium
2546 3792 2780 3849 Henrico
2811 3795 2920 3863 regi
2954 3793 3289 3848 nobilissimo
3315 3792 3548 3862 despon-

1963 3894 2083 3941 sata
2131 3894 2187 3940 et
2222 3886 2410 3940 eodem
2464 3885 2550 3940 die
2599 3885 2762 3956 regali
2815 3886 3119 3940 diademate
3148 3886 3404 3953 insignita
3440 3895 3544 3940 est.

1963 3973 2089 4029 Fuit
2132 3984 2318 4030 autem
2362 3989 2456 4029 rex
2511 3974 2774 4030 Henricus
2817 3977 2918 4029 virr
2955 3975 3197 4046 pluribus
3253 3977 3548 4032 virtutibus

1961 4067 2240 4136 praeditus,
2264 4066 2493 4137 iustitiae
2514 4083 2578 4123 ac
2608 4069 2758 4138 pacis
2785 4076 3043 4131 sectator,
3081 4069 3359 4138 religionis
3390 4085 3544 4124 ama-

1966 4167 2072 4225 tor,
2125 4158 2431 4226 iniqnorum
2485 4167 2540 4212 et
2579 4158 2757 4213 furum
2818 4159 3252 4215 ferventissimus
3307 4160 3547 4229 punitor,

1962 4247 2309 4303 inimicorum
2342 4263 2563 4302 suorum
2596 4264 2699 4302 non
2731 4250 2902 4303 solum
2931 4249 3314 4304 excellentium
3346 4248 3548 4316 princi-

1961 4357 2088 4411 pum
2111 4350 2165 4393 et
2189 4340 2470 4402 comitum,
2495 4354 2679 4392 verum
2703 4349 2756 4395 et
2780 4341 3336 4397 nominatissimorum
3362 4355 3548 4409 regum

1963 4429 2312 4484 felicissimus
2345 4428 2726 4498 triumphator.

2565 4544 2791 4601 CAPUT
2854 4547 2940 4605 XI.

1967 4633 2122 4700 Quod
2150 4649 2213 4687 ea:
2238 4651 2300 4688 ea
2322 4635 2496 4704 genuit
2520 4634 2691 4702 ﬁlium
2720 4637 2927 4690 nomine
2965 4610 3288 4690 Willelmum
3311 4646 3358 4691 et
3384 4637 3555 4705 [ilium

2070 4721 2151 4777 ua:
2179 4705 2732 4775 procedenti'temporc
2764 4709 2940 4776 nupsit
2978 4705 3205 4762 Henrico
3250 4707 3554 4777 imperatori

2084 4791 2411 4831 emanarunt.

1960 4844 1992 4867 υ

2033 4887 2233 4944 Genuit
2269 4897 2451 4944 autem
2479 4905 2555 4945 ex-
2583 4891 2822 4947 secunda
2855 4891 3119 4948 Mathilde
3146 4895 3334 4964 regina
3363 4877 3588 4964 Angui-

1967 4994 2086 5033 rum
2116 4995 2284 5036 uxore
2311 4994 2408 5036 sua
2450 4979 2620 5035 ﬁlium
2667 4996 2836 5038 unum
2887 4983 3105 5038 nomine
3135 4981 3464 5039 Willelmum
3505 4995 3565 5038 et

1969 5069 2134 5124 filiam
2166 5087 2326 5125 unam
2363 5080 2592 5126 matrem
2620 5073 2763 5130 sicut
2812 5075 3033 5129 nomine
3056 5073 3128 5127 ita
3153 5074 3436 5130 honestate
3464 5091 3568 5128 rc-

1969 5173 2404 5232 praesentantem.
2447 5163 2599 5220 Hanc
2625 5175 2809 5223 autem
2849 5153 3236 5240 virginemvix
3264 5166 3572 5238 quinquen-

1969 5271 2119 5321 nem,
2153 5256 2420 5312 Henricus
2479 5258 2701 5326 quintus
2745 5273 2840 5315 rex
2886 5271 2954 5314 et
2994 5263 3226 5329 quartus
3271 5261 3572 5327 imperator
