4044 5360
529 388 631 442 837

1376 375 1380 378 ν
1411 327 1762 426 ’κνιιιεωιι
1799 357 2096 420 CALCC-Ll
2125 344 2685 411 GEMMETICENSIS
2713 327 3018 400 nomen!

3697 327 3804 392 83233

530 513 659 555 vero
683 467 1121 563 archiepiscopus
1167 485 1502 544 Coloniensis
1533 483 1584 536 in
1612 479 1905 534 festivitate
1937 471 2108 530 sancti
2145 473 2186 532 Α
2216 463 2308 534 qui
2353 461 2524 531 magis
2563 457 2823 562 rulebant
2845 457 3108 511 inter‘eos
3135 469 3257 510 esse
3277 453 3608 563 discordiam
3637 450 3804 522 quam

529 588 715 656 Jacobi
747 583 1044 656 Maguncite
1093 582 1146 635 in
1196 578 1439 648 reginam
1489 571 1852 634 consecravit,
1902 565 2114 621 caeteris

530 677 863 750 coepiscopis
900 673 1280 730 assistentibus
1305 680 1359 725 et
1386 667 1654 739 praecipue
1704 658 2114 738 archiepiscopo

531 768 881 832 'l‘revereusi,
905 767 996 836 qui
1043 781 1186 830 eam,
1209 763 1334 817 dum
1385 764 1817 817 consecraretur,
1848 754 1989 807 inter
2016 767 2112 806 sua

531 859 771 922 brachia
820 869 1134 916 reverenter
1210 853 1398 910 tenuit.
1468 850 1672 905 Deinde
1736 853 2114 902 consecratam

530 956 792 1025 reginam
824 964 992 1018 usque
1019 947 1085 1002 ad
1113 945 1493 1015 tempestivum
1545 951 1756 1010 tempus
1804 936 2113 1005 nuptiarum

530 1035 772 1100 studiose
803 1040 1000 1094 nutriri
1029 1037 1302 1108 praacepit,
1333 1035 1385 1088 in
1430 1048 1537 1103 quo
1567 1029 1899 1085 nutrimento
1922 1037 1977 1082 et
2006 1026 2111 1080 lin-

529 1151 686 1207 gnam
721 1133 1026 1194 addisceret
1051 1138 1103 1183 et
1134 1144 1191 1182 se
1222 1125 1518 1182 secundum
1565 1121 1896 1176 Teutonicos
1937 1131 2114 1172 mores

530 1231 902 1294 componeret.
940 1221 1015 1276 De
1051 1233 1155 1292 qua
1188 1215 1522 1272 nobilissima
1553 1212 1900 1283 imperatrice
1931 1209 1985 1263 in
2029 1224 2115 1263 se-

441 1305 444 1308 ’
530 1311 820 1384 quentibus
845 1309 1056 1381 plenius
1079 1310 1427 1364 disseremus.
1456 1303 1750 1358 Prmdictus
1779 1311 1957 1358 autem
1983 1299 2117 1354 Wil-

528 1405 745 1469 lclmus,
773 1403 914 1459 ﬁlius
938 1401 1154 1458 llcnrici
1179 1401 1338 1471 regis,
1364 1399 1454 1468 qui
1484 1405 1604 1467 post
1631 1411 1873 1451 sororem
1901 1392 2116 1448 Mathil-

529 1499 652 1554 dem
710 1497 1108 1568 imperatricem
1167 1505 1326 1550 natus
1395 1502 1521 1559 est,
1587 1491 1712 1548 licet
1765 1506 1886 1545 eum
1951 1503 2116 1544 causa

529 1589 811 1645 masculini
845 1604 1005 1644 sexus
1033 1587 1106 1642 illi
1133 1587 1546 1656 praeposuimus,
1586 1600 1707 1638 cum
1733 1581 1844 1650 jam
1873 1568 1937 1636 ad
1961 1582 2117 1653 juve-

530 1679 696 1733 nilem
722 1687 937 1733 aetatem
971 1678 1225 1743 venisset,
1272 1685 1445 1729 morte
1469 1674 1759 1728 immatura
1787 1673 1939 1726 obiit.
1980 1670 2114 1726 Cutu

530 1771 677 1824 enim
707 1769 1080 1824 trausfretaret
1110 1769 1174 1824 de
1197 1767 1524 1822 Normannia
1573 1767 1626 1820 in
1673 1765 1942 1833 Angliam,
1975 1765 2117 1818 inter

529 1857 927 1914 Barbeﬂuvium
955 1869 1007 1913 et
1039 1858 1360 1914 Hantouiam
1383 1899 1396 1922 ,
1443 1858 1496 1912 iu
1540 1858 1772 1926 quoiam
1800 1857 1968 1910 maris
1993 1857 2114 1911 loco

531 1939 865 2016 periculoso,
904 1947 996 2019 qui
1047 1949 1115 2003 ab
1169 1947 1360 2002 incolis
1406 1946 1633 2001 Cataras
1695 1946 1914 2011 dicitur,
1975 1947 2113 2002 illisa

533 2039 657 2102 navi
717 2040 1107 2110 scopulo,lipsi
1159 2048 1216 2095 et
1267 2041 1417 2094 multi
1467 2041 1755 2110 optimates
1804 2040 1970 2108 patris
1998 2041 2116 2111 ejus

532 2129 816 2201 naufragio
865 2132 1161 2201 perierunt.
1208 2131 1325 2198 Quo
1379 2131 1496 2186 solo
1545 2140 1741 2186 eventu
1797 2130 2116 2186 felicitatem

531 2220 972 2296 excellentissimi
1008 2222 1150 2292 regis
1174 2221 1389 2276 fortuna
1422 2222 1809 2290 aliquantisper
1833 2221 2118 2276 obnubila-

529 2309 641 2377 vit,
675 2309 802 2365 lieet
841 2311 896 2366 in
935 2313 1054 2368 aliis
1098 2313 1352 2368 omnibus
1398 2313 1498 2368 sibi
1546 2312 1810 2368 arrideret
1836 2311 2117 2380 iucundis-

529 2398 687 2453 sima.
736 2400 832 2470 llis
889 2403 1237 2474 anticipando
1273 2403 1736 2469 commemoratis,
1780 2404 1847 2458 ad
1871 2403 2117 2458 ordinem

529 2489 608 2545 rei
637 2499 798 2561 gestte
825 2502 1184 2547 revertamur.

1121 2583 1351 2641 CAPUT
1406 2583 1523 2639 ΧΠ.

529 2673 682 2738 Quod
714 2674 967 2731 Roberlus
993 2676 1103 2731 dua:
1134 2675 1621 2732 Northmmmorum
1651 2677 1854 2730 rediens
1889 2677 1952 2730 ab
1993 2675 2124 2731 Hie-

598 2746 1104 2814 rosolymistrausiit
1155 2748 1209 2799 in
1255 2746 1521 2815 Angliam,
1573 2747 1746 2800 volens
1791 2748 1999 2815 auferre
2040 2763 2122 2800 re-

597 2830 756 2883 gnum
783 2816 940 2883 fratri
972 2833 1090 2881 suo,
1123 2826 1171 2870 et
1197 2817 1459 2885 quomodo
1482 2817 1786 2870 concordati
1809 2827 1950 2871 sunt.

601 2904 719 2959 Non
763 2905 984 2976 longum
1037 2916 1218 2962 autem
1269 2917 1482 2976 tempus
1537 2907 1770 2972 transiit,
1833 2916 2120 2978 postquam

532 2996 801 3052 Henricus
845 3015 943 3053 rex
993 3016 1218 3070 regnum
1269 2999 1475 3070 Anglia:
1528 3001 1821 3068 regendum
1860 3003 2119 3070 suscepit,

529 3088 679 3159 quod
724 3089 896 3143 frater
942 3106 1070 3145 suus
1122 3091 1393 3148 Rolzertns
1443 3093 1509 3144 de
1559 3087 1890 3146 Hierusnlem
1937 3091 2119 3153 rediit,

2214 567 2423 624 pacem,
2457 551 2622 620 cmpit
2647 548 2962 604 occasiones
2991 560 3253 616 quaerere,
3277 546 3613 615 fratremque
3641 560 3803 604 suum

2215 646 2281 700 ad
2307 642 2630 698 discordiam
2661 653 3024 695 commovere.
3047 637 3162 692 Rex
3187 645 3366 690 autem
3399 634 3668 690 Henricus
3692 651 3804 692 non

2214 733 2417 788 diutius
2441 733 2544 786 hoc
2576 729 2774 794 ferens,
2809 728 3150 797 maximeque
3179 726 3397 794 indigno
3421 724 3624 790 ferens,
3655 727 3804 795 quod

2214 815 2386 879 l’ratcr
2438 837 2568 877 suus
2617 821 2690 874 ita
2743 828 3023 889 paternam
3077 816 3486 881 hazreditutem,
3541 817 3802 871 ducatum

2215 913 2426 968 scilicet
2470 910 2914 970 Northmannim,
2968 907 3361 978 dissipat-erat;
3411 908 3555 977 quod
3607 921 3808 977 prater

2215 1005 2493 1060 civitatem
2546 1003 3035 1070 ltotltomagcnsem
3075 999 3209 1054 nihil
3259 1015 3396 1070 pene
3444 1001 3497 1054 in
3557 1001 3807 1055 dominio

2218 1097 2461 1158 haberet,
2501 1109 2663 1165 quam
2695 1095 2860 1149 etiam
2892 1093 3074 1147 forsan
3107 1092 3268 1145 alicui
3301 1101 3361 1146 ut
3388 1091 3802 1146 caeteradedis-

2217 1197 2322 1252 set,
2349 1187 2392 1241 si
2425 1187 2528 1242 hoc
2564 1185 2665 1240 sibi
2709 1185 2916 1242 licitum
2947 1173 3170 1254 propter
3198 1183 3344 1237 cives
3374 1182 3542 1252 ipsius
3578 1181 3800 1246 fuisset;

2217 1277 2323 1341 his,
2360 1279 2604 1348 impiam,
2642 1276 2974 1346 indignatus,
3015 1287 3167 1329 mare
3212 1289 3374 1344 quam
3419 1273 3581 1329 citius
3629 1272 3808 1340 potuit

2219 1368 2512 1432 transiens,
2548 1375 2712 1436 atque
2757 1381 2861 1420 non
2906 1363 3072 1418 multo
3101 1373 3219 1434 post
3250 1378 3356 1418 non
3387 1379 3615 1433 parvum
3644 1378 3799 1416 exer.

2218 1449 2387 1512 citum
2419 1470 2778 1525 congregans,
2811 1453 3024 1508 obsedit
3050 1453 3324 1508 civitatem
3358 1450 3617 1522 Bajocas;
3653 1465 3804 1504 eam-.-

2218 1561 2321 1614 que
2365 1545 2528 1600 citius
2572 1544 2815 1613 capiens,
2859 1543 2971 1597 fere
3011 1557 3228 1600 omnem
3269 1541 3558 1598 destruxit.
3600 1540 3804 1596 Deinde

2219 1635 2359 1704 cepit
2408 1633 2726 1688 Cadomum.
2763 1631 2892 1687 Post
2931 1631 3321 1700 aliquantulum
3359 1643 3488 1686 vero
3522 1630 3801 1698 temporis,

2219 1741 2340 1779 eum
2382 1723 2660 1780 obsideret
2695 1722 2969 1792 quoddam
3001 1729 3243 1776 castrum
3271 1721 3489 1778 comitis
3527 1721 3801 1782 Moritolii,

2147 1824 2187 1880 Β
2219 1817 2360 1886 quod
2403 1822 2628 1871 voCatur
2664 1813 3090 1878 Tenerchebrai,
3121 1820 3282 1882 atque
3313 1814 3366 1866 in
3400 1812 3704 1868 obsidendo
3730 1811 3806 1864 la-

2217 1909 2436 1964 boraret
2461 1917 2521 1964 ut
2547 1907 2675 1962 illud
2700 1916 2946 1977 caperet,
2979 1904 3152 1961 frater
3176 1903 3294 1972 eius
3319 1919 3507 1960 comes
3539 1903 3805 1957 Hebenus

2216 2007 2271 2055 et
2303 2012 2487 2053 comes
2539 1997 2809 2060 Moritolii,
2861 2010 2986 2051 eum
3039 2009 3233 2064 magna
3268 1993 3632 2049 multitudine
3668 1992 3806 2046 mili-

2219 2100 2356 2156 tum,
2389 2097 2641 2159 putantes
2677 2103 2736 2143 se
2771 2087 2838 2142 de
2879 2100 3014 2155 rege
3044 2083 3282 2139 Henrico
3313 2083 3620 2147 vindicare,
3659 2095 3806 2134 eum-

2217 2194 2324 2254 que
2347 2181 2568 2235 omnino
2598 2180 2665 2234 de
2697 2187 2842 2233 terra
2872 2176 3075 2238 delere,
3106 2190 3231 2229 cum
3268 2189 3461 2244 magno
3491 2172 3701 2241 impetu
3729 2169 3804 2225 ir~

2218 2281 2443 2327 ruerunt
2475 2272 2528 2326 iu
2553 2285 2697 2324 eum.
2728 2269 2833 2323 Sed
2853 2266 3069 2338 judicio
3087 2266 3180 2319 Dei
3213 2279 3375 2334 super
3396 2276 3492 2318 eos
3522 2263 3804 2327 veniente,

2219 2363 2360 2431 capti
2387 2369 2518 2416 sunt
2539 2360 2702 2414 ambo
2735 2368 2792 2413 et
2838 2355 2992 2415 multi
3021 2355 3110 2409 alii
3139 2369 3261 2408 cum
3287 2354 3368 2408 eis
3397 2358 3466 2408 ab
3493 2352 3808 2412 hominibus

2221 2454 2435 2509 Heurici
2467 2452 2609 2522 regis
2636 2460 2798 2520 atque
2824 2458 2955 2505 ante
2973 2463 3097 2504 eum
3123 2447 3364 2502 adducti.
3397 2445 3686 2502 Concessit
3709 2443 3806 2497 hoc

2221 2548 2381 2602 modo
2423 2547 2564 2601 Deus
2599 2543 2711 2614 regi
2765 2558 2825 2598 se
2865 2541 3072 2599 timenti
3105 2538 3391 2594 victoriam
3439 2537 3806 2597 incruentam,

2219 2639 2360 2695 sicut
2381 2636 2656 2707 quondam
2687 2633 2990 2689 Theodosio
3015 2631 3326 2701 imperatori
3356 2645 3515 2684 servo
3541 2643 3648 2682 suo
3673 2626 3808 2681 feeee

2224 2741 2330 2789 rat.
2359 2733 2416 2786 lu
2455 2733 2557 2786 hoc
2591 2729 2737 2786 enim
2769 2725 3018 2783 conﬂictu
3045 2741 3110 2780 ex
3141 2725 3255 2780 suis
3287 2723 3486 2787 nullus,
3520 2737 3590 2776 ex
3618 2721 3809 2774 adrer-

2199 2837 2279 2877 ~sa
2319 2830 2474 2891 parte
2519 2820 2609 2874 vix
2663 2817 2946 2888 sexaginta
2993 2823 3335 2871 corruerunt.
3393 2813 3576 2868 Finito
3631 2812 3810 2881 itaque

2223 2915 2326 2969 hoc
2348 2912 2600 2968 conflictu
2624 2919 2680 2966 et
2704 2922 2840 2979 pace
2872 2908 3078 2965 reddita
3109 2905 3322 2964 misera:
3347 2903 3665 2976 provinciae,
3693 2916 3812 2971 qua)

2227 3018 2362 3074 pene
2392 3017 2488 3072 per
2533 2998 2950 3070 imprudentiam
2991 2995 3206 3051 comitis
3243 2993 3486 3064 pnedicti
3527 2992 3812 3048 destructa

2223 3102 2360 3159 erat,
2395 3109 2496 3147 rex
2522 3090 2785 3145 Henricus
2832 3097 2998 3142 totam
3034 3083 3486 3140 Nortltmanniam
3530 3091 3587 3137 et
3626 3082 3812 3139 omnia

529 3191 695 3251 atque
725 3183 982 3238 ducatum
1014 3183 1442 3248 Northmauuim,
1471 3197 1633 3252 quem
1662 3182 1817 3236 fratri
1858 3199 1956 3238 suo
1985 3184 2124 3238 Wil~
2147 3176 2192 3237 C
2223 3183 2444 3239 castella
2472 3180 2690 3237 comitis
2719 3177 2974 3234 Moritolii
3019 3176 3072 3229 in
3099 3189 3255 3228 suum
3284 3171 3589 3227 dominium
3621 3185 3810 3226 susces

527 3273 689 3328 lelmo
718 3274 1114 3340 invadiaverat,
1166 3275 1374 3344 absque
1418 3273 1580 3328 ullius
1627 3271 1870 3343 pecuniae
1902 3273 2115 3328 exhibi-

527 3365 677 3420 tione
705 3366 930 3434 recepit,
958 3366 1084 3421 lieet
1123 3365 1294 3436 ipsam
1339 3380 1609 3420 summam
1637 3379 1800 3435 quam
1830 3365 1897 3419 ab
1927 3364 2116 3420 eodem

527 3457 698 3512 fratre
723 3474 822 3512 suo
848 3468 1155 3528 acceperat,
1205 3473 1387 3513 secum
1433 3457 1691 3524 haberet,
1739 3458 1868 3513 utsi
1895 3473 2118 3514 necesse

526 3557 673 3603 esset
717 3549 1052 3613 redderetur,
1083 3558 1137 3604 et
1180 3550 1223 3604 si
1263 3558 1410 3604 esset
1463 3548 1557 3618 qui
1597 3564 1720 3604 eam
1764 3550 2025 3617 exigeret,
2059 3551 2116 3606 in

527 3649 781 3707 promptu
827 3639 1071 3694 haberet.
1123 3638 1364 3694 Audiens
1408 3638 1611 3709 itaque,
1657 3639 1801 3707 quod
1853 3640 2118 3696 Henricus

527 3726 702 3782 frater
731 3743 862 3782 suus
898 3744 993 3782 rex
1022 3728 1319 3797 Anglorum
1362 3739 1508 3784 esset
1557 3731 1908 3796 constitutus,
1951 3732 2119 3801 coepit

527 3819 796 3888 indignari
825 3820 1084 3875 adversus
1111 3821 1280 3886 illum,
1305 3822 1641 3890 multumque
1663 3822 1713 3876 ei
1742 3822 2116 3892 minari,quod

529 3923 756 3979 regnum
785 3909 990 3979 Anglia:
1017 3912 1293 3981 suscipere
1327 3926 1493 3966 ausus
1542 3911 1754 3966 fuisset.
1805 3912 1917 3968 Hac
1953 3913 2118 3984 igitur

529 4001 597 4054 de
621 4015 786 4054 causa
826 4003 990 4071 cmpit
1032 4003 1305 4073 navigium
1358 4018 1664 4073 praeparare
1709 4005 1870 4072 quale
1920 4007 2112 4075 potuit.

528 4091 646 4158 Quo
675 4094 962 4165 completo,
1010 4096 1062 4150 in
1118 4097 1364 4167 Angliam
1401 4098 1673 4152 transivit.
1726 4097 1990 4154 Henricus
2019 4115 2116 4152 au-

528 4196 636 4239 tetn
664 4201 779 4251 rex,
819 4188 972 4257 cujus
1015 4188 1208 4244 fiducia
1262 4199 1370 4243 tota
1421 4198 1539 4244 erat
1585 4189 1637 4244 iu
1685 4189 1817 4255 Deo,
1863 4206 2111 4262 magnam

523 4277 824 4346 Anglorum
852 4278 1098 4333 militiam
1146 4278 1407 4335 velociter
1448 4297 1804 4352 congregans,
1851 4283 2113 4338 adversus

525 4381 651 4419 eum
683 4369 853 4432 venit,
878 4379 1100 4438 paratus
1130 4385 1254 4425 Clllll
1279 4381 1337 4426 θι
1358 4386 1548 4427 omnes
1583 4372 1674 4443 (ιιιί
1701 4389 1825 4428 cum
1855 4387 1921 4429 ΘΟ
1951 4388 2112 4428 vene-

523 4466 673 4522 rant,
705 4459 771 4513 de
803 4469 948 4513 terra
993 4461 1286 4531 Anglorum
1338 4463 1630 4532 expellere.
1662 4463 1814 4530 Quod
1845 4466 2109 4534 profecto,

2220 3276 2318 3348 pit.
2353 3274 2532 3343 Atque
2570 3274 2647 3327 ita
2696 3270 2845 3328 omni
2895 3279 3037 3323 terra
3076 3266 3287 3330 sedata,
3327 3263 3546 3318 rediens
3594 3263 3650 3316 in
3699 3262 3812 3315 An-

2219 3365 2405 3435 gliam,
2431 3361 2726 3416 Robertum
2750 3358 3006 3414 comitem
3037 3355 3261 3413 fratrem
3289 3367 3449 3409 suum
3473 3360 3530 3407 et
3551 3351 3807 3408 comitem

2219 3451 2478 3508 Moritolii
2505 3459 2560 3506 et
2595 3447 2860 3520 quosdam
2904 3445 3042 3500 alios
3085 3459 3223 3514 quos
3268 3442 3318 3497 ei
3365 3440 3592 3510 placuit,
3623 3455 3808 3495 secum

2220 3542 2469 3608 adduxit,
2499 3553 2704 3609 eosque
2739 3537 2793 3592 in
2831 3534 3004 3592 libera
3035 3533 3281 3589 custodia
3313 3544 3486 3602 usque
3513 3531 3582 3589 ad
3614 3527 3804 3584 termi-

2222 3649 2350 3688 num
2378 3633 2501 3687 vitae
2529 3644 2716 3686 eorum
2749 3626 2944 3681 tenuit.
2975 3623 3199 3678 Factum
3227 3632 3311 3676 est
3340 3631 3521 3675 autem
3553 3619 3661 3674 hoc
3696 3616 3809 3672 bet.

2219 3722 2328 3775 lum
2358 3721 2502 3792 apud
2531 3716 2936 3777 Tenerchebrai
2967 3715 3112 3770 inter
3142 3713 3433 3768 llcuricum
3475 3724 3663 3779 regem
3693 3713 3805 3762 Au-

2217 3813 2426 3884 glorum
2465 3820 2519 3866 et
2550 3811 2843 3866 ltubertum
2883 3809 3106 3862 fratrem
3151 3818 3309 3858 suum
3355 3802 3548 3857 ducem
3606 3799 3808 3854 North-

2218 3918 2561 3965 marmorum,
2613 3915 2756 3955 anno
2797 3899 2866 3954 ab
2894 3895 3280 3956 lncaruationc
3324 3891 3536 3946 Domini
3579 3889 3743 3954 “06,
3774 3905 3806 3942 v

2217 3995 2335 4051 Kal.
2362 3993 2633 4054 Octobris.
2660 3992 2858 4047 Eodem
2883 3998 3066 4044 autem
3082 4003 3247 4050 anno,
3272 3997 3461 4040 mense
3481 3980 3803 4045 Februario,

2214 4096 2453 4143 cometes
2503 4089 2847 4154 apparuerat,
2888 4079 3106 4149 regibus
3136 4075 3448 4132 ct'ducibus
3504 4070 3806 4126 mutatione

2218 4194 2506 4252 regnorum
2555 4174 2836 4230 terribilis.
2876 4170 3038 4228 Rexit
3079 4178 3259 4223 autem
3299 4165 3573 4227 [tubertus
3621 4177 3804 4218 comes

2214 4273 2468 4327 ducatqu
2515 4265 2923 4325 Northmaunire
2965 4264 3032 4318 i9
3081 4262 3264 4327 annis,
3311 4267 3543 4328 excepto
3603 4257 3800 4328 spatio,

2214 4379 2322 4434 quo
2354 4363 2408 4417 in
2448 4361 2646 4416 itinere
2687 4355 3022 4413 Hierusalem
3056 4353 3365 4410 demoratus
3409 4359 3514 4405 est.
3555 4349 3686 4403 Fuit
3718 4348 3804 4402 hic

2220 4455 2488 4510 llobertus
2520 4451 2679 4506 miles
2701 4445 3029 4503 fortissimus
3053 4454 3110 4498 et
3132 4441 3301 4496 multa
3330 4439 3586 4494 nobiliter
3611 4439 3798 4507 gessit;

523 4561 797 4606 annuente
827 4552 959 4616 Deo,
991 4553 1044 4607 in
1073 4555 1223 4608 brevi
1253 4555 1470 4624 egisset,
1502 4557 1602 4610 nisi
1627 4556 1797 4611 frater
1822 4574 1952 4613 suus
1987 4575 2108 4612 cum

2218 4543 2454 4598 maxime
2477 4540 2692 4610 quando
2724 4554 2756 4592 a
2796 4533 3112 4591 christianis
3139 4529 3429 4591 Antiochia
3454 4537 3511 4583 et
3542 4526 3801 4589 Hierusa-

523 4656 588 4695 eo
619 4642 722 4696 hoc
753 4653 912 4710 pacto
937 4645 1292 4722 concordaret
1314 4685 1327 4710 ,
1359 4655 1414 4698 ut
1469 4647 1583 4714 ipse
1626 4664 1718 4701 rex
1761 4649 1834 4702 illi
1875 4659 2112 4717 quotan-

523 4730 614 4784 nis
644 4731 810 4785 millia
855 4735 1108 4789 marchas
1161 4737 1368 4806 argenti
1425 4747 1686 4804 perpetuo
1733 4739 1906 4793 daret.
1959 4739 2108 4794 llanc

523 4834 792 4873 summam
827 4829 1004 4878 tamen
1033 4824 1174 4880 idem
1207 4842 1389 4881 comes
1418 4826 1660 4882 Matltildi
1699 4829 1895 4897 regina:
1922 4828 2107 4884 fratris

521 4911 608 4964 sui
633 4912 846 4983 conjugi
875 4917 1216 4971 condonavit.
1251 4919 1410 4974 Facta
1458 4919 1642 4988 itaque
1674 4919 1816 4974 inter
1846 4935 1941 4973 eos
1963 4935 2101 4974 con-

523 5004 748 5068 cordia,
805 5005 1082 5076 aliquanto
1129 5020 1369 5079 tempore
1430 5013 1742 5068 demoratus
1791 5024 1874 5068 est
1924 5030 2107 5068 comes

524 5094 794 5149 Rubertus
826 5097 876 5148 in
914 5098 1122 5168 Anglia.
1154 5099 1211 5155 lu
1244 5119 1347 5169 qua
1399 5115 1684 5173 postquam
1737 5105 1916 5158 tandiu
1961 5105 2102 5170 fuit,

526 5195 786 5250 quantum
811 5185 862 5239 ei
891 5185 1114 5254 placuit,
1148 5189 1200 5241 in
1229 5189 1676 5248 Nortltmauuiam
1703 5194 1983 5248 remeavit.

1109 5299 1332 5355 CAPUT
1374 5303 1510 5358 Xlll.

2214 4633 2317 4687 lem
2351 4647 2514 4700 super
2552 4630 2888 4684 Sarracenos
2917 4633 3089 4694 capta:
3129 4630 3275 4677 sunt.
3312 4621 3397 4675 Ad
3429 4619 3676 4689 regimen
3724 4627 3798 4671 ta-

2212 4737 2333 4775 men
2377 4720 2605 4774 ducatus
2651 4718 2831 4772 miuus
2878 4714 3062 4770 utilius
3113 4719 3338 4780 propter
3390 4707 3796 4778 simplicitatem

2211 4828 2363 4867 suam
2387 4822 2439 4866 et
2457 4820 2678 4880 propter
2699 4806 2923 4863 consilia
2945 4805 3109 4870 levia,
3135 4803 3338 4877 quibus
3353 4800 3584 4856 nimium
3608 4813 3796 4861 aurem

2212 4903 2677 4959 accommodabat.

2802 5011 3030 5067 CAPUT
3067 5007 3206 5064 XIV.

2216 5107 2291 5161 De
2322 5104 2552 5185 .Sibylla
2614 5099 3223 5185 απογρἰζιιεὶξυηρὺρηὶ
3266 5107 3319 5185 ες
3369 5093 3636 5185 ξνίιὶειιξιο
3684 5094 3789 5160 ﬁlio

2283 5176 2395 5243 ejus
2422 5168 2467 5226 et
2498 5173 2758 5242 quomodo
2789 5173 2922 5224 idem
2956 5169 3250 5226 thlelntus
3290 5168 3463 5234 [actus
3503 5175 3580 5218 est
3623 5179 3788 5216 comes

2291 5243 2723 5297 Flandrensium.
2946 5258 2949 5262 ·
3143 5259 3146 5262 ’

2284 5336 2415 5360 Fu...
2432 5343 2608 5360 Antam
2629 5333 2825 5360 -Λιιζαιηι
2843 5331 2905 5360 Α-
2927 5330 3008 5360 ινῖη
3023 5329 3356 5360 {linunt-«lam
3399 5324 3786 5360 οηηοῆἶιαῖιιάί-
