4044 5360
703 375 1052 438 tusronm
1092 373 1728 436 uouruuaunouun
1765 373 1944 432 LIBRI
1981 373 2184 434 ocro.
2225 359 2296 416 —'—
2323 373 2526 430 LIBER
2563 371 2906 431 OCTAVUS.

3369 373 3476 430 890

199 501 314 558 vita
343 511 508 567 quam
541 493 756 583 publica
781 495 1126 583 disponebat,
1153 507 1316 583 quam
1345 492 1462 562 ipse
1501 493 1706 546 laceret
1739 491 1784 544 si
1820 499 1862 552 Λ
1897 505 2036 555 ram,
2063 505 2226 559 quam
2253 489 2486 544 habebat
2519 503 2574 542 tn
2605 487 2996 542 Nortumannia
3031 483 3257 552 habuit;
3283 494 3336 540 ct
3368 485 3479 540 lio-

201 587 326 646 adc:
339 596 442 642 set.
457 581 608 640 Vixit
629 593 812 638 autem
843 585 900 638 in
923 581 1316 639 Northmannia
1333 591 1500 648 parvo
1523 589 1788 650 tempore,

201 676 408 734 invidia
441 685 500 731 et
527 673 762 730 factione
782 671 1140 744 quarumdam
1177 669 1436 726 nobilium
1465 669 1790 724 {culinarum

201 771 452 840 decepta.
503 768 802 823 Par-dictus
849 779 978 818 vero
1021 761 1328 818 Willelmus
1377 761 1518 818 ﬁlius
1565 761 1790 818 Robcrti

199 862 362 920 ducis
411 858 726 932 procedenti
769 865 1014 926 tempore
1047 867 1234 910 comes
1269 853 1372 908 fuit
1417 851 1784 908 Flandreusis.

203 953 360 1022 Quod
405 951 682 1022 quomodo
729 949 1012 1014 acciderit,
1057 947 1248 1016 paucis
1297 947 1622 1016 aperiamus.
1653 943 1790 1000 Cum

203 1046 374 1116 igitur
399 1045 490 1100 ille
519 1043 632 1112 jam
669 1042 884 1114 juvenis
915 1041 1096 1096 multae
1125 1039 1416 1111 probitatis
1457 1039 1512 1094 in
1559 1036 1788 1092 Francia

199 1135 538 1197 exaltaretur,
579 1144 736 1202 patre
774 1147 894 1198 suo,
940 1139 999 1185 ut
1031 1129 1142 1200 jam
1187 1129 1447 1195 diximus,
1477 1130 1530 1184 in
1560 1125 1792 1182 vinculis

203 1227 428 1281 llenrici
471 1227 616 1297 regis
653 1225 830 1296 posito
853 1265 867 1288 ,
901 1223 1106 1280 accidit
1143 1231 1204 1278 ut
1239 1221 1494 1278 Carolum
1535 1220 1790 1276 comitem

201 1319 598 1380 Flandrensem
621 1318 842 1388 quidam
875 1316 1164 1370 traditores
1194 1315 1246 1370 in
1271 1313 1526 1378 ecclesia,
1555 1313 1682 1367 dum
1709 1327 1794 1368 sa-

199 1411 314 1464 cris
355 1409 634 1480 mysteriis
683 1407 992 1472 lnteressct,
1035 1407 1370 1462 occiderent.
1415 1405 1534 1472 Quo
1581 1403 1790 1470 audito,

201 1501 393 1569 regina
427 1499 762 1558 Francorum
791 1513 928 1553 uxor
956 1497 1216 1554 Ludovici
1253 1497 1396 1568 regis
1421 1495 1568 1550 dedit
1599 1495 1794 1566 pnedi—

199 1601 296 1646 cto
325 1591 600 1646 Willeimo
642 1605 888 1646 sororem
933 1605 1086 1645 suam
1133 1603 1392 1654 uxorem;
1425 1587 1663 1643 eﬂieieus
1699 1601 1796 1656 per

203 1685 464 1744 maritum
495 1699 652 1740 suum
699 1693 760 1738 ut
801 1684 944 1740 idem
991 1697 1174 1738 comes
1218 1681 1633 1736 Flandrensium
1665 1695 1794 1735 con-

201 1779 550 1834 stitueretur.
579 1777 900 1832 Decesserat
943 1757 1088 1830 enini
1133 1773 1362 1831 Carolus
1407 1773 1614 1842 absque
1661 1770 1792 1824 ﬁlio.

1890 582 2118 653 gerium,
2155 579 2244 636 cui
2273 579 2568 636 comitatus
2615 577 2898 634 Herefordi
2936 577 3174 634 funiculo
3218 577 3478 634 distribu-

1891 673 2054 728 tionis
2083 671 2282 728 evenit.
2315 669 2516 726 Habuit
2553 671 2718 726 etiam
2745 669 2883 726 duas
2913 669 3054 725 filias
3105 683 3336 738 quarum
3367 683 3477 724 una

1891 769 2108 823 nomine
2133 767 2324 822 Emma
2347 763 2538 834 juncta
2571 773 2655 820 est
2689 763 2924 818 liodull‘o
2951 763 3019 818 de
3049 761 3250 827 Waiet,
3281 775 3479 832 genere

1887 859 2119 926 Britoni,
2157 859 2249 932 qui
2277 859 2376 914 fuit
2403 871 2586 914 comes
2609 855 3141 921 Norwiccnsis;-sed
3164 854 3254 924 qui
3286 862 3478 908 contra

1893 953 2208 1010 lidclitatem
2261 949 2520 1007 Willeltni
2594 949 2736 1020 regis
2813 948 3045 1005 senioris
3121 945 3478 1002 munitionem

1891 1045 2146 1100 Norwich
2191 1043 2482 1114 aliquando
2533 1049 2718 1096 tenere
2767 1039 3075 1102 attentavit,
3126 1033 3384 1114 eapulsus
3426 1043 3482 1088 et

1889 1135 2128 1192 extorris
2153 1135 2222 1190 de
2246 1147 2412 1204 regno
2439 1131 2646 1202 Anglia:
2667 1145 2788 1186 cum
2815 1143 2986 1184 uxore
3009 1143 3104 1183 sua
3141 1109 3479 1202 Hierusalem

1893 1227 2156 1300 perrexit,
2187 1225 2499 1296 relinquens
2521 1239 2684 1278 unam
2711 1223 2875 1279 tiliam
2907 1221 3124 1275 nemine
3151 1217 3332 1281 illam,
3361 1229 3482 1285 qua:

1893 1317 2204 1390 procedenti
2240 1325 2484 1386 tempore
2521 1313 2702 1384 nupsit
2753 1311 2990 1366 liabet-to
3038 1307 3222 1364 comiti
3279 1305 3482 1376 Legre»

1893 1411 2131 1475 cestrite,
2162 1409 2272 1464 lilio
2301 1406 2522 1463 lioberti
2556 1405 2775 1461 comitis
2801 1401 3061 1458 Mellenti.
3098 1397 3251 1456 Unde
3277 1396 3482 1451 factum

1893 1515 1980 1562 est
2031 1515 2088 1558 ιιι
2113 1503 2259 1567 Lire,
2287 1499 2432 1564 Glot,
2467 1497 2776 1562 Britolium,
2811 1503 2880 1552 ‘et
2927 1495 3218 1568 plurimam
3265 1497 3478 1562 partem

1898 1605 2059 1650 terra:
2113 1607 2274 1663 quam
2305 1589 2612 1646 Willelmus
2653 1587 2796 1642 ﬁlius
2841 1585 3069 1644 Osberni
3123 1599 3257 1638 avus
3295 1579 3484 1636 uxoris

1897 1703 2008 1741 sua:
2037 1685 2304 1740 ltabuerat
2329 1683 2384 1737 in
2415 1681 2830 1745 Nortbtnanuia,
2863 1687 2982 1748 post
3015 1685 3245 1731 mortem
3271 1671 3494 1730 Willel-'

1901 1775 1972 1832 nti
2001 1776 2068 1831 de
2095 1773 2320 1828 Iit'itolio
2349 1771 2600 1828 avunculi
2629 1771 2819 1826 uxoris
2849 1785 2960 1825 suae
2997 1767 3137 1824 idem
3165 1781 3349 1821 comes
3381 1765 3482 1819 ba-

203 1871 320 1928 Nec
345 1878 530 1924 tamen
560 1868 700 1924 idem
730 1867 1034 1925 Willelmus
1061 1867 1220 1936 longe
1241 1867 1428 1922 aberat
1461 1881 1490 1919 a
1519 1864 1794 1934 cognatis»
1827 1853 1872 1914 Β
1901 1869 2072 1924 berct.
2089 1867 2563 1921 Gcnuitautemex
2587 1879 2647 1918 ea
2663 1879 2827 1918 unum
2851 1863 3019 1916 ﬁlium
3043 1869 3098 1914 et
3119 1859 3302 1930 plures
3327 1857 3482 1910 tilias.

203 1979 278 2024 ne
312 1963 574 2022 comitum
604 1960 890 2018 Flandt‘ite.
923 1959 1060 2016 Nam
1091 1959 1362 2014 Matbildis
1391 1958 1576 2028 regina
1599 1955 1798 2026 Anglo-

203 2071 330 2112 rum
355 2055 482 2109 aria
519 2055 692 2125 ipsius
721 2054 824 2109 fuit
853 2053 960 2110 tilia
990 2052 1238 2110 Balduini
1263 2067 1384 2108 cum
1415 2050 1590 2106 Barba
1623 2048 1797 2104 comi-

201 2147 282 2204 tis
309 2145 748 2202 Flandrensium.
779 2145 878 2201 Hic
907 2161 1038 2201 vero
1060 2143 1354 2200 Balduinus
1381 2143 1518 2198 duos
1540 2141 1680 2196 illius
1705 2141 1802 2194 ba-

207 2239 360 2304 buit,
425 2239 746 2294 Balduinum
793 2249 850 2293 et
901 2237 1222 2292 Robertum.
1277 2236 1518 2302 Quorum
1571 2241 1800 2302 uterque

199 2319 440 2390 uxorem
468 2331 698 2402 accepit,
735 2329 954 2384 vivente
981 2339 1136 2400 patre
1171 2345 1382 2383 eorum.
1413 2327 1548 2380 Nam
1581 2323 1798 2380 Baldui-

199 2437 314 2479 nus
359 2423 759 2494 primogenitus
819 2421 1008 2477 habuit
1061 2421 1114 2476 in
1171 2435 1400 2474 uxorem
1461 2417 1798 2474 comitissatn

203 2515 673 2578 'Hainaucensem,
705 2529 772 2568 ex
799 2527 904 2583 qua
927 2511 1118 2584 genuit
1145 2511 1282 2566 duos
1311 2511 1484 2574 ﬁlios,
1515 2507 1796 2566 Ernnll'um

209 2617 268 2662 et
295 2607 642 2662 Balduinum.
673 2605 945 2661 Robertus
965 2613 1146 2660 autem
1169 2605 1378 2674 accepit
1404 2603 1686 2674 conjugem
1719 2617 1805 2656 re-

211 2697 399 2755 lictam
447 2697 710 2752 Florentii
763 2696 980 2752 comitis
1027 2696 1254 2759 Frisia),
1302 2709 1424 2765 quas
1468 2693 1686 2750 unicam
1735 2708 1802 2747 ex

211 2791 474 2866 praedicto
505 2788 784 2844 Florentio
820 2787 1054 2846 habebat
1095 2787 1280 2841 tiliam.
1313 2786 1486 2856 Quam
1529 2783 1804 2839 Robertus

211 2883 377 2954 longe
424 2880 608 2938 facere
655 2881 844 2939 volens
889 2897 919 2936 a
965 2889 1192 2954 paterna
1247 2879 1583 2942 haereditate,
1655 2873 1805 2929 dedit

213 2991 338 3030 eam
391 2973 809 3046 Philippo-regi
863 2973 1218 3028 Francorum.
1269 2971 1336 3026 Et
1387 2971 1460 3025 ita
1515 2969 1806 3024 comitatus

213 3067 410 3130 Frisia:
445 3069 706 3124 remansit
731 3069 782 3123 ei
808 3083 929 3123 cum
957 3075 1132 3122 matre
1159 3065 1436 3137 praedicta:
1465 3063 1672 3133 puellte,
1705 3077 1806 3115 un-

215 3163 284 3218 de
335 3161 750 3231 cognominatus
797 3171 880 3216 est
921 3159 1118 3216 Frisio.
1168 3159 1411 3214 Decessit
1452 3165 1632 3211 autem
1679 3164 1804 3208 ante

1973 1959 2166 2015 Occiso
2205 1959 2406 2028 itaque,
2449 1965 2508 2010 ut
2542 1955 2806 2019 diximus,
2837 1951 3108 2008 Willelmu
3145 1950 3256 2005 tilio
3291 1947 3492 2004 Osbcr—

1901 2049 1978 2116 ni,
2017 2047 2322 2104 Willelmus
2355 2047 2424 2102 de
2455 2045 2679 2100 Brilolio
2713 2045 2854 2098 lilius
2885 2059 3036 2108 suus,
3076 2041 3166 2112 qui
3194 2041 3244 2096 ei
3276 2054 3494 2095 succes-

1901 2147 2072 2202 serat,
2100 2138 2266 2207 coepit
2299 2135 2620 2191 calumniari
2647 2136 2902 2205 oppidum
2932 2131 3124 2198 Jureii,
3155 2131 3282 2202 quia
3314 2131 3494 2198 fuerat

1903 2231 2116 2286 Rodulli
2150 2229 2386 2296 comitis,
2431 2228 2604 2299 patris
2631 2227 2882 2281 videlicet
2912 2225 3046 2278 aviae
3084 2239 3214 2278 suae.
3249 2221 3495 2277 [iubebat

1905 2333 2083 2378 autem
2136 2331 2260 2376 tunc
2293 2323 2554 2390 temporis
2601 2319 2742 2372 idem
2791 2325 3032 2372 castrum
3082 2315 3351 2368 Robertus
3385 2311 3494 2367 dux

1905 2415 2312 2471 Northmannim
2342 2413 2396 2468 in
2425 2427 2525 2468 suo
2551 2410 2816 2475 dominio,
2851 2410 2992 2464 sicut
3023 2417 3175 2477 pater
3198 2421 3329 2460 suus
3355 2402 3496 2458 Wilv

1905 2511 2096 2566 lelmus
2125 2525 2220 2564 rex
2247 2523 2348 2578 per
2375 2520 2538 2562 omne
2565 2515 2776 2574 tempus
2814 2509 2864 2556 el
2900 2501 3024 2555 vitae
3059 2515 3170 2554 suae
3205 2497 3492 2552 habuerat.

1906 2607 2192 2662 (Justitissa
2222 2603 2367 2658 enim
2411 2598 2678 2655 Albereda
2729 2611 2866 2650 uxor
2910 2593 3126 2649 comitis
3171 2588 3392 2646 Robcrti
3440 2587 3496 2642 itt

1901 2697 2195 2769 'supercilio
2237 2692 2441 2750 montis
2479 2691 2656 2746 eidem
2695 2697 2880 2750 castro
2917 2683 3251 2743 imminentis
3299 2673 3494 2736 turrim

1909 2789 2347 2851 munitissimam,
2383 2797 2504 2856 qua:
2533 2797 2706 2853 usque
2743 2795 2887 2833 nunc
2921 2784 3192 2848 θυμω-εει,
3223 2771 3497 2829 aediﬁcare

1907 2891 2172 2953 (mperat.
2235 2877 2508 2932 Iiobertus
2555 2888 2740 2929 comes
2791 2867 3033 2926 Mellenti
3093 2865 3288 2922 tttrrim
3347 2863 3494 2918 illaut

1908 2951 2239 3034 custodiens,
2293 2965 2631 3023 vice-comitis
2677 2961 2854 3018 olilcio
2899 2961 2954 3014 in
3003 2958 3259 3030 prmdicto
3299 2951 3498 3024 oppido

1910 3065 2249 3136 fungebatur.
2299 3059 2418 3130 Egit
2467 3063 2652 3126 itaque
2691 3053 2987 3110 calliditate
3031 3047 3209 3114 solita,
3255 3053 3316 3102 ut
3356 3043 3500 3100 idem

1908 3157 2188 3212 castellum
2217 3151 2491 3208 Willeimo
2522 3149 2588 3204 de
2625 3146 2851 3202 Britolio
2883 3143 3222 3206 redderetur,
3263 3139 3367 3194 hac
3414 3143 3498 3190 ta-

217 3265 451 3311 tnortem
481 3255 652 3326 patris
701 3255 782 3310 sui
819 3255 1068 3309 Balduini
1107 3253 1404 3308 Balduinus
1443 3261 1628 3305 comes
1677 3246 1804 3301 Hai-
1835 3237 1878 3296 C
1911 3267 2034 3306 men
2065 3247 2395 3310 conditione,
2430 3253 2700 3314 quatenus
2735 3241 2851 3310 ipse
2891 3253 2988 3307 pro
3019 3251 3083 3290 eo
3109 3233 3253 3302 quod
3297 3231 3350 3286 in
3378 3229 3499 3300 ipso

217 3350 513 3408 naucensis
537 3357 592 3403 et
629 3349 892 3403 successit
920 3347 1176 3402 Ernull'us
1203 3345 1350 3402 [ilius
1393 3347 1511 3413 ejus
1539 3340 1810 3411 primogeé

217 3441 390 3500 nitus.
425 3439 667 3496 Tandem
711 3440 946 3494 obeunle
990 3438 1254 3493 Balduiuo
1291 3435 1488 3490 comite
1516 3425 1806 3495 Flandrize,

219 3547 346 3588 cum
384 3530 644 3590 Ernull'ns
675 3547 858 3586 comes
893 3529 1293 3584 llaiuaucensis
1337 3527 1562 3580 deberet
1594 3523 1642 3578 ei
1683 3537 1808 3576 sue-

221 3625 437 3688 cedere,
469 3631 655 3692 utpote
707 3635 874 3691 nepos
900 3637 965 3675 ex
1000 3617 1356 3692 primogenito
1389 3617 1500 3672 filio
1525 3614 1644 3685 ejus
1665 3623 1719 3669 et
1745 3613 1813 3668 ad

223 3715 330 3777 hoc
357 3715 540 3772 etiam'
565 3715 864 3780 niteretur,
907 3713 1188 3784 Philippus
1229 3727 1322 3767 rex
1359 3711 1692 3766 Francorum
1721 3723 1814 3761 ve-

225 3811 383 3866 niens
415 3809 470 3864 in
508 3807 769 3862 auxilium
810 3805 950 3875 ejus,
983 3813 1038 3860 et
1077 3803 1351 3859 Mathildis
1389 3803 1575 3872 regina
1618 3799 1815 3870 Anglo-

227 3915 350 3960 rum
385 3899 551 3954 amita
578 3897 697 3966 ejus
729 3897 951 3952 mittens
980 3895 1029 3951 ei
1063 3893 1392 3950 Willelmum
1422 3893 1590 3946 lilium
1613 3891 1814 3946 Usber-

227 3992 282 4052 ui
313 4005 439 4045 cum
477 3999 684 4044 armata
727 3987 958 4044 militum
987 4003 1170 4051 manu,
1201 3985 1472 4041 Bobertus
1501 3982 1678 4040 Frisiu
1717 3999 1815 4052 pn-

229 4093 386 4138 truus
416 4081 556 4151 ejus,
591 4080 847 4149 adjuncto
875 4079 1117 4136 exercitu
1149 4077 1369 4133 lleurici
1408 4075 1814 4130 Nortluuauno.

229 4189 352 4230 rum
391 4183 446 4227 et
493 4173 920 4228 Alemannorum
975 4171 1320 4240 imperatoris
1351 4170 1542 4225 cuneis
1581 4169 1718 4230 suis,
1749 4183 1815 4220 ex

229 4263 533 4335 improviso
567 4279 732 4334 super
763 4279 858 4318 eos
893 4263 1126 4328 irruens,
1154 4260 1240 4315 die
1271 4260 1550 4315 Dominica
1584 4257 1818 4327 Septua-

229 4357 470 4430 gesimze,
507 4354 691 4426 fugato
717 4353 964 4425 Philippo
993 4367 1122 4421 rege
1143 4353 1501 4418 Francorum,
1538 4347 1818 4403 Ernull‘um

230 4459 482 4520 nepotem
501 4463 656 4502 suum
684 4457 738 4502 et
759 4447 1088 4501 Willclmum
1113 4444 1282 4500 lilium
1309 4442 1536 4500 Osberni
1565 4442 1818 4496 comitem

231 4541 514 4600 lierel'ordi
540 4540 790 4612 peremit,
819 4550 874 4596 et
901 4541 1003 4594 hac
1027 4540 1092 4594 de
1120 4553 1286 4594 causa
1313 4535 1624 4591 Flattdriam
1652 4547 1824 4604 usque

233 4635 300 4694 ad
329 4651 488 4691 suum
516 4633 722 4692 obitqu
753 4633 1008 4703 possedit.
1343 4627 1348 4659 ῖ

739 4781 748 4790 ,
835 4723 1062 4781 CAPUT
1099 4723 1218 4778 XV.

261 4839 264 4842 λ
287 4819 365 4876 De
391 4817 660 4876 Willelmo
687 4819 872 4872 comite
901 4816 1182 4885 Ilerefordt'
1204 4824 1252 4870 et
1281 4813 1606 4870 sttccessioue
1632 4812 1790 4881 ἠρία.-

303 4915 603 4970 Pnedictus
626 4921 808 4966 autem
837 4909 1145 4964 Willelmus
1188 4923 1373 4965 comes
1402 4906 1685 4964 Herefordi
1721 4905 1824 4962 fuit

237 5007 318 5060 vir
360 5008 624 5062 honestus
672 5013 727 5058 et
775 5005 1013 5072 probus,
1065 5012 1122 5057 et
1186 5004 1566 5071 cognationem
1622 5000 1820 5056 ducum

239 5095 650 5156 Nortltmannia:
697 5109 802 5147 non
849 5096 1022 5148 solum
1070 5107 1139 5148 ex
1187 5100 1340 5162 parte
1385 5090 1582 5165 patris,
1635 5107 1823 5148 verum

238 5185 398 5246 etiam
437 5195 693 5259 exparte
725 5187 917 5240 matris
944 5185 1234 5254 attingens.
1269 5183 1549 5241 Osbernus
1589 5199 1828 5254 namque

236 5292 390 5310 u...n..
414 5282 529 5310 διε-ιι-
566 5278 662 5310 Γηῖι
698 5276 834 5310 lilium
879 5275 1108 5310 :L:nrr-IBI;
1143 5275 1323 5310 fil-\‘I':a
1351 5273 1626 5310 Γιιηιῖηιιῖε
1654 5277 1826 5310 ραι-εἷ..

1909 3341 2106 3428 oppido
2133 3353 2276 3394 nunc
2311 3335 2567 3399 habebat,
2597 3332 2902 3386 Britonittm
2933 3341 3043 3382 sua:
3074 3333 3234 3378 terras
3261 3321 3500 3376 vicinum

1914 3409 2198 3504 lar‘gitione
2240 3429 2395 3485 ducis
2443 3425 2666 3482 lioberti
2718 3431 2977 3494 perpetuo
3008 3417 3332 3488 possideret.
3369 3409 3504 3466 Erat

1912 3525 2058 3580 enim
2104 3525 2172 3578 ab
2217 3519 2457 3589 antiquis
2505 3511 2766 3585 temporis
2811 3511 2952 3567 idetu
2991 3505 3344 3574 municipium
3395 3519 3502 3556 una

1912 3635 1978 3674 ex
2029 3615 2266 3688 propriis
2319 3612 2538 3668 sudibus
2587 3609 2785 3664 ducum
2848 3599 3279 3659 Nortlnuannite.
3349 3593 3506 3652 Unde

1915 3726 2131 3781 semper
2173 3691 2408 3764 illud-in
2454 3721 2552 3760 suo
2605 3698 2850 3756 dominio
2881 3697 3144 3751 hactenus
3174 3691 3508 3751 habuerunt,

1916 3777 2146 3872 excepto
2196 3797 2340 3870 quod
2393 3793 2665 3852 secundus
2721 3789 3027 3844 Ricbardus
3077 3785 3252 3856 ipsum
3317 3777 3509 3834 comiti

1917 3867 2385 3952 Godelridovl‘ratri
2416 3903 2514 3943 suo
2543 3881 2777 3940 naturali
2807 3879 3060 3944 dederat,
3085 3883 3141 3930 et
3165 3887 3350 3929 comes
3384 3867 3508 3925 Gis-

1921 3988 2157 4043 lebertus
2201 3983 2342 4039 illius
2379 3979 2496 4050 ejus
2540 3985 2664 4048 post
2709 3976 2886 4046 ipsum
2925 3973 3066 4026 idem
3098 3967 3384 4028 habuerat,
3414 3961 3508 4018 sed

1920 4081 2112 4135 eodem
2140 4077 2342 4142 occiso,
2380 4074 2448 4128 ad
2496 4069 2796 4127 dominium
2851 4067 3050 4120 ducum
3101 4055 3510 4115 Norlbmanuia:

1923 4173 2181 4228 redierat.
2221 4147 2572 4239 lit-quoniam
2599 4160 2868 4232 Rugerius
2900 4157 3043 4211 [ilius
3073 4149 3326 4208 Ricbardi
3365 4149 3508 4202 idem

1923 4273 2160 4320 castrum
2183 4261 2483 4330 repetebat,
2501 4255 2628 4324 quia
2659 4269 2793 4308 avus
2817 4263 2946 4306 suus
2972 4259 3157 4302 comes
3175 4241 3516 4297 Gislebertus

1925 4355 2177 4426 idipsam.
2212 4326 2354 4406 sicut
2377 4348 2579 4402 dictum
2611 4349 2718 4406 est,
2747 4347 2908 4394 antea
2935 4332 3274 4406 possederat,
3303 4326 3516 4383 Rober-

1927 4457 2014 4503 tus
2049 4459 2236 4500 comes
2265 4435 2501 4494 hlellenti
2549 4433 2698 4491 omni
2749 4426 3126 4500 inquietudine
3170 4433 3358 4477 carere
3390 4431 3512 4488 ges.

1929 4539 2090 4602 tietts,
2123 4534 2235 4604 egit
2263 4529 2404 4602 apud
2440 4529 2630 4582 ducem
2657 4523 2981 4582 Robertum,
3013 4523 3072 4570 ut
3096 4512 3366 4586 quoddam
3391 4523 3515 4604 mu-

1929 4597 2187 4696 nicipium
2213 4597 2580 4690 nuncupatum
2612 4615 2690 4671 l-lu
2703 4621 2901 4668 metum
2925 4609 3087 4664 situm
3115 4605 3166 4658 itt
3200 4597 3516 4658 Constanti-

1926 4689 2104 4776 niensi
2129 4689 2415 4781 comitatu,
2437 4709 2662 4764 daretur
2688 4703 2923 4777 Rogerio
2952 4700 3063 4755 lilio
3093 4693 3372 4760 Richardi,
3405 4689 3512 4746 non

1927 4809 2102 4866 solum
2135 4825 2234 4879 pro
2257 4807 2345 4862 illa
2375 4799 2645 4859 calumnia
2673 4793 2961 4868 SOpienda,
2987 4803 3175 4846 verum
3219 4786 3383 4842 etiam
3415 4797 3515 4854 prt.

1929 4905 2148 4964 minima
2175 4899 2419 4977 pecunia:
2444 4909 2659 4952 summa
2681 4905 2844 4963 quam
2866 4884 3133 4960 Rogerius
3161 4881 3266 4936 ltac
3292 4877 3358 4933 de
3384 4891 3518 4930 cau—

1929 5017 1987 5057 sa
2028 4999 2151 5054 duci
2178 4969 2514 5055 contulerat.
2567 4985 2710 5041 Sunt
2755 4984 3106 5050 antiquorum
3155 4970 3374 5045 plurimi
3423 4969 3518 5038 qui

1929 5093 2117 5151 dicant
2144 5090 2285 5162 quod
2328 5077 2630 5137 Ricltardus
2669 5085 2828 5148 pater
2861 5069 3078 5144 Rogerii
3112 5081 3214 5138 pro
3245 5059 3523 5162 repetitio.-

1933 5199 2002 5241 ue
2033 5149 2281 5253 ejusdem
2315 5171 2482 5231 castri
2516 5169 2718 5225 dudum
2748 5169 2801 5224 in
2829 5165 3022 5237 Anglia
3051 5165 3338 5232 acceperat
3365 5149 3525 5224 oppi'.

1932 5243 2438 5310 ,ι...η’νιπη..οιιιιι-σρ-
2480 5264 2785 5310 asserentes
2811 5258 3019 5310 leucam
3045 5247 3252 5308 Brionii
3287 5261 3409 5301 cum
3443 5243 3526 5298 ru-
