  <div class='ocr_page' id='page_1' title='image "/cluster/home/n/w/nwhite01/storage/ocr_20150623/149/hvd.32044015473770/452.png"; bbox 0 0 4044 5360; ppageno 0'>
   <div class='ocr_carea' id='block_1_1' title="bbox 155 182 256 237">
    <p class='ocr_par' dir='ltr' id='par_1_1' title="bbox 155 182 256 237">
     <span class='ocr_line' id='line_1_1' title="bbox 155 182 256 237; baseline 0 -1"><span class='ocrx_word' id='word_1_1' title='bbox 155 182 256 237; x_wconf 62' lang='lat'><strong>893</strong></span> 
     </span>
    </p>
   </div>
   <div class='ocr_carea' id='block_1_2' title="bbox 658 176 2826 240">
    <p class='ocr_par' dir='ltr' id='par_1_2' title="bbox 658 176 2826 240">
     <span class='ocr_line' id='line_1_2' title="bbox 658 176 2826 240; baseline -0.002 -3"><span class='ocrx_word' id='word_1_2' title='bbox 658 180 1005 238; x_wconf 56' lang='lat' dir='ltr'><strong>HISTORIA}</strong></span> <span class='ocrx_word' id='word_1_3' title='bbox 1033 180 1666 240; x_wconf 69' lang='lat' dir='ltr'><strong>NORTIIIIANNORUM</strong></span> <span class='ocrx_word' id='word_1_4' title='bbox 1700 180 1879 237; x_wconf 75' lang='lat' dir='ltr'><strong>LIBRI</strong></span> <span class='ocrx_word' id='word_1_5' title='bbox 1912 178 2116 236; x_wconf 88' lang='lat' dir='ltr'><strong>OCTO.</strong></span> <span class='ocrx_word' id='word_1_6' title='bbox 2149 210 2216 220; x_wconf 97' lang='lat'>—</span> <span class='ocrx_word' id='word_1_7' title='bbox 2252 177 2451 233; x_wconf 79' lang='lat' dir='ltr'><strong>LIBER</strong></span> <span class='ocrx_word' id='word_1_8' title='bbox 2482 176 2826 233; x_wconf 73' lang='lat' dir='ltr'><strong>OCTAVUS.</strong></span> 
     </span>
    </p>
   </div>
   <div class='ocr_carea' id='block_1_3' title="bbox 3317 179 3420 232">
    <p class='ocr_par' dir='ltr' id='par_1_3' title="bbox 3317 179 3420 232">
     <span class='ocr_line' id='line_1_3' title="bbox 3317 179 3420 232; baseline -0.029 0"><span class='ocrx_word' id='word_1_9' title='bbox 3317 179 3420 232; x_wconf 62' lang='lat'><strong>896</strong></span> 
     </span>
    </p>
   </div>
   <div class='ocr_carea' id='block_1_4' title="bbox 156 294 3422 382">
    <p class='ocr_par' dir='ltr' id='par_1_4' title="bbox 156 294 3422 382">
     <span class='ocr_line' id='line_1_4' title="bbox 156 294 3422 382; baseline -0.002 -28"><span class='ocrx_word' id='word_1_10' title='bbox 156 317 259 354; x_wconf 85' lang='lat' dir='ltr'><strong>non</strong></span> <span class='ocrx_word' id='word_1_11' title='bbox 298 309 356 355; x_wconf 91' lang='lat' dir='ltr'><strong>et</strong></span> <span class='ocrx_word' id='word_1_12' title='bbox 380 302 654 370; x_wconf 73' lang='lat' dir='ltr'><strong>equitibus</strong></span> <span class='ocrx_word' id='word_1_13' title='bbox 683 303 999 374; x_wconf 83' lang='lat' dir='ltr'><strong>sagittariis,</strong></span> <span class='ocrx_word' id='word_1_14' title='bbox 1036 319 1265 373; x_wconf 90' lang='lat' dir='ltr'><strong>quorum</strong></span> <span class='ocrx_word' id='word_1_15' title='bbox 1295 302 1425 358; x_wconf 89' lang='lat' dir='ltr'><strong>inibi</strong></span> <span class='ocrx_word' id='word_1_16' title='bbox 1456 302 1732 358; x_wconf 78' lang='lat' dir='ltr'><strong>exercitus</strong></span> <span class='ocrx_word' id='word_1_17' title='bbox 1759 304 1807 362; x_wconf 77' lang='grc' dir='ltr'>Α</span> <span class='ocrx_word' id='word_1_18' title='bbox 1837 298 2089 367; x_wconf 79' lang='lat' dir='ltr'><strong>princeps</strong></span> <span class='ocrx_word' id='word_1_19' title='bbox 2118 297 2231 351; x_wconf 91' lang='lat' dir='ltr'><strong>suis</strong></span> <span class='ocrx_word' id='word_1_20' title='bbox 2250 304 2253 307; x_wconf 80' lang='lat'><em>‘</em></span> <span class='ocrx_word' id='word_1_21' title='bbox 2272 296 2557 367; x_wconf 73' lang='lat' dir='ltr'><strong>stipendiis</strong></span> <span class='ocrx_word' id='word_1_22' title='bbox 2603 296 2935 351; x_wconf 85' lang='lat' dir='ltr'><strong>sullicienter</strong></span> <span class='ocrx_word' id='word_1_23' title='bbox 2972 295 3149 349; x_wconf 88' lang='lat' dir='ltr'><strong>alebat</strong></span> <span class='ocrx_word' id='word_1_24' title='bbox 3175 302 3229 348; x_wconf 90' lang='lat' dir='ltr'><strong>et</strong></span> <span class='ocrx_word' id='word_1_25' title='bbox 3256 294 3422 382; x_wconf 40' lang='lat' dir='ltr'><strong>don-3:</strong></span> 
     </span>
    </p>
   </div>
   <div class='ocr_carea' id='block_1_5' title="bbox 155 392 1732 461">
    <p class='ocr_par' dir='ltr' id='par_1_5' title="bbox 155 392 1732 461">
     <span class='ocr_line' id='line_1_5' title="bbox 155 392 1732 461; baseline 0.002 -17"><span class='ocrx_word' id='word_1_26' title='bbox 155 392 337 461; x_wconf 82' lang='lat' dir='ltr'><strong>regius</strong></span> <span class='ocrx_word' id='word_1_27' title='bbox 373 394 665 448; x_wconf 84' lang='lat' dir='ltr'><strong>maximam</strong></span> <span class='ocrx_word' id='word_1_28' title='bbox 709 395 1113 449; x_wconf 89' lang='lat' dir='ltr'><strong>multitudinem</strong></span> <span class='ocrx_word' id='word_1_29' title='bbox 1141 394 1393 456; x_wconf 87' lang='lat' dir='ltr'><strong>habebat,</strong></span> <span class='ocrx_word' id='word_1_30' title='bbox 1441 394 1494 448; x_wconf 91' lang='lat' dir='ltr'><strong>in</strong></span> <span class='ocrx_word' id='word_1_31' title='bbox 1541 395 1732 448; x_wconf 84' lang='lat' dir='ltr'><strong>dextra</strong></span> 
     </span>
    </p>
   </div>
   <div class='ocr_carea' id='block_1_6' title="bbox 130 484 1737 553">
    <p class='ocr_par' dir='ltr' id='par_1_6' title="bbox 130 484 1737 553">
     <span class='ocr_line' id='line_1_6' title="bbox 130 484 1737 553; baseline 0.001 -14"><span class='ocrx_word' id='word_1_32' title='bbox 130 493 303 553; x_wconf 85' lang='lat' dir='ltr'><strong>parte</strong></span> <span class='ocrx_word' id='word_1_33' title='bbox 349 484 585 539; x_wconf 84' lang='lat' dir='ltr'><strong>hostium</strong></span> <span class='ocrx_word' id='word_1_34' title='bbox 627 486 943 553; x_wconf 76' lang='lat' dir='ltr'><strong>praemissis,</strong></span> <span class='ocrx_word' id='word_1_35' title='bbox 974 486 1177 540; x_wconf 83' lang='lat' dir='ltr'><strong>clamor</strong></span> <span class='ocrx_word' id='word_1_36' title='bbox 1208 497 1263 540; x_wconf 91' lang='lat' dir='ltr'><strong>ut</strong></span> <span class='ocrx_word' id='word_1_37' title='bbox 1296 487 1347 539; x_wconf 93' lang='lat' dir='ltr'><strong>itt</strong></span> <span class='ocrx_word' id='word_1_38' title='bbox 1375 486 1531 540; x_wconf 75' lang='lat' dir='ltr'><strong>initio</strong></span> <span class='ocrx_word' id='word_1_39' title='bbox 1567 484 1737 540; x_wconf 84' lang='lat' dir='ltr'><strong>bello-</strong></span> 
     </span>
    </p>
   </div>
   <div class='ocr_carea' id='block_1_7' title="bbox 152 572 1733 644">
    <p class='ocr_par' dir='ltr' id='par_1_7' title="bbox 152 572 1733 644">
     <span class='ocr_line' id='line_1_7' title="bbox 152 572 1733 644; baseline 0.003 -19"><span class='ocrx_word' id='word_1_40' title='bbox 152 588 265 625; x_wconf 87' lang='lat' dir='ltr'><strong>rum</strong></span> <span class='ocrx_word' id='word_1_41' title='bbox 298 572 437 629; x_wconf 87' lang='lat' dir='ltr'><strong>solet</strong></span> <span class='ocrx_word' id='word_1_42' title='bbox 469 574 610 637; x_wconf 81' lang='lat' dir='ltr'><strong>Iieri,</strong></span> <span class='ocrx_word' id='word_1_43' title='bbox 641 576 897 644; x_wconf 89' lang='lat' dir='ltr'><strong>utrinque</strong></span> <span class='ocrx_word' id='word_1_44' title='bbox 943 576 1228 630; x_wconf 91' lang='lat' dir='ltr'><strong>attollitur.</strong></span> <span class='ocrx_word' id='word_1_45' title='bbox 1292 576 1397 630; x_wconf 85' lang='lat' dir='ltr'><strong>Sed</strong></span> <span class='ocrx_word' id='word_1_46' title='bbox 1441 585 1733 643; x_wconf 76' lang='lat' dir='ltr'><strong>antequam</strong></span> 
     </span>
    </p>
   </div>
   <div class='ocr_carea' id='block_1_8' title="bbox 150 663 1732 736">
    <p class='ocr_par' dir='ltr' id='par_1_8' title="bbox 150 663 1732 736">
     <span class='ocr_line' id='line_1_8' title="bbox 150 663 1732 736; baseline 0.004 -22"><span class='ocrx_word' id='word_1_47' title='bbox 150 663 383 717; x_wconf 81' lang='lat' dir='ltr'><strong>militum</strong></span> <span class='ocrx_word' id='word_1_48' title='bbox 418 665 576 718; x_wconf 86' lang='lat' dir='ltr'><strong>cunei</strong></span> <span class='ocrx_word' id='word_1_49' title='bbox 616 665 995 736; x_wconf 83' lang='lat' dir='ltr'><strong>jungerentur,</strong></span> <span class='ocrx_word' id='word_1_50' title='bbox 1044 680 1171 736; x_wconf 78' lang='lat' dir='ltr'><strong>pars</strong></span> <span class='ocrx_word' id='word_1_51' title='bbox 1214 667 1428 721; x_wconf 84' lang='lat' dir='ltr'><strong>comitis</strong></span> <span class='ocrx_word' id='word_1_52' title='bbox 1475 668 1732 721; x_wconf 80' lang='lat' dir='ltr'><strong>instantia</strong></span> 
     </span>
    </p>
   </div>
   <div class='ocr_carea' id='block_1_9' title="bbox 150 752 1735 822">
    <p class='ocr_par' dir='ltr' id='par_1_9' title="bbox 150 752 1735 822">
     <span class='ocr_line' id='line_1_9' title="bbox 150 752 1735 822; baseline 0.003 -17"><span class='ocrx_word' id='word_1_53' title='bbox 150 752 576 819; x_wconf 78' lang='lat' dir='ltr'><strong>sagittariorum,</strong></span> <span class='ocrx_word' id='word_1_54' title='bbox 614 754 705 822; x_wconf 86' lang='lat' dir='ltr'><strong>qui</strong></span> <span class='ocrx_word' id='word_1_55' title='bbox 755 769 877 808; x_wconf 92' lang='lat' dir='ltr'><strong>eam</strong></span> <span class='ocrx_word' id='word_1_56' title='bbox 930 754 985 808; x_wconf 90' lang='lat' dir='ltr'><strong>in</strong></span> <span class='ocrx_word' id='word_1_57' title='bbox 1041 755 1271 820; x_wconf 75' lang='lat' dir='ltr'><strong>dextris,</strong></span> <span class='ocrx_word' id='word_1_58' title='bbox 1327 754 1421 809; x_wconf 91' lang='lat' dir='ltr'><strong>ubi</strong></span> <span class='ocrx_word' id='word_1_59' title='bbox 1472 756 1735 811; x_wconf 79' lang='lat' dir='ltr'><strong>carebant</strong></span> 
     </span>
    </p>
   </div>
   <div class='ocr_carea' id='block_1_10' title="bbox 147 842 1733 915">
    <p class='ocr_par' dir='ltr' id='par_1_10' title="bbox 147 842 1733 915">
     <span class='ocr_line' id='line_1_10' title="bbox 147 842 1733 915; baseline 0.003 -20"><span class='ocrx_word' id='word_1_60' title='bbox 147 842 487 910; x_wconf 87' lang='lat' dir='ltr'><strong>protectione</strong></span> <span class='ocrx_word' id='word_1_61' title='bbox 533 842 869 913; x_wconf 75' lang='lat' dir='ltr'><strong>clypeorum,</strong></span> <span class='ocrx_word' id='word_1_62' title='bbox 922 844 1131 915; x_wconf 80' lang='lat' dir='ltr'><strong>absque</strong></span> <span class='ocrx_word' id='word_1_63' title='bbox 1180 844 1475 903; x_wconf 84' lang='lat' dir='ltr'><strong>intervallo</strong></span> <span class='ocrx_word' id='word_1_64' title='bbox 1510 846 1733 914; x_wconf 73' lang='lat' dir='ltr'><strong>sagizta-</strong></span> 
     </span>
    </p>
   </div>
   <div class='ocr_carea' id='block_1_11' title="bbox 147 933 1733 1007">
    <p class='ocr_par' dir='ltr' id='par_1_11' title="bbox 147 933 1733 1007">
     <span class='ocr_line' id='line_1_11' title="bbox 147 933 1733 1007; baseline 0.004 -22"><span class='ocrx_word' id='word_1_65' title='bbox 147 933 299 997; x_wconf 83' lang='lat' dir='ltr'><strong>bant,</strong></span> <span class='ocrx_word' id='word_1_66' title='bbox 323 951 460 1002; x_wconf 90' lang='lat' dir='ltr'><strong>pene</strong></span> <span class='ocrx_word' id='word_1_67' title='bbox 493 934 787 991; x_wconf 89' lang='lat' dir='ltr'><strong>defecerat.</strong></span> <span class='ocrx_word' id='word_1_68' title='bbox 822 937 1141 1006; x_wconf 77' lang='lat' dir='ltr'><strong>Spaciosum</strong></span> <span class='ocrx_word' id='word_1_69' title='bbox 1170 946 1315 992; x_wconf 83' lang='lat' dir='ltr'><strong>esset</strong></span> <span class='ocrx_word' id='word_1_70' title='bbox 1346 938 1425 992; x_wconf 83' lang='lat' dir='ltr'><strong>ire</strong></span> <span class='ocrx_word' id='word_1_71' title='bbox 1477 952 1573 1007; x_wconf 91' lang='lat' dir='ltr'><strong>per</strong></span> <span class='ocrx_word' id='word_1_72' title='bbox 1621 937 1733 992; x_wconf 87' lang='lat' dir='ltr'><strong>sin-</strong></span> 
     </span>
    </p>
   </div>
   <div class='ocr_carea' id='block_1_12' title="bbox 146 1022 1729 1090">
    <p class='ocr_par' dir='ltr' id='par_1_12' title="bbox 146 1022 1729 1090">
     <span class='ocr_line' id='line_1_12' title="bbox 146 1022 1729 1090; baseline 0.006 -18"><span class='ocrx_word' id='word_1_73' title='bbox 146 1022 287 1090; x_wconf 78' lang='lat' dir='ltr'><strong>gula,</strong></span> <span class='ocrx_word' id='word_1_74' title='bbox 341 1026 435 1078; x_wconf 88' lang='lat' dir='ltr'><strong>sed</strong></span> <span class='ocrx_word' id='word_1_75' title='bbox 486 1040 587 1079; x_wconf 90' lang='lat' dir='ltr'><strong>nos</strong></span> <span class='ocrx_word' id='word_1_76' title='bbox 629 1025 693 1079; x_wconf 87' lang='lat' dir='ltr'><strong>ad</strong></span> <span class='ocrx_word' id='word_1_77' title='bbox 744 1034 941 1080; x_wconf 71' lang='lat' dir='ltr'><strong>cattera</strong></span> <span class='ocrx_word' id='word_1_78' title='bbox 982 1025 1302 1082; x_wconf 83' lang='lat' dir='ltr'><strong>festinantes</strong></span> <span class='ocrx_word' id='word_1_79' title='bbox 1348 1028 1425 1082; x_wconf 87' lang='lat' dir='ltr'><strong>rei</strong></span> <span class='ocrx_word' id='word_1_80' title='bbox 1477 1036 1729 1082; x_wconf 82' lang='lat' dir='ltr'><strong>eventum</strong></span> 
     </span>
    </p>
   </div>
   <div class='ocr_carea' id='block_1_13' title="bbox 144 1113 769 1169">
    <p class='ocr_par' dir='ltr' id='par_1_13' title="bbox 144 1113 769 1169">
     <span class='ocr_line' id='line_1_13' title="bbox 144 1113 769 1169; baseline 0.005 -3"><span class='ocrx_word' id='word_1_81' title='bbox 144 1113 421 1168; x_wconf 85' lang='lat' dir='ltr'><strong>succincte</strong></span> <span class='ocrx_word' id='word_1_82' title='bbox 451 1116 769 1169; x_wconf 78' lang='lat' dir='ltr'><strong>enodantus.</strong></span> 
     </span>
    </p>
   </div>
   <div class='ocr_carea' id='block_1_14' title="bbox 213 1202 1734 1277">
    <p class='ocr_par' dir='ltr' id='par_1_14' title="bbox 213 1202 1734 1277">
     <span class='ocr_line' id='line_1_14' title="bbox 213 1202 1734 1277; baseline 0.004 -22"><span class='ocrx_word' id='word_1_83' title='bbox 213 1202 353 1257; x_wconf 86' lang='lat' dir='ltr'><strong>luito</strong></span> <span class='ocrx_word' id='word_1_84' title='bbox 405 1205 584 1273; x_wconf 81' lang='lat' dir='ltr'><strong>itaque</strong></span> <span class='ocrx_word' id='word_1_85' title='bbox 632 1208 956 1271; x_wconf 86' lang='lat' dir='ltr'><strong>certamine,</strong></span> <span class='ocrx_word' id='word_1_86' title='bbox 1013 1210 1355 1276; x_wconf 78' lang='lat' dir='ltr'><strong>postmodum</strong></span> <span class='ocrx_word' id='word_1_87' title='bbox 1412 1218 1605 1277; x_wconf 83' lang='lat' dir='ltr'><strong>captus</strong></span> <span class='ocrx_word' id='word_1_88' title='bbox 1650 1216 1734 1264; x_wconf 87' lang='lat' dir='ltr'><strong>est</strong></span> 
     </span>
    </p>
   </div>
   <div class='ocr_carea' id='block_1_15' title="bbox 144 1295 1731 1367">
    <p class='ocr_par' dir='ltr' id='par_1_15' title="bbox 144 1295 1731 1367">
     <span class='ocr_line' id='line_1_15' title="bbox 144 1295 1731 1367; baseline 0.004 -20"><span class='ocrx_word' id='word_1_89' title='bbox 144 1310 330 1349; x_wconf 87' lang='lat' dir='ltr'><strong>comes</strong></span> <span class='ocrx_word' id='word_1_90' title='bbox 381 1295 779 1360; x_wconf 82' lang='lat' dir='ltr'><strong>Walerannus;</strong></span> <span class='ocrx_word' id='word_1_91' title='bbox 820 1300 965 1367; x_wconf 88' lang='lat' dir='ltr'><strong>capti</strong></span> <span class='ocrx_word' id='word_1_92' title='bbox 1013 1309 1142 1353; x_wconf 90' lang='lat' dir='ltr'><strong>sunt</strong></span> <span class='ocrx_word' id='word_1_93' title='bbox 1192 1301 1359 1354; x_wconf 89' lang='lat' dir='ltr'><strong>etiant</strong></span> <span class='ocrx_word' id='word_1_94' title='bbox 1410 1316 1600 1354; x_wconf 89' lang='lat' dir='ltr'><strong>omnes</strong></span> <span class='ocrx_word' id='word_1_95' title='bbox 1658 1299 1731 1354; x_wconf 90' lang='lat' dir='ltr'><strong>illi</strong></span> 
     </span>
    </p>
   </div>
   <div class='ocr_carea' id='block_1_16' title="bbox 144 1384 1731 1459">
    <p class='ocr_par' dir='ltr' id='par_1_16' title="bbox 144 1384 1731 1459">
     <span class='ocr_line' id='line_1_16' title="bbox 144 1384 1731 1459; baseline 0.005 -24"><span class='ocrx_word' id='word_1_96' title='bbox 144 1384 337 1438; x_wconf 88' lang='lat' dir='ltr'><strong>famosi</strong></span> <span class='ocrx_word' id='word_1_97' title='bbox 369 1394 421 1440; x_wconf 88' lang='lat' dir='ltr'><strong>et</strong></span> <span class='ocrx_word' id='word_1_98' title='bbox 451 1387 647 1441; x_wconf 78' lang='lat' dir='ltr'><strong>divites</strong></span> <span class='ocrx_word' id='word_1_99' title='bbox 671 1388 872 1443; x_wconf 86' lang='lat' dir='ltr'><strong>milites</strong></span> <span class='ocrx_word' id='word_1_100' title='bbox 915 1390 1005 1458; x_wconf 92' lang='lat' dir='ltr'><strong>qui</strong></span> <span class='ocrx_word' id='word_1_101' title='bbox 1024 1389 1142 1457; x_wconf 85' lang='lat' dir='ltr'><strong>ejus</strong></span> <span class='ocrx_word' id='word_1_102' title='bbox 1166 1391 1315 1459; x_wconf 87' lang='lat' dir='ltr'><strong>sigtta</strong></span> <span class='ocrx_word' id='word_1_103' title='bbox 1342 1389 1731 1459; x_wconf 77' lang='lat' dir='ltr'><strong>sequebantur,</strong></span> 
     </span>
    </p>
   </div>
   <div class='ocr_carea' id='block_1_17' title="bbox 142 1476 1729 1547">
    <p class='ocr_par' dir='ltr' id='par_1_17' title="bbox 142 1476 1729 1547">
     <span class='ocr_line' id='line_1_17' title="bbox 142 1476 1729 1547; baseline 0.003 -20"><span class='ocrx_word' id='word_1_104' title='bbox 142 1476 267 1530; x_wconf 76' lang='lat' dir='ltr'><strong>licet</strong></span> <span class='ocrx_word' id='word_1_105' title='bbox 298 1476 485 1545; x_wconf 82' lang='lat' dir='ltr'><strong>aliqui,</strong></span> <span class='ocrx_word' id='word_1_106' title='bbox 522 1487 807 1547; x_wconf 81' lang='lat' dir='ltr'><strong>postquam</strong></span> <span class='ocrx_word' id='word_1_107' title='bbox 855 1479 908 1533; x_wconf 91' lang='lat' dir='ltr'><strong>itt</strong></span> <span class='ocrx_word' id='word_1_108' title='bbox 960 1495 1153 1533; x_wconf 87' lang='lat' dir='ltr'><strong>manus</strong></span> <span class='ocrx_word' id='word_1_109' title='bbox 1180 1482 1416 1534; x_wconf 87' lang='lat' dir='ltr'><strong>hostium</strong></span> <span class='ocrx_word' id='word_1_110' title='bbox 1447 1488 1729 1543; x_wconf 87' lang='lat' dir='ltr'><strong>venerunt,</strong></span> 
     </span>
    </p>
   </div>
   <div class='ocr_carea' id='block_1_18' title="bbox 141 1570 1729 1639">
    <p class='ocr_par' dir='ltr' id='par_1_18' title="bbox 141 1570 1729 1639">
     <span class='ocr_line' id='line_1_18' title="bbox 141 1570 1729 1639; baseline 0.001 -18"><span class='ocrx_word' id='word_1_111' title='bbox 141 1570 605 1624; x_wconf 74' lang='lat' dir='ltr'><strong>consentientibus</strong></span> <span class='ocrx_word' id='word_1_112' title='bbox 649 1572 972 1639; x_wconf 88' lang='lat' dir='ltr'><strong>quibusdam</strong></span> <span class='ocrx_word' id='word_1_113' title='bbox 1022 1588 1243 1627; x_wconf 90' lang='lat' dir='ltr'><strong>suorum</strong></span> <span class='ocrx_word' id='word_1_114' title='bbox 1273 1574 1729 1638; x_wconf 86' lang='lat' dir='ltr'><strong>necessariorum,</strong></span> 
     </span>
    </p>
   </div>
   <div class='ocr_carea' id='block_1_19' title="bbox 1839 385 3194 448">
    <p class='ocr_par' dir='ltr' id='par_1_19' title="bbox 1839 385 3194 448">
     <span class='ocr_line' id='line_1_19' title="bbox 1839 385 3194 448; baseline -0.004 -6"><span class='ocrx_word' id='word_1_115' title='bbox 1839 388 1961 442; x_wconf 85' lang='lat' dir='ltr'><strong>tivis</strong></span> <span class='ocrx_word' id='word_1_116' title='bbox 1993 396 2304 441; x_wconf 83' lang='lat' dir='ltr'><strong>muneratos</strong></span> <span class='ocrx_word' id='word_1_117' title='bbox 2345 386 2667 448; x_wconf 74' lang='lat' dir='ltr'><strong>honorabat,</strong></span> <span class='ocrx_word' id='word_1_118' title='bbox 2700 385 2806 439; x_wconf 92' lang='lat' dir='ltr'><strong>illis</strong></span> <span class='ocrx_word' id='word_1_119' title='bbox 2833 385 3194 440; x_wconf 81' lang='lat' dir='ltr'><strong>obsistebant.</strong></span> 
     </span>
    </p>
   </div>
   <div class='ocr_carea' id='block_1_20' title="bbox 2400 499 2853 555">
    <p class='ocr_par' dir='ltr' id='par_1_20' title="bbox 2400 499 2853 555">
     <span class='ocr_line' id='line_1_20' title="bbox 2400 499 2853 555; baseline -0.004 -1"><span class='ocrx_word' id='word_1_120' title='bbox 2400 499 2628 555; x_wconf 64' lang='lat' dir='ltr'><strong>CAPUT</strong></span> <span class='ocrx_word' id='word_1_121' title='bbox 2666 500 2853 553; x_wconf 85' lang='lat' dir='ltr'><strong>XXIII.</strong></span> 
     </span>
    </p>
   </div>
   <div class='ocr_carea' id='block_1_21' title="bbox 1838 588 3420 660">
    <p class='ocr_par' dir='ltr' id='par_1_21' title="bbox 1838 588 3420 660">
     <span class='ocr_line' id='line_1_21' title="bbox 1838 588 3420 660; baseline -0.002 -14"><span class='ocrx_word' id='word_1_122' title='bbox 1838 593 1978 660; x_wconf 78' lang='lat' dir='ltr'><strong>Quid</strong></span> <span class='ocrx_word' id='word_1_123' title='bbox 2015 594 2078 645; x_wconf 84' lang='lat' dir='ltr'><strong>de</strong></span> <span class='ocrx_word' id='word_1_124' title='bbox 2108 592 2389 659; x_wconf 76' lang='lat' dir='ltr'><strong>trapazetis</strong></span> <span class='ocrx_word' id='word_1_125' title='bbox 2433 608 2525 659; x_wconf 81' lang='lat' dir='ltr'><strong>per</strong></span> <span class='ocrx_word' id='word_1_126' title='bbox 2565 608 2766 644; x_wconf 84' lang='lat' dir='ltr'><strong>omnem</strong></span> <span class='ocrx_word' id='word_1_127' title='bbox 2807 591 2914 658; x_wconf 72' lang='lat' dir='ltr'><strong>fere</strong></span> <span class='ocrx_word' id='word_1_128' title='bbox 2948 588 3200 657; x_wconf 77' lang='lat' dir='ltr'><strong>Angliam</strong></span> <span class='ocrx_word' id='word_1_129' title='bbox 3233 589 3420 659; x_wconf 71' lang='lat' dir='ltr'><strong>depra-</strong></span> 
     </span>
    </p>
   </div>
   <div class='ocr_carea' id='block_1_22' title="bbox 2156 660 3098 730">
    <p class='ocr_par' dir='ltr' id='par_1_22' title="bbox 2156 660 3098 730">
     <span class='ocr_line' id='line_1_22' title="bbox 2156 660 3098 730; baseline -0.004 -14"><span class='ocrx_word' id='word_1_130' title='bbox 2156 663 2291 716; x_wconf 80' lang='lat' dir='ltr'><strong>ratis</strong></span> <span class='ocrx_word' id='word_1_131' title='bbox 2323 662 2384 715; x_wconf 85' lang='lat' dir='ltr'><strong>ob</strong></span> <span class='ocrx_word' id='word_1_132' title='bbox 2424 678 2656 715; x_wconf 81' lang='lat' dir='ltr'><strong>antorem</strong></span> <span class='ocrx_word' id='word_1_133' title='bbox 2690 660 2915 730; x_wconf 77' lang='lat' dir='ltr'><strong>justitia:</strong></span> <span class='ocrx_word' id='word_1_134' title='bbox 2954 660 3098 729; x_wconf 79' lang='lat' dir='ltr'><strong>fecit.</strong></span> 
     </span>
    </p>
   </div>
   <div class='ocr_carea' id='block_1_23' title="bbox 1905 746 3419 822">
    <p class='ocr_par' dir='ltr' id='par_1_23' title="bbox 1905 746 3419 822">
     <span class='ocr_line' id='line_1_23' title="bbox 1905 746 3419 822; baseline -0.003 -16"><span class='ocrx_word' id='word_1_135' title='bbox 1905 752 2155 807; x_wconf 76' lang='lat' dir='ltr'><strong>Referam</strong></span> <span class='ocrx_word' id='word_1_136' title='bbox 2207 751 2463 822; x_wconf 88' lang='lat' dir='ltr'><strong>quiddam</strong></span> <span class='ocrx_word' id='word_1_137' title='bbox 2516 750 2658 819; x_wconf 90' lang='lat' dir='ltr'><strong>quod</strong></span> <span class='ocrx_word' id='word_1_138' title='bbox 2714 750 2933 813; x_wconf 87' lang='lat' dir='ltr'><strong>accidit,</strong></span> <span class='ocrx_word' id='word_1_139' title='bbox 2983 748 3110 801; x_wconf 88' lang='lat' dir='ltr'><strong>dum</strong></span> <span class='ocrx_word' id='word_1_140' title='bbox 3166 746 3419 817; x_wconf 61' lang='lat' dir='ltr'><strong>praedicta</strong></span> 
     </span>
    </p>
   </div>
   <div class='ocr_carea' id='block_1_24' title="bbox 1833 842 3420 913">
    <p class='ocr_par' dir='ltr' id='par_1_24' title="bbox 1833 842 3420 913">
     <span class='ocr_line' id='line_1_24' title="bbox 1833 842 3420 913; baseline -0.005 -14"><span class='ocrx_word' id='word_1_141' title='bbox 1833 846 2102 900; x_wconf 88' lang='lat' dir='ltr'><strong>discordia</strong></span> <span class='ocrx_word' id='word_1_142' title='bbox 2136 845 2313 898; x_wconf 87' lang='lat' dir='ltr'><strong>adhuc</strong></span> <span class='ocrx_word' id='word_1_143' title='bbox 2352 851 2731 913; x_wconf 75' lang='lat' dir='ltr'><strong>perseveraret</strong></span> <span class='ocrx_word' id='word_1_144' title='bbox 2768 842 2911 895; x_wconf 91' lang='lat' dir='ltr'><strong>inter</strong></span> <span class='ocrx_word' id='word_1_145' title='bbox 2943 855 3123 911; x_wconf 87' lang='lat' dir='ltr'><strong>regem</strong></span> <span class='ocrx_word' id='word_1_146' title='bbox 3151 848 3207 893; x_wconf 90' lang='lat' dir='ltr'><strong>et</strong></span> <span class='ocrx_word' id='word_1_147' title='bbox 3249 842 3420 893; x_wconf 85' lang='lat' dir='ltr'><strong>comi-</strong></span> 
     </span>
    </p>
   </div>
   <div class='ocr_carea' id='block_1_25' title="bbox 1834 930 3419 1006">
    <p class='ocr_par' dir='ltr' id='par_1_25' title="bbox 1834 930 3419 1006">
     <span class='ocr_line' id='line_1_25' title="bbox 1834 930 3419 1006; baseline -0.004 -14"><span class='ocrx_word' id='word_1_148' title='bbox 1834 948 1941 993; x_wconf 90' lang='lat' dir='ltr'><strong>tem</strong></span> <span class='ocrx_word' id='word_1_149' title='bbox 1990 937 2248 998; x_wconf 81' lang='lat' dir='ltr'><strong>Melleuti,</strong></span> <span class='ocrx_word' id='word_1_150' title='bbox 2288 938 2340 991; x_wconf 88' lang='lat' dir='ltr'><strong>itt</strong></span> <span class='ocrx_word' id='word_1_151' title='bbox 2373 952 2479 1006; x_wconf 93' lang='lat' dir='ltr'><strong>quo</strong></span> <span class='ocrx_word' id='word_1_152' title='bbox 2518 934 2797 1005; x_wconf 83' lang='lat' dir='ltr'><strong>apparebit</strong></span> <span class='ocrx_word' id='word_1_153' title='bbox 2820 943 2873 988; x_wconf 90' lang='lat' dir='ltr'><strong>et</strong></span> <span class='ocrx_word' id='word_1_154' title='bbox 2909 933 3167 988; x_wconf 81' lang='lat' dir='ltr'><strong>severitas</strong></span> <span class='ocrx_word' id='word_1_155' title='bbox 3194 930 3419 999; x_wconf 77' lang='lat' dir='ltr'><strong>iustitiae</strong></span> 
     </span>
    </p>
   </div>
   <div class='ocr_carea' id='block_1_26' title="bbox 1832 1022 3417 1097">
    <p class='ocr_par' dir='ltr' id='par_1_26' title="bbox 1832 1022 3417 1097">
     <span class='ocr_line' id='line_1_26' title="bbox 1832 1022 3417 1097; baseline -0.005 -16"><span class='ocrx_word' id='word_1_156' title='bbox 1832 1028 2001 1097; x_wconf 84' lang='lat' dir='ltr'><strong>ipsius</strong></span> <span class='ocrx_word' id='word_1_157' title='bbox 2040 1026 2091 1079; x_wconf 91' lang='lat' dir='ltr'><strong>in</strong></span> <span class='ocrx_word' id='word_1_158' title='bbox 2122 1026 2314 1095; x_wconf 89' lang='lat' dir='ltr'><strong>impios</strong></span> <span class='ocrx_word' id='word_1_159' title='bbox 2358 1034 2411 1079; x_wconf 89' lang='lat' dir='ltr'><strong>ct</strong></span> <span class='ocrx_word' id='word_1_160' title='bbox 2440 1034 2782 1095; x_wconf 88' lang='lat' dir='ltr'><strong>contemptus</strong></span> <span class='ocrx_word' id='word_1_161' title='bbox 2832 1024 3071 1093; x_wconf 67' lang='lat' dir='ltr'><strong>pecunia:</strong></span> <span class='ocrx_word' id='word_1_162' title='bbox 3110 1022 3163 1075; x_wconf 91' lang='lat' dir='ltr'><strong>itt</strong></span> <span class='ocrx_word' id='word_1_163' title='bbox 3193 1036 3417 1089; x_wconf 85' lang='lat' dir='ltr'><strong>compa-</strong></span> 
     </span>
    </p>
   </div>
   <div class='ocr_carea' id='block_1_27' title="bbox 1834 1112 3419 1186">
    <p class='ocr_par' dir='ltr' id='par_1_27' title="bbox 1834 1112 3419 1186">
     <span class='ocr_line' id='line_1_27' title="bbox 1834 1112 3419 1186; baseline -0.004 -15"><span class='ocrx_word' id='word_1_164' title='bbox 1834 1120 2045 1172; x_wconf 78' lang='lat' dir='ltr'><strong>ratione</strong></span> <span class='ocrx_word' id='word_1_165' title='bbox 2092 1117 2455 1172; x_wconf 86' lang='lat' dir='ltr'><strong>rectitudinis.</strong></span> <span class='ocrx_word' id='word_1_166' title='bbox 2503 1117 2637 1171; x_wconf 77' lang='lat' dir='ltr'><strong>Cum</strong></span> <span class='ocrx_word' id='word_1_167' title='bbox 2695 1115 2860 1186; x_wconf 81' lang='lat' dir='ltr'><strong>igitur</strong></span> <span class='ocrx_word' id='word_1_168' title='bbox 2914 1116 2966 1169; x_wconf 88' lang='lat' dir='ltr'><strong>itt</strong></span> <span class='ocrx_word' id='word_1_169' title='bbox 3027 1112 3419 1168; x_wconf 84' lang='lat' dir='ltr'><strong>Nortltntattnia</strong></span> 
     </span>
    </p>
   </div>
   <div class='ocr_carea' id='block_1_28' title="bbox 1834 1206 3417 1275">
    <p class='ocr_par' dir='ltr' id='par_1_28' title="bbox 1834 1206 3417 1275">
     <span class='ocr_line' id='line_1_28' title="bbox 1834 1206 3417 1275; baseline -0.005 -12"><span class='ocrx_word' id='word_1_170' title='bbox 1834 1209 1994 1263; x_wconf 81' lang='lat' dir='ltr'><strong>rebus</strong></span> <span class='ocrx_word' id='word_1_171' title='bbox 2027 1208 2231 1262; x_wconf 84' lang='lat' dir='ltr'><strong>bellicis</strong></span> <span class='ocrx_word' id='word_1_172' title='bbox 2259 1208 2545 1261; x_wconf 90' lang='lat' dir='ltr'><strong>intendens</strong></span> <span class='ocrx_word' id='word_1_173' title='bbox 2569 1217 2773 1275; x_wconf 75' lang='lat' dir='ltr'><strong>ageret,</strong></span> <span class='ocrx_word' id='word_1_174' title='bbox 2804 1208 3001 1262; x_wconf 86' lang='lat' dir='ltr'><strong>accidit</strong></span> <span class='ocrx_word' id='word_1_175' title='bbox 3031 1216 3087 1259; x_wconf 88' lang='lat' dir='ltr'><strong>ttt</strong></span> <span class='ocrx_word' id='word_1_176' title='bbox 3109 1206 3290 1260; x_wconf 86' lang='lat' dir='ltr'><strong>nescio</strong></span> <span class='ocrx_word' id='word_1_177' title='bbox 3315 1220 3417 1273; x_wconf 88' lang='lat' dir='ltr'><strong>qtta</strong></span> 
     </span>
    </p>
   </div>
   <div class='ocr_carea' id='block_1_29' title="bbox 1832 1294 3419 1371">
    <p class='ocr_par' dir='ltr' id='par_1_29' title="bbox 1832 1294 3419 1371">
     <span class='ocr_line' id='line_1_29' title="bbox 1832 1294 3419 1371; baseline -0.003 -19"><span class='ocrx_word' id='word_1_178' title='bbox 1832 1301 2190 1371; x_wconf 84' lang='lat' dir='ltr'><strong>perversitate</strong></span> <span class='ocrx_word' id='word_1_179' title='bbox 2221 1299 2497 1368; x_wconf 70' lang='lat' dir='ltr'><strong>depravati</strong></span> <span class='ocrx_word' id='word_1_180' title='bbox 2529 1314 2717 1353; x_wconf 89' lang='lat' dir='ltr'><strong>omnes</strong></span> <span class='ocrx_word' id='word_1_181' title='bbox 2751 1299 2864 1352; x_wconf 87' lang='lat' dir='ltr'><strong>fere</strong></span> <span class='ocrx_word' id='word_1_182' title='bbox 2891 1306 3179 1367; x_wconf 80' lang='lat' dir='ltr'><strong>trapazeta:</strong></span> <span class='ocrx_word' id='word_1_183' title='bbox 3210 1294 3419 1365; x_wconf 81' lang='lat' dir='ltr'><strong>Anglici</strong></span> 
     </span>
    </p>
   </div>
   <div class='ocr_carea' id='block_1_30' title="bbox 1834 1386 3421 1460">
    <p class='ocr_par' dir='ltr' id='par_1_30' title="bbox 1834 1386 3421 1460">
     <span class='ocr_line' id='line_1_30' title="bbox 1834 1386 3421 1460; baseline -0.004 -17"><span class='ocrx_word' id='word_1_184' title='bbox 1834 1391 1981 1459; x_wconf 82' lang='lat' dir='ltr'><strong>regni</strong></span> <span class='ocrx_word' id='word_1_185' title='bbox 2033 1400 2301 1443; x_wconf 84' lang='lat' dir='ltr'><strong>monetam</strong></span> <span class='ocrx_word' id='word_1_186' title='bbox 2352 1401 2656 1452; x_wconf 88' lang='lat' dir='ltr'><strong>stanneam,</strong></span> <span class='ocrx_word' id='word_1_187' title='bbox 2707 1388 2761 1441; x_wconf 91' lang='lat' dir='ltr'><strong>in</strong></span> <span class='ocrx_word' id='word_1_188' title='bbox 2813 1403 2916 1456; x_wconf 89' lang='lat' dir='ltr'><strong>qua</strong></span> <span class='ocrx_word' id='word_1_189' title='bbox 2950 1389 3035 1440; x_wconf 79' lang='lat' dir='ltr'><strong>vix</strong></span> <span class='ocrx_word' id='word_1_190' title='bbox 3090 1386 3246 1460; x_wconf 82' lang='lat' dir='ltr'><strong>tertia</strong></span> <span class='ocrx_word' id='word_1_191' title='bbox 3294 1400 3421 1455; x_wconf 87' lang='lat' dir='ltr'><strong>pars</strong></span> 
     </span>
    </p>
   </div>
   <div class='ocr_carea' id='block_1_31' title="bbox 1834 1462 3422 1548">
    <p class='ocr_par' dir='ltr' id='par_1_31' title="bbox 1834 1462 3422 1548">
     <span class='ocr_line' id='line_1_31' title="bbox 1834 1462 3422 1548; baseline -0.004 -15"><span class='ocrx_word' id='word_1_192' title='bbox 1834 1490 1979 1533; x_wconf 88' lang='lat' dir='ltr'><strong>esset</strong></span> <span class='ocrx_word' id='word_1_193' title='bbox 2002 1488 2283 1548; x_wconf 85' lang='lat' dir='ltr'><strong>argentea,</strong></span> <span class='ocrx_word' id='word_1_194' title='bbox 2328 1494 2449 1533; x_wconf 92' lang='lat' dir='ltr'><strong>cum</strong></span> <span class='ocrx_word' id='word_1_195' title='bbox 2472 1462 2667 1531; x_wconf 70' lang='lat' dir='ltr'><strong>eadem</strong></span> <span class='ocrx_word' id='word_1_196' title='bbox 2704 1487 2917 1531; x_wconf 88' lang='lat' dir='ltr'><strong>moneta</strong></span> <span class='ocrx_word' id='word_1_197' title='bbox 2947 1486 3053 1529; x_wconf 88' lang='lat' dir='ltr'><strong>tota</strong></span> <span class='ocrx_word' id='word_1_198' title='bbox 3086 1491 3150 1530; x_wconf 77' lang='lat' dir='ltr'><strong>ex</strong></span> <span class='ocrx_word' id='word_1_199' title='bbox 3175 1462 3422 1543; x_wconf 52' lang='lat' dir='ltr'><strong>&#39;argcuto</strong></span> 
     </span>
    </p>
   </div>
   <div class='ocr_carea' id='block_1_32' title="bbox 1834 1564 3419 1631">
    <p class='ocr_par' dir='ltr' id='par_1_32' title="bbox 1834 1564 3419 1631">
     <span class='ocr_line' id='line_1_32' title="bbox 1834 1564 3419 1631; baseline -0.003 -8"><span class='ocrx_word' id='word_1_200' title='bbox 1834 1569 2033 1623; x_wconf 89' lang='lat' dir='ltr'><strong>soleret</strong></span> <span class='ocrx_word' id='word_1_201' title='bbox 2056 1570 2190 1631; x_wconf 83' lang='lat' dir='ltr'><strong>fieri,</strong></span> <span class='ocrx_word' id='word_1_202' title='bbox 2224 1569 2571 1622; x_wconf 85' lang='lat' dir='ltr'><strong>fabricarent.</strong></span> <span class='ocrx_word' id='word_1_203' title='bbox 2607 1568 2740 1621; x_wconf 80' lang='lat' dir='ltr'><strong>Cum</strong></span> <span class='ocrx_word' id='word_1_204' title='bbox 2782 1582 2908 1621; x_wconf 86' lang='lat' dir='ltr'><strong>vero</strong></span> <span class='ocrx_word' id='word_1_205' title='bbox 2940 1567 3005 1621; x_wconf 87' lang='lat' dir='ltr'><strong>de</strong></span> <span class='ocrx_word' id='word_1_206' title='bbox 3054 1564 3242 1620; x_wconf 82' lang='lat' dir='ltr'><strong>eadem</strong></span> <span class='ocrx_word' id='word_1_207' title='bbox 3287 1565 3419 1619; x_wconf 81' lang='lat' dir='ltr'><strong>falsa</strong></span> 
     </span>
    </p>
   </div>
   <div class='ocr_carea' id='block_1_33' title="bbox 140 1660 3422 1731">
    <p class='ocr_par' dir='ltr' id='par_1_33' title="bbox 140 1660 3422 1731">
     <span class='ocr_line' id='line_1_33' title="bbox 140 1660 3422 1731; baseline 0.001 -22"><span class='ocrx_word' id='word_1_208' title='bbox 140 1676 277 1725; x_wconf 83' lang='lat' dir='ltr'><strong>quos</strong></span> <span class='ocrx_word' id='word_1_209' title='bbox 309 1660 361 1712; x_wconf 92' lang='lat' dir='ltr'><strong>in</strong></span> <span class='ocrx_word' id='word_1_210' title='bbox 402 1660 644 1713; x_wconf 86' lang='lat' dir='ltr'><strong>exercitu</strong></span> <span class='ocrx_word' id='word_1_211' title='bbox 679 1662 826 1729; x_wconf 87' lang='lat' dir='ltr'><strong>regio</strong></span> <span class='ocrx_word' id='word_1_212' title='bbox 855 1661 1147 1727; x_wconf 72' lang='lat' dir='ltr'><strong>habebant,</strong></span> <span class='ocrx_word' id='word_1_213' title='bbox 1193 1660 1318 1731; x_wconf 82' lang='lat' dir='ltr'><strong>luga</strong></span> <span class='ocrx_word' id='word_1_214' title='bbox 1358 1661 1723 1715; x_wconf 85' lang='lat' dir='ltr'><strong>elaberentur.</strong></span> <span class='ocrx_word' id='word_1_215' title='bbox 1760 1661 1803 1719; x_wconf 77' lang='grc' dir='ltr'><strong><em>Β</em></strong></span> <span class='ocrx_word' id='word_1_216' title='bbox 1833 1671 2046 1715; x_wconf 88' lang='lat' dir='ltr'><strong>moneta</strong></span> <span class='ocrx_word' id='word_1_217' title='bbox 2094 1662 2145 1715; x_wconf 89' lang='lat' dir='ltr'><strong>itt</strong></span> <span class='ocrx_word' id='word_1_218' title='bbox 2176 1661 2621 1715; x_wconf 80' lang='lat' dir='ltr'><strong>Northntamtiant</strong></span> <span class='ocrx_word' id='word_1_219' title='bbox 2667 1660 2841 1715; x_wconf 78' lang='lat' dir='ltr'><strong>deleta</strong></span> <span class='ocrx_word' id='word_1_220' title='bbox 2872 1661 3002 1731; x_wconf 87' lang='lat' dir='ltr'><strong>regii</strong></span> <span class='ocrx_word' id='word_1_221' title='bbox 3049 1661 3248 1714; x_wconf 87' lang='lat' dir='ltr'><strong>milites</strong></span> <span class='ocrx_word' id='word_1_222' title='bbox 3282 1660 3422 1713; x_wconf 75' lang='lat' dir='ltr'><strong>fonte</strong></span> 
     </span>
    </p>
   </div>
   <div class='ocr_carea' id='block_1_34' title="bbox 139 1748 1733 1819">
    <p class='ocr_par' dir='ltr' id='par_1_34' title="bbox 139 1748 1733 1819">
     <span class='ocr_line' id='line_1_34' title="bbox 139 1748 1733 1819; baseline 0.003 -18"><span class='ocrx_word' id='word_1_223' title='bbox 139 1748 217 1802; x_wconf 84' lang='lat' dir='ltr'><strong>De</strong></span> <span class='ocrx_word' id='word_1_224' title='bbox 243 1767 475 1819; x_wconf 90' lang='lat' dir='ltr'><strong>qttoruttt</strong></span> <span class='ocrx_word' id='word_1_225' title='bbox 510 1768 735 1806; x_wconf 89' lang='lat' dir='ltr'><strong>numero</strong></span> <span class='ocrx_word' id='word_1_226' title='bbox 765 1752 865 1805; x_wconf 89' lang='lat' dir='ltr'><strong>fuit</strong></span> <span class='ocrx_word' id='word_1_227' title='bbox 888 1752 1193 1807; x_wconf 79' lang='lat' dir='ltr'><strong>Almarieus</strong></span> <span class='ocrx_word' id='word_1_228' title='bbox 1222 1767 1405 1807; x_wconf 85' lang='lat' dir='ltr'><strong>comes</strong></span> <span class='ocrx_word' id='word_1_229' title='bbox 1441 1752 1733 1806; x_wconf 82' lang='lat' dir='ltr'><strong>Ebroicen—</strong></span> 
     </span>
    </p>
   </div>
   <div class='ocr_carea' id='block_1_35' title="bbox 137 1840 1732 1899">
    <p class='ocr_par' dir='ltr' id='par_1_35' title="bbox 137 1840 1732 1899">
     <span class='ocr_line' id='line_1_35' title="bbox 137 1840 1732 1899; baseline 0.002 -6"><span class='ocrx_word' id='word_1_230' title='bbox 137 1842 215 1894; x_wconf 83' lang='lat' dir='ltr'><strong>sis</strong></span> <span class='ocrx_word' id='word_1_231' title='bbox 232 1850 286 1893; x_wconf 89' lang='lat' dir='ltr'><strong>et</strong></span> <span class='ocrx_word' id='word_1_232' title='bbox 317 1840 619 1896; x_wconf 85' lang='lat' dir='ltr'><strong>Willeltnus</strong></span> <span class='ocrx_word' id='word_1_233' title='bbox 653 1842 901 1897; x_wconf 84' lang='lat' dir='ltr'><strong>Lovcllus</strong></span> <span class='ocrx_word' id='word_1_234' title='bbox 929 1844 996 1897; x_wconf 91' lang='lat' dir='ltr'><strong>de</strong></span> <span class='ocrx_word' id='word_1_235' title='bbox 1032 1842 1203 1899; x_wconf 83' lang='lat' dir='ltr'><strong>Jurei.</strong></span> <span class='ocrx_word' id='word_1_236' title='bbox 1247 1844 1472 1899; x_wconf 79' lang='lat' dir='ltr'><strong>Gestunt</strong></span> <span class='ocrx_word' id='word_1_237' title='bbox 1512 1854 1599 1897; x_wconf 85' lang='lat' dir='ltr'><strong>est</strong></span> <span class='ocrx_word' id='word_1_238' title='bbox 1635 1859 1732 1896; x_wconf 89' lang='lat' dir='ltr'><strong>au-</strong></span> 
     </span>
    </p>
   </div>
   <div class='ocr_carea' id='block_1_36' title="bbox 138 1932 1728 2005">
    <p class='ocr_par' dir='ltr' id='par_1_36' title="bbox 138 1932 1728 2005">
     <span class='ocr_line' id='line_1_36' title="bbox 138 1932 1728 2005; baseline 0.001 -22"><span class='ocrx_word' id='word_1_239' title='bbox 138 1941 247 1984; x_wconf 88' lang='lat' dir='ltr'><strong>tent</strong></span> <span class='ocrx_word' id='word_1_240' title='bbox 275 1932 375 1986; x_wconf 87' lang='lat' dir='ltr'><strong>hoc</strong></span> <span class='ocrx_word' id='word_1_241' title='bbox 406 1932 605 1986; x_wconf 89' lang='lat' dir='ltr'><strong>bellum</strong></span> <span class='ocrx_word' id='word_1_242' title='bbox 630 1950 661 1987; x_wconf 87' lang='lat' dir='ltr'><strong>a</strong></span> <span class='ocrx_word' id='word_1_243' title='bbox 702 1934 928 1988; x_wconf 88' lang='lat' dir='ltr'><strong>ducibus</strong></span> <span class='ocrx_word' id='word_1_244' title='bbox 968 1934 1182 1988; x_wconf 89' lang='lat' dir='ltr'><strong>Ilenrici</strong></span> <span class='ocrx_word' id='word_1_245' title='bbox 1224 1934 1368 2005; x_wconf 83' lang='lat' dir='ltr'><strong>regis</strong></span> <span class='ocrx_word' id='word_1_246' title='bbox 1408 1934 1728 2003; x_wconf 77' lang='lat' dir='ltr'><strong>Anglorum,</strong></span> 
     </span>
    </p>
   </div>
   <div class='ocr_carea' id='block_1_37' title="bbox 136 2026 1731 2091">
    <p class='ocr_par' dir='ltr' id='par_1_37' title="bbox 136 2026 1731 2091">
     <span class='ocr_line' id='line_1_37' title="bbox 136 2026 1731 2091; baseline 0.001 -14"><span class='ocrx_word' id='word_1_247' title='bbox 136 2036 329 2078; x_wconf 83' lang='lat' dir='ltr'><strong>contta</strong></span> <span class='ocrx_word' id='word_1_248' title='bbox 379 2026 765 2080; x_wconf 86' lang='lat' dir='ltr'><strong>Walerannttttt</strong></span> <span class='ocrx_word' id='word_1_249' title='bbox 825 2029 1075 2081; x_wconf 89' lang='lat' dir='ltr'><strong>comitem</strong></span> <span class='ocrx_word' id='word_1_250' title='bbox 1143 2027 1405 2091; x_wconf 80' lang='lat' dir='ltr'><strong>Mellenti,</strong></span> <span class='ocrx_word' id='word_1_251' title='bbox 1466 2043 1609 2080; x_wconf 88' lang='lat' dir='ltr'><strong>anno</strong></span> <span class='ocrx_word' id='word_1_252' title='bbox 1664 2027 1731 2080; x_wconf 89' lang='lat' dir='ltr'><strong>ab</strong></span> 
     </span>
    </p>
   </div>
   <div class='ocr_carea' id='block_1_38' title="bbox 136 2116 1731 2189">
    <p class='ocr_par' dir='ltr' id='par_1_38' title="bbox 136 2116 1731 2189">
     <span class='ocr_line' id='line_1_38' title="bbox 136 2116 1731 2189; baseline 0.004 -21"><span class='ocrx_word' id='word_1_253' title='bbox 136 2116 519 2173; x_wconf 89' lang='lat' dir='ltr'><strong>lucarnatione</strong></span> <span class='ocrx_word' id='word_1_254' title='bbox 535 2119 741 2173; x_wconf 87' lang='lat' dir='ltr'><strong>Domini</strong></span> <span class='ocrx_word' id='word_1_255' title='bbox 774 2118 927 2183; x_wconf 60' lang='lat' dir='ltr'><strong>ltili,</strong></span> <span class='ocrx_word' id='word_1_256' title='bbox 953 2136 1021 2174; x_wconf 88' lang='lat' dir='ltr'><strong>vtt</strong></span> <span class='ocrx_word' id='word_1_257' title='bbox 1050 2120 1167 2173; x_wconf 75' lang='lat' dir='ltr'><strong>Kal.</strong></span> <span class='ocrx_word' id='word_1_258' title='bbox 1193 2120 1411 2189; x_wconf 75' lang='lat' dir='ltr'><strong>Aprilis,</strong></span> <span class='ocrx_word' id='word_1_259' title='bbox 1440 2121 1581 2174; x_wconf 91' lang='lat' dir='ltr'><strong>hattd</strong></span> <span class='ocrx_word' id='word_1_260' title='bbox 1602 2134 1731 2189; x_wconf 86' lang='lat' dir='ltr'><strong>pro-</strong></span> 
     </span>
    </p>
   </div>
   <div class='ocr_carea' id='block_1_39' title="bbox 136 2211 1390 2283">
    <p class='ocr_par' dir='ltr' id='par_1_39' title="bbox 136 2211 1390 2283">
     <span class='ocr_line' id='line_1_39' title="bbox 136 2211 1390 2283; baseline 0.001 -19"><span class='ocrx_word' id='word_1_261' title='bbox 136 2212 226 2265; x_wconf 87' lang='lat' dir='ltr'><strong>cul</strong></span> <span class='ocrx_word' id='word_1_262' title='bbox 250 2230 281 2266; x_wconf 88' lang='lat' dir='ltr'><strong>a</strong></span> <span class='ocrx_word' id='word_1_263' title='bbox 308 2212 434 2265; x_wconf 89' lang='lat' dir='ltr'><strong>villa</strong></span> <span class='ocrx_word' id='word_1_264' title='bbox 457 2229 619 2281; x_wconf 89' lang='lat' dir='ltr'><strong>quam</strong></span> <span class='ocrx_word' id='word_1_265' title='bbox 653 2221 849 2267; x_wconf 88' lang='lat' dir='ltr'><strong>vocant</strong></span> <span class='ocrx_word' id='word_1_266' title='bbox 873 2211 1113 2283; x_wconf 77' lang='lat' dir='ltr'><strong>Burgum</strong></span> <span class='ocrx_word' id='word_1_267' title='bbox 1145 2212 1390 2268; x_wconf 87' lang='lat' dir='ltr'><strong>Turoldi.</strong></span> 
     </span>
    </p>
   </div>
   <div class='ocr_carea' id='block_1_40' title="bbox 711 2346 1156 2402">
    <p class='ocr_par' dir='ltr' id='par_1_40' title="bbox 711 2346 1156 2402">
     <span class='ocr_line' id='line_1_40' title="bbox 711 2346 1156 2402; baseline -0.002 0"><span class='ocrx_word' id='word_1_268' title='bbox 711 2346 937 2402; x_wconf 85' lang='lat' dir='ltr'><strong>CAPUT</strong></span> <span class='ocrx_word' id='word_1_269' title='bbox 989 2347 1156 2402; x_wconf 82' lang='lat' dir='ltr'><strong>XXII.</strong></span> 
     </span>
    </p>
   </div>
   <div class='ocr_carea' id='block_1_41' title="bbox 142 2437 1726 2509">
    <p class='ocr_par' dir='ltr' id='par_1_41' title="bbox 142 2437 1726 2509">
     <span class='ocr_line' id='line_1_41' title="bbox 142 2437 1726 2509; baseline 0.003 -21"><span class='ocrx_word' id='word_1_270' title='bbox 142 2437 261 2500; x_wconf 79' lang='lat' dir='ltr'><strong>Qua</strong></span> <span class='ocrx_word' id='word_1_271' title='bbox 294 2439 583 2507; x_wconf 76' lang='lat' dir='ltr'><strong>sagacitate</strong></span> <span class='ocrx_word' id='word_1_272' title='bbox 607 2438 740 2491; x_wconf 80' lang='lat' dir='ltr'><strong>idem</strong></span> <span class='ocrx_word' id='word_1_273' title='bbox 771 2455 861 2491; x_wconf 74' lang='lat' dir='ltr'><strong>rex</strong></span> <span class='ocrx_word' id='word_1_274' title='bbox 884 2449 1077 2492; x_wconf 85' lang='lat' dir='ltr'><strong>terram</strong></span> <span class='ocrx_word' id='word_1_275' title='bbox 1100 2456 1251 2493; x_wconf 86' lang='lat' dir='ltr'><strong>suam</strong></span> <span class='ocrx_word' id='word_1_276' title='bbox 1273 2439 1488 2508; x_wconf 78' lang='lat' dir='ltr'><strong>paci/ire</strong></span> <span class='ocrx_word' id='word_1_277' title='bbox 1503 2440 1726 2509; x_wconf 81' lang='lat' dir='ltr'><strong>regebat.</strong></span> 
     </span>
    </p>
   </div>
   <div class='ocr_carea' id='block_1_42' title="bbox 208 2550 1729 2621">
    <p class='ocr_par' dir='ltr' id='par_1_42' title="bbox 208 2550 1729 2621">
     <span class='ocr_line' id='line_1_42' title="bbox 208 2550 1729 2621; baseline 0.003 -16"><span class='ocrx_word' id='word_1_278' title='bbox 208 2550 417 2605; x_wconf 89' lang='lat' dir='ltr'><strong>Comite</strong></span> <span class='ocrx_word' id='word_1_279' title='bbox 448 2552 629 2621; x_wconf 85' lang='lat' dir='ltr'><strong>itaque</strong></span> <span class='ocrx_word' id='word_1_280' title='bbox 666 2552 993 2609; x_wconf 87' lang='lat' dir='ltr'><strong>Waleranno</strong></span> <span class='ocrx_word' id='word_1_281' title='bbox 1040 2555 1093 2608; x_wconf 93' lang='lat' dir='ltr'><strong>itt</strong></span> <span class='ocrx_word' id='word_1_282' title='bbox 1127 2555 1358 2609; x_wconf 83' lang='lat' dir='ltr'><strong>vinculis</strong></span> <span class='ocrx_word' id='word_1_283' title='bbox 1404 2572 1524 2610; x_wconf 90' lang='lat' dir='ltr'><strong>cum</strong></span> <span class='ocrx_word' id='word_1_284' title='bbox 1568 2557 1729 2610; x_wconf 89' lang='lat' dir='ltr'><strong>sociis</strong></span> 
     </span>
    </p>
   </div>
   <div class='ocr_carea' id='block_1_43' title="bbox 137 2643 1728 2712">
    <p class='ocr_par' dir='ltr' id='par_1_43' title="bbox 137 2643 1728 2712">
     <span class='ocr_line' id='line_1_43' title="bbox 137 2643 1728 2712; baseline 0.003 -18"><span class='ocrx_word' id='word_1_285' title='bbox 137 2643 250 2695; x_wconf 83' lang='lat' dir='ltr'><strong>suis</strong></span> <span class='ocrx_word' id='word_1_286' title='bbox 276 2643 477 2712; x_wconf 83' lang='lat' dir='ltr'><strong>posito,</strong></span> <span class='ocrx_word' id='word_1_287' title='bbox 509 2659 603 2697; x_wconf 88' lang='lat' dir='ltr'><strong>rex</strong></span> <span class='ocrx_word' id='word_1_288' title='bbox 636 2643 900 2699; x_wconf 90' lang='lat' dir='ltr'><strong>llenricus</strong></span> <span class='ocrx_word' id='word_1_289' title='bbox 933 2654 1138 2700; x_wconf 89' lang='lat' dir='ltr'><strong>turrem</strong></span> <span class='ocrx_word' id='word_1_290' title='bbox 1164 2645 1465 2700; x_wconf 65' lang='lat' dir='ltr'><strong>Watevillte</strong></span> <span class='ocrx_word' id='word_1_291' title='bbox 1485 2647 1728 2701; x_wconf 88' lang='lat' dir='ltr'><strong>funditus</strong></span> 
     </span>
    </p>
   </div>
   <div class='ocr_carea' id='block_1_44' title="bbox 138 2734 1726 2808">
    <p class='ocr_par' dir='ltr' id='par_1_44' title="bbox 138 2734 1726 2808">
     <span class='ocr_line' id='line_1_44' title="bbox 138 2734 1726 2808; baseline 0.003 -22"><span class='ocrx_word' id='word_1_292' title='bbox 138 2734 263 2786; x_wconf 80' lang='lat' dir='ltr'><strong>fecit</strong></span> <span class='ocrx_word' id='word_1_293' title='bbox 292 2736 485 2788; x_wconf 84' lang='lat' dir='ltr'><strong>everti.</strong></span> <span class='ocrx_word' id='word_1_294' title='bbox 512 2734 719 2804; x_wconf 88' lang='lat' dir='ltr'><strong>Oppido</strong></span> <span class='ocrx_word' id='word_1_295' title='bbox 742 2746 999 2806; x_wconf 68' lang='lat' dir='ltr'><strong>praeterea</strong></span> <span class='ocrx_word' id='word_1_296' title='bbox 1021 2738 1262 2792; x_wconf 87' lang='lat' dir='ltr'><strong>Brionnii</strong></span> <span class='ocrx_word' id='word_1_297' title='bbox 1288 2739 1336 2792; x_wconf 90' lang='lat' dir='ltr'><strong>vi</strong></span> <span class='ocrx_word' id='word_1_298' title='bbox 1364 2740 1541 2808; x_wconf 90' lang='lat' dir='ltr'><strong>potius</strong></span> <span class='ocrx_word' id='word_1_299' title='bbox 1565 2754 1726 2807; x_wconf 90' lang='lat' dir='ltr'><strong>quam</strong></span> 
     </span>
    </p>
   </div>
   <div class='ocr_carea' id='block_1_45' title="bbox 138 2826 1728 2898">
    <p class='ocr_par' dir='ltr' id='par_1_45' title="bbox 138 2826 1728 2898">
     <span class='ocr_line' id='line_1_45' title="bbox 138 2826 1728 2898; baseline 0.004 -22"><span class='ocrx_word' id='word_1_300' title='bbox 138 2826 443 2880; x_wconf 89' lang='lat' dir='ltr'><strong>voluntaria</strong></span> <span class='ocrx_word' id='word_1_301' title='bbox 478 2827 783 2881; x_wconf 88' lang='lat' dir='ltr'><strong>redditione</strong></span> <span class='ocrx_word' id='word_1_302' title='bbox 810 2828 911 2881; x_wconf 89' lang='lat' dir='ltr'><strong>sibi</strong></span> <span class='ocrx_word' id='word_1_303' title='bbox 957 2829 1263 2898; x_wconf 86' lang='lat' dir='ltr'><strong>subjugato.</strong></span> <span class='ocrx_word' id='word_1_304' title='bbox 1311 2846 1432 2884; x_wconf 92' lang='lat' dir='ltr'><strong>eum</strong></span> <span class='ocrx_word' id='word_1_305' title='bbox 1463 2830 1552 2898; x_wconf 89' lang='lat' dir='ltr'><strong>qui</strong></span> <span class='ocrx_word' id='word_1_306' title='bbox 1586 2830 1728 2884; x_wconf 89' lang='lat' dir='ltr'><strong>idettt</strong></span> 
     </span>
    </p>
   </div>
   <div class='ocr_carea' id='block_1_46' title="bbox 137 2917 1729 2987">
    <p class='ocr_par' dir='ltr' id='par_1_46' title="bbox 137 2917 1729 2987">
     <span class='ocr_line' id='line_1_46' title="bbox 137 2917 1729 2987; baseline 0.001 -18"><span class='ocrx_word' id='word_1_307' title='bbox 137 2928 257 2987; x_wconf 87' lang='lat' dir='ltr'><strong>post</strong></span> <span class='ocrx_word' id='word_1_308' title='bbox 298 2917 607 2987; x_wconf 88' lang='lat' dir='ltr'><strong>captionem</strong></span> <span class='ocrx_word' id='word_1_309' title='bbox 648 2918 868 2973; x_wconf 86' lang='lat' dir='ltr'><strong>comitis</strong></span> <span class='ocrx_word' id='word_1_310' title='bbox 894 2919 983 2972; x_wconf 92' lang='lat' dir='ltr'><strong>diu</strong></span> <span class='ocrx_word' id='word_1_311' title='bbox 1034 2928 1305 2985; x_wconf 87' lang='lat' dir='ltr'><strong>tenuerat,</strong></span> <span class='ocrx_word' id='word_1_312' title='bbox 1341 2922 1575 2974; x_wconf 87' lang='lat' dir='ltr'><strong>orbitate</strong></span> <span class='ocrx_word' id='word_1_313' title='bbox 1600 2936 1729 2974; x_wconf 91' lang='lat' dir='ltr'><strong>ocu-</strong></span> 
     </span>
    </p>
   </div>
   <div class='ocr_carea' id='block_1_47' title="bbox 138 3010 1796 3084">
    <p class='ocr_par' dir='ltr' id='par_1_47' title="bbox 138 3010 1796 3084">
     <span class='ocr_line' id='line_1_47' title="bbox 138 3010 1796 3084; baseline 0.002 -22"><span class='ocrx_word' id='word_1_314' title='bbox 138 3010 312 3063; x_wconf 78' lang='lat' dir='ltr'><strong>lorum</strong></span> <span class='ocrx_word' id='word_1_315' title='bbox 362 3010 632 3064; x_wconf 89' lang='lat' dir='ltr'><strong>multavit.</strong></span> <span class='ocrx_word' id='word_1_316' title='bbox 684 3010 835 3065; x_wconf 85' lang='lat' dir='ltr'><strong>Unde</strong></span> <span class='ocrx_word' id='word_1_317' title='bbox 861 3012 1155 3081; x_wconf 89' lang='lat' dir='ltr'><strong>perterriti,</strong></span> <span class='ocrx_word' id='word_1_318' title='bbox 1182 3013 1272 3081; x_wconf 88' lang='lat' dir='ltr'><strong>qui</strong></span> <span class='ocrx_word' id='word_1_319' title='bbox 1302 3020 1541 3066; x_wconf 89' lang='lat' dir='ltr'><strong>castrum</strong></span> <span class='ocrx_word' id='word_1_320' title='bbox 1566 3012 1722 3066; x_wconf 80' lang='lat' dir='ltr'><strong>Belli-</strong></span> <span class='ocrx_word' id='word_1_321' title='bbox 1751 3022 1796 3084; x_wconf 71' lang='grc' dir='ltr'>α</span> 
     </span>
    </p>
   </div>
   <div class='ocr_carea' id='block_1_48' title="bbox 137 3100 1725 3171">
    <p class='ocr_par' dir='ltr' id='par_1_48' title="bbox 137 3100 1725 3171">
     <span class='ocr_line' id='line_1_48' title="bbox 137 3100 1725 3171; baseline 0.001 -18"><span class='ocrx_word' id='word_1_322' title='bbox 137 3100 335 3155; x_wconf 86' lang='lat' dir='ltr'><strong>montis</strong></span> <span class='ocrx_word' id='word_1_323' title='bbox 364 3101 681 3165; x_wconf 88' lang='lat' dir='ltr'><strong>servabant,</strong></span> <span class='ocrx_word' id='word_1_324' title='bbox 707 3116 777 3156; x_wconf 90' lang='lat' dir='ltr'><strong>ne</strong></span> <span class='ocrx_word' id='word_1_325' title='bbox 820 3101 1020 3155; x_wconf 87' lang='lat' dir='ltr'><strong>similia</strong></span> <span class='ocrx_word' id='word_1_326' title='bbox 1060 3111 1403 3171; x_wconf 88' lang='lat' dir='ltr'><strong>paterentur,</strong></span> <span class='ocrx_word' id='word_1_327' title='bbox 1444 3102 1573 3156; x_wconf 89' lang='lat' dir='ltr'><strong>illud</strong></span> <span class='ocrx_word' id='word_1_328' title='bbox 1613 3103 1725 3169; x_wconf 71' lang='lat' dir='ltr'><strong>regi</strong></span> 
     </span>
    </p>
   </div>
   <div class='ocr_carea' id='block_1_49' title="bbox 138 3192 1729 3265">
    <p class='ocr_par' dir='ltr' id='par_1_49' title="bbox 138 3192 1729 3265">
     <span class='ocr_line' id='line_1_49' title="bbox 138 3192 1729 3265; baseline 0.003 -21"><span class='ocrx_word' id='word_1_329' title='bbox 138 3193 509 3246; x_wconf 86' lang='lat' dir='ltr'><strong>reddiderunt.</strong></span> <span class='ocrx_word' id='word_1_330' title='bbox 555 3192 767 3247; x_wconf 87' lang='lat' dir='ltr'><strong>Taliter</strong></span> <span class='ocrx_word' id='word_1_331' title='bbox 795 3194 959 3265; x_wconf 84' lang='lat' dir='ltr'><strong>igitur</strong></span> <span class='ocrx_word' id='word_1_332' title='bbox 986 3194 1137 3248; x_wconf 91' lang='lat' dir='ltr'><strong>omni</strong></span> <span class='ocrx_word' id='word_1_333' title='bbox 1181 3194 1268 3248; x_wconf 90' lang='lat' dir='ltr'><strong>illa</strong></span> <span class='ocrx_word' id='word_1_334' title='bbox 1316 3194 1729 3264; x_wconf 87' lang='lat' dir='ltr'><strong>perturbatione</strong></span> 
     </span>
    </p>
   </div>
   <div class='ocr_carea' id='block_1_50' title="bbox 136 3284 1725 3356">
    <p class='ocr_par' dir='ltr' id='par_1_50' title="bbox 136 3284 1725 3356">
     <span class='ocr_line' id='line_1_50' title="bbox 136 3284 1725 3356; baseline 0.001 -21"><span class='ocrx_word' id='word_1_335' title='bbox 136 3284 331 3353; x_wconf 79' lang='lat' dir='ltr'><strong>supita,</strong></span> <span class='ocrx_word' id='word_1_336' title='bbox 388 3300 483 3338; x_wconf 87' lang='lat' dir='ltr'><strong>rex</strong></span> <span class='ocrx_word' id='word_1_337' title='bbox 520 3292 627 3338; x_wconf 88' lang='lat' dir='ltr'><strong>tam</strong></span> <span class='ocrx_word' id='word_1_338' title='bbox 672 3294 874 3339; x_wconf 86' lang='lat' dir='ltr'><strong>terram</strong></span> <span class='ocrx_word' id='word_1_339' title='bbox 915 3286 1133 3341; x_wconf 90' lang='lat' dir='ltr'><strong>comitis</strong></span> <span class='ocrx_word' id='word_1_340' title='bbox 1167 3302 1330 3356; x_wconf 89' lang='lat' dir='ltr'><strong>quam</strong></span> <span class='ocrx_word' id='word_1_341' title='bbox 1382 3295 1725 3351; x_wconf 63' lang='lat' dir='ltr'><strong>caeterorum,</strong></span> 
     </span>
    </p>
   </div>
   <div class='ocr_carea' id='block_1_51' title="bbox 137 3376 1729 3447">
    <p class='ocr_par' dir='ltr' id='par_1_51' title="bbox 137 3376 1729 3447">
     <span class='ocr_line' id='line_1_51' title="bbox 137 3376 1729 3447; baseline 0.003 -21"><span class='ocrx_word' id='word_1_342' title='bbox 137 3376 225 3443; x_wconf 85' lang='lat' dir='ltr'><strong>qui</strong></span> <span class='ocrx_word' id='word_1_343' title='bbox 258 3391 382 3430; x_wconf 89' lang='lat' dir='ltr'><strong>cum</strong></span> <span class='ocrx_word' id='word_1_344' title='bbox 404 3391 470 3431; x_wconf 90' lang='lat' dir='ltr'><strong>eo</strong></span> <span class='ocrx_word' id='word_1_345' title='bbox 498 3377 639 3447; x_wconf 90' lang='lat' dir='ltr'><strong>capti</strong></span> <span class='ocrx_word' id='word_1_346' title='bbox 662 3376 902 3441; x_wconf 82' lang='lat' dir='ltr'><strong>fuerant,</strong></span> <span class='ocrx_word' id='word_1_347' title='bbox 929 3377 984 3431; x_wconf 92' lang='lat' dir='ltr'><strong>in</strong></span> <span class='ocrx_word' id='word_1_348' title='bbox 1007 3392 1106 3432; x_wconf 91' lang='lat' dir='ltr'><strong>suo</strong></span> <span class='ocrx_word' id='word_1_349' title='bbox 1132 3378 1371 3432; x_wconf 89' lang='lat' dir='ltr'><strong>dominio</strong></span> <span class='ocrx_word' id='word_1_350' title='bbox 1393 3378 1602 3433; x_wconf 93' lang='lat' dir='ltr'><strong>habuit.</strong></span> <span class='ocrx_word' id='word_1_351' title='bbox 1622 3378 1729 3432; x_wconf 91' lang='lat' dir='ltr'><strong>Sed</strong></span> 
     </span>
    </p>
   </div>
   <div class='ocr_carea' id='block_1_52' title="bbox 136 3466 1726 3538">
    <p class='ocr_par' dir='ltr' id='par_1_52' title="bbox 136 3466 1726 3538">
     <span class='ocr_line' id='line_1_52' title="bbox 136 3466 1726 3538; baseline 0.001 -18"><span class='ocrx_word' id='word_1_352' title='bbox 136 3480 318 3521; x_wconf 88' lang='lat' dir='ltr'><strong>tamen</strong></span> <span class='ocrx_word' id='word_1_353' title='bbox 352 3477 476 3536; x_wconf 87' lang='lat' dir='ltr'><strong>post</strong></span> <span class='ocrx_word' id='word_1_354' title='bbox 521 3468 728 3538; x_wconf 89' lang='lat' dir='ltr'><strong>aliquot</strong></span> <span class='ocrx_word' id='word_1_355' title='bbox 779 3485 952 3524; x_wconf 88' lang='lat' dir='ltr'><strong>annos</strong></span> <span class='ocrx_word' id='word_1_356' title='bbox 982 3470 1170 3524; x_wconf 89' lang='lat' dir='ltr'><strong>comiti</strong></span> <span class='ocrx_word' id='word_1_357' title='bbox 1214 3466 1546 3524; x_wconf 84' lang='lat' dir='ltr'><strong>Walerauno</strong></span> <span class='ocrx_word' id='word_1_358' title='bbox 1602 3470 1726 3523; x_wconf 88' lang='lat' dir='ltr'><strong>data</strong></span> 
     </span>
    </p>
   </div>
   <div class='ocr_carea' id='block_1_53' title="bbox 134 3560 1731 3627">
    <p class='ocr_par' dir='ltr' id='par_1_53' title="bbox 134 3560 1731 3627">
     <span class='ocr_line' id='line_1_53' title="bbox 134 3560 1731 3627; baseline 0.002 -15"><span class='ocrx_word' id='word_1_359' title='bbox 134 3562 315 3624; x_wconf 80' lang='lat' dir='ltr'><strong>venia,</strong></span> <span class='ocrx_word' id='word_1_360' title='bbox 348 3568 405 3613; x_wconf 89' lang='lat' dir='ltr'><strong>et</strong></span> <span class='ocrx_word' id='word_1_361' title='bbox 429 3577 458 3613; x_wconf 89' lang='lat' dir='ltr'><strong>a</strong></span> <span class='ocrx_word' id='word_1_362' title='bbox 484 3560 715 3615; x_wconf 90' lang='lat' dir='ltr'><strong>vinculis</strong></span> <span class='ocrx_word' id='word_1_363' title='bbox 748 3562 997 3627; x_wconf 87' lang='lat' dir='ltr'><strong>liberato,</strong></span> <span class='ocrx_word' id='word_1_364' title='bbox 1035 3562 1281 3617; x_wconf 90' lang='lat' dir='ltr'><strong>redditus</strong></span> <span class='ocrx_word' id='word_1_365' title='bbox 1316 3578 1414 3616; x_wconf 89' lang='lat' dir='ltr'><strong>sua</strong></span> <span class='ocrx_word' id='word_1_366' title='bbox 1444 3571 1603 3616; x_wconf 80' lang='lat' dir='ltr'><strong>terra:</strong></span> <span class='ocrx_word' id='word_1_367' title='bbox 1632 3562 1731 3615; x_wconf 88' lang='lat' dir='ltr'><strong>Ita-</strong></span> 
     </span>
    </p>
   </div>
   <div class='ocr_carea' id='block_1_54' title="bbox 133 3650 1723 3721">
    <p class='ocr_par' dir='ltr' id='par_1_54' title="bbox 133 3650 1723 3721">
     <span class='ocr_line' id='line_1_54' title="bbox 133 3650 1723 3721; baseline 0.001 -17"><span class='ocrx_word' id='word_1_368' title='bbox 133 3651 264 3706; x_wconf 88' lang='lat' dir='ltr'><strong>here</strong></span> <span class='ocrx_word' id='word_1_369' title='bbox 288 3650 554 3721; x_wconf 87' lang='lat' dir='ltr'><strong>permisit,</strong></span> <span class='ocrx_word' id='word_1_370' title='bbox 582 3652 909 3706; x_wconf 91' lang='lat' dir='ltr'><strong>munitiones</strong></span> <span class='ocrx_word' id='word_1_371' title='bbox 930 3660 1137 3707; x_wconf 90' lang='lat' dir='ltr'><strong>tantum</strong></span> <span class='ocrx_word' id='word_1_372' title='bbox 1166 3652 1335 3721; x_wconf 89' lang='lat' dir='ltr'><strong>ipsius</strong></span> <span class='ocrx_word' id='word_1_373' title='bbox 1359 3652 1413 3706; x_wconf 91' lang='lat' dir='ltr'><strong>in</strong></span> <span class='ocrx_word' id='word_1_374' title='bbox 1441 3668 1537 3707; x_wconf 89' lang='lat' dir='ltr'><strong>sua</strong></span> <span class='ocrx_word' id='word_1_375' title='bbox 1563 3668 1723 3706; x_wconf 91' lang='lat' dir='ltr'><strong>manu</strong></span> 
     </span>
    </p>
   </div>
   <div class='ocr_carea' id='block_1_55' title="bbox 136 3742 1722 3814">
    <p class='ocr_par' dir='ltr' id='par_1_55' title="bbox 136 3742 1722 3814">
     <span class='ocr_line' id='line_1_55' title="bbox 136 3742 1722 3814; baseline 0.002 -18"><span class='ocrx_word' id='word_1_376' title='bbox 136 3744 397 3797; x_wconf 73' lang='lat' dir='ltr'><strong>retinens.</strong></span> <span class='ocrx_word' id='word_1_377' title='bbox 454 3742 684 3810; x_wconf 87' lang='lat' dir='ltr'><strong>Quidam</strong></span> <span class='ocrx_word' id='word_1_378' title='bbox 735 3758 864 3798; x_wconf 90' lang='lat' dir='ltr'><strong>vero</strong></span> <span class='ocrx_word' id='word_1_379' title='bbox 918 3745 1359 3813; x_wconf 86' lang='lat' dir='ltr'><strong>concaptivorutn</strong></span> <span class='ocrx_word' id='word_1_380' title='bbox 1390 3786 1405 3810; x_wconf 92' lang='lat'><strong>,</strong></span> <span class='ocrx_word' id='word_1_381' title='bbox 1480 3747 1722 3814; x_wconf 80' lang='lat' dir='ltr'><strong>quantltu</strong></span> 
     </span>
    </p>
   </div>
   <div class='ocr_carea' id='block_1_56' title="bbox 135 3836 1724 3903">
    <p class='ocr_par' dir='ltr' id='par_1_56' title="bbox 135 3836 1724 3903">
     <span class='ocr_line' id='line_1_56' title="bbox 135 3836 1724 3903; baseline 0.001 -12"><span class='ocrx_word' id='word_1_382' title='bbox 135 3836 274 3891; x_wconf 90' lang='lat' dir='ltr'><strong>idettt</strong></span> <span class='ocrx_word' id='word_1_383' title='bbox 306 3852 400 3892; x_wconf 86' lang='lat' dir='ltr'><strong>rex</strong></span> <span class='ocrx_word' id='word_1_384' title='bbox 443 3836 695 3890; x_wconf 83' lang='lat' dir='ltr'><strong>humanis</strong></span> <span class='ocrx_word' id='word_1_385' title='bbox 726 3836 889 3891; x_wconf 87' lang='lat' dir='ltr'><strong>rebus</strong></span> <span class='ocrx_word' id='word_1_386' title='bbox 936 3836 1202 3903; x_wconf 88' lang='lat' dir='ltr'><strong>interfuit,</strong></span> <span class='ocrx_word' id='word_1_387' title='bbox 1240 3838 1294 3892; x_wconf 93' lang='lat' dir='ltr'><strong>in</strong></span> <span class='ocrx_word' id='word_1_388' title='bbox 1344 3838 1573 3893; x_wconf 84' lang='lat' dir='ltr'><strong>vinculis</strong></span> <span class='ocrx_word' id='word_1_389' title='bbox 1612 3839 1724 3893; x_wconf 90' lang='lat' dir='ltr'><strong>suis</strong></span> 
     </span>
    </p>
   </div>
   <div class='ocr_carea' id='block_1_57' title="bbox 134 3929 1720 3999">
    <p class='ocr_par' dir='ltr' id='par_1_57' title="bbox 134 3929 1720 3999">
     <span class='ocr_line' id='line_1_57' title="bbox 134 3929 1720 3999; baseline 0 -16"><span class='ocrx_word' id='word_1_390' title='bbox 134 3937 570 3999; x_wconf 86' lang='lat' dir='ltr'><strong>permanserunt.</strong></span> <span class='ocrx_word' id='word_1_391' title='bbox 625 3929 704 3983; x_wconf 83' lang='lat' dir='ltr'><strong>Ex</strong></span> <span class='ocrx_word' id='word_1_392' title='bbox 752 3944 860 3998; x_wconf 91' lang='lat' dir='ltr'><strong>quo</strong></span> <span class='ocrx_word' id='word_1_393' title='bbox 910 3937 1090 3983; x_wconf 87' lang='lat' dir='ltr'><strong>autem</strong></span> <span class='ocrx_word' id='word_1_394' title='bbox 1138 3944 1324 3984; x_wconf 90' lang='lat' dir='ltr'><strong>comes</strong></span> <span class='ocrx_word' id='word_1_395' title='bbox 1374 3930 1610 3985; x_wconf 80' lang='lat' dir='ltr'><strong>Mellenti</strong></span> <span class='ocrx_word' id='word_1_396' title='bbox 1667 3932 1720 3984; x_wconf 91' lang='lat' dir='ltr'><strong>in</strong></span> 
     </span>
    </p>
   </div>
   <div class='ocr_carea' id='block_1_58' title="bbox 135 4016 1724 4087">
    <p class='ocr_par' dir='ltr' id='par_1_58' title="bbox 135 4016 1724 4087">
     <span class='ocr_line' id='line_1_58' title="bbox 135 4016 1724 4087; baseline 0 -14"><span class='ocrx_word' id='word_1_397' title='bbox 135 4018 447 4087; x_wconf 76' lang='lat' dir='ltr'><strong>supradit-to</strong></span> <span class='ocrx_word' id='word_1_398' title='bbox 474 4016 730 4073; x_wconf 82' lang='lat' dir='ltr'><strong>conﬂictu</strong></span> <span class='ocrx_word' id='word_1_399' title='bbox 759 4026 949 4085; x_wconf 92' lang='lat' dir='ltr'><strong>captus</strong></span> <span class='ocrx_word' id='word_1_400' title='bbox 980 4027 1083 4083; x_wconf 87' lang='lat' dir='ltr'><strong>est,</strong></span> <span class='ocrx_word' id='word_1_401' title='bbox 1114 4027 1223 4079; x_wconf 88' lang='lat' dir='ltr'><strong>tam</strong></span> <span class='ocrx_word' id='word_1_402' title='bbox 1264 4019 1317 4072; x_wconf 91' lang='lat' dir='ltr'><strong>in</strong></span> <span class='ocrx_word' id='word_1_403' title='bbox 1354 4020 1547 4073; x_wconf 90' lang='lat' dir='ltr'><strong>ducatu</strong></span> <span class='ocrx_word' id='word_1_404' title='bbox 1586 4020 1724 4074; x_wconf 70' lang='lat' dir='ltr'><strong>Nor-</strong></span> 
     </span>
    </p>
   </div>
   <div class='ocr_carea' id='block_1_59' title="bbox 135 4108 1717 4179">
    <p class='ocr_par' dir='ltr' id='par_1_59' title="bbox 135 4108 1717 4179">
     <span class='ocr_line' id='line_1_59' title="bbox 135 4108 1717 4179; baseline 0.001 -16"><span class='ocrx_word' id='word_1_405' title='bbox 135 4110 429 4165; x_wconf 75' lang='lat' dir='ltr'><strong>thmannia:</strong></span> <span class='ocrx_word' id='word_1_406' title='bbox 457 4125 620 4179; x_wconf 88' lang='lat' dir='ltr'><strong>quant</strong></span> <span class='ocrx_word' id='word_1_407' title='bbox 669 4108 723 4164; x_wconf 89' lang='lat' dir='ltr'><strong>in</strong></span> <span class='ocrx_word' id='word_1_408' title='bbox 758 4123 923 4179; x_wconf 83' lang='lat' dir='ltr'><strong>regno</strong></span> <span class='ocrx_word' id='word_1_409' title='bbox 948 4109 1155 4179; x_wconf 74' lang='lat' dir='ltr'><strong>Angliae</strong></span> <span class='ocrx_word' id='word_1_410' title='bbox 1186 4125 1283 4179; x_wconf 90' lang='lat' dir='ltr'><strong>per</strong></span> <span class='ocrx_word' id='word_1_411' title='bbox 1308 4119 1477 4165; x_wconf 81' lang='lat' dir='ltr'><strong>totum</strong></span> <span class='ocrx_word' id='word_1_412' title='bbox 1516 4112 1717 4166; x_wconf 87' lang='lat' dir='ltr'><strong>decen-</strong></span> 
     </span>
    </p>
   </div>
   <div class='ocr_carea' id='block_1_60' title="bbox 134 4199 1718 4271">
    <p class='ocr_par' dir='ltr' id='par_1_60' title="bbox 134 4199 1718 4271">
     <span class='ocr_line' id='line_1_60' title="bbox 134 4199 1718 4271; baseline 0.001 -17"><span class='ocrx_word' id='word_1_413' title='bbox 134 4202 282 4255; x_wconf 90' lang='lat' dir='ltr'><strong>nium</strong></span> <span class='ocrx_word' id='word_1_414' title='bbox 313 4216 423 4269; x_wconf 92' lang='lat' dir='ltr'><strong>quo</strong></span> <span class='ocrx_word' id='word_1_415' title='bbox 465 4216 560 4254; x_wconf 92' lang='lat' dir='ltr'><strong>rex</strong></span> <span class='ocrx_word' id='word_1_416' title='bbox 604 4199 871 4255; x_wconf 88' lang='lat' dir='ltr'><strong>llenricus</strong></span> <span class='ocrx_word' id='word_1_417' title='bbox 896 4201 1222 4271; x_wconf 75' lang='lat' dir='ltr'><strong>supervixit,</strong></span> <span class='ocrx_word' id='word_1_418' title='bbox 1252 4216 1463 4255; x_wconf 91' lang='lat' dir='ltr'><strong>summa</strong></span> <span class='ocrx_word' id='word_1_419' title='bbox 1494 4217 1599 4271; x_wconf 86' lang='lat' dir='ltr'><strong>pax</strong></span> <span class='ocrx_word' id='word_1_420' title='bbox 1636 4202 1718 4255; x_wconf 88' lang='lat' dir='ltr'><strong>vi-</strong></span> 
     </span>
    </p>
   </div>
   <div class='ocr_carea' id='block_1_61' title="bbox 132 4290 1716 4362">
    <p class='ocr_par' dir='ltr' id='par_1_61' title="bbox 132 4290 1716 4362">
     <span class='ocr_line' id='line_1_61' title="bbox 132 4290 1716 4362; baseline 0.001 -18"><span class='ocrx_word' id='word_1_421' title='bbox 132 4294 279 4359; x_wconf 80' lang='lat' dir='ltr'><strong>guit;</strong></span> <span class='ocrx_word' id='word_1_422' title='bbox 308 4294 437 4348; x_wconf 87' lang='lat' dir='ltr'><strong>licet</strong></span> <span class='ocrx_word' id='word_1_423' title='bbox 465 4308 633 4361; x_wconf 88' lang='lat' dir='ltr'><strong>nepos</strong></span> <span class='ocrx_word' id='word_1_424' title='bbox 655 4290 771 4360; x_wconf 90' lang='lat' dir='ltr'><strong>ejus</strong></span> <span class='ocrx_word' id='word_1_425' title='bbox 793 4292 1097 4347; x_wconf 82' lang='lat' dir='ltr'><strong>Willeltnus</strong></span> <span class='ocrx_word' id='word_1_426' title='bbox 1134 4308 1304 4362; x_wconf 85' lang='lat' dir='ltr'><strong>parvo</strong></span> <span class='ocrx_word' id='word_1_427' title='bbox 1339 4301 1581 4362; x_wconf 90' lang='lat' dir='ltr'><strong>tempore</strong></span> <span class='ocrx_word' id='word_1_428' title='bbox 1607 4309 1716 4362; x_wconf 93' lang='lat' dir='ltr'><strong>quo</strong></span> 
     </span>
    </p>
   </div>
   <div class='ocr_carea' id='block_1_62' title="bbox 1832 1752 3423 1824">
    <p class='ocr_par' dir='ltr' id='par_1_62' title="bbox 1832 1752 3423 1824">
     <span class='ocr_line' id='line_1_62' title="bbox 1832 1752 3423 1824; baseline -0.001 -18"><span class='ocrx_word' id='word_1_429' title='bbox 1832 1753 2160 1823; x_wconf 86' lang='lat' dir='ltr'><strong>stipendium</strong></span> <span class='ocrx_word' id='word_1_430' title='bbox 2193 1754 2554 1824; x_wconf 84' lang='lat' dir='ltr'><strong>accepissent,</strong></span> <span class='ocrx_word' id='word_1_431' title='bbox 2586 1770 2687 1809; x_wconf 86' lang='lat' dir='ltr'><strong>nec</strong></span> <span class='ocrx_word' id='word_1_432' title='bbox 2717 1756 2782 1809; x_wconf 90' lang='lat' dir='ltr'><strong>de</strong></span> <span class='ocrx_word' id='word_1_433' title='bbox 2808 1770 2891 1817; x_wconf 89' lang='lat' dir='ltr'><strong>ea,</strong></span> <span class='ocrx_word' id='word_1_434' title='bbox 2924 1763 3108 1823; x_wconf 90' lang='lat' dir='ltr'><strong>utpote</strong></span> <span class='ocrx_word' id='word_1_435' title='bbox 3150 1770 3256 1806; x_wconf 91' lang='lat' dir='ltr'><strong>non</strong></span> <span class='ocrx_word' id='word_1_436' title='bbox 3298 1752 3423 1822; x_wconf 85' lang='lat' dir='ltr'><strong>legi-</strong></span> 
     </span>
    </p>
   </div>
   <div class='ocr_carea' id='block_1_63' title="bbox 1834 1846 3424 1916">
    <p class='ocr_par' dir='ltr' id='par_1_63' title="bbox 1834 1846 3424 1916">
     <span class='ocr_line' id='line_1_63' title="bbox 1834 1846 3424 1916; baseline -0.002 -16"><span class='ocrx_word' id='word_1_437' title='bbox 1834 1848 1964 1900; x_wconf 91' lang='lat' dir='ltr'><strong>tima</strong></span> <span class='ocrx_word' id='word_1_438' title='bbox 2012 1847 2214 1916; x_wconf 86' lang='lat' dir='ltr'><strong>a&#39;iquid</strong></span> <span class='ocrx_word' id='word_1_439' title='bbox 2264 1863 2447 1902; x_wconf 90' lang='lat' dir='ltr'><strong>emere</strong></span> <span class='ocrx_word' id='word_1_440' title='bbox 2472 1847 2731 1911; x_wconf 87' lang='lat' dir='ltr'><strong>valerent,</strong></span> <span class='ocrx_word' id='word_1_441' title='bbox 2766 1848 2831 1900; x_wconf 90' lang='lat' dir='ltr'><strong>de</strong></span> <span class='ocrx_word' id='word_1_442' title='bbox 2861 1847 3095 1901; x_wconf 77' lang='lat' dir='ltr'><strong>falsitate</strong></span> <span class='ocrx_word' id='word_1_443' title='bbox 3128 1846 3246 1914; x_wconf 87' lang='lat' dir='ltr'><strong>ejus</strong></span> <span class='ocrx_word' id='word_1_444' title='bbox 3295 1862 3424 1899; x_wconf 77' lang='lat' dir='ltr'><strong>con-</strong></span> 
     </span>
    </p>
   </div>
   <div class='ocr_carea' id='block_1_64' title="bbox 1830 1938 3423 2010">
    <p class='ocr_par' dir='ltr' id='par_1_64' title="bbox 1830 1938 3423 2010">
     <span class='ocr_line' id='line_1_64' title="bbox 1830 1938 3423 2010; baseline 0 -21"><span class='ocrx_word' id='word_1_445' title='bbox 1830 1938 2007 2006; x_wconf 86' lang='lat' dir='ltr'><strong>questi</strong></span> <span class='ocrx_word' id='word_1_446' title='bbox 2036 1946 2163 1992; x_wconf 86' lang='lat' dir='ltr'><strong>sunt</strong></span> <span class='ocrx_word' id='word_1_447' title='bbox 2196 1939 2335 2008; x_wconf 90' lang='lat' dir='ltr'><strong>apud</strong></span> <span class='ocrx_word' id='word_1_448' title='bbox 2364 1953 2564 2008; x_wconf 82' lang='lat' dir='ltr'><strong>regem.</strong></span> <span class='ocrx_word' id='word_1_449' title='bbox 2592 1938 2767 1991; x_wconf 86' lang='lat' dir='ltr'><strong>Iratus</strong></span> <span class='ocrx_word' id='word_1_450' title='bbox 2793 1954 2921 2010; x_wconf 84' lang='lat' dir='ltr'><strong>ergo</strong></span> <span class='ocrx_word' id='word_1_451' title='bbox 2958 1954 3049 1992; x_wconf 77' lang='lat' dir='ltr'><strong>rex</strong></span> <span class='ocrx_word' id='word_1_452' title='bbox 3071 1978 3085 2001; x_wconf 93' lang='lat'><strong>,</strong></span> <span class='ocrx_word' id='word_1_453' title='bbox 3116 1948 3166 1992; x_wconf 90' lang='lat' dir='ltr'><strong>et</strong></span> <span class='ocrx_word' id='word_1_454' title='bbox 3198 1948 3423 2007; x_wconf 86' lang='lat' dir='ltr'><strong>propter</strong></span> 
     </span>
    </p>
   </div>
   <div class='ocr_carea' id='block_1_65' title="bbox 1832 2026 3419 2097">
    <p class='ocr_par' dir='ltr' id='par_1_65' title="bbox 1832 2026 3419 2097">
     <span class='ocr_line' id='line_1_65' title="bbox 1832 2026 3419 2097; baseline 0.001 -19"><span class='ocrx_word' id='word_1_455' title='bbox 1832 2026 2063 2079; x_wconf 90' lang='lat' dir='ltr'><strong>militum</strong></span> <span class='ocrx_word' id='word_1_456' title='bbox 2094 2042 2319 2080; x_wconf 90' lang='lat' dir='ltr'><strong>suorum</strong></span> <span class='ocrx_word' id='word_1_457' title='bbox 2368 2028 2641 2096; x_wconf 87' lang='lat' dir='ltr'><strong>injuriant,</strong></span> <span class='ocrx_word' id='word_1_458' title='bbox 2693 2029 2862 2097; x_wconf 84' lang='lat' dir='ltr'><strong>magis</strong></span> <span class='ocrx_word' id='word_1_459' title='bbox 2914 2039 3097 2081; x_wconf 89' lang='lat' dir='ltr'><strong>autem</strong></span> <span class='ocrx_word' id='word_1_460' title='bbox 3152 2028 3219 2079; x_wconf 93' lang='lat' dir='ltr'><strong>ob</strong></span> <span class='ocrx_word' id='word_1_461' title='bbox 3260 2026 3419 2095; x_wconf 88' lang='lat' dir='ltr'><strong>justi-</strong></span> 
     </span>
    </p>
   </div>
   <div class='ocr_carea' id='block_1_66' title="bbox 1833 2115 3423 2181">
    <p class='ocr_par' dir='ltr' id='par_1_66' title="bbox 1833 2115 3423 2181">
     <span class='ocr_line' id='line_1_66' title="bbox 1833 2115 3423 2181; baseline -0.003 -12"><span class='ocrx_word' id='word_1_462' title='bbox 1833 2115 1960 2169; x_wconf 87' lang='lat' dir='ltr'><strong>tiam</strong></span> <span class='ocrx_word' id='word_1_463' title='bbox 1998 2124 2321 2170; x_wconf 88' lang='lat' dir='ltr'><strong>temeratam</strong></span> <span class='ocrx_word' id='word_1_464' title='bbox 2346 2157 2360 2179; x_wconf 93' lang='lat'><strong>,</strong></span> <span class='ocrx_word' id='word_1_465' title='bbox 2407 2118 2732 2171; x_wconf 86' lang='lat' dir='ltr'><strong>sententiam</strong></span> <span class='ocrx_word' id='word_1_466' title='bbox 2778 2118 3035 2181; x_wconf 85' lang='lat' dir='ltr'><strong>dictavit;</strong></span> <span class='ocrx_word' id='word_1_467' title='bbox 3072 2116 3337 2169; x_wconf 88' lang='lat' dir='ltr'><strong>mandans</strong></span> <span class='ocrx_word' id='word_1_468' title='bbox 3368 2122 3423 2167; x_wconf 82' lang='lat' dir='ltr'><strong>et</strong></span> 
     </span>
    </p>
   </div>
   <div class='ocr_carea' id='block_1_67' title="bbox 1829 2206 3418 2277">
    <p class='ocr_par' dir='ltr' id='par_1_67' title="bbox 1829 2206 3418 2277">
     <span class='ocr_line' id='line_1_67' title="bbox 1829 2206 3418 2277; baseline -0.001 -20"><span class='ocrx_word' id='word_1_469' title='bbox 1829 2206 2149 2275; x_wconf 72' lang='lat' dir='ltr'><strong>praecipiens</strong></span> <span class='ocrx_word' id='word_1_470' title='bbox 2180 2207 2285 2260; x_wconf 89' lang='lat' dir='ltr'><strong>illis</strong></span> <span class='ocrx_word' id='word_1_471' title='bbox 2303 2222 2439 2276; x_wconf 78' lang='lat' dir='ltr'><strong>quos</strong></span> <span class='ocrx_word' id='word_1_472' title='bbox 2465 2208 2517 2261; x_wconf 92' lang='lat' dir='ltr'><strong>itt</strong></span> <span class='ocrx_word' id='word_1_473' title='bbox 2550 2224 2649 2261; x_wconf 89' lang='lat' dir='ltr'><strong>suo</strong></span> <span class='ocrx_word' id='word_1_474' title='bbox 2680 2207 2799 2261; x_wconf 89' lang='lat' dir='ltr'><strong>loco</strong></span> <span class='ocrx_word' id='word_1_475' title='bbox 2831 2208 2883 2261; x_wconf 90' lang='lat' dir='ltr'><strong>in</strong></span> <span class='ocrx_word' id='word_1_476' title='bbox 2904 2207 3093 2277; x_wconf 81' lang='lat' dir='ltr'><strong>Anglia</strong></span> <span class='ocrx_word' id='word_1_477' title='bbox 3120 2207 3418 2268; x_wconf 82' lang='lat' dir='ltr'><strong>dimiserat,</strong></span> 
     </span>
    </p>
   </div>
   <div class='ocr_carea' id='block_1_68' title="bbox 1830 2297 3418 2369">
    <p class='ocr_par' dir='ltr' id='par_1_68' title="bbox 1830 2297 3418 2369">
     <span class='ocr_line' id='line_1_68' title="bbox 1830 2297 3418 2369; baseline -0.001 -18"><span class='ocrx_word' id='word_1_478' title='bbox 1830 2300 2499 2353; x_wconf 83' lang='lat' dir='ltr'><strong>utomnesnumtttularios</strong></span> <span class='ocrx_word' id='word_1_479' title='bbox 2519 2301 2607 2368; x_wconf 90' lang='lat' dir='ltr'><strong>qui</strong></span> <span class='ocrx_word' id='word_1_480' title='bbox 2628 2300 2786 2369; x_wconf 82' lang='lat' dir='ltr'><strong>hujus</strong></span> <span class='ocrx_word' id='word_1_481' title='bbox 2802 2298 3245 2368; x_wconf 88' lang='lat' dir='ltr'><strong>itnpietatisjuste</strong></span> <span class='ocrx_word' id='word_1_482' title='bbox 3267 2297 3418 2366; x_wconf 55' lang='lat' dir='ltr'><strong>argui</strong></span> 
     </span>
    </p>
   </div>
   <div class='ocr_carea' id='block_1_69' title="bbox 1830 2392 3419 2457">
    <p class='ocr_par' dir='ltr' id='par_1_69' title="bbox 1830 2392 3419 2457">
     <span class='ocr_line' id='line_1_69' title="bbox 1830 2392 3419 2457; baseline -0.001 -12"><span class='ocrx_word' id='word_1_483' title='bbox 1830 2392 2101 2457; x_wconf 84' lang='lat' dir='ltr'><strong>valerent,</strong></span> <span class='ocrx_word' id='word_1_484' title='bbox 2133 2393 2439 2447; x_wconf 86' lang='lat' dir='ltr'><strong>abscisione</strong></span> <span class='ocrx_word' id='word_1_485' title='bbox 2473 2395 2785 2448; x_wconf 89' lang='lat' dir='ltr'><strong>dextrarttm</strong></span> <span class='ocrx_word' id='word_1_486' title='bbox 2816 2409 3090 2456; x_wconf 87' lang='lat' dir='ltr'><strong>manuum,</strong></span> <span class='ocrx_word' id='word_1_487' title='bbox 3128 2406 3338 2445; x_wconf 89' lang='lat' dir='ltr'><strong>necnon</strong></span> <span class='ocrx_word' id='word_1_488' title='bbox 3369 2399 3419 2443; x_wconf 78' lang='lat' dir='ltr'><strong>rt</strong></span> 
     </span>
    </p>
   </div>
   <div class='ocr_carea' id='block_1_70' title="bbox 1829 2480 3426 2553">
    <p class='ocr_par' dir='ltr' id='par_1_70' title="bbox 1829 2480 3426 2553">
     <span class='ocr_line' id='line_1_70' title="bbox 1829 2480 3426 2553; baseline -0.003 -16"><span class='ocrx_word' id='word_1_489' title='bbox 1829 2485 2144 2553; x_wconf 87' lang='lat' dir='ltr'><strong>genitalium</strong></span> <span class='ocrx_word' id='word_1_490' title='bbox 2193 2485 2559 2539; x_wconf 89' lang='lat' dir='ltr'><strong>membrorum</strong></span> <span class='ocrx_word' id='word_1_491' title='bbox 2611 2484 2996 2539; x_wconf 87' lang='lat' dir='ltr'><strong>multarentur.</strong></span> <span class='ocrx_word' id='word_1_492' title='bbox 3050 2480 3093 2537; x_wconf 92' lang='grc' dir='ltr'><strong>Ο</strong></span> <span class='ocrx_word' id='word_1_493' title='bbox 3123 2482 3297 2535; x_wconf 89' lang='lat' dir='ltr'><strong>virum</strong></span> <span class='ocrx_word' id='word_1_494' title='bbox 3330 2480 3426 2533; x_wconf 83' lang='lat' dir='ltr'><strong>dc-</strong></span> 
     </span>
    </p>
   </div>
   <div class='ocr_carea' id='block_1_71' title="bbox 1830 2570 3422 2646">
    <p class='ocr_par' dir='ltr' id='par_1_71' title="bbox 1830 2570 3422 2646">
     <span class='ocr_line' id='line_1_71' title="bbox 1830 2570 3422 2646; baseline -0.003 -17"><span class='ocrx_word' id='word_1_495' title='bbox 1830 2577 2102 2630; x_wconf 87' lang='lat' dir='ltr'><strong>fensorem</strong></span> <span class='ocrx_word' id='word_1_496' title='bbox 2130 2577 2357 2646; x_wconf 78' lang='lat' dir='ltr'><strong>justitia:</strong></span> <span class='ocrx_word' id='word_1_497' title='bbox 2399 2586 2453 2630; x_wconf 91' lang='lat' dir='ltr'><strong>et</strong></span> <span class='ocrx_word' id='word_1_498' title='bbox 2489 2577 2793 2646; x_wconf 86' lang='lat' dir='ltr'><strong>iniquitatis</strong></span> <span class='ocrx_word' id='word_1_499' title='bbox 2826 2574 3154 2629; x_wconf 87' lang='lat' dir='ltr'><strong>acerrimum</strong></span> <span class='ocrx_word' id='word_1_500' title='bbox 3204 2570 3422 2643; x_wconf 90' lang='lat' dir='ltr'><strong>punito-</strong></span> 
     </span>
    </p>
   </div>
   <div class='ocr_carea' id='block_1_72' title="bbox 1829 2666 3423 2739">
    <p class='ocr_par' dir='ltr' id='par_1_72' title="bbox 1829 2666 3423 2739">
     <span class='ocr_line' id='line_1_72' title="bbox 1829 2666 3423 2739; baseline -0.002 -17"><span class='ocrx_word' id='word_1_501' title='bbox 1829 2670 1977 2722; x_wconf 85' lang='lat' dir='ltr'><strong>rent!</strong></span> <span class='ocrx_word' id='word_1_502' title='bbox 2014 2669 2058 2723; x_wconf 92' lang='grc' dir='ltr'>Ο</span> <span class='ocrx_word' id='word_1_503' title='bbox 2083 2670 2125 2723; x_wconf 91' lang='lat' dir='ltr'><strong>si</strong></span> <span class='ocrx_word' id='word_1_504' title='bbox 2160 2670 2320 2724; x_wconf 89' lang='lat' dir='ltr'><strong>vellet</strong></span> <span class='ocrx_word' id='word_1_505' title='bbox 2351 2670 2774 2739; x_wconf 87' lang='lat' dir='ltr'><strong>redemptionem</strong></span> <span class='ocrx_word' id='word_1_506' title='bbox 2802 2669 3048 2737; x_wconf 86' lang='lat' dir='ltr'><strong>accipere</strong></span> <span class='ocrx_word' id='word_1_507' title='bbox 3076 2683 3171 2737; x_wconf 91' lang='lat' dir='ltr'><strong>pro</strong></span> <span class='ocrx_word' id='word_1_508' title='bbox 3209 2674 3287 2720; x_wconf 88' lang='lat' dir='ltr'><strong>tot</strong></span> <span class='ocrx_word' id='word_1_509' title='bbox 3323 2666 3423 2720; x_wconf 83' lang='lat' dir='ltr'><strong>ho-</strong></span> 
     </span>
    </p>
   </div>
   <div class='ocr_carea' id='block_1_73' title="bbox 1830 2756 3416 2828">
    <p class='ocr_par' dir='ltr' id='par_1_73' title="bbox 1830 2756 3416 2828">
     <span class='ocr_line' id='line_1_73' title="bbox 1830 2756 3416 2828; baseline -0.002 -16"><span class='ocrx_word' id='word_1_510' title='bbox 1830 2758 2035 2812; x_wconf 87' lang='lat' dir='ltr'><strong>tttittunt</strong></span> <span class='ocrx_word' id='word_1_511' title='bbox 2070 2760 2360 2827; x_wconf 90' lang='lat' dir='ltr'><strong>impiorum</strong></span> <span class='ocrx_word' id='word_1_512' title='bbox 2410 2759 2689 2823; x_wconf 90' lang='lat' dir='ltr'><strong>membris,</strong></span> <span class='ocrx_word' id='word_1_513' title='bbox 2735 2769 2937 2828; x_wconf 86' lang='lat' dir='ltr'><strong>quanta</strong></span> <span class='ocrx_word' id='word_1_514' title='bbox 2970 2758 3135 2811; x_wconf 89' lang='lat' dir='ltr'><strong>millia</strong></span> <span class='ocrx_word' id='word_1_515' title='bbox 3188 2756 3416 2811; x_wconf 85' lang='lat' dir='ltr'><strong>talento-</strong></span> 
     </span>
    </p>
   </div>
   <div class='ocr_carea' id='block_1_74' title="bbox 1830 2848 3424 2921">
    <p class='ocr_par' dir='ltr' id='par_1_74' title="bbox 1830 2848 3424 2921">
     <span class='ocr_line' id='line_1_74' title="bbox 1830 2848 3424 2921; baseline -0.002 -17"><span class='ocrx_word' id='word_1_516' title='bbox 1830 2867 1949 2905; x_wconf 87' lang='lat' dir='ltr'><strong>l&#39;lttll</strong></span> <span class='ocrx_word' id='word_1_517' title='bbox 1978 2862 2160 2921; x_wconf 88' lang='lat' dir='ltr'><strong>posset</strong></span> <span class='ocrx_word' id='word_1_518' title='bbox 2190 2853 2313 2908; x_wconf 84' lang='lat' dir='ltr'><strong>inde</strong></span> <span class='ocrx_word' id='word_1_519' title='bbox 2356 2852 2584 2907; x_wconf 90' lang='lat' dir='ltr'><strong>lucrari!</strong></span> <span class='ocrx_word' id='word_1_520' title='bbox 2639 2851 2769 2918; x_wconf 84' lang='lat' dir='ltr'><strong>Sed,</strong></span> <span class='ocrx_word' id='word_1_521' title='bbox 2816 2860 2878 2905; x_wconf 88' lang='lat' dir='ltr'><strong>ut</strong></span> <span class='ocrx_word' id='word_1_522' title='bbox 2910 2851 3170 2917; x_wconf 77' lang='lat' dir='ltr'><strong>diximus,</strong></span> <span class='ocrx_word' id='word_1_523' title='bbox 3218 2848 3424 2921; x_wconf 86' lang='lat' dir='ltr'><strong>sprevit</strong></span> 
     </span>
    </p>
   </div>
   <div class='ocr_carea' id='block_1_75' title="bbox 1831 2944 2601 3016">
    <p class='ocr_par' dir='ltr' id='par_1_75' title="bbox 1831 2944 2601 3016">
     <span class='ocr_line' id='line_1_75' title="bbox 1831 2944 2601 3016; baseline 0 -19"><span class='ocrx_word' id='word_1_524' title='bbox 1831 2944 2118 3014; x_wconf 89' lang='lat' dir='ltr'><strong>pecuniam</strong></span> <span class='ocrx_word' id='word_1_525' title='bbox 2148 2960 2333 3000; x_wconf 88' lang='lat' dir='ltr'><strong>amore</strong></span> <span class='ocrx_word' id='word_1_526' title='bbox 2353 2944 2601 3016; x_wconf 67' lang='lat' dir='ltr'><strong>justitire.</strong></span> 
     </span>
    </p>
   </div>
   <div class='ocr_carea' id='block_1_76' title="bbox 2391 3065 2853 3121">
    <p class='ocr_par' dir='ltr' id='par_1_76' title="bbox 2391 3065 2853 3121">
     <span class='ocr_line' id='line_1_76' title="bbox 2391 3065 2853 3121; baseline -0.006 0"><span class='ocrx_word' id='word_1_527' title='bbox 2391 3065 2621 3121; x_wconf 70' lang='lat' dir='ltr'>CAPUT</span> <span class='ocrx_word' id='word_1_528' title='bbox 2662 3065 2853 3119; x_wconf 69' lang='lat' dir='ltr'><strong>XXIV.</strong></span> 
     </span>
    </p>
   </div>
   <div class='ocr_carea' id='block_1_77' title="bbox 1828 3153 3421 3213">
    <p class='ocr_par' dir='ltr' id='par_1_77' title="bbox 1828 3153 3421 3213">
     <span class='ocr_line' id='line_1_77' title="bbox 1828 3153 3421 3213; baseline -0.004 -2"><span class='ocrx_word' id='word_1_529' title='bbox 1828 3158 1907 3213; x_wconf 78' lang='lat' dir='ltr'><strong>De</strong></span> <span class='ocrx_word' id='word_1_530' title='bbox 1957 3159 2097 3213; x_wconf 78' lang='lat' dir='ltr'><strong>obitu</strong></span> <span class='ocrx_word' id='word_1_531' title='bbox 2130 3158 2383 3211; x_wconf 85' lang='lat' dir='ltr'><strong>Willelmi</strong></span> <span class='ocrx_word' id='word_1_532' title='bbox 2435 3159 2637 3211; x_wconf 78' lang='lat' dir='ltr'><strong>abbatis</strong></span> <span class='ocrx_word' id='word_1_533' title='bbox 2681 3156 2955 3209; x_wconf 78' lang='lat' dir='ltr'><strong>Beccensis</strong></span> <span class='ocrx_word' id='word_1_534' title='bbox 3009 3164 3056 3207; x_wconf 83' lang='lat' dir='ltr'><strong>et</strong></span> <span class='ocrx_word' id='word_1_535' title='bbox 3096 3154 3159 3208; x_wconf 83' lang='lat' dir='ltr'><strong>de</strong></span> <span class='ocrx_word' id='word_1_536' title='bbox 3191 3153 3421 3207; x_wconf 69' lang='lat' dir='ltr'><strong>boniIaIe</strong></span> 
     </span>
    </p>
   </div>
   <div class='ocr_carea' id='block_1_78' title="bbox 2104 3225 3135 3282">
    <p class='ocr_par' dir='ltr' id='par_1_78' title="bbox 2104 3225 3135 3282">
     <span class='ocr_line' id='line_1_78' title="bbox 2104 3225 3135 3282; baseline -0.005 -1"><span class='ocrx_word' id='word_1_537' title='bbox 2104 3228 2411 3282; x_wconf 78' lang='lat' dir='ltr'><strong>venerabilis</strong></span> <span class='ocrx_word' id='word_1_538' title='bbox 2444 3227 2664 3280; x_wconf 83' lang='lat' dir='ltr'><strong>Bosottis</strong></span> <span class='ocrx_word' id='word_1_539' title='bbox 2688 3226 3000 3279; x_wconf 76' lang='lat' dir='ltr'><strong>successoris</strong></span> <span class='ocrx_word' id='word_1_540' title='bbox 3032 3225 3135 3277; x_wconf 87' lang='lat' dir='ltr'><strong>sui.</strong></span> 
     </span>
    </p>
   </div>
   <div class='ocr_carea' id='block_1_79' title="bbox 1900 3311 3419 3388">
    <p class='ocr_par' dir='ltr' id='par_1_79' title="bbox 1900 3311 3419 3388">
     <span class='ocr_line' id='line_1_79' title="bbox 1900 3311 3419 3388; baseline -0.005 -16"><span class='ocrx_word' id='word_1_541' title='bbox 1900 3317 2015 3373; x_wconf 81' lang='lat' dir='ltr'><strong>Hoc</strong></span> <span class='ocrx_word' id='word_1_542' title='bbox 2052 3326 2297 3388; x_wconf 89' lang='lat' dir='ltr'><strong>tempore</strong></span> <span class='ocrx_word' id='word_1_543' title='bbox 2340 3319 2571 3372; x_wconf 88' lang='lat' dir='ltr'><strong>moritur</strong></span> <span class='ocrx_word' id='word_1_544' title='bbox 2599 3317 2899 3372; x_wconf 78' lang='lat' dir='ltr'><strong>\Villehnus</strong></span> <span class='ocrx_word' id='word_1_545' title='bbox 2933 3317 3100 3370; x_wconf 89' lang='lat' dir='ltr'><strong>abbas</strong></span> <span class='ocrx_word' id='word_1_546' title='bbox 3128 3311 3419 3368; x_wconf 64' lang='lat' dir='ltr'><strong>Becccnsis</strong></span> 
     </span>
    </p>
   </div>
   <div class='ocr_carea' id='block_1_80' title="bbox 1828 3403 3415 3477">
    <p class='ocr_par' dir='ltr' id='par_1_80' title="bbox 1828 3403 3415 3477">
     <span class='ocr_line' id='line_1_80' title="bbox 1828 3403 3415 3477; baseline -0.006 -15"><span class='ocrx_word' id='word_1_547' title='bbox 1828 3417 1882 3462; x_wconf 85' lang='lat' dir='ltr'><strong>et</strong></span> <span class='ocrx_word' id='word_1_548' title='bbox 1920 3408 2165 3463; x_wconf 88' lang='lat' dir='ltr'><strong>succedit</strong></span> <span class='ocrx_word' id='word_1_549' title='bbox 2202 3408 2433 3463; x_wconf 89' lang='lat' dir='ltr'><strong>domnus</strong></span> <span class='ocrx_word' id='word_1_550' title='bbox 2477 3408 2635 3470; x_wconf 88' lang='lat' dir='ltr'><strong>Boso,</strong></span> <span class='ocrx_word' id='word_1_551' title='bbox 2681 3410 2746 3461; x_wconf 90' lang='lat' dir='ltr'><strong>de</strong></span> <span class='ocrx_word' id='word_1_552' title='bbox 2792 3423 2899 3477; x_wconf 89' lang='lat' dir='ltr'><strong>quo</strong></span> <span class='ocrx_word' id='word_1_553' title='bbox 2943 3406 3089 3460; x_wconf 89' lang='lat' dir='ltr'><strong>venit</strong></span> <span class='ocrx_word' id='word_1_554' title='bbox 3140 3404 3194 3459; x_wconf 93' lang='lat' dir='ltr'><strong>in</strong></span> <span class='ocrx_word' id='word_1_555' title='bbox 3242 3403 3415 3465; x_wconf 89' lang='lat' dir='ltr'><strong>litem,</strong></span> 
     </span>
    </p>
   </div>
   <div class='ocr_carea' id='block_1_81' title="bbox 1834 3494 3419 3570">
    <p class='ocr_par' dir='ltr' id='par_1_81' title="bbox 1834 3494 3419 3570">
     <span class='ocr_line' id='line_1_81' title="bbox 1834 3494 3419 3570; baseline -0.007 -16"><span class='ocrx_word' id='word_1_556' title='bbox 1834 3501 2026 3570; x_wconf 88' lang='lat' dir='ltr'><strong>plusne</strong></span> <span class='ocrx_word' id='word_1_557' title='bbox 2051 3500 2124 3554; x_wconf 87' lang='lat' dir='ltr'><strong>sit</strong></span> <span class='ocrx_word' id='word_1_558' title='bbox 2154 3499 2383 3554; x_wconf 88' lang='lat' dir='ltr'><strong>meritus</strong></span> <span class='ocrx_word' id='word_1_559' title='bbox 2412 3500 2691 3553; x_wconf 89' lang='lat' dir='ltr'><strong>hominum</strong></span> <span class='ocrx_word' id='word_1_560' title='bbox 2725 3496 3082 3553; x_wconf 88' lang='lat' dir='ltr'><strong>reverentiam</strong></span> <span class='ocrx_word' id='word_1_561' title='bbox 3117 3504 3281 3564; x_wconf 88' lang='lat' dir='ltr'><strong>atque</strong></span> <span class='ocrx_word' id='word_1_562' title='bbox 3309 3494 3419 3563; x_wconf 88' lang='lat' dir='ltr'><strong>glo-</strong></span> 
     </span>
    </p>
   </div>
   <div class='ocr_carea' id='block_1_82' title="bbox 1829 3582 3419 3657">
    <p class='ocr_par' dir='ltr' id='par_1_82' title="bbox 1829 3582 3419 3657">
     <span class='ocr_line' id='line_1_82' title="bbox 1829 3582 3419 3657; baseline -0.004 -14"><span class='ocrx_word' id='word_1_563' title='bbox 1829 3590 1985 3653; x_wconf 91' lang='lat' dir='ltr'><strong>riam,</strong></span> <span class='ocrx_word' id='word_1_564' title='bbox 2026 3588 2370 3644; x_wconf 78' lang='lat' dir='ltr'><strong>szecularium</strong></span> <span class='ocrx_word' id='word_1_565' title='bbox 2419 3604 2482 3643; x_wconf 90' lang='lat' dir='ltr'><strong>ac</strong></span> <span class='ocrx_word' id='word_1_566' title='bbox 2527 3587 2889 3657; x_wconf 89' lang='lat' dir='ltr'><strong>spiritualium</strong></span> <span class='ocrx_word' id='word_1_567' title='bbox 2941 3602 3123 3653; x_wconf 83' lang='lat' dir='ltr'><strong>rerum</strong></span> <span class='ocrx_word' id='word_1_568' title='bbox 3155 3582 3419 3653; x_wconf 89' lang='lat' dir='ltr'><strong>singulari</strong></span> 
     </span>
    </p>
   </div>
   <div class='ocr_carea' id='block_1_83' title="bbox 1828 3672 3415 3746">
    <p class='ocr_par' dir='ltr' id='par_1_83' title="bbox 1828 3672 3415 3746">
     <span class='ocr_line' id='line_1_83' title="bbox 1828 3672 3415 3746; baseline -0.004 -14"><span class='ocrx_word' id='word_1_569' title='bbox 1828 3678 2043 3746; x_wconf 87' lang='lat' dir='ltr'><strong>peritia,</strong></span> <span class='ocrx_word' id='word_1_570' title='bbox 2074 3694 2142 3731; x_wconf 91' lang='lat' dir='ltr'><strong>an</strong></span> <span class='ocrx_word' id='word_1_571' title='bbox 2173 3678 2383 3732; x_wconf 89' lang='lat' dir='ltr'><strong>ordinis</strong></span> <span class='ocrx_word' id='word_1_572' title='bbox 2412 3677 2697 3732; x_wconf 75' lang='lat' dir='ltr'><strong>tnonastici</strong></span> <span class='ocrx_word' id='word_1_573' title='bbox 2742 3675 3002 3746; x_wconf 84' lang='lat' dir='ltr'><strong>singulari</strong></span> <span class='ocrx_word' id='word_1_574' title='bbox 3045 3672 3415 3728; x_wconf 88' lang='lat' dir='ltr'><strong>observantia.</strong></span> 
     </span>
    </p>
   </div>
   <div class='ocr_carea' id='block_1_84' title="bbox 1827 3761 3422 3841">
    <p class='ocr_par' dir='ltr' id='par_1_84' title="bbox 1827 3761 3422 3841">
     <span class='ocr_line' id='line_1_84' title="bbox 1827 3761 3422 3841; baseline -0.004 -19"><span class='ocrx_word' id='word_1_575' title='bbox 1827 3768 1982 3824; x_wconf 88' lang='lat' dir='ltr'><strong>lluttc</strong></span> <span class='ocrx_word' id='word_1_576' title='bbox 2010 3769 2233 3841; x_wconf 89' lang='lat' dir='ltr'><strong>plurimi</strong></span> <span class='ocrx_word' id='word_1_577' title='bbox 2289 3778 2554 3839; x_wconf 90' lang='lat' dir='ltr'><strong>potentes,</strong></span> <span class='ocrx_word' id='word_1_578' title='bbox 2615 3778 2719 3821; x_wconf 88' lang='lat' dir='ltr'><strong>tam</strong></span> <span class='ocrx_word' id='word_1_579' title='bbox 2761 3765 3007 3821; x_wconf 67' lang='lat' dir='ltr'><strong>smculari</strong></span> <span class='ocrx_word' id='word_1_580' title='bbox 3037 3780 3200 3836; x_wconf 87' lang='lat' dir='ltr'><strong>quam</strong></span> <span class='ocrx_word' id='word_1_581' title='bbox 3247 3761 3422 3817; x_wconf 86' lang='lat' dir='ltr'><strong>cccle-</strong></span> 
     </span>
    </p>
   </div>
   <div class='ocr_carea' id='block_1_85' title="bbox 1824 3854 3420 3932">
    <p class='ocr_par' dir='ltr' id='par_1_85' title="bbox 1824 3854 3420 3932">
     <span class='ocr_line' id='line_1_85' title="bbox 1824 3854 3420 3932; baseline -0.006 -17"><span class='ocrx_word' id='word_1_582' title='bbox 1824 3862 2043 3916; x_wconf 74' lang='lat' dir='ltr'><strong>siastica</strong></span> <span class='ocrx_word' id='word_1_583' title='bbox 2091 3862 2357 3932; x_wconf 87' lang='lat' dir='ltr'><strong>dignitate</strong></span> <span class='ocrx_word' id='word_1_584' title='bbox 2410 3860 2717 3931; x_wconf 83' lang='lat' dir='ltr'><strong>fulgentes,</strong></span> <span class='ocrx_word' id='word_1_585' title='bbox 2795 3859 2987 3913; x_wconf 90' lang='lat' dir='ltr'><strong>intima</strong></span> <span class='ocrx_word' id='word_1_586' title='bbox 3045 3854 3420 3909; x_wconf 87' lang='lat' dir='ltr'><strong>familiaritate</strong></span> 
     </span>
    </p>
   </div>
   <div class='ocr_carea' id='block_1_86' title="bbox 1823 3951 3419 4020">
    <p class='ocr_par' dir='ltr' id='par_1_86' title="bbox 1823 3951 3419 4020">
     <span class='ocr_line' id='line_1_86' title="bbox 1823 3951 3419 4020; baseline -0.006 -16"><span class='ocrx_word' id='word_1_587' title='bbox 1823 3951 2091 4013; x_wconf 85' lang='lat' dir='ltr'><strong>colebant,</strong></span> <span class='ocrx_word' id='word_1_588' title='bbox 2125 3959 2183 4004; x_wconf 93' lang='lat' dir='ltr'><strong>ut</strong></span> <span class='ocrx_word' id='word_1_589' title='bbox 2228 3958 2436 4020; x_wconf 87' lang='lat' dir='ltr'><strong>patrem</strong></span> <span class='ocrx_word' id='word_1_590' title='bbox 2466 3959 2811 4013; x_wconf 79' lang='lat' dir='ltr'><strong>venerantes,</strong></span> <span class='ocrx_word' id='word_1_591' title='bbox 2845 3958 3096 4001; x_wconf 87' lang='lat' dir='ltr'><strong>verentes</strong></span> <span class='ocrx_word' id='word_1_592' title='bbox 3125 3954 3182 3997; x_wconf 94' lang='lat' dir='ltr'><strong>ut</strong></span> <span class='ocrx_word' id='word_1_593' title='bbox 3219 3956 3419 4011; x_wconf 67' lang='lat' dir='ltr'><strong>praece-</strong></span> 
     </span>
    </p>
   </div>
   <div class='ocr_carea' id='block_1_87' title="bbox 1824 4033 3417 4111">
    <p class='ocr_par' dir='ltr' id='par_1_87' title="bbox 1824 4033 3417 4111">
     <span class='ocr_line' id='line_1_87' title="bbox 1824 4033 3417 4111; baseline -0.007 -16"><span class='ocrx_word' id='word_1_594' title='bbox 1824 4050 2060 4111; x_wconf 88' lang='lat' dir='ltr'><strong>ptorem,</strong></span> <span class='ocrx_word' id='word_1_595' title='bbox 2083 4041 2367 4111; x_wconf 60' lang='lat' dir='ltr'><strong>dil‘gcttles</strong></span> <span class='ocrx_word' id='word_1_596' title='bbox 2395 4050 2451 4093; x_wconf 91' lang='lat' dir='ltr'><strong>ttt</strong></span> <span class='ocrx_word' id='word_1_597' title='bbox 2481 4056 2797 4111; x_wconf 89' lang='lat' dir='ltr'><strong>germanum</strong></span> <span class='ocrx_word' id='word_1_598' title='bbox 2829 4054 2892 4093; x_wconf 92' lang='lat' dir='ltr'><strong>ac</strong></span> <span class='ocrx_word' id='word_1_599' title='bbox 2916 4037 3145 4107; x_wconf 89' lang='lat' dir='ltr'><strong>prolem.</strong></span> <span class='ocrx_word' id='word_1_600' title='bbox 3176 4033 3255 4087; x_wconf 93' lang='lat' dir='ltr'><strong>llli</strong></span> <span class='ocrx_word' id='word_1_601' title='bbox 3284 4047 3417 4086; x_wconf 87' lang='lat' dir='ltr'><strong>con-</strong></span> 
     </span>
    </p>
   </div>
   <div class='ocr_carea' id='block_1_88' title="bbox 1825 4122 3413 4198">
    <p class='ocr_par' dir='ltr' id='par_1_88' title="bbox 1825 4122 3413 4198">
     <span class='ocr_line' id='line_1_88' title="bbox 1825 4122 3413 4198; baseline -0.008 -12"><span class='ocrx_word' id='word_1_602' title='bbox 1825 4132 1969 4186; x_wconf 89' lang='lat' dir='ltr'><strong>sulta</strong></span> <span class='ocrx_word' id='word_1_603' title='bbox 2008 4132 2316 4186; x_wconf 85' lang='lat' dir='ltr'><strong>animarum</strong></span> <span class='ocrx_word' id='word_1_604' title='bbox 2367 4147 2609 4194; x_wconf 84' lang='lat' dir='ltr'><strong>suarum,</strong></span> <span class='ocrx_word' id='word_1_605' title='bbox 2658 4130 2735 4182; x_wconf 87' lang='lat' dir='ltr'><strong>illi</strong></span> <span class='ocrx_word' id='word_1_606' title='bbox 2777 4127 3051 4198; x_wconf 85' lang='lat' dir='ltr'><strong>speculam</strong></span> <span class='ocrx_word' id='word_1_607' title='bbox 3100 4122 3413 4193; x_wconf 89' lang='lat' dir='ltr'><strong>quamdam,</strong></span> 
     </span>
    </p>
   </div>
   <div class='ocr_carea' id='block_1_89' title="bbox 1822 4219 3415 4288">
    <p class='ocr_par' dir='ltr' id='par_1_89' title="bbox 1822 4219 3415 4288">
     <span class='ocr_line' id='line_1_89' title="bbox 1822 4219 3415 4288; baseline -0.007 -11"><span class='ocrx_word' id='word_1_608' title='bbox 1822 4224 1965 4277; x_wconf 89' lang='lat' dir='ltr'><strong>unde</strong></span> <span class='ocrx_word' id='word_1_609' title='bbox 2022 4223 2309 4277; x_wconf 87' lang='lat' dir='ltr'><strong>ordinibus</strong></span> <span class='ocrx_word' id='word_1_610' title='bbox 2350 4221 2736 4277; x_wconf 89' lang='lat' dir='ltr'><strong>ecclesiasticis</strong></span> <span class='ocrx_word' id='word_1_611' title='bbox 2780 4219 3218 4288; x_wconf 86' lang='lat' dir='ltr'><strong>prospiceretur,</strong></span> <span class='ocrx_word' id='word_1_612' title='bbox 3270 4228 3415 4268; x_wconf 82' lang='lat' dir='ltr'><strong>cont-</strong></span> 
     </span>
    </p>
   </div>
   <div class='ocr_carea' id='block_1_90' title="bbox 1825 4302 3412 4380">
    <p class='ocr_par' dir='ltr' id='par_1_90' title="bbox 1825 4302 3412 4380">
     <span class='ocr_line' id='line_1_90' title="bbox 1825 4302 3412 4380; baseline -0.008 -13"><span class='ocrx_word' id='word_1_613' title='bbox 1825 4314 2135 4368; x_wconf 89' lang='lat' dir='ltr'><strong>mittebant.</strong></span> <span class='ocrx_word' id='word_1_614' title='bbox 2156 4312 2341 4367; x_wconf 88' lang='lat' dir='ltr'><strong>Potuit</strong></span> <span class='ocrx_word' id='word_1_615' title='bbox 2364 4326 2597 4380; x_wconf 87' lang='lat' dir='ltr'><strong>namque</strong></span> <span class='ocrx_word' id='word_1_616' title='bbox 2621 4310 2719 4363; x_wconf 91' lang='lat' dir='ltr'><strong>viri</strong></span> <span class='ocrx_word' id='word_1_617' title='bbox 2746 4310 2866 4363; x_wconf 88' lang='lat' dir='ltr'><strong>talis</strong></span> <span class='ocrx_word' id='word_1_618' title='bbox 2893 4308 3122 4377; x_wconf 87' lang='lat' dir='ltr'><strong>vigilans</strong></span> <span class='ocrx_word' id='word_1_619' title='bbox 3148 4320 3301 4367; x_wconf 91' lang='lat' dir='ltr'><strong>cura,</strong></span> <span class='ocrx_word' id='word_1_620' title='bbox 3325 4302 3412 4357; x_wconf 90' lang='lat' dir='ltr'><strong>cui</strong></span> 
     </span>
    </p>
   </div>
   <div class='ocr_carea' id='block_1_91' title="bbox 130 4375 1726 4469">
    <p class='ocr_par' dir='ltr' id='par_1_91' title="bbox 130 4382 1720 4456">
     <span class='ocr_line' id='line_1_91' title="bbox 130 4382 1720 4456; baseline 0.002 -20"><span class='ocrx_word' id='word_1_621' title='bbox 130 4386 448 4439; x_wconf 78' lang='lat' dir='ltr'><strong>comitatum</strong></span> <span class='ocrx_word' id='word_1_622' title='bbox 472 4382 850 4439; x_wconf 84' lang='lat' dir='ltr'><strong>Flandriarum</strong></span> <span class='ocrx_word' id='word_1_623' title='bbox 897 4383 1090 4449; x_wconf 88' lang='lat' dir='ltr'><strong>tenuit,</strong></span> <span class='ocrx_word' id='word_1_624' title='bbox 1114 4399 1238 4439; x_wconf 91' lang='lat' dir='ltr'><strong>eam</strong></span> <span class='ocrx_word' id='word_1_625' title='bbox 1268 4386 1591 4455; x_wconf 90' lang='lat' dir='ltr'><strong>perturbare</strong></span> <span class='ocrx_word' id='word_1_626' title='bbox 1620 4404 1720 4456; x_wconf 92' lang='lat' dir='ltr'><strong>pro</strong></span> 
     </span>
    </p>
   </div>
   <div class='ocr_carea' id='block_1_92' title="bbox 1829 4375 3413 4469">
    <p class='ocr_par' dir='ltr' id='par_1_92' title="bbox 1829 4393 3413 4469">
     <span class='ocr_line' id='line_1_92' title="bbox 1829 4393 3413 4469; baseline -0.006 -12"><span class='ocrx_word' id='word_1_627' title='bbox 1829 4406 2063 4457; x_wconf 88' lang='lat' dir='ltr'><strong>tttaxima</strong></span> <span class='ocrx_word' id='word_1_628' title='bbox 2097 4402 2479 4456; x_wconf 89' lang='lat' dir='ltr'><strong>auctoritatem</strong></span> <span class='ocrx_word' id='word_1_629' title='bbox 2521 4401 2801 4469; x_wconf 64' lang='lat' dir='ltr'><strong>sapientia:</strong></span> <span class='ocrx_word' id='word_1_630' title='bbox 2838 4398 3045 4469; x_wconf 89' lang='lat' dir='ltr'><strong>pariter</strong></span> <span class='ocrx_word' id='word_1_631' title='bbox 3095 4412 3159 4450; x_wconf 90' lang='lat' dir='ltr'><strong>ac</strong></span> <span class='ocrx_word' id='word_1_632' title='bbox 3210 4393 3413 4450; x_wconf 85' lang='lat' dir='ltr'><strong>sancti-</strong></span> 
     </span>
    </p>
   </div>
   <div class='ocr_carea' id='block_1_93' title="bbox 130 4473 1717 4551">
    <p class='ocr_par' dir='ltr' id='par_1_93' title="bbox 130 4473 1717 4551">
     <span class='ocr_line' id='line_1_93' title="bbox 130 4473 1717 4551; baseline 0.003 -23"><span class='ocrx_word' id='word_1_633' title='bbox 130 4490 229 4528; x_wconf 86' lang='lat' dir='ltr'><strong>suo</strong></span> <span class='ocrx_word' id='word_1_634' title='bbox 257 4488 415 4543; x_wconf 86' lang='lat' dir='ltr'><strong>posse</strong></span> <span class='ocrx_word' id='word_1_635' title='bbox 443 4482 731 4543; x_wconf 87' lang='lat' dir='ltr'><strong>satageret.</strong></span> <span class='ocrx_word' id='word_1_636' title='bbox 767 4473 873 4528; x_wconf 90' lang='lat' dir='ltr'><strong>Sed</strong></span> <span class='ocrx_word' id='word_1_637' title='bbox 903 4489 1028 4527; x_wconf 92' lang='lat' dir='ltr'><strong>cum</strong></span> <span class='ocrx_word' id='word_1_638' title='bbox 1081 4475 1300 4544; x_wconf 90' lang='lat' dir='ltr'><strong>sapiens</strong></span> <span class='ocrx_word' id='word_1_639' title='bbox 1354 4491 1448 4551; x_wconf 86' lang='lat' dir='ltr'><strong>rex</strong></span> <span class='ocrx_word' id='word_1_640' title='bbox 1502 4477 1717 4533; x_wconf 85' lang='lat' dir='ltr'><strong>miseri-</strong></span> 
     </span>
    </p>
   </div>
   <div class='ocr_carea' id='block_1_94' title="bbox 129 4564 1714 4636">
    <p class='ocr_par' dir='ltr' id='par_1_94' title="bbox 129 4564 1714 4636">
     <span class='ocr_line' id='line_1_94' title="bbox 129 4564 1714 4636; baseline 0.003 -18"><span class='ocrx_word' id='word_1_641' title='bbox 129 4564 314 4619; x_wconf 87' lang='lat' dir='ltr'><strong>cordia</strong></span> <span class='ocrx_word' id='word_1_642' title='bbox 343 4574 399 4619; x_wconf 91' lang='lat' dir='ltr'><strong>et</strong></span> <span class='ocrx_word' id='word_1_643' title='bbox 427 4564 629 4620; x_wconf 89' lang='lat' dir='ltr'><strong>divitiis</strong></span> <span class='ocrx_word' id='word_1_644' title='bbox 658 4564 773 4619; x_wconf 82' lang='lat' dir='ltr'><strong>fere</strong></span> <span class='ocrx_word' id='word_1_645' title='bbox 812 4566 1066 4621; x_wconf 90' lang='lat' dir='ltr'><strong>omnibus</strong></span> <span class='ocrx_word' id='word_1_646' title='bbox 1100 4566 1183 4621; x_wconf 91' lang='lat' dir='ltr'><strong>sui</strong></span> <span class='ocrx_word' id='word_1_647' title='bbox 1217 4568 1472 4635; x_wconf 90' lang='lat' dir='ltr'><strong>temporis</strong></span> <span class='ocrx_word' id='word_1_648' title='bbox 1508 4568 1714 4636; x_wconf 87' lang='lat' dir='ltr'><strong>princi-</strong></span> 
     </span>
    </p>
   </div>
   <div class='ocr_carea' id='block_1_95' title="bbox 128 4656 1711 4725">
    <p class='ocr_par' dir='ltr' id='par_1_95' title="bbox 128 4656 1711 4725">
     <span class='ocr_line' id='line_1_95' title="bbox 128 4656 1711 4725; baseline 0.004 -16"><span class='ocrx_word' id='word_1_649' title='bbox 128 4657 286 4725; x_wconf 90' lang='lat' dir='ltr'><strong>pibus</strong></span> <span class='ocrx_word' id='word_1_650' title='bbox 306 4656 615 4721; x_wconf 77' lang='lat' dir='ltr'><strong>excelleret,</strong></span> <span class='ocrx_word' id='word_1_651' title='bbox 650 4656 820 4710; x_wconf 87' lang='lat' dir='ltr'><strong>altero</strong></span> <span class='ocrx_word' id='word_1_652' title='bbox 852 4671 1039 4711; x_wconf 89' lang='lat' dir='ltr'><strong>eorum</strong></span> <span class='ocrx_word' id='word_1_653' title='bbox 1070 4658 1279 4713; x_wconf 90' lang='lat' dir='ltr'><strong>scilicet</strong></span> <span class='ocrx_word' id='word_1_654' title='bbox 1316 4660 1711 4725; x_wconf 87' lang='lat' dir='ltr'><strong>misericordia,</strong></span> 
     </span>
    </p>
   </div>
   <div class='ocr_carea' id='block_1_96' title="bbox 128 4749 1715 4820">
    <p class='ocr_par' dir='ltr' id='par_1_96' title="bbox 128 4749 1715 4820">
     <span class='ocr_line' id='line_1_96' title="bbox 128 4749 1715 4820; baseline 0.003 -17"><span class='ocrx_word' id='word_1_655' title='bbox 128 4750 371 4805; x_wconf 73' lang='lat' dir='ltr'><strong>ecclesiis</strong></span> <span class='ocrx_word' id='word_1_656' title='bbox 392 4760 446 4804; x_wconf 89' lang='lat' dir='ltr'><strong>ct</strong></span> <span class='ocrx_word' id='word_1_657' title='bbox 473 4749 813 4802; x_wconf 88' lang='lat' dir='ltr'><strong>monasteriis</strong></span> <span class='ocrx_word' id='word_1_658' title='bbox 834 4759 887 4802; x_wconf 92' lang='lat' dir='ltr'><strong>et</strong></span> <span class='ocrx_word' id='word_1_659' title='bbox 918 4752 1243 4820; x_wconf 89' lang='lat' dir='ltr'><strong>pauperibus</strong></span> <span class='ocrx_word' id='word_1_660' title='bbox 1268 4752 1575 4807; x_wconf 91' lang='lat' dir='ltr'><strong>hominibus</strong></span> <span class='ocrx_word' id='word_1_661' title='bbox 1603 4770 1715 4809; x_wconf 62' lang='lat' dir='ltr'><strong>sure</strong></span> 
     </span>
    </p>
   </div>
   <div class='ocr_carea' id='block_1_97' title="bbox 130 4840 1712 4914">
    <p class='ocr_par' dir='ltr' id='par_1_97' title="bbox 130 4840 1712 4914">
     <span class='ocr_line' id='line_1_97' title="bbox 130 4840 1712 4914; baseline 0.005 -20"><span class='ocrx_word' id='word_1_662' title='bbox 130 4850 289 4896; x_wconf 75' lang='lat' dir='ltr'><strong>terrze</strong></span> <span class='ocrx_word' id='word_1_663' title='bbox 308 4840 802 4905; x_wconf 85' lang='lat' dir='ltr'><strong>condescendebat;</strong></span> <span class='ocrx_word' id='word_1_664' title='bbox 841 4841 1009 4896; x_wconf 89' lang='lat' dir='ltr'><strong>altero</strong></span> <span class='ocrx_word' id='word_1_665' title='bbox 1060 4858 1207 4909; x_wconf 86' lang='lat' dir='ltr'><strong>vero,</strong></span> <span class='ocrx_word' id='word_1_666' title='bbox 1242 4843 1297 4897; x_wconf 90' lang='lat' dir='ltr'><strong>id</strong></span> <span class='ocrx_word' id='word_1_667' title='bbox 1326 4855 1409 4899; x_wconf 91' lang='lat' dir='ltr'><strong>est</strong></span> <span class='ocrx_word' id='word_1_668' title='bbox 1437 4843 1712 4914; x_wconf 90' lang='lat' dir='ltr'><strong>opulentia</strong></span> 
     </span>
    </p>
   </div>
   <div class='ocr_carea' id='block_1_98' title="bbox 128 4933 1711 5002">
    <p class='ocr_par' dir='ltr' id='par_1_98' title="bbox 128 4933 1711 5002">
     <span class='ocr_line' id='line_1_98' title="bbox 128 4933 1711 5002; baseline 0.005 -15"><span class='ocrx_word' id='word_1_669' title='bbox 128 4936 511 4989; x_wconf 89' lang='lat' dir='ltr'><strong>thesaurorum</strong></span> <span class='ocrx_word' id='word_1_670' title='bbox 535 4933 773 5001; x_wconf 80' lang='lat' dir='ltr'><strong>inﬁnita,</strong></span> <span class='ocrx_word' id='word_1_671' title='bbox 796 4934 1055 5002; x_wconf 89' lang='lat' dir='ltr'><strong>plurimas</strong></span> <span class='ocrx_word' id='word_1_672' title='bbox 1086 4936 1363 4993; x_wconf 90' lang='lat' dir='ltr'><strong>centurias</strong></span> <span class='ocrx_word' id='word_1_673' title='bbox 1394 4937 1625 4993; x_wconf 90' lang='lat' dir='ltr'><strong>militum</strong></span> <span class='ocrx_word' id='word_1_674' title='bbox 1658 4939 1711 4995; x_wconf 91' lang='lat' dir='ltr'><strong>in</strong></span> 
     </span>
    </p>
   </div>
   <div class='ocr_carea' id='block_1_99' title="bbox 127 5025 1713 5099">
    <p class='ocr_par' dir='ltr' id='par_1_99' title="bbox 127 5025 1713 5099">
     <span class='ocr_line' id='line_1_99' title="bbox 127 5025 1713 5099; baseline 0.004 -20"><span class='ocrx_word' id='word_1_675' title='bbox 127 5026 354 5080; x_wconf 87' lang='lat' dir='ltr'><strong>diversis</strong></span> <span class='ocrx_word' id='word_1_676' title='bbox 382 5025 515 5080; x_wconf 91' lang='lat' dir='ltr'><strong>locis</strong></span> <span class='ocrx_word' id='word_1_677' title='bbox 544 5025 791 5091; x_wconf 89' lang='lat' dir='ltr'><strong>hostibus</strong></span> <span class='ocrx_word' id='word_1_678' title='bbox 816 5028 1131 5099; x_wconf 88' lang='lat' dir='ltr'><strong>propinquis</strong></span> <span class='ocrx_word' id='word_1_679' title='bbox 1155 5033 1479 5098; x_wconf 88' lang='lat' dir='ltr'><strong>opponebat,</strong></span> <span class='ocrx_word' id='word_1_680' title='bbox 1507 5030 1598 5098; x_wconf 89' lang='lat' dir='ltr'><strong>qui</strong></span> <span class='ocrx_word' id='word_1_681' title='bbox 1619 5047 1713 5086; x_wconf 87' lang='lat' dir='ltr'><strong>eos</strong></span> 
     </span>
    </p>
   </div>
   <div class='ocr_carea' id='block_1_100' title="bbox 126 5117 1713 5191">
    <p class='ocr_par' dir='ltr' id='par_1_100' title="bbox 126 5117 1713 5191">
     <span class='ocr_line' id='line_1_100' title="bbox 126 5117 1713 5191; baseline 0.006 -21"><span class='ocrx_word' id='word_1_682' title='bbox 126 5134 156 5170; x_wconf 88' lang='lat' dir='ltr'><strong>a</strong></span> <span class='ocrx_word' id='word_1_683' title='bbox 185 5118 378 5188; x_wconf 86' lang='lat' dir='ltr'><strong>rapina</strong></span> <span class='ocrx_word' id='word_1_684' title='bbox 406 5117 784 5181; x_wconf 88' lang='lat' dir='ltr'><strong>ecclesiarum,</strong></span> <span class='ocrx_word' id='word_1_685' title='bbox 828 5118 911 5173; x_wconf 87' lang='lat' dir='ltr'><strong>vel</strong></span> <span class='ocrx_word' id='word_1_686' title='bbox 934 5136 1257 5191; x_wconf 90' lang='lat' dir='ltr'><strong>pauperum,</strong></span> <span class='ocrx_word' id='word_1_687' title='bbox 1290 5124 1407 5179; x_wconf 87' lang='lat' dir='ltr'><strong>acie</strong></span> <span class='ocrx_word' id='word_1_688' title='bbox 1450 5122 1582 5177; x_wconf 88' lang='lat' dir='ltr'><strong>ferri</strong></span> <span class='ocrx_word' id='word_1_689' title='bbox 1628 5139 1713 5179; x_wconf 85' lang='lat' dir='ltr'><strong>re-</strong></span> 
     </span>
    </p>
   </div>
   <div class='ocr_carea' id='block_1_101' title="bbox 124 5209 1710 5285">
    <p class='ocr_par' dir='ltr' id='par_1_101' title="bbox 124 5209 1710 5285">
     <span class='ocr_line' id='line_1_101' title="bbox 124 5209 1710 5285; baseline 0.004 -21"><span class='ocrx_word' id='word_1_690' title='bbox 124 5210 407 5280; x_wconf 88' lang='lat' dir='ltr'><strong>pellerent.</strong></span> <span class='ocrx_word' id='word_1_691' title='bbox 452 5209 608 5267; x_wconf 88' lang='lat' dir='ltr'><strong>Unde</strong></span> <span class='ocrx_word' id='word_1_692' title='bbox 636 5209 840 5264; x_wconf 88' lang='lat' dir='ltr'><strong>factum</strong></span> <span class='ocrx_word' id='word_1_693' title='bbox 881 5222 965 5267; x_wconf 88' lang='lat' dir='ltr'><strong>est</strong></span> <span class='ocrx_word' id='word_1_694' title='bbox 1014 5224 1075 5268; x_wconf 93' lang='lat' dir='ltr'><strong>ut</strong></span> <span class='ocrx_word' id='word_1_695' title='bbox 1101 5228 1226 5285; x_wconf 87' lang='lat' dir='ltr'><strong>raro</strong></span> <span class='ocrx_word' id='word_1_696' title='bbox 1256 5216 1418 5271; x_wconf 89' lang='lat' dir='ltr'><strong>etiam</strong></span> <span class='ocrx_word' id='word_1_697' title='bbox 1444 5216 1537 5271; x_wconf 90' lang='lat' dir='ltr'><strong>illa</strong></span> <span class='ocrx_word' id='word_1_698' title='bbox 1568 5224 1710 5271; x_wconf 84' lang='lat' dir='ltr'><strong>terra</strong></span> 
     </span>
    </p>
   </div>
   <div class='ocr_carea' id='block_1_102' title="bbox 122 5301 1713 5360">
    <p class='ocr_par' dir='ltr' id='par_1_102' title="bbox 122 5301 1713 5360">
     <span class='ocr_line' id='line_1_102' title="bbox 122 5301 1713 5360; baseline 0.002 -3"><span class='ocrx_word' id='word_1_699' title='bbox 122 5302 308 5360; x_wconf 87' lang='lat' dir='ltr'><strong>iuclvti</strong></span> <span class='ocrx_word' id='word_1_700' title='bbox 330 5302 562 5360; x_wconf 65' lang='lat' dir='ltr'><strong>Aunusti</strong></span> <span class='ocrx_word' id='word_1_701' title='bbox 592 5301 836 5360; x_wconf 81' lang='lat' dir='ltr'><strong>Henrici.</strong></span> <span class='ocrx_word' id='word_1_702' title='bbox 878 5317 996 5360; x_wconf 72' lang='lat' dir='ltr'><strong>quae</strong></span> <span class='ocrx_word' id='word_1_703' title='bbox 1028 5306 1082 5360; x_wconf 90' lang='lat' dir='ltr'><strong>in</strong></span> <span class='ocrx_word' id='word_1_704' title='bbox 1126 5306 1362 5360; x_wconf 89' lang='lat' dir='ltr'><strong>conlinio</strong></span> <span class='ocrx_word' id='word_1_705' title='bbox 1388 5315 1713 5360; x_wconf 82' lang='lat' dir='ltr'><strong>caeterarum</strong></span> 
     </span>
    </p>
   </div>
   <div class='ocr_carea' id='block_1_103' title="bbox 1825 4490 3407 4565">
    <p class='ocr_par' dir='ltr' id='par_1_103' title="bbox 1825 4490 3407 4565">
     <span class='ocr_line' id='line_1_103' title="bbox 1825 4490 3407 4565; baseline -0.008 -15"><span class='ocrx_word' id='word_1_706' title='bbox 1825 4496 1954 4550; x_wconf 86' lang='lat' dir='ltr'><strong>tatis</strong></span> <span class='ocrx_word' id='word_1_707' title='bbox 1982 4494 2339 4565; x_wconf 70' lang='lat' dir='ltr'><strong>prterogativa</strong></span> <span class='ocrx_word' id='word_1_708' title='bbox 2376 4493 2728 4562; x_wconf 86' lang='lat' dir='ltr'><strong>comparavit,</strong></span> <span class='ocrx_word' id='word_1_709' title='bbox 2762 4490 3112 4546; x_wconf 85' lang='lat' dir='ltr'><strong>securitatem</strong></span> <span class='ocrx_word' id='word_1_710' title='bbox 3144 4502 3250 4541; x_wconf 91' lang='lat' dir='ltr'><strong>non</strong></span> <span class='ocrx_word' id='word_1_711' title='bbox 3280 4501 3407 4555; x_wconf 86' lang='lat' dir='ltr'><strong>par-</strong></span> 
     </span>
    </p>
   </div>
   <div class='ocr_carea' id='block_1_104' title="bbox 1821 4581 3413 4659">
    <p class='ocr_par' dir='ltr' id='par_1_104' title="bbox 1821 4581 3413 4659">
     <span class='ocr_line' id='line_1_104' title="bbox 1821 4581 3413 4659; baseline -0.007 -16"><span class='ocrx_word' id='word_1_712' title='bbox 1821 4605 1946 4645; x_wconf 90' lang='lat' dir='ltr'><strong>vam</strong></span> <span class='ocrx_word' id='word_1_713' title='bbox 1963 4590 2180 4659; x_wconf 66' lang='lat' dir='ltr'><strong>optima:</strong></span> <span class='ocrx_word' id='word_1_714' title='bbox 2211 4588 2557 4645; x_wconf 90' lang='lat' dir='ltr'><strong>sollicitudini</strong></span> <span class='ocrx_word' id='word_1_715' title='bbox 2584 4602 2773 4641; x_wconf 88' lang='lat' dir='ltr'><strong>eorum</strong></span> <span class='ocrx_word' id='word_1_716' title='bbox 2796 4586 3132 4658; x_wconf 87' lang='lat' dir='ltr'><strong>promittere.</strong></span> <span class='ocrx_word' id='word_1_717' title='bbox 3156 4581 3329 4646; x_wconf 82' lang='lat' dir='ltr'><strong>Hunc,</strong></span> <span class='ocrx_word' id='word_1_718' title='bbox 3355 4587 3413 4632; x_wconf 90' lang='lat' dir='ltr'><strong>ut</strong></span> 
     </span>
    </p>
   </div>
   <div class='ocr_carea' id='block_1_105' title="bbox 1822 4679 3409 4752">
    <p class='ocr_par' dir='ltr' id='par_1_105' title="bbox 1822 4679 3409 4752">
     <span class='ocr_line' id='line_1_105' title="bbox 1822 4679 3409 4752; baseline -0.009 -13"><span class='ocrx_word' id='word_1_719' title='bbox 1822 4686 2078 4747; x_wconf 75' lang='lat' dir='ltr'><strong>diximus,</strong></span> <span class='ocrx_word' id='word_1_720' title='bbox 2104 4699 2198 4738; x_wconf 87' lang='lat' dir='ltr'><strong>rex</strong></span> <span class='ocrx_word' id='word_1_721' title='bbox 2224 4684 2512 4747; x_wconf 82' lang='lat' dir='ltr'><strong>Henricus,</strong></span> <span class='ocrx_word' id='word_1_722' title='bbox 2543 4683 2651 4736; x_wconf 90' lang='lat' dir='ltr'><strong>imo</strong></span> <span class='ocrx_word' id='word_1_723' title='bbox 2675 4680 2945 4752; x_wconf 87' lang='lat' dir='ltr'><strong>generalis</strong></span> <span class='ocrx_word' id='word_1_724' title='bbox 2979 4679 3145 4732; x_wconf 89' lang='lat' dir='ltr'><strong>totius</strong></span> <span class='ocrx_word' id='word_1_725' title='bbox 3172 4690 3409 4731; x_wconf 83' lang='lat' dir='ltr'><strong>conven-</strong></span> 
     </span>
    </p>
   </div>
   <div class='ocr_carea' id='block_1_106' title="bbox 1824 4765 3406 4833">
    <p class='ocr_par' dir='ltr' id='par_1_106' title="bbox 1824 4765 3406 4833">
     <span class='ocr_line' id='line_1_106' title="bbox 1824 4765 3406 4833; baseline -0.009 -2"><span class='ocrx_word' id='word_1_726' title='bbox 1824 4786 1910 4833; x_wconf 91' lang='lat' dir='ltr'><strong>tus</strong></span> <span class='ocrx_word' id='word_1_727' title='bbox 1930 4791 2228 4832; x_wconf 89' lang='lat' dir='ltr'><strong>consensus</strong></span> <span class='ocrx_word' id='word_1_728' title='bbox 2259 4773 2570 4829; x_wconf 89' lang='lat' dir='ltr'><strong>monasterii</strong></span> <span class='ocrx_word' id='word_1_729' title='bbox 2599 4772 2887 4827; x_wconf 85' lang='lat' dir='ltr'><strong>Beccensis</strong></span> <span class='ocrx_word' id='word_1_730' title='bbox 2913 4770 3164 4826; x_wconf 80' lang='lat' dir='ltr'><strong>abbatem</strong></span> <span class='ocrx_word' id='word_1_731' title='bbox 3196 4765 3406 4827; x_wconf 79' lang='lat' dir='ltr'><strong>statuit,</strong></span> 
     </span>
    </p>
   </div>
   <div class='ocr_carea' id='block_1_107' title="bbox 1822 4862 3407 4933">
    <p class='ocr_par' dir='ltr' id='par_1_107' title="bbox 1822 4862 3407 4933">
     <span class='ocr_line' id='line_1_107' title="bbox 1822 4862 3407 4933; baseline -0.008 -11"><span class='ocrx_word' id='word_1_732' title='bbox 1822 4884 1929 4923; x_wconf 89' lang='lat' dir='ltr'><strong>non</strong></span> <span class='ocrx_word' id='word_1_733' title='bbox 1963 4867 2143 4922; x_wconf 88' lang='lat' dir='ltr'><strong>minus</strong></span> <span class='ocrx_word' id='word_1_734' title='bbox 2185 4867 2541 4921; x_wconf 86' lang='lat' dir='ltr'><strong>reluctantem</strong></span> <span class='ocrx_word' id='word_1_735' title='bbox 2588 4862 2941 4933; x_wconf 86' lang='lat' dir='ltr'><strong>subjectionis</strong></span> <span class='ocrx_word' id='word_1_736' title='bbox 2989 4874 3197 4925; x_wconf 88' lang='lat' dir='ltr'><strong>amore,</strong></span> <span class='ocrx_word' id='word_1_737' title='bbox 3242 4870 3407 4927; x_wconf 87' lang='lat' dir='ltr'><strong>quam</strong></span> 
     </span>
    </p>
   </div>
   <div class='ocr_carea' id='block_1_108' title="bbox 1823 4952 3410 5027">
    <p class='ocr_par' dir='ltr' id='par_1_108' title="bbox 1823 4952 3410 5027">
     <span class='ocr_line' id='line_1_108' title="bbox 1823 4952 3410 5027; baseline -0.011 -14"><span class='ocrx_word' id='word_1_738' title='bbox 1823 4959 2034 5015; x_wconf 89' lang='lat' dir='ltr'><strong>altioris</strong></span> <span class='ocrx_word' id='word_1_739' title='bbox 2058 4958 2259 5027; x_wconf 86' lang='lat' dir='ltr'><strong>gradus</strong></span> <span class='ocrx_word' id='word_1_740' title='bbox 2288 4958 2503 5011; x_wconf 89' lang='lat' dir='ltr'><strong>timore.</strong></span> <span class='ocrx_word' id='word_1_741' title='bbox 2540 4952 2882 5009; x_wconf 79' lang='lat' dir='ltr'><strong>Venerantur</strong></span> <span class='ocrx_word' id='word_1_742' title='bbox 2922 4967 3046 5009; x_wconf 87' lang='lat' dir='ltr'><strong>ettnt</strong></span> <span class='ocrx_word' id='word_1_743' title='bbox 3096 4956 3410 5006; x_wconf 87' lang='lat' dir='ltr'><strong>reverentcs</strong></span> 
     </span>
    </p>
   </div>
   <div class='ocr_carea' id='block_1_109' title="bbox 1822 5043 3406 5115">
    <p class='ocr_par' dir='ltr' id='par_1_109' title="bbox 1822 5043 3406 5115">
     <span class='ocr_line' id='line_1_109' title="bbox 1822 5043 3406 5115; baseline -0.012 -8"><span class='ocrx_word' id='word_1_744' title='bbox 1822 5054 2066 5112; x_wconf 83' lang='lat' dir='ltr'><strong>abbates,</strong></span> <span class='ocrx_word' id='word_1_745' title='bbox 2101 5047 2455 5110; x_wconf 83' lang='lat' dir='ltr'><strong>monasteria,</strong></span> <span class='ocrx_word' id='word_1_746' title='bbox 2490 5046 2703 5115; x_wconf 84' lang='lat' dir='ltr'><strong>synodi,</strong></span> <span class='ocrx_word' id='word_1_747' title='bbox 2738 5048 2923 5111; x_wconf 73' lang='lat' dir='ltr'><strong>cut-ire,</strong></span> <span class='ocrx_word' id='word_1_748' title='bbox 2955 5052 3013 5101; x_wconf 90' lang='lat' dir='ltr'><strong>ttt</strong></span> <span class='ocrx_word' id='word_1_749' title='bbox 3059 5043 3406 5113; x_wconf 86' lang='lat' dir='ltr'><strong>prudentem,</strong></span> 
     </span>
    </p>
   </div>
   <div class='ocr_carea' id='block_1_110' title="bbox 1822 5132 3409 5207">
    <p class='ocr_par' dir='ltr' id='par_1_110' title="bbox 1822 5132 3409 5207">
     <span class='ocr_line' id='line_1_110' title="bbox 1822 5132 3409 5207; baseline -0.009 -10"><span class='ocrx_word' id='word_1_750' title='bbox 1822 5144 1898 5199; x_wconf 89' lang='lat' dir='ltr'><strong>ita</strong></span> <span class='ocrx_word' id='word_1_751' title='bbox 1950 5140 2324 5207; x_wconf 87' lang='lat' dir='ltr'><strong>eloquentem;</strong></span> <span class='ocrx_word' id='word_1_752' title='bbox 2360 5146 2421 5191; x_wconf 89' lang='lat' dir='ltr'><strong>ut</strong></span> <span class='ocrx_word' id='word_1_753' title='bbox 2470 5134 2702 5205; x_wconf 90' lang='lat' dir='ltr'><strong>justum,</strong></span> <span class='ocrx_word' id='word_1_754' title='bbox 2752 5140 2827 5195; x_wconf 79' lang='lat' dir='ltr'><strong>ita</strong></span> <span class='ocrx_word' id='word_1_755' title='bbox 2866 5139 3182 5193; x_wconf 87' lang='lat' dir='ltr'><strong>discretum.</strong></span> <span class='ocrx_word' id='word_1_756' title='bbox 3215 5132 3409 5187; x_wconf 85' lang='lat' dir='ltr'><strong>Gustat</strong></span> 
     </span>
    </p>
   </div>
   <div class='ocr_carea' id='block_1_111' title="bbox 1822 5220 3409 5301">
    <p class='ocr_par' dir='ltr' id='par_1_111' title="bbox 1822 5220 3409 5301">
     <span class='ocr_line' id='line_1_111' title="bbox 1822 5220 3409 5301; baseline -0.006 -14"><span class='ocrx_word' id='word_1_757' title='bbox 1822 5234 1909 5288; x_wconf 91' lang='lat' dir='ltr'><strong>hic</strong></span> <span class='ocrx_word' id='word_1_758' title='bbox 1938 5230 2169 5299; x_wconf 84' lang='lat' dir='ltr'><strong>imperio</strong></span> <span class='ocrx_word' id='word_1_759' title='bbox 2207 5239 2434 5290; x_wconf 65' lang='lat' dir='ltr'><strong>natura},</strong></span> <span class='ocrx_word' id='word_1_760' title='bbox 2467 5244 2575 5283; x_wconf 90' lang='lat' dir='ltr'><strong>non</strong></span> <span class='ocrx_word' id='word_1_761' title='bbox 2606 5231 2887 5297; x_wconf 87' lang='lat' dir='ltr'><strong>epulatur;</strong></span> <span class='ocrx_word' id='word_1_762' title='bbox 2924 5228 3017 5301; x_wconf 90' lang='lat' dir='ltr'><strong>qui</strong></span> <span class='ocrx_word' id='word_1_763' title='bbox 3047 5242 3149 5281; x_wconf 89' lang='lat' dir='ltr'><strong>nec</strong></span> <span class='ocrx_word' id='word_1_764' title='bbox 3166 5220 3409 5296; x_wconf 65' lang='lat' dir='ltr'><strong>pecuniae</strong></span> 
     </span>
    </p>
   </div>
   <div class='ocr_carea' id='block_1_112' title="bbox 1816 5308 3404 5360">
    <p class='ocr_par' dir='ltr' id='par_1_112' title="bbox 1816 5308 3404 5360">
     <span class='ocr_line' id='line_1_112' title="bbox 1816 5308 3404 5360; baseline -0.001 0"><span class='ocrx_word' id='word_1_765' title='bbox 1816 5336 2070 5360; x_wconf 80' lang='lat' dir='ltr'><strong>nmmmm</strong></span> <span class='ocrx_word' id='word_1_766' title='bbox 2111 5321 2324 5360; x_wconf 58' lang='lat' dir='ltr'><strong>fznmlml</strong></span> <span class='ocrx_word' id='word_1_767' title='bbox 2359 5319 2437 5360; x_wconf 74' lang='grc' dir='ltr'><strong>ι’ρΙ</strong></span> <span class='ocrx_word' id='word_1_768' title='bbox 2472 5318 2659 5360; x_wconf 75' lang='lat' dir='ltr'><strong>arztlim</strong></span> <span class='ocrx_word' id='word_1_769' title='bbox 2712 5322 2827 5360; x_wconf 70' lang='lat' dir='ltr'><strong>cina</strong></span> <span class='ocrx_word' id='word_1_770' title='bbox 2858 5321 2910 5360; x_wconf 79' lang='lat' dir='ltr'><strong>in</strong></span> <span class='ocrx_word' id='word_1_771' title='bbox 2954 5317 3171 5360; x_wconf 74' lang='lat' dir='ltr'><strong>imlinin-</strong></span> <span class='ocrx_word' id='word_1_772' title='bbox 3206 5313 3321 5360; x_wconf 72' lang='lat' dir='ltr'><strong>sive</strong></span> <span class='ocrx_word' id='word_1_773' title='bbox 3354 5308 3404 5358; x_wconf 76' lang='lat' dir='ltr'><strong>ill</strong></span> 
     </span>
    </p>
   </div>
  </div>
