4044 5360
642 161 761 218 ’8ῦῦ

1499 169 1849 230 ννιιιεωιι-
1866 177 2160 238 CALCULI
2191 183 2755 247 GEHAIETICENSIS-
2771 190 3088 250 MONACHI‘

3824 207 3934 265 896

660 276 782 388 pius
813 275 1088 388 ipiinicus.
1122 278 1230 336 Sed
1251 295 1378 388 nea
1417 285 1588 354 gestis
1613 287 1809 388 incnlvti
1840 293 1982 364 regis
2023 295 2235 367 longius
2267 308 2313 364 Α
2341 305 2674 373 temporibus
2704 307 2845 362 idem
2868 323 3091 380 regnum
3114 285 3516 382 administrant,
3550 318 3620 372 de
3643 322 3932 388 pia-dicto-

659 365 866 438 digredi
894 371 1193 440 videamur,
1219 375 1288 428 ad
1313 389 1377 429 ea
1425 392 1548 446 qua:
1592 381 1662 436 de
1695 382 1803 438 ﬁlia
1832 386 1948 455 ejus
1986 365 2240 446 Mathilde

656 456 899 524 Angusta
959 461 1314 532 imperatricc.
1331 468 1724 540 promisimus,
1771 478 2046 533 narranda
2111 482 2239 536 red-

656 556 874 604 eamus.

1221 667 1450 727 CAPUT
1492 671 1660 732 XXV.

640 751 812 816 Quod
832 755 1047 842 abeunte
1059 757 1646 842 Ilenricoimperutore,
1671 785 1762 842 rex
1789 769 2048 827 Henricus
2071 775 2241 842 ﬁliam

727 840 882 907 sinant
903 827 951 878 .ll
960 829 1045 910 alii
1053 830 1208 885 iidem
1227 827 1446 913 impetat
1454 837 1608 913 ricam
1618 827 1723 913 βοά
1731 853 1907 894 actam
1929 844 1982 897 in
1999 847 2035 897 Α
2046 827 2240 913 rig.’

725 900 1059 951 matrimonio
1083 900 2248 982 copulavit‘Qaufrlidozdr:ci'Amlegavansium,

723 981 917 1046 exortu
942 970 1162 1037 suscepit
1200 981 1302 1025 tres
1322 970 1486 1047 ﬁ’ios,
1509 970 1817 1046 Hernicum,
1848 970 2164 1052 Gavufridum
2193 970 2238 1039 ei

726 1033 1075 1089 Willelmum.

799 1053 1075 1092 melinum.

726 1126 861 1182 Cum
917 1129 1080 1200 igitur
1109 1130 1375 1188 Henricus
1401 1135 1466 1189 IV
1493 1137 1902 1198 Romannorum
1947 1146 2243 1216 imperator

655 1227 917 1286 angustus
947 1221 1083 1276 citra
1137 1223 1345 1277 senimn
1393 1227 1640 1295 obiisset,
1692 1247 1836 1285 anno
1881 1234 2132 1289 videlicet
2175 1237 2242 1290 ab

653 1305 1033 1366 Incarnatione
1062 1313 1273 1369 Domini
1301 1315 1458 1382 1125,
1473 1322 1886 1388 potentissimus
1914 1341 2013 1379 rex
2037 1327 2238 1397 Anglo-

651 1411 774 1452 rum
823 1399 1086 1457 Henricus
1136 1405 1300 1460 llliam
1357 1423 1510 1464 suam
1562 1410 1999 1481 imperatriccm,
2064 1419 2241 1474 missis

651 1491 994 1560 proceribus,
1019 1509 1140 1548 cum
1187 1512 1383 1569 magno
1407 1500 1614 1556 honore
1654 1503 1781 1558 fecit
1819 1507 2000 1561 reduci
2043 1510 2094 1562 in
2129 1512 2240 1563 An-

652 1581 814 1649 gliam
836 1600 850 1647 ;
872 1583 995 1638 licet
1017 1586 1461 1648 excellentissimi
1485 1593 1758 1664 principes
1774 1599 1937 1652 curizc
1958 1599 2233 1661 “aninmo.

2345 412 2464 450 nun
2494 399 2752 453 comitum
2783 403 3075 473 propagine
3105 404 3435 462 deriventur.
3465 410 3558 464 Sic
3599 413 3752 468 enim
3784 427 3931 484 post.

2333 501 2503 556 quam
2535 489 2600 542 de
2630 501 2804 546 morte
2827 491 3005 546 Caroli
3036 494 3183 549 Calvi
3219 497 3271 550 in
3295 499 3498 554 eisdem
3525 504 3698 571 gestis
3726 515 3930 565 tracta—

2343 584 2455 630 tum
2477 586 2592 644 est,
2607 588 2663 644 et
2693 581 2738 634 si
2771 598 2878 637 non
2905 583 3108 638 eisdem
3134 585 3333 651 verbis,
3363 590 3554 644 eadem
3579 601 3764 648 tamen
3797 613 3926 650 sen-

2343 669 2512 724 tentia
2542 673 2868 740 reperitur.
2915 693 2934 726 ι
2966 672 3210 731 Obeunte
3252 675 3537 736 Ludovico.
3579 683 3692 739 lilio
3745 685 3929 744 Caroli

2341 758 2516 826 Calvi,
2545 776 2668 816 cum
2713 763 2938 820 Carolus
2968 764 3210 834 Simplex
3261 769 3406 825 filius,
3441 770 3561 837 ejus
3590 776 3772 832 adhuc
3799 793 3932 846 puer

2341 851 2584 908 habenas
2609 853 2765 923 regni.
2787 854 3008 911 minime
3058 858 3331 912 moderari
3361 861 3584 927 valeret,
3615 873 3676 918 et
3701 866 3810 921 duo
3839 868 3932 922 lilii

2343 941 2564 996 Boberti
2600 943 2817 997 contritis
2835 943 3276 1014 Audegavorunt,
3312 950 3402 1017 qui
3434 950 3536 1005 fuit
3563 952 3650 1006 vir
3675 953 3931 1011 Saxonici

2340 1032 2973 1101 generisduperessent,
3002 1035 3117 1091 Odo
3155 1039 3361 1093 scilicet
3393 1042 3669 1111 princeps,
3712 1046 3814 1100 sub
3835 1061 3932 1100 cu-

2334 1121 2425 1190 jus
2451 1125 2692 1178 cuzstodia
2724 1124 3030 1182 Ludovicus
3080 1129 3377 1200 reliquerat
3420 1133 3590 1190 lilium
3621 1153 3782 1192 suum
3829 1138 3933 1195 Ca-

2343 1212 2536 1277 rolum,
2566 1223 2620 1267 et
2680 1216 2950 1274 Rohcrtus
3000 1219 3170 1275 frater
3221 1221 3370 1290 ejus;
3417 1224 3833 1295 Burgundiones
3881 1240 3936 1284 et

2344 1303 2736 1372 Aquitmienses
2785 1307 3065 1378 elegerunt
3099 1312 3204 1366 sibi
3260 1314 3313 1367 i-n
3379 1331 3560 1384 regem
3615 1321 3930 1387 praedictum

2343 1392 2606 1457 (Nouem,
2649 1397 2740 1465 qui
2773 1399 2840 1451 l5
2872 1400 3034 1455 annis
3077 1416 3304 1472 regnum
3350 1404 3686 1464 Francorum
3734 1411 3931 1478 optime

2342 1485 2484 1541 rexit
2535 1495 2592 1540 et
2629 1498 2818 1542 contra
2873 1489 3073 1557 Danos,
3119 1494 3212 1562 qui
3259 1503 3387 1549 tunc
3435 1499 3695 1567 temporis
3733 1500 3934 1556 Gallias

2343 1577 2792 1645 demoliebantur,
2846 1581 3099 1636 nobiliter
3154 1586 3406 1652 ju‘olexit.
3455 1585 3761 1643 Decedente
3807 1605 3934 1646 vero

649 1677 861 1743 experti
910 1679 1249 1746 prudentiam
1286 1683 1478 1752 ipsius,
1529 1699 1582 1740 et
1615 1704 1827 1743 morum
1880 1702 2236 1755 venustatem,
2273 1658 2314 1713 Β
2344 1666 2548 1732 mmet
2593 1668 2819 1725 Caroms
2867 1671 3108 1741 Simplex
3162 1676 3364 1744 νεοθΡίι
3395 1690 3620 1746 ¹’⁰3¹⁵¹”¹¹
3671 1693 3830 1733 suum
3884 1695 3942 1737 θίλ

647 1764 868 1821 vivente
923 1770 1250 1838 imperatore
1306 1776 1534 1848 conjuge
1585 1794 1708 1846 suo,
1759 1795 1879 1835 eam
1918 1785 2247 1843 omnimodis

650 1855 752 1910 sibi
784 1857 1052 1928 imperare
1078 1873 1346 1932 optarent,
1380 1874 1433 1919 et
1458 1870 1559 1922 hac
1581 1869 1646 1924 de
1671 1885 1834 1926 causa
1863 1873 2032 1943 ipsam
2062 1891 2246 1946 prose-

649 1947 760 2001 cuti
791 1949 900 2003 sint
933 1967 1104 2022 usque
1128 1954 1195 2008 ad
1232 1957 1442 2010 curiam
1475 1963 1557 2013 sui
1584 1962 1775 2029 patris,
1803 1962 1853 2017 id
1882 1964 2054 2032 ipsum
2089 1983 2248 2037 roge-

653 2043 781 2093 turi.
813 2041 1049 2108 Quorum
1081 2047 1328 2115 petitioni
1350 2063 1472 2102 cum
1503 2067 1594 2104 rex
1626 2053 1852 2110 minime
1873 2057 2246 2126 acquiesceret

649 2132 1051 2199 (volebatenim
1101 2138 1246 2193 illam
1281 2153 1403 2210 post
1431 2158 1582 2198 suam
1632 2156 1859 2203 mortem
1914 2151 1966 2204 in
2018 2167 2242 2223 regnum

647 2224 856 2294 Anglia:
895 2229 1236 2285 lwreditario
1277 2230 1401 2300 jure
1439 2236 1779 2308 succedere),
1813 2239 1939 2294 fecit
1962 2242 2244 2311 episCUpOS

647 2323 702 2368 et
735 2317 1174 2391 archiepiscopo;
1214 2333 1270 2377 et
1309 2323 1563 2379 abbatum
1597 2328 1950 2396 potentiores,
1996 2347 2094 2386 ncc
2139 2349 2242 2387 ιςολι

647 2409 876 2465 comites
908 2420 961 2466 et
991 2421 1234 2484 satrapas
1275 2416 1439 2472 totius
1464 2417 1672 2489 Anglici
1718 2421 1893 2489 regni,
1920 2423 2019 2477 sub
2052 2423 2243 2479 arctis-

644 2501 787 2557 simo
816 2503 888 2557 illi
925 2505 1238 2561 ﬁdelitatem
1287 2509 1388 2564 hoc
1412 2519 1568 2578 pacto
1609 2513 1928 2580 promittere
1974 2524 2245 2582 quatenus

648 2593 752 2662 ipsi
803 2610 902 2664 pro
944 2597 1056 2652 suis
1103 2599 1312 2654 viribus
1354 2601 1754 2666 olmitcrcntur,
1801 2611 1858 2655 ut
1896 2605 2087 2659 eadem
2137 2605 2244 2658 Au-

648 2695 804 2757 gusta
856 2698 980 2758 post
1030 2691 1310 2745 decessum
1377 2693 1548 2762 patris
1601 2696 1971 2750 monarchiam
2025 2699 2244 2772 majoris

639 2777 970 2860 Britanniae,
1000 2798 1162 2852 quam
1209 2799 1348 2837 nunc
1375 2784 1622 2855 Angliam
1672 2796 1885 2852 vocant,
1938 2787 2238 2843 obtineret.

620 2861 800 2938 ’ριιοιί
827 2881 1007 2928 utrum
1039 2873 1283 2937 fecerint,
1311 2877 1447 2931 nihil
1479 2893 1596 2933 mea
1623 2877 1851 2934 interest
1873 2881 2074 2936 dicere.
2109 2881 2242 2937 Pro-

645 2967 858 3024 cedenti
888 2980 1069 3024 antem
1118 2979 1380 3040 tempore,
1421 2980 1580 3041 pater
1614 2987 1744 3026 suus
1791 2973 2017 3042 cupiens
2047 2990 2237 3030 carere

2349 1759 2616 1815 llobertus
2645 1761 2817 1816 frater
2852 1762 3058 1820 Odonis
3088 1762 3265 1819 factus
3292 1775 3376 1820 est
3397 1768 3496 1823 sub
3510 1769 3704 1822 eodem
3741 1769 3935 1824 Carolo

2317 1853 2598 1922 princeps
2642 1853 2997 1908 Francorum.
3039 1854 3146 1910 Sed
3180 1857 3310 1926 quia
3359 1873 3464 1912 non
3502 1859 3554 1912 ei
3610 1858 3934 1914 reddebatur

2346 1957 2472 2011 pars
2503 1944 2860 2013 principatus,
2891 1961 3064 2014 quam
3098 1946 3266 2002 frater
3292 1964 3420 2004 suus
3464 1947 3604 2016 Odo,
3642 1961 3931 2021 antequam

2345 2035 2399 2090 in
2434 2049 2614 2104 regem
2660 2036 2972 2104 eliger.’3tur,
2997 2036 3270 2104 habebat;
3322 2039 3606 2096 rebellavit
3657 2041 3798 2095 idem
3832 2041 3948 2094 Βοο.

2344 2126 2531 2181 bertus
2579 2137 2767 2182 contra
2811 2127 3066 2182 Carolum
3111 2143 3315 2198 regem,
3346 2138 3672 2199 .unctusque
3718 2132 3833 2201 ipse
3884 2132 3930 2184 in

2346 2233 2547 2287 regem,
2583 2234 2690 2273 uno
2720 2233 2860 2274 altllo
2891 2220 3158 2288 regnavit,
3178 2221 3279 2273 sed
3319 2232 3509 2291 postea
3535 2220 3756 2276 occisus
3773 2232 3855 2277 est
3882 2224 3948 2276 ie,

2346 2309 2488 2364 bello
2553 2307 2882 2364 Suessonico
2943 2309 3011 2363 ab
3071 2310 3316 2363 exercitu
3380 2309 3562 2365 Caroli
3636 2309 3930 2380 Simplicis.

2344 2401 2542 2456 Factus
2579 2412 2662 2456 est
2704 2413 2882 2454 tamen
2913 2409 3036 2470 post
3087 2402 3263 2470 ipsum
3313 2401 3571 2470 princeps
3600 2399 3942 2455 Francorum,

2346 2495 2486 2550 ﬁlius
2512 2495 2626 2562 eius
2656 2491 2806 2567 [lngo
2837 2511 3083 2566 magnus,
3119 2507 3276 2549 natus
3305 2496 3494 2550 exlllia
3530 2495 3815 2550 Ilereberti
3845 2513 3932 2551 θοι

2346 2587 2490 2640 mitis
2519 2587 2789 2640 I’arronre.
2824 2587 2921 2641 llic
2977 2586 3304 2640 llereberlus
3336 2601 3431 2655 per
3462 2586 3815 2641 traditionem
3837 2605 3926 2641 ce-

2343 2678 2699 2747 pitCarolum
2741 2679 3054 2747 Simplicem
3095 2687 3457 2734 revertentem
3496 2691 3621 2733 cum
3647 2678 3874 2734 victoria
3903 2695 3934 2733 ι

2344 2773 2598 2841 praedicto
2640 2771 2846 2842 przrlio,
2895 2780 2951 2826 et
2999 2771 3051 2825 in
3101 2770 3328 2825 vinculis
3385 2770 3552 2839 ipsius
3580 2781 3831 2826 mortuus
3854 2782 3944 2826 est

2347 2863 2489 2918 idem
2518 2863 2762 2918 Carolus.
2791 2863 3146 2932 Supradictus
3171 2877 3299 2917 vero
3321 2861 3471 2932 Ilugo
3497 2875 3730 2931 magnus
3755 2864 3936 2933 genuit

2345 2968 2410 3009 cx
2434 2955 2544 3008 lilia
2566 2954 2796 3009 Othonis
2816 2955 2956 3024 regis
2979 2953 3278 3017 Saxonum,
3306 2953 3653 3024 postmodum
3680 2969 3815 3010 vero
3839 2954 3932 3008 im-

657 3020 669 3021 ,
1614 3020 1742 3026 τη---
1795 3020 2016 3042 ---,..-..-
2050 3020 2237 3030 “me

645 3061 946 3118 inimicitiis
959 3073 1012 3118 et
1035 3063 1442 3136 importunitate
1457 3063 1734 3129 Fulconis,
1754 3066 1968 3120 comitis
1990 3067 2239 3123 videlicet

2344 3047 2608 3114 peratoris
2657 3020 3050 3110 Romanorum,
3086 3020 3365 3116 “agonem
3403 3045 3573 3115 Capet
3621 3055 3680 3100 et
3740 3046 3946 3100 fratres.

643 3153 1094 3224 Amiegavorum,
1145 3155 1489 3211 Turonorum
1540 3165 1703 3225 atque
1760 3157 2235 3214 Cenon'tannortnn

645 3245 903 3314 (namque
954 3245 1099 3300 inter
1128 3261 1223 3300 eos
1271 3245 1595 3316 quibusdam
1635 3262 1698 3301 ex
1727 3247 1908 3301 causis
1940 3247 2115 3318 longa
2159 3250 2237 3304 si-

643 3334 841 3390 multas
869 3336 1200 3408 duraverat),
1219 3337 1344 3392 licet
1368 3338 1594 3392 invitam
1623 3338 1768 3392 dedit
1790 3339 2033 3394 eamdem
2063 3339 2235 3410 impe-

617 3427 898 3481 ‘ratricom
926 3429 979 3482 in
1019 3444 1243 3484 uxorem
1266 3427 1528 3484 Gaufrido
1557 3428 1804 3484 Illartello
1851 3429 1960 3484 lilio
1992 3426 2234 3499 praedicti

646 3515 922 3582 Fulconis,
953 3521 1042 3587 qui
1071 3519 1120 3574 ei
1155 3521 1205 3574 in
1256 3520 1572 3575 comitatum
1616 3521 1897 3586 successit,
1923 3535 2046 3574 cum
2094 3521 2233 3576 idem

643 3605 813 3660 Fulco
838 3624 932 3662 rex
965 3607 1462 3681 Hierosolymorum
1495 3610 1819 3665 elliceretur.
1855 3613 1927 3665 De
1956 3627 2060 3680 qua
2091 3612 2234 3666 idem

618 3697 890 3752 'marchio
936 3701 1122 3770 genuit
1166 3709 1275 3755 tres
1328 3701 1490 3766 ﬁlios,
1545 3701 1864 3768 Ilenricu-m,
1918 3702 2232 3759 Gaufridnni

646 3784 972 3850 Martellmn,
1018 3787 1373 3856 Willehnum,
1418 3791 1662 3846 lneredes
1711 3791 1985 3864 legitimos
2024 3792 2233 3864 Anglici

616 3876 1001 3948 ‘principatus,
1034 3895 1140 3934 non
1170 3880 1341 3935 solum
1393 3896 1459 3937 ex
1489 3894 1644 3953 parte
1686 3883 1906 3940 llenrici
1938 3885 2101 3954 regis,
2146 3885 2232 3938 avi

636 3969 753 4036 'sni,
781 3987 967 4027 verum
1013 3974 1178 4028 etiam
1221 3991 1288 4028 ex
1329 3985 1482 4044 parte
1545 3975 1818 4032 Mathildis
1866 3978 2065 4047 reginae
2101 3978 2235 4032 avia:

644 4063 908 4131 ipsorum.
969 4064 1212 4136 Uterque
1266 4067 1410 4120 enim
1462 4067 1658 4136 conjux
1711 4071 2232 4139 consanguinitatem

618 4142 889 4212 veterum
915 4174 1101 4231 regum
1134 4161 1361 4231 Anglizc,
1395 4162 1519 4216 licet
1545 4162 1758 4217 diverso
1781 4161 1961 4227 modo,
1991 4162 2234 4232 proxime

642 4246 976 4320 attingebat;
1025 4254 1168 4307 sicut
1198 4254 1250 4307 in
1299 4253 1438 4308 libro
1467 4253 1556 4324 qui
1593 4253 1659 4308 de
1688 4253 1807 4309 Vita
1838 4250 2008 4324 ipsius
2036 4255 2235 4324 regina:

643 4346 882 4415 scriptus
929 4354 1013 4399 est
1046 4349 1375 4400 continetur.
1414 4344 1584 4411 Quem
1615 4354 1839 4414 propter
1863 4343 2107 4398 notitiam
2151 4359 2235 4396 rc-
2268 4365 2312 4421 υ

643 4453 763 4490 rmn
800 4447 1076 4508 gestarum
1106 4446 1162 4490 et
1195 4437 1261 4491 ad
1301 4437 1562 4492 honorem
1594 4448 1649 4492 et
1691 4437 2006 4491 memoriam
2040 4437 2235 4489 utrius-

641 4542 748 4595 que
779 4523 1004 4590 matris,
1028 4527 1094 4581 de
1140 4543 1244 4596 qua
1272 4527 1450 4582 editus
1479 4536 1591 4591 est;
1632 4537 1684 4582 et
1731 4527 1886 4594 lilixe,
1943 4527 2010 4582 ad
2061 4544 2232 4598 quam

641 4616 822 4672 editus
845 4626 925 4672 est
956 4617 1084 4672 huic
1115 4616 1267 4687 operi
1308 4614 1536 4672 forsitan
1565 4615 1998 4686 adjungercmus.

1205 4727 1434 4783 CAPUT
1466 4727 1655 4782 XXVI.

641 4816 916 4882 Quomodo
948 4835 1088 4888 reges
1118 4816 1444 4889 Francorum
1471 4817 1786 4872 descendant
1823 4818 1888 4872 de
1914 4818 2113 4889 origine
2136 4835 2226 4874 co-

1090 4891 1273 4941 mitum
1303 4888 1773 4958 Andegavensium.

627 4975 634 4983 ’
709 4975 822 5031 Nec
867 4965 1051 5040 alicui,
1076 4978 1158 5030 vel
1190 4979 1289 5047 ipsi
1333 4979 1664 5048 imperatrici
1708 4981 1964 5052 Augusta:
2005 4982 2228 5037 omnino

639 5069 925 5139 indignant
953 5069 1217 5131 videatur,
1270 5071 1412 5138 quod
1449 5081 1569 5141 post
1621 5073 1836 5128 thorum
1884 5071 2228 5142 imperatoris

629 5159 953 5237 "conjugium
1001 5160 1193 5215 sortita
1237 5169 1318 5214 est
1347 5162 1562 5218 comitis
1593 5163 2028 5235 Andegavorum.
2079 5163 2229 5218 Licet

637 5245 786 5308 enim
804 5251 973 5306 nndto
988 5249 1214 5305 minoris
1228 5245 1502 5321 dignitatis
1514 5255 1586 5308 sit
1601 5270 1782 5311 comes
1794 5253 2226 5325 Andegavensis,

835 5344 894 5360 ο.
957 5349 1089 5360 -..ι-
1182 5340 1218 5360 li
1298 5357 1398 5360 ...
1515 5354 1528 5360 -
1774 5345 1787 5358 ο
1907 5345 1917 5356 ι
2155 5343 2224 5360 Ι.

2337 3136 2474 3206 ejus.
2507 3136 2605 3203 Qui
2631 3135 2807 3206 lingu,
2833 3135 3114 3190 annullato
3146 3150 3346 3205 genere
3376 3133 3556 3189 Caroli
3589 3134 3808 3205 Magni,
3839 3152 3936 3189 un-

2338 3236 2458 3282 ctus
2501 3235 2582 3281 est
2614 3227 2667 3281 in
2694 3241 2876 3296 regem
2909 3241 3072 3296 super
3097 3223 3358 3280 Francos.
3378 3217 3507 3294 Ipso
3534 3224 3703 3280 etiam
3751 3241 3935 3296 super-

2337 3325 2485 3382 stite,
2515 3317 2690 3386 primo
2716 3317 2864 3386 regni
2895 3318 2975 3370 sui
3011 3323 3165 3370 anno:
3201 3315 3495 3383 adjunctus.
3516 3323 3600 3368 est
3627 3315 3680 3369 in
3712 3331 3936 3384 regnum

2337 3406 2608 3461 Rohertus
2629 3406 2772 3462 filius
2804 3406 2943 3476 ejus,
2971 3420 3065 3459 rex
3098 3403 3396 3474 piissimus,
3428 3405 3513 3458 vir
3541 3405 3595 3458 in
3623 3404 3932 3458 litterarum

2337 3495 2563 3550 scientia
2589 3494 2882 3565 plurimum
2913 3510 2942 3548 a
2978 3493 3246 3550 Gerberto
3280 3492 3546 3548 monacho
3596 3493 3932 3563 philosopho,

2337 3599 2523 3656 postea
2574 3600 2705 3640 vero
2748 3600 2887 3654 papa
2940 3585 3206 3649 Romano,
3261 3585 3579 3640 instructus.
3632 3604 3652 3637 ο
3705 3585 3836 3641 Ιιιιιο
3871 3587 3935 3640 de

2336 3679 2502 3749 gestis
2543 3677 2878 3732 Francorum
2909 3677 3037 3732 huic
3064 3677 3326 3746 opusculo
3357 3677 3591 3742 inserui,
3622 3677 3815 3735 volens
3846 3693 3947 3733 ne-

2333 3771 2630 3826 scientibus
2651 3770 2904 3823 intimare
2933 3768 3267 3824 nobilitatem
3292 3769 3550 3822 comitum
3575 3767 3933 3838 Andegaven-

2337 3863 2496 3927 sium,
2521 3871 2574 3916 et
2600 3861 2742 3931 quod
2773 3861 2934 3916 tertia
2970 3860 3174 3915 familia
3232 3873 3417 3928 regum
3455 3858 3705 3913 Francia:
3748 3858 3932 3929 (siqui-

2337 3955 2456 4009 dem
2485 3954 2551 4010 de
2582 3962 2660 4009 tot
2690 3954 2908 4009 familiis
2937 3954 3004 4008 ab
3042 3952 3196 4006 initio
3229 3951 3369 4005 illius
3402 3950 3547 4020 regni
3582 3964 3763 4020 usque
3787 3966 3930 4002 nunc

2336 4045 2578 4101 seriatim
2602 4045 2769 4099 creati
2791 4052 2920 4098 sunt
2945 4042 3122 4112 reges)
3139 4043 3204 4096 de
3221 4056 3408 4096 eorum
3434 4039 3738 4108 propagine
3755 4041 3928 4103 modo,

2337 4156 2496 4213 quem
2529 4140 2783 4205 diximus,
2815 4138 3054 4192 veniant.
3102 4135 3215 4188 Non
3247 4135 3409 4203 igitur
3431 4141 3828 4201 usqtteqt'taque
3857 4131 3930 4184 in-

2337 4235 2584 4305 dignum,
2615 4231 2659 4287 si
2689 4231 2800 4285 lllia
2840 4230 2983 4299 regis
3019 4227 3318 4298 Anglorum
3369 4223 3727 4278 matrimonio
3777 4237 3927 4290 copo.

2340 4322 2445 4376 lata
2469 4331 2553 4377 est
2596 4321 2712 4375 viro
2741 4321 3066 4390 cognatione
3099 4316 3400 4386 propinquo
3443 4313 3668 4384 regibus
3698 4311 3930 4367 Franco-

2341 4427 2480 4467 rum.
2529 4410 2682 4464 Nunc
2725 4411 2791 4463 ab
2840 4410 3084 4464 ordinem
3144 4419 3327 4460 rerum
3380 4402 3793 4474 propositarum
3849 4415 3930 4454 re-

2338 4513 2636 4559 vertantur.

2898 4608 3129 4666 CAPUT
3167 4604 3375 4662 XXVII.

2340 4708 2510 4773 Quum
2541 4706 2720 4759 dsrcle
2769 4703 3022 4774 pra’dicta
3062 4701 3368 4774 imper-atria:
3402 4699 3680 4752 thesauros
3709 4714 3832 4751 suos
3861 4699 3935 4749 di-

2409 4779 2568 4832 versis
2607 4771 2836 4830 ecclesiis
2869 4784 2919 4828 et
2957 4773 3218 4842 inopibus,
3257 4771 3386 4823 dum
3413 4779 3716 4839 argrotcret,
3755 4786 3933 4838 eroga-

2408 4849 2508 4904 vit.
2527 4891 2542 4901 .

2313 4981 2315 4983 ί
2407 4962 2561 5032 Saepe
2589 4967 2865 5016 nominata
2887 4957 3118 5026 denique
3141 4953 3411 5009 Mathildis
3429 4952 3793 5022 'imperatr-ix,
3817 4952 3934 5004 dum

2337 5055 2567 5124 quadam
2599 5053 2718 5108 vice
2764 5053 2905 5123 apud
2932 5049 3331 5116 Rothomagum
3365 5042 3767 5104 inﬁrmaretnr.
3795 5043 3935 5098 wai-

2337 5146 2489 5200 ciens
2530 5151 2908 5214 argumentum
2938 5156 3049 5196 sua:
3081 5136 3384 5210 prudentia:
3423 5141 3481 5190 et
3513 5133 3804 5204 religionis
3831 5141 3935 5184 tam

2335 5238 2688 5308 praesentibus
2735 5232 3119 5305 quamfnturis
3147 5229 3407 5286 ostendit.
3439 5226 3620 5283 Gazas
3645 5227 3799 5281 enim
3835 5239 3936 5278 non

2337 5328 2512 5360 enlnm
2549 5326 2928 5360 ἶήιηιιιηιιηιιῖήο
2981 5338 3119 5360 num:
3161 5319 3443 5360 umnm'do.
3668 5318 3937 5360 inmm-
