4044 5360
139 239 240 294 897

137 445 327 510 giesis,
351 437 700 510 pauperibus,
722 431 918 496 viduis,
941 426 1198 498 orphanis
1222 423 1520 484 distribuit;
1541 429 1598 474 nt
1624 431 1722 472 nec

139 553 170 590 a
198 535 428 591 culcitra
467 529 664 594 serica,
693 539 854 594 super
877 535 1038 592 quam
1079 518 1132 571 in
1161 515 1274 586 ipsa
1311 511 1620 568 infirmitate
1641 506 1726 576 ja-

139 627 320 690 ccbat,
351 622 671 682 abstineret,
717 615 844 684 quin
877 613 988 682 ipsa
1039 609 1294 663 distracta
1345 601 1574 674 pretium
1613 597 1730 668 ejus

141 715 372 786 leprosis
405 708 614 780 erogari
655 707 888 776 juberct.
931 701 1312 756 Verumtamen
1346 691 1729 763 promptiorem

141 825 199 862 se
221 801 479 860 Beceensi
499 797 764 860 ecclesiae,
778 808 938 864 quam
965 790 1148 844 mulis
1165 788 1430 842 coenobiis
1447 783 1730 847 Neustrim,

141 915 218 954 ne
248 897 428 952 dicam
457 890 708 946 erunibus
739 887 790 940 in
829 886 930 940 hac
953 881 1266 954 erogatioue
1295 877 1567 940 exhibuit;
1598 875 1734 928 dans

133 989 192 1044 ei
227 1000 336 1041 tam
364 984 582 1039 diversa
610 977 856 1040 donaria,
889 973 1116 1030 materia
1141 967 1476 1038 artificioque
1527 965 1736 1038 praeie-

141 1079 385 1141 sissima,
419 1090 537 1146 qua:
567 1071 870 1126 Bizantium
917 1081 1140 1138 percara
1177 1061 1403 1117 haberet
1432 1067 1486 1113 et
1507 1073 1626 1128 qua:
1669 1055 1736 1110 ad

143 1169 328 1226 smculi
354 1166 642 1228 terminum
673 1164 876 1218 ltouora
908 1167 1222 1230 permanere
1268 1151 1502 1215 valeant,
1527 1161 1739 1216 semper

135 1261 318 1332 ipsius
345 1254 704 1326 impcratrieis
723 1253 978 1319 Angusne
1001 1245 1234 1300 sunliqu
1257 1251 1312 1296 et
1338 1254 1580 1294 amorem
1609 1251 1738 1306 erga

145 1353 294 1405 illam
315 1325 600 1404 ecclesiam
629 1325 1094 1414 repraesentanda,
1118 1332 1468 1401 vicissimque
1487 1329 1738 1384 cordibus

147 1442 278 1498 inihi
306 1437 664 1494 habitantimn
691 1431 1007 1488 memoriam
1035 1425 1265 1495 insignis
1285 1421 1514 1477 domina».
1536 1419 1739 1472 arc:ius

145 1530 535 1602 imprimentia.
571 1525 792 1596 Singula
824 1517 1275 1589 descriptionibus
1310 1523 1405 1568 aut
1428 1509 1738 1566 nominibus

147 1624 458 1694 designare,
501 1619 802 1689 spaciosum
857 1609 1016 1666 foret.
1069 1607 1461 1678 Voluptnosum
1499 1612 1585 1658 est
1617 1615 1740 1670 spe-

674 217 1022 286 IIISTORIAZ
1051 209 1686 278 NORTIIIIANNORUSI
1717 203 1898 264 LIBRI
1933 199 2136 260 OCTO.
2171 199 2236 240 #-
2267 197 2468 254 LIBEB
2501 193 2846 252 OCTAVUS.

139 354 484 406 diversarum
525 342 926 416 provinciarum
968 345 1022 392 et
1061 332 1342 400 utriusque
1391 343 1551 384 sexus
1605 323 1728 380 reli-
1757 325 1806 388 Α
1831 315 2147 388 petitionem
2175 312 2344 382 ipsius
2372 313 2438 366 de
2475 325 2536 364 se
2585 307 2892 379 sepeliendo

1825 405 2010 462 Cessit.
2043 403 2173 468 Sed,
2199 403 2414 457 volente
2463 401 2594 462 Deo,
2641 409 2699 452 ut
2727 397 3008 468 prrefixum
3053 405 3156 462 est,
3199 397 3422 453 sanitati

1827 497 2194 566 integerrima:
2217 496 2470 551 restituta
2507 491 2799 549 convaluit.
2829 491 2922 546 llis
2965 491 3132 562 igitur
3155 491 3222 546 de
3249 491 3422 562 impe-

1827 587 2028 642 ratrice
2047 585 2284 658 Angusta
2313 601 2410 640 suo
2431 585 2571 650 loco,
2599 591 2760 654 prout
2787 582 3009 652 dignum
3039 590 3142 648 est,
3173 597 3412 636 comme-

2941 305 3094 360 Becei
3127 295 3244 360 fieri
3289 321 3420 362 con-

1833 681 2090 746 moratis,
2135 681 2200 736 de
2226 679 2440 735 exteris
2467 678 2656 733 liberis
2683 675 2902 730 Ilenriei
2953 676 3117 744 regis,
3167 675 3290 730 licet
3331 675 3428 729 nii-

1835 787 1935 828 nus
1965 773 2154 828 idoneo
2185 773 2344 828 modo
2395 771 2716 842 procreatis,
2751 777 2970 840 propter
3025 781 3204 824 rerum
3233 779 3420 823 tamen

1837 863 2112 931 notitiam,
2143 863 2318 934 aliqua
2345 863 2429 920 vel
2459 861 2696 918 breviter
2725 861 2986 916 dicamus.

2393 995 2622 1052 CAPUT
2659 993 2854 1050 XXIX.

1841 1109 1996 1177 Quod
2029 1110 2288 1165 Henricus
2315 1124 2406 1164 rex
2425 1109 2574 1162 duxit
2601 1107 2892 1168 Adeliznm,
2923 1115 3128 1160 mortua
3167 1105 3431 1160 Mathifde

1915 1198 2076 1236 timore
2103 1199 2200 1233 sua
2223 1193 2268 1232 et
2291 1184 2354 1232 de
2377 1178 2552 1232 liberis
2583 1195 2712 1246 quos
2735 1179 2948 1230 nlinmle
2969 1177 3282 1246 procreavit,
3305 1193 3428 1246 quo-

1913 1267 2028 1304 rum
2057 1251 2428 1320 primogenims
2456 1249 2578 1320 fuit
2596 1243 3062 1320 llobertnshrontes
3101 1243 3426 1310 Glocestrt'a',

1873 1369 1886 1382 ,
1917 1323 2014 1403 qui
2045 1315 2404 1403 iia'reditnmn
2451 1315 2656 1372 "ebeni
2714 1317 2812 1386 filii
2863 1316 3138 1370 Ilaimonis
3170 1333 3287 1370 cum
3317 1315 3431 1374 lilia

1913 1392 2076 1460 ipsius
2099 1391 2315 1459 accepit.
2809 1403 2814 1408 θ

1914 1503 2121 1560 Mortua
2147 1503 2326 1572 itaque
2351 1503 2584 1558 secunda
2615 1499 2870 1555 Mathilde
2899 1483 3084 1572 regina
3107 1499 3429 1568 Anglorum,

1847 1607 2022 1652 tuatre
2051 1597 2210 1666 hujus
2237 1595 2598 1665 imperatricis
2635 1593 2912 1663 Augustae,
2937 1592 3078 1648 sicut
3104 1592 3156 1646 in
3187 1591 3436 1662 superio-

143 1725 302 1768 etare
326 1711 629 1780 hospitibus
655 1703 906 1762 maximis
928 1711 978 1757 et
999 1699 1092 1772 qui
1117 1714 1256 1768 smpc
1285 1696 1544 1752 nobilium
1573 1693 1744 1748 eetrle-
1777 1683 1818 1742 Ii
1849 1689 1998 1743 ribus
2013 1687 2216 1742 dictum
2234 1694 2337 1750 est,
2363 1683 2624 1738 Henricus
2651 1699 2746 1737 rex
2778 1682 2932 1738 duxit
2959 1681 3232 1736 Adelizam
3267 1681 3431 1736 filiam

146 1805 356 1858 siarum
410 1801 690 1854 thesaurus
735 1795 1005 1849 viderunt.
1047 1789 1328 1844 Transiret
1377 1785 1500 1840 illac
1549 1785 1744 1852 hOSpes

137 1897 374 1952 Graecus
396 1905 485 1946 aut
517 1889 706 1950 Arabs,
741 1885 1012 1956 voluptate
1039 1882 1347 1936 traheretur
1371 1878 1578 1930 eadem.
1611 1875 1742 1929 Cre-

149 1989 332 2040 diutus
363 1991 542 2036 autem
569 1987 623 2033 et
649 1977 873 2033 credere
895 1975 977 2028 fas
992 1981 1092 2038 est,
1125 1965 1742 2040 :cqnissinunnjudicent

148 2075 396 2130 omnium
427 2088 531 2125 non
555 2061 729 2126 solum
770 2066 824 2120 in
873 2063 1078 2127 futuro,
1109 2075 1294 2114 verum
1321 2057 1484 2111 etiam
1525 2055 1576 2108 in
1605 2068 1744 2124 prae-

155 2165 304 2224 senti
334 2162 533 2218 saeculo
573 2159 646 2213 illi
676 2153 984 2226 centuplum
1017 2151 1376 2214 redditurum,
1402 2147 1540 2216 quod
1577 2143 1748 2198 servis

149 2259 275 2312 suis
293 2271 456 2310 manu
488 2254 628 2308 sicut
652 2251 824 2319 larga,
853 2249 923 2302 ita
951 2247 1136 2300 devota
1163 2249 1442 2314 gratanter
1463 2237 1745 2306 impendit.

153 2349 238 2402 Ad
289 2341 781 2398 reuumerationem
824 2351 954 2391 vero
1012 2331 1263 2387 instantis
1305 2329 1560 2398 temporis
1585 2325 1749 2394 perti-

149 2457 292 2496 nere
330 2455 436 2496 non
484 2437 706 2490 dubium
755 2441 857 2498 est,
904 2427 1045 2499 quod
1085 2427 1374 2480 miserante
1425 2422 1533 2474 Deo
1577 2421 1748 2488 sopita

157 2535 394 2588 adversa
422 2528 750 2592 valetudine,
786 2523 1130 2580 sanctitatem
1163 2515 1357 2572 refovit
1379 2523 1432 2569 et
1460 2511 1751 2568 monachos

153 2641 312 2688 suos,
340 2619 630 2678 monachos
653 2615 970 2676 Beccenses,
995 2610 1082 2681 qui
1113 2623 1223 2678 pra:
1245 2603 1496 2660 omnibus
1516 2613 1567 2656 et
1589 2615 1754 2670 super

147 2731 353 2772 ontues
383 2729 478 2783 pro
505 2711 673 2782 ipsius
716 2707 996 2776 sospitate,
1041 2701 1154 2772 jugi
1197 2699 1381 2754 labore
1418 2693 1752 2766 supplicandi

157 2805 495 2860 decet-tando
521 2815 658 2870 pene
693 2797 1026 2858 defecerant,
1075 2807 1206 2846 aura
1237 2804 1509 2861 prospera:
1551 2785 1760 2839 valetu-

155 2895 307 2948 dinis
335 2889 452 2962 ejus
483 2889 689 2943 alllatos
715 2886 936 2942 omnino
962 2881 1371 2950 redintegravit.

701 2997 928 3057 CAPUT
976 2994 1212 3052 XXVIII.

163 3098 325 3166 Quod
377 3096 500 3152 dum
531 3095 824 3166 desperaret
848 3089 1079 3166 poposcit
1115 3101 1284 3166 regent
1312 3093 1366 3137 ut
1403 3078 1760 3166 Beccierpeli:

237 3151 420 3232 retur;
451 3177 495 3220 et
521 3168 584 3218 de
607 3151 798 3232 affectu
825 3151 1102 3232 e'jn'scirca
1132 3151 1367 3209 eumdem
1391 3151 1684 3214 ecclesiam,
1711 3157 1760 3201 et

235 3241 382 3309 quod
403 3229 665 3306 sospitari
684 3233 888 3287 reddita
915 3229 1003 3283 sit.

235 3349 350 3412 Nec
394 3343 833 3416 supprimendum
863 3339 992 3394 illud
1023 3347 1106 3392 est
1132 3333 1377 3400 silentio,
1425 3331 1556 3398 into,
1601 3339 1660 3384 ut
1687 3330 1760 3384 ita

163 3443 407 3506 dicatur,
432 3437 733 3492 uneialibus
761 3433 958 3488 litteris
987 3439 1271 3487 exaratum
1315 3425 1513 3481 sarculo
1537 3433 1766 3478 venturo

172 3529 684 3592 transmittendum,
707 3526 871 3596 quod,
897 3531 1189 3592 antequam
1214 3515 1644 3576 convalesceret,
1669 3529 1768 3584 po-

166 3625 467 3680 stulaverat
504 3629 710 3692 patrem
736 3631 912 3680 suum,
945 3623 1002 3670 ut
1042 3611 1388 3684 permitteret
1423 3623 1542 3662 eam
1573 3605 1627 3660 in
1653 3619 1765 3659 ete-

167 3718 338 3770 nnhio
381 3711 636 3768 Beccensi
677 3709 913 3764 humari.
953 3705 1105 3774 Quod
1135 3719 1228 3758 rex
1275 3702 1453 3772 primo
1483 3699 1766 3764 abnuerat,

95 3863 104 3868 .
169 3811 366 3862 dicens
413 3821 518 3859 non
546 3819 668 3858 esse
689 3803 905 3872 dignum
944 3808 1001 3853 ut
1044 3797 1149 3852 lilia
1178 3810 1274 3850 sua
1319 3791 1627 3863 imper-atris
1657 3791 1768 3844 Att-

170 3909 358 3970 gnsta,
399 3911 520 3966 quae
549 3893 714 3948 semel
737 3901 794 3946 et
835 3892 1028 3946 iterum
1061 3889 1114 3943 in
1143 3887 1277 3942 urbe
1319 3883 1609 3948 Romulea,
1651 3893 1772 3950 qum

172 3998 342 4060 caput
392 3995 478 4041 est
504 3983 706 4047 mundi,
736 3997 832 4052 per
860 3993 1053 4035 manus
1081 3977 1277 4032 summi
1307 3973 1580 4044 pontilieis
1604 3971 1774 4038 impe-

177 4081 301 4138 riali
327 4077 638 4134 diademate
666 4077 1008 4142 processerat
1031 4067 1313 4136 insignita,
1353 4064 1408 4117 in
1451 4062 1632 4130 aliquo
1660 4071 1777 4111 ηιθο

177 4171 448 4234 nasterio,
477 4169 600 4222 licet
623 4163 920 4236 percelebri
949 4169 1004 4216 et
1029 4159 1284 4230 religione
1310 4165 1364 4210 et
1395 4155 1557 4218 fama,
1585 4147 1776 4219 sepeli—

178 4275 366 4326 retur;
413 4249 506 4315 s‘cd
547 4261 614 4314 ad
640 4258 915 4312 civitatem
943 4249 1486 4320 Rothomagensium,
1508 4259 1629 4315 qua:
1661 4255 1775 4295 me—

182 4349 412 4425 tropolis
436 4362 520 4410 est
541 4349 1058 4408 Northmaunorum,
1085 4341 1274 4396 saltem
1297 4339 1500 4402 delata,
1528 4337 1583 4390 in
1605 4333 1778 4388 eccle-

1841 1777 2128 1858 Codefridi
2159 1776 2312 1830 ducis
2353 1773 2625 1840 Lovaniaz,
2679 1773 2894 1828 comitis
2944 1771 3222 1826 Eustachii
3276 1771 3435 1826 Bolo-

1849 1869 2052 1926 niensis
2083 1867 2484 1930 consobrinam,
2514 1867 2600 1921 de’
2615 1883 2718 1936 qua
2755 1865 2888 1920 nihil
2925 1865 3258 1934 posteritatis
3281 1878 3437 1920 acce-

1849 1963 1943 2034 pit.
1979 1961 2176 2016 llabnit
2209 1960 2547 2016 tamenidem
2577 1975 2669 2013 rex
2699 1959 2838 2014 ﬁlios
2863 1974 2956 2014 sex
2979 1968 3034 2014 et
3061 1969 3268 2030 septem
3300 1959 3440 2014 tilias

1849 2057 1973 2112 licet
1999 2057 2176 2112 minus
2209 2057 2454 2122 honesto,
2487 2064 2545 2110 ut
2585 2053 2954 2124 przediximus,
2991 2045 3148 2110 modo
3186 2056 3434 2126 progeni-

1851 2161 1954 2206 tos.
1985 2149 2200 2204 Illorum
2237 2157 2418 2204 autem
2451 2147 2815 2218 primogeuito
2863 2147 3100 2216 Bobcrto
3123 2159 3278 2218 pater
3303 2164 3440 2203 suns

1848 2241 2136 2306 quamdam
2169 2239 2570 2300 nobilissimam
2607 2236 2839 2306 puellam
2891 2235 3110 2306 nomine
3151 2236 3435 2309 Sibyllam,

1851 2329 2020 2384 filiam
2055 2329 2276 2384 Roberti
2327 2328 2418 2382 lilii
2473 2326 2766 2392 Haimouis,
2811 2336 3050 2394 neptem,
3097 2327 3306 2384 scilicet
3367 2345 3434 2384 ex

1851 2421 2054 2476 familia
2079 2421 2318 2482 Mabilia,
2345 2419 2563 2492 Rogerii
2589 2419 2654 2474 de
2675 2419 2854 2473 Monte
2879 2418 3210 2476 Gummerici
3241 2421 3438 2490 patris.

1851 2510 2102 2566 videlicet
2137 2511 2354 2564 Robcrti
2381 2511 2446 2564 de.
2476 2509 2728 2572 Belismo,
2758 2509 3102 2565 matrimonio
3123 2509 3437 2580 copulavit;

1853 2600 2154 2654 concedens
2185 2599 2232 2652 ei
2267 2598 2555 2652 maximam
2597 2599 2986 2662 hmreditatem,
3017 2609 3126 2654 tam
3158 2597 3211 2655 in
3245 2597 3442 2656 North-

1855 2689 2071 2746 manuia
2093 2705 2253 2759 quant
2295 2688 2346 2742 in
2373 2688 2584 2758 Anglia,
2609 2703 2728 2758 qum
2753 2687 2992 2758 prmfata:
3029 2687 3225 2758 virgini
3271 2689 3446 2744 luere-

1857 2781 2052 2836 ditario
2077 2781 2200 2851 jure
2231 2781 2592 2848 competebat.
2627 2779 2704 2834 Ex
2737 2780 2850 2848 ipsa
2883 2789 3062 2834 autem
3092 2780 3276 2850 genuit
3306 2779 3446 2834 ﬁlios

1859 2875 2120 2944 quinque,
2165 2873 2374 2928 scilicet
2401 2869 2732 2926 Willelmum
2760 2886 2916 2926 suum
2949 2871 3364 2940 primogenitum
3391 2873 3449 2926 et

1861 2961 2056 3018 fratres
2079 2961 2198 3030 ejus
2221 2973 2276 3016 et
2307 2977 2466 3016 unam
2493 2962 2677 3016 tiliam.
2715 2961 3258 3015 llzereditatis’autem
3281 2975 3446 3030 quam

1787 3047 1832 3108 Ο
1863 3065 1984 3106 eum
2007 3051 2224 3121 przefata
2241 3049 2448 3118 virgine
2463 3051 2600 3104 idem
2621 3049 2890 3105 Iiobertus
2911 3051 3137 3118 adeptus
3157 3058 3263 3116 est,
3287 3061 3450 3118 caput

1863 3151 1948 3196 est
1964 3141 2217 3211 oppidum
2230 3139 2580 3195 Torinneium
2605 3131 2992 3208 nuncupatum,
3025 3139 3076 3192 in
3103 3137 3336 3193 confinio
3356 3153 3452 3192 ro-

1865 3231 2148 3284 mitattntm
2181 3229 2488 3300 Bajocensis
2531 3241 2586 3284 et
2619 3227 3114 3284 Constantiniensis
3155 3229 3341 3292 situm,
3366 3229 3451 3282 di-

1867 3333 2017 3378 stans
2045 3339 2075 3376 a
2107 3319 2271 3378 ﬂuvio
2301 3324 2518 3376 nomine
2545 3321 2690 3386 Vira,
2720 3321 2810 3392 qui
2833 3321 3121 3391 praedictos
3151 3320 3448 3376 comitatus

1867 3413 2072 3468 dirimit
2095 3415 2146 3466 in
2171 3411 2410 3468 citeriori
2437 3419 2592 3482 parte
2622 3411 2858 3466 millibus
2891 3411 3006 3465 fere
3042 3411 3270 3465 duobus.
3299 3409 3454 3477 Quod

1871 3504 2222 3572 municipium
2255 3517 2284 3556 a
2331 3502 2591 3573 pracdicto
2649 3502 2790 3572 regis
2847 3501 2955 3556 lilio
3001 3501 3252 3562 Rnherto,
3308 3513 3458 3571 prof-

1867 3609 2030 3665 qnam
2055 3595 2106 3647 in
2127 3592 2266 3662 juris
2292 3589 2409 3660 ejus
2431 3599 2752 3661 potestatem
2777 3591 3055 3645 redactum
3084 3599 3188 3652 est,
3215 3591 3455 3646 turribus

1871 3683 2125 3747 excelsis,
2163 3685 2433 3739 mmnihus
2455 3681 2887 3744 robustissimus,
2919 3696 3127 3737 necnon
3157 3693 3212 3735 et
3237 3681 3462 3740 fossatis

1869 3776 2156 3848 prmruptis
2203 3783 2258 3830 et
2309 3777 2360 3829 in
2411 3775 2528 3844 ipso
2581 3775 2750 3829 saxco'
2789 3773 3225 3840 monte'incisis,
3270 3783 3459 3830 contra

1871 3869 2111 3924 omnium
2137 3867 2478 3922 inimicorum
2503 3875 2756 3921 conatum
2791 3865 3030 3920 Innnitus
3058 3873 3142 3919 est
3167 3873 3225 3918 et
3247 3879 3312 3920 ex
3343 3881 3462 3920 nia-

1873 3975 1975 4030 gaa
2023 3968 2178 4028 parte
2227 3959 2383 4029 aquis
2435 3958 2488 4012 in
2527 3956 2768 4026 piscinas
2811 3954 3052 4010 collectis
3109 3955 3364 4009 vallatum
3405 3965 3462 4010 et

1873 4051 2231 4105 inaccessum.
2279 4049 2346 4102 Et
2372 4048 2498 4102 licet
2537 4055 2680 4101 terra
2747 4043 3142 4112 circumjacens
3185 4045 3365 4099 minus
3403 4045 3462 4100 in

1875 4143 2156 4198 fertilitate
2187 4142 2398 4211 frugum
2451 4135 2720 4194 reddenda
2759 4139 2831 4192 sit
2875 4137 3090 4201 habilis,
3141 4145 3227 4192 est
3277 4145 3464 4192 tamen

1878 4233 2018 4288 idem
2055 4233 2310 4303 oppidum
2341 4229 2679 4300 populosam,
2733 4227 3172 4296 negociatoribus
3222 4227 3463 4281 diversa-

1881 4341 2000 4380 rum
2027 4325 2289 4380 mercium
2317 4323 2602 4390 refertum,
2626 4319 2869 4374 mdiciis
2895 4328 3003 4372 tam
3027 4319 3256 4390 publicis
3298 4333 3466 4389 quam

179 4447 260 4501 sia
315 4439 626 4514 principali,
665 4439 718 4493 in
768 4451 873 4508 qua
930 4443 985 4490 et
1024 4430 1258 4502 majores
1304 4429 1444 4500 ejus,
1491 4425 1774 4498 Rollonem
1803 4417 1852 4477 D
1880 4417 2103 4486 privatis
2125 4423 2396 4479 ornatum,
2429 4411 2580 4482 copia
2604 4411 2722 4466 auri
2749 4419 2804 4465 et
2825 4411 3033 4481 argenti
3064 4425 3168 4465 non
3211 4425 3462 4482 egenum.

181 4539 381 4608 loquor
406 4543 462 4590 et
487 4531 825 4588 Willelmnm
853 4527 1306 4596 Longamspatam
1339 4519 1505 4574 lilium
1534 4517 1651 4588 ejus
1682 4514 1776 4584 qui

183 4628 494 4684 Neustriatn
553 4623 722 4677 armis
769 4622 1122 4687 subegerunt,
1161 4611 1324 4685 positi
1374 4618 1519 4674 sunt,
1567 4608 1686 4678 ipsa
1723 4612 1779 4660 et

181 4728 500 4790 poneretur.
531 4715 646 4781 Qua
679 4709 1068 4767 deliberatione
1097 4705 1239 4775 regis
1282 4711 1558 4774 percepta,
1583 4697 1656 4751 illi
1683 4709 1780 4766 per

187 4811 437 4866 nuntium
477 4801 841 4865 remandavit,
877 4799 1112 4853 animam
1155 4809 1308 4849 suam
1346 4803 1619 4859 nunquam
1665 4785 1782 4841 fore

187 4901 388 4966 lanam,
421 4899 526 4955 nisi
555 4909 779 4965 compos
813 4891 1106 4948 voluntatis
1134 4901 1246 4942 sua:
1293 4885 1345 4940 in
1375 4885 1479 4939 hac
1513 4882 1784 4934 duntaxat

189 5011 342 5074 parte
369 4999 702 5056 efﬁceretur.
729 4991 772 5046 Ο
799 4983 1000 5044 femina
1029 4993 1204 5041 macte
1233 4981 1450 5037 virtutis
1472 4989 1527 5035 et
1570 4974 1784 5032 consilii

191 5095 441 5158 sanioris,
487 5085 890 5162 parvipeudens
929 5094 1179 5150 pompam
1211 5075 1528 5132 smcularem
1557 5071 1612 5124 in
1659 5083 1783 5124 cor-

189 5187 336 5260 poris
360 5160 750 5253 dispositione!
785 5171 1021 5228 Noverat
1050 5171 1196 5226 enim
1226 5166 1497 5222 salubrius
1524 5176 1643 5218 esse
1669 5160 1788 5214 ani-

192 5251 382 5330 inabus
411 5251 796 5330 defunctorum
844 5261 918 5322 ibi
955 5275 1184 5348 corpora
1229 5273 1325 5311 sua
1368 5252 1644 5318 tunmlari,
1694 5251 1785 5306 ubi

1675 5341 1778 5360 τι--

1881 4507 2039 4563 Dedit
2067 4507 2232 4561 etiam
2257 4505 2330 4559 illi
2372 4521 2462 4559 rex
2495 4513 2692 4558 terram
2736 4501 3019 4556 Haimouis
3074 4499 3333 4570 Dapiferi,
3370 4515 3463 4570 pa-

1881 4599 1985 4654 trui
2011 4596 2260 4652 videlicet
2291 4597 2475 4650 livoris
2497 4609 2626 4649 sure.
2655 4591 2944 4655 Praeterea,
2969 4591 3096 4660 quia
3131 4605 3322 4660 parum
3349 4599 3472 4646 erat

1885 4689 2052 4744 lilium
2079 4688 2218 4758 regis
2245 4686 2478 4757 ingentia
2497 4683 2694 4754 pnedia
2715 4681 2996 4752 possidere
3021 4681 3228 4751 absque
3249 4683 3474 4737 nomine

1884 4789 1939 4835 et
1961 4780 2166 4834 honore
2195 4777 2420 4847 alicujus
2445 4773 2678 4845 publica?
2699 4771 3005 4841 dignitatis,
3038 4773 3189 4828 dedit
3215 4773 3288 4826 illi
3317 4779 3474 4842 pater

1887 4873 2008 4945 pius
2030 4871 2346 4926 comitatum
2397 4863 2729 4923 Gloeestrias.
2774 4862 3078 4919 Riehardus
3106 4871 3285 4918 autem
3318 4861 3485 4929 hujus

1888 4965 2103 5041 comitis
2123 4981 2229 5020 uno
2249 4963 2316 5019 de
2335 4971 2488 5032 patre
2509 4957 2696 5024 frater,
2721 4971 2842 5011 cum
2873 4955 3042 5014 fratre
3062 4973 3162 5016 suo
3185 4955 3327 5013 Will.
3347 4957 3483 5020 lmo,

1889 5061 1942 5117 in
1972 5057 2260 5128 smpedicto
2312 5051 2594 5121 nanfrag'o
2621 5050 2800 5119 periit.
2842 5049 2946 5104 Alii
2975 5067 3105 5109 vero
3133 5059 3266 5116 tres,
3311 5051 3366 5105 id
3395 5057 3482 5102 es;

1891 5147 2208 5212 Rainaldus,
2257 5143 2549 5205 Ruhertus,
2604 5137 2972 5205 Gislebertns,
3028 5143 3207 5199 adlmc
3249 5141 3483 5212 juvenes

1891 5243 2009 5297 sine
2038 5247 2352 5292 casamento
2389 5239 2535 5289 sunt.
2560 5229 2823 5299 Quartus,
2852 5233 3059 5292 scilicet
3089 5232 3395 5290 Willelmus
3415 5231 3484 5282 de

1889 5328 2118 5360 τ-ηηηῖη
2202 5326 2476 5360 πηιιΙηΙιηεη
2509 5331 2624 5360 nne!
2659 5332 2890 5360 mnu-lam
2949 5327 3119 5360 null-:ﬂ
3159 5324 3322 5360 ὨιὶΙΙα
3373 5321 3486 5360 "III-
