4044 5360
652 353 758 409 899

1307 379 1310 382 ~
1402 342 1744 402 WILLELMI
1772 341 2065 398 CALCULI
2099 338 2656 397 GEMMETICENSIS
2694 337 3022 394 MONACIII.

3814 346 3921 404 900

660 447 1000 520 postmodum
1050 446 1104 502 in
1147 442 1458 514 supradicto
1506 439 1789 508 naufragio
1817 454 1940 493 cum
1970 436 2232 491 fratribus
2265 452 2305 505 Α
2341 437 2487 490 tione
2553 436 2682 492 illud
2737 438 2968 502 faceret,
3017 453 3046 490 a
3103 447 3286 492 nitntts
3338 438 3722 502 nesciebatur,
3781 440 3923 493 unde

658 541 774 596 suis
822 540 1099 596 submersa
1136 546 1238 592 est.
1278 535 1398 590 Alia
1449 535 1579 589 item
1627 533 1898 588 Mathildis
1933 541 2238 601 nuncupata

658 631 783 685 data
805 638 888 684 est
911 629 1130 686 Conano
1152 627 1335 682 comiti
1364 625 1588 680 minoris
1611 624 1921 685 Britannizc,
1949 623 2238 690 genuitque

659 740 728 778 ex
755 737 817 777 ea
841 721 1005 778 ﬁlium
1037 721 1252 775 nomine
1283 718 1526 772 IIoclIum
1559 726 1614 771 et
1659 717 1796 770 Illius
1841 717 1993 768 duas.
2035 712 2236 776 Tertia,

661 812 873 866 scilicet
895 809 1130 875 Iuliana,
1155 809 1448 864 Eustachio
1494 807 1560 862 de
1591 806 1806 866 Paccio,
1841 805 1930 873 qui
1960 802 2145 875 habuit
2173 818 2238 856 cx

659 918 723 960 ea
767 905 901 958 duos
955 892 1114 967 ﬁlius,
1163 901 1495 956 Willelmum
1538 909 1590 956 et
1652 899 1966 969 Rege-rium.
2015 896 2237 962 Quarta,

660 992 932 1050 Willelmo
959 993 1175 1048 Goicto.
1201 992 1422 1058 Quinta,
1453 991 1754 1046 vi-‘zecomiti
1795 989 1861 1044 de
1892 988 2238 1052 Bcllomontc,

661 1092 804 1160 quod
853 1101 1088 1146 castrmn
1140 1090 1303 1144 silum
1366 1096 1451 1142 est
1504 1087 1558 1140 in
1617 1083 2047 1140 Cenomannensi
2084 1097 2239 1150 pago.

662 1182 848 1244 Sexta,
873 1181 1110 1236 Mattheo
1143 1179 1251 1233 ﬁlio
1300 1175 1587 1231 Bulchardi
1622 1176 1686 1228 de
1728 1172 2240 1226 Montcmorenceio.

659 1271 921 1342 Septima,
947 1287 1064 1342 quze
1084 1287 1147 1324 ex
1180 1269 1475 1331 Elisaheth,
1505 1279 1692 1321 sorore
1721 1261 2037 1317 Waleranni
2071 1259 2241 1315 comi-

663 1363 733 1417 tis
768 1362 1020 1427 Mellcnti,
1054 1361 1228 1415 adhuc
1267 1359 1487 1426 innupta
1520 1363 1817 1427 permanet.

1224 1513 1450 1570 CAPUT
1491 1512 1661 1569 XXX.

666 1632 818 1698 Quod
840 1632 1113 1686 decedente
1135 1629 1392 1696 Gnufrido
1417 1627 1815 1694 Rozhomagcnsi
1837 1625 2238 1698 archiepiscopo,

733 1705 821 1773 qui
857 1703 1130 1773 Willelmo
1162 1703 1361 1773 (ludunt
1401 1709 1739 1773 successerat,
1787 1699 2023 1750 (eundem
2069 1696 2241 1748 sedem

733 1769 952 1843 odeptus
981 1783 1053 1825 est
1082 1770 1236 1840 Hngo
1263 1771 1420 1822 abbas
1455 1769 1839 1838 Radingarum.

732 1884 886 1938 Circa
913 1883 1026 1937 haec
1063 1883 1336 1950 tempora,
1361 1880 1656 1935 decedente
1685 1877 1947 1934 Gaut‘rido
1969 1875 2236 1944 archiepi-

663 1989 828 2044 scopo
858 1973 1302 2044 Ilotltomagcnsi,
1335 1970 1485 2041 llugo
1513 1969 1718 2040 primus
1747 1967 1910 2022 abbas
1934 1967 2239 2037 Radingeuo

643 2056 739 2120 Isis
768 2066 1052 2118 successit.
1094 2061 1268 2115 Parvo
1305 2061 1500 2115 exinde
1533 2069 1775 2129 tempore
1820 2070 2034 2122 exacto,
2082 2057 2241 2111 luno-

663 2157 878 2212 eentius
925 2171 1060 2226 papa
1109 2155 1150 2208 ll
1205 2154 1603 2223 Rothomagum
1641 2152 1862 2205 veniens
1898 2166 2058 2204 causa
2097 2151 2241 2219 regis

665 2254 916 2318 Ilenrici,
963 2253 1274 2326 ingentibus
1295 2253 1604 2324 obsequiis,
1656 2260 1714 2305 ut
1754 2251 1930 2304 virum
1973 2239 2242 2316 Apesloli-

666 2361 790 2399 cum
822 2345 1064 2406 decebat,
1103 2345 1169 2398 ab
1197 2344 1391 2398 eodem
1421 2358 1548 2413 rege
1582 2349 1866 2411 susceptus
1899 2349 1951 2393 et
1981 2352 2239 2409 prosccu-

665 2445 752 2491 tus
781 2445 882 2492 est.
915 2436 1007 2491 Sic
1037 2436 1201 2491 etiam
1241 2435 1510 2490 Calixlum
1555 2450 1748 2505 papam
1795 2432 1949 2502 longe
1990 2441 2149 2484 antea
2185 2445 2244 2484 se

664 2530 953 2583 adeuntem
1008 2545 1107 2599 pro
1156 2529 1338 2584 causis
1379 2525 1766 2582 ecclesiasticis
1819 2526 1956 2594 apud
2007 2533 2242 2577 castrum

662 2637 816 2675 suum
848 2620 1038 2676 Gisorz
1069 2622 1305 2683 nomine,
1339 2620 1390 2673 in
1420 2619 1662 2686 margine
1685 2617 1764 2670 sui
1801 2616 2030 2669 ducatus
2056 2616 2241 2678 situm,

663 2713 918 2782 regaliter
967 2723 1356 2783 procuratum,
1415 2711 1733 2766 muneribus
1784 2719 2038 2763 onustum
2086 2707 2246 2778 regiis

666 2805 968 2858 remiserat.

1236 2935 1465 2992 CAPUT
1500 2931 1690 2989 XXXI.

667 3049 746 3104 De
781 3047 1008 3103 castellis
1045 3065 1164 3119 quo:
1209 3065 1300 3102 rea:
1346 3048 1604 3102 Henricus
1646 3047 1924 3119 a'diﬁcarit
1962 3047 2015 3100 in
2053 3047 2246 3099 dumtu

739 3116 1220 3200 Nortltmanniwrt
1253 3120 1600 3210 quodlpurem
1647 3133 1748 3198 non
1786 3116 1954 3210 solum
2003 3119 2060 3170 in
2106 3127 2246 3170 terra
2275 3148 2321 3210 ϐ

735 3207 856 3253 sua,
891 3205 1066 3245 uerum
1107 3188 1269 3242 etiam
1297 3192 1350 3243 in
1394 3189 1687 3258 longinquis
1716 3188 2008 3257 regionibus
2033 3203 2130 3240 sua
2153 3203 2244 3241 sa-

736 3261 930 3331 pientia
954 3257 1198 3327 faciebat.
1281 3289 1285 3294 τ

739 3373 892 3428 Fecit
919 3383 1100 3430 autem
1128 3387 1223 3427 rex
1258 3371 1525 3427 llenricus
1549 3371 1782 3442 plurima
1810 3369 2031 3426 castella
2059 3377 2166 3426 tam
2192 3369 2245 3424 in

669 3479 839 3531 regno
863 3477 1027 3534 quam
1060 3463 1114 3517 in
1141 3463 1338 3518 ducatu
1367 3477 1485 3516 suo.
1519 3461 1726 3517 Caetera
1748 3478 1875 3518 vero
1903 3464 1971 3516 ab
1995 3471 2248 3518 anteces-

667 3557 882 3612 soribus
911 3555 1024 3612 suis
1067 3563 1402 3619 constructa,
1443 3570 1550 3609 non
1591 3553 1766 3609 solum
1802 3553 2116 3624 municipia,
2153 3552 2248 3608 sed

669 3648 832 3700 etiam
865 3645 1275 3715 antiquissimas
1321 3647 1484 3700 urbes
1516 3659 1652 3714 pene
1686 3660 1877 3698 onmes
1917 3643 2246 3699 melioravit.

670 3736 885 3790 Illorum
915 3745 1093 3789 autem
1123 3750 1242 3804 quae
1289 3735 1342 3788 in
1379 3733 1777 3789 Northmanuia
1825 3735 2156 3796 construxit,
2192 3736 2247 3789 in

674 3828 912 3896 margine
960 3827 1041 3881 sui
1075 3827 1307 3884 ducatus
1365 3835 1420 3882 et
1465 3829 1758 3882 conﬁuimn
1809 3829 2245 3898 provinciarum,

678 3919 782 3974 ista
829 3927 954 3973 sunt
988 3919 1210 3974 nomina
1265 3935 1280 3973 ς
1334 3918 1706 3982 Driemcurtis,
1755 3919 1960 3972 bovum
2007 3927 2247 3974 castrum

673 4011 835 4066 situm
868 4025 1029 4080 super
1057 4009 1227 4079 ripam
1277 4009 1428 4078 Eptze
1475 4007 1737 4071 ﬂuminis,
1769 4006 2102 4069 Vernoilum.
2143 4007 2249 4063 No-

640 4102 825 4163 .nanti
865 4101 1056 4164 curtis,
1113 4099 1321 4154 Bonum
1358 4099 1744 4162 molendinum,
1802 4099 2022 4155 Colmia:
2070 4114 2247 4163 mons,

671 4190 817 4249 Pons
851 4190 1072 4246 Ursonis
1099 4198 1154 4245 et
1179 4189 1285 4244 alia
1311 4204 1430 4259 qua:
1461 4203 1529 4243 ex
1570 4188 1837 4244 industria
1869 4197 2158 4259 praetereo,
2183 4203 2250 4243 ne

674 4300 882 4340 moram
937 4283 1154 4339 faciam.
1197 4281 1396 4338 Pacem
1450 4296 1556 4336 non
1605 4279 1780 4336 solum
1825 4283 1879 4336 in
1933 4292 2075 4336 terra
2125 4295 2246 4345 sua,

676 4389 863 4429 verum
891 4375 1054 4429 etiam
1099 4373 1152 4427 in
1178 4371 1338 4442 longe
1365 4372 1557 4443 positis
1587 4372 1766 4441 regnis
1788 4385 2049 4426 concessa
2081 4370 2182 4426 sibi
2217 4386 2247 4425 a

674 4465 785 4522 Deo
811 4464 1073 4534 sapientia
1105 4471 1160 4519 et
1193 4463 1438 4516 bonitate
1482 4461 1723 4519 tenebat.
1771 4460 2077 4515 Wallenses
2107 4475 2250 4514 sem-

672 4570 771 4624 per
791 4554 979 4624 Anglis
1014 4551 1240 4607 rebelles
1271 4551 1344 4604 ita
1367 4549 1614 4604 subditos
1644 4550 1898 4615 habebat,
1925 4557 1982 4602 ut
2004 4564 2102 4620 per
2131 4563 2248 4603 om-

674 4659 800 4698 nem
843 4652 1043 4698 terram
1085 4656 1273 4696 eorum
1306 4640 1388 4694 vel
1441 4640 1572 4709 ipse,
1607 4641 1691 4694 vel
1729 4648 1963 4710 satrapae
1999 4638 2104 4704 sui,
2144 4638 2249 4692 illis

679 4734 880 4799 invitis,
909 4733 1243 4790 munitiones
1270 4731 1634 4796 :etliﬁcarent;
1665 4745 1768 4786 nec
1797 4730 2034 4802 aliquam
2067 4731 2118 4785 in
2150 4745 2249 4784 suo

671 4824 796 4895 jure
824 4825 1181 4879 munitionem
1209 4822 1473 4878 baberent
1521 4821 1622 4890 ipsi
1648 4821 1738 4877 illo
1778 4821 2015 4887 vivente,
2055 4830 2250 4890 pr:eter

677 4923 916 4970 montem
958 4917 1050 4985 qui
1081 4915 1264 4984 lingua
1313 4915 1609 4982 Anglorum
1658 4911 1986 4968 Snenndune
2037 4910 2251 4984 [Suow-

677 5005 916 5077 downe],
959 5007 1014 5062 id
1051 5015 1134 5061 est
1183 5021 1339 5060 mons
1382 5007 1622 5068 nivosus,
1653 5004 1780 5074 quia
1813 5003 1884 5058 ibi
1925 5003 2128 5074 jugiter
2159 5004 2253 5057 nix

679 5097 958 5166 perdurat,
988 5094 1307 5164 appellatur.
1335 5093 1510 5149 Unum
1534 5094 1588 5148 in
1619 5092 1736 5163 ipso
1762 5093 1984 5162 quidam
2015 5108 2123 5148 non
2159 5093 2256 5147 im-

679 5186 898 5244 merito.
951 5194 1012 5238 ut
1037 5185 1282 5244 pluribus
1319 5185 1556 5244 videtur.
1602 5183 2109 5244 reprehendendum
2158 5185 2254 5239 du-

2341 526 2570 596 idipsum
2597 528 3086 597 reprehendebant.

2889 637 3117 694 CAPUT
3154 639 3370 694 XXXII.

2341 726 2696 799 Degerrlcsiis,
2736 727 2812 799 re!
2840 727 2903 799 de
2943 731 3274 783 monasteriis
3301 746 3419 799 qum
3465 729 3745 796 (rdiﬁcarit
3772 738 3818 781 et
3863 729 3926 779 de

2413 797 2654 865 largitate
2694 798 2806 866 ejus
2850 798 2902 850 in
2943 815 3118 853 servos
3157 797 3349 853 Christi
3397 810 3444 853 et
3491 804 3554 854 de
3585 801 3792 854 ueteris
3826 800 3923 866 piis

2412 871 2525 935 ejus
2551 869 2772 920 actibus.

2411 979 2536 1033 Fuit
2562 989 2742 1035 autem
2781 979 3018 1052 inclytus
3053 998 3147 1037 rex
3188 981 3477 1046 Henricus,
3507 982 3573 1037 dc
3607 979 3768 1050 cujus
3795 981 3928 1035 acti-

2341 1069 2442 1126 bus
2470 1073 2761 1142 loquimur,
2803 1073 3213 1128 liberalissimus
3241 1090 3348 1129 non
3401 1074 3574 1130 solum
3617 1073 3926 1142 potentibus

2342 1161 2502 1230 huius
2531 1165 2738 1229 nmndi,
2777 1180 2964 1218 verum
2997 1166 3192 1230 etiam,
3226 1167 3367 1236 quod
3401 1165 3574 1236 majus
3600 1176 3686 1220 est
3725 1173 3783 1218 et
3825 1164 3931 1218 uti-

2341 1253 2468 1318 lius,
2511 1253 2821 1309 hominibus
2871 1256 3153 1327 religiosis.
3186 1256 3478 1312 Testantur
3521 1258 3624 1312 hoc
3659 1258 3925 1327 episcopi,

2343 1346 2588 1410 abhates,
2615 1349 2864 1402 monachi
2899 1364 3181 1419 pauperes,
3214 1348 3687 1404 sanctimonalium
3712 1365 3922 1421 greges,

2344 1455 2450 1495 non
2482 1439 2659 1493 solum
2686 1439 2930 1494 Francizc
2957 1450 3009 1493 et
3030 1441 3354 1510 Aquitanize,
3379 1457 3569 1496 verum
3594 1443 3758 1496 etiam
3789 1441 3924 1494 Bur-

2341 1533 2554 1602 gundizc
2603 1532 2862 1592 etltalim.
2903 1533 2994 1602 qui
3024 1533 3092 1587 ab
3140 1534 3253 1604 ipse
3296 1535 3574 1588 annuatim
3615 1533 3912 1603 plurimum

2343 1625 2692 1681 emolumenti
2730 1626 3091 1694 accipiebant.
3128 1626 3437 1681 Etliﬁcavit
3473 1637 3660 1681 autem
3715 1627 3767 1679 in
3819 1626 3923 1679 An-

2345 1717 2447 1787 glia
2483 1733 2513 1770 a
2550 1717 2917 1772 fundamentis
2948 1719 3220 1772 abbatiam
3250 1718 3465 1773 Sancta:
3498 1718 3680 1771 Mariae
3724 1717 3926 1770 Radiu-

2268 1803 2311 1862 Il
2339 1809 2420 1880 gis
2449 1825 2610 1878 super
2637 1809 2856 1863 ﬂuvium
2886 1811 3176 1865 Thamisim
3197 1821 3250 1864 et
3270 1810 3606 1865 ornamentis
3631 1819 3685 1864 et
3711 1823 3926 1878 posses-

2338 1901 2948 1970 sionilmsloeupletans,
2983 1903 3278 1957 monachos
3310 1911 3364 1957 et
3401 1902 3650 1956 ordinem
3679 1901 3924 1955 Cluniaci

2340 1990 2412 2044 itii
2446 2005 2567 2045 esse
2618 1991 2769 2046 fecit.
2808 1991 3121 2046 JEdiﬁcavit
3154 2002 3209 2047 et
3245 1993 3404 2048 aliam
3450 1993 3744 2048 ecclesiam
3783 1994 3924 2060 apnl

2339 2081 2696 2138 Cireccstram
2724 2084 2777 2138 in
2823 2085 3083 2139 honorem
3121 2086 3292 2140 sancti
3328 2083 3572 2148 Joannis,
3601 2094 3656 2139 et
3695 2084 3921 2137 canoni-

2340 2189 2434 2228 cos
2488 2173 2766 2244 regulares
2806 2175 3003 2229 ihitlem
3035 2184 3305 2241 statuens,
3342 2175 3448 2229 illis
3470 2173 3804 2228 sufﬁcienter
3832 2189 3898 2225 nc

2341 2265 2578 2319 eessaria
2623 2267 2957 2334 procuravit.
3008 2265 3371 2320 Nihilominus
3403 2267 3568 2320 etiam
3617 2267 3672 2319 in
3721 2263 3921 2318 Nonn-

2343 2357 2558 2409 mannia
2584 2357 2723 2427 apud
2749 2357 3145 2427 Rothomagum
3175 2357 3458 2412 ecclesiam
3493 2357 3712 2412 Sanctze
3743 2356 3923 2410 Maria:

2343 2445 2408 2497 de
2433 2442 2597 2499 Prato
2629 2459 2659 2498 a
2691 2455 2863 2499 matre
2910 2461 3006 2499 sua
3056 2446 3255 2499 dmlum
3300 2447 3586 2515 incceptam
3619 2460 3756 2516 pene
3795 2460 3926 2500 con-

2343 2537 2652 2601 summavil,
2687 2537 2927 2592 claustro
2952 2547 3006 2593 ct
3038 2537 3227 2593 ofﬁciis
3265 2541 3547 2592 monachis
3574 2539 3926 2609 congruenti-

2343 2628 2445 2683 bus
2489 2640 2545 2683 et
2594 2629 2799 2684 ambitu
2858 2645 3134 2684 murorum
3194 2631 3365 2698 ipsmn
3410 2631 3587 2684 locum
3637 2632 3923 2694 decorans,

2346 2721 2606 2774 nonnulla
2633 2723 2831 2790 praidia
2864 2732 2970 2775 tam
3017 2724 3067 2775 in
3102 2721 3492 2776 Northmannia
3523 2739 3686 2793 quant
3733 2723 3786 2776 in
3816 2723 3923 2776 An-

2347 2809 2476 2878 glia,
2509 2812 2574 2864 ad
2619 2826 2754 2880 opus
2804 2811 2999 2866 ibidem
3040 2812 3148 2865 Deo
3189 2813 3565 2876 scrvientimu,
3615 2828 3743 2866 cum
3771 2828 3931 2866 orna-

2349 2901 2547 2954 mentis
2593 2901 2846 2971 pretiosis
2873 2902 3230 2969 coetradidit;
3269 2903 3471 2970 majora
3520 2913 3704 2957 tamen
3749 2904 3792 2957 si
3834 2903 3934 2956 ali-

2349 3005 2613 3062 quantum
2645 2996 2753 3048 vita
2797 3010 2978 3049 comes
2998 2993 3160 3061 foret,
3192 2997 3488 3051 secundum
3521 3012 3677 3050 suam
3701 2997 3932 3065 promis-

2352 3086 2559 3139 sionem
2587 3086 2905 3157 largiturus.
2934 3088 3000 3141 Et
3029 3087 3156 3158 quia
3186 3089 3324 3143 idem
3359 3089 3509 3142 locus
3539 3087 3607 3141 ad
3646 3088 3930 3142 ecclesiam

2349 3177 2677 3233 Beccensem
2727 3179 3052 3248 pertinebat,
3091 3187 3278 3250 utpote
3325 3179 3714 3248 patrimonium
3747 3180 3928 3234 domui

2352 3265 2598 3324 Herluini
2632 3271 2793 3339 primi
2827 3271 3040 3326 abbatis
3072 3280 3124 3324 et
3157 3270 3461 3325 fundatoris
3486 3271 3781 3326 Beceensis
3818 3286 3932 3325 mo-

2349 3361 2598 3426 nasterii,
2651 3363 2949 3416 monachos
2978 3361 3280 3416 Beccenses
3327 3361 3436 3414 illic
3480 3360 3593 3415 Deo
3629 3363 3928 3416 servituros

2350 3454 2610 3510 instituit.
2652 3453 2800 3508 Illius
2831 3454 2974 3508 enim
3011 3452 3256 3507 ecclesiae
3286 3453 3508 3507 abbates
3533 3462 3589 3507 et
3633 3454 3928 3508 monachos

2348 3547 2486 3602 mire
2501 3560 2717 3614 semper
2737 3546 2926 3610 coluit,
2947 3546 3237 3614 plurimum
3257 3554 3547 3600 veneratus
3562 3554 3679 3611 est;
3705 3547 3933 3600 maxime

2349 3648 2530 3692 autem
2558 3637 2817 3691 domuum
2848 3635 3112 3690 Bosonem
3141 3635 3412 3690 abbatem.
3450 3635 3603 3702 Quod
3631 3652 3734 3690 nos
3764 3637 3815 3691 in
3844 3653 3935 3689 ne-

2351 3736 2466 3781 stra
2500 3726 2760 3781 memoria
2794 3727 3003 3796 experti
3045 3741 3252 3790 sumus,
3295 3741 3418 3780 cum
3465 3726 3606 3780 idem
3656 3739 3757 3781 rex
3788 3727 3933 3781 dan-t

2351 3817 2633 3873 annuatim
2659 3817 2835 3871 eidem
2867 3815 3163 3871 venerabili
3207 3816 3324 3870 viro
3346 3832 3450 3871 non
3475 3817 3761 3870 minimam
3794 3833 3934 3870 sum-

2350 3922 2494 3963 mam
2536 3905 2777 3977 pecunia:
2804 3905 2872 3962 ad
2898 3905 3200 3962 subsidium
3226 3907 3538 3960 victualium
3570 3921 3685 3960 suae
3712 3921 3932 3976 congre-

2349 3997 2585 4070 gationis
2631 4005 2686 4051 et
2730 3997 3134 4068 susceptionem
3178 3998 3473 4068 hospitum,
3502 4011 3643 4067 quos
3687 3997 3779 4053 ille
3818 3998 3934 4066 plus

2325 4144 2328 4148 .
2350 4090 2703 4159 amplitudine
2723 4091 3008 4145 charitatis
3029 4105 3190 4160 quam
3214 4107 3392 4145 rerum
3416 4105 3659 4156 suarum,
3683 4091 3929 4151 miritire.

2351 4197 2420 4236 ne
2461 4181 2637 4236 dicam
2675 4181 2815 4236 ultra
2854 4183 3000 4236 vires
3044 4197 3194 4250 suas,
3234 4190 3558 4253 procuratos
3603 4183 3926 4239 honorabat.

2349 4271 2418 4326 Et
2444 4271 2692 4341 quamvis
2714 4271 3081 4328 muniﬁcentia
3115 4272 3259 4344 regis
3289 4273 3475 4328 eadem
3504 4271 3800 4343 largiretur
3826 4287 3928 4327 non

2351 4360 2526 4416 solum
2577 4369 2801 4432 propter
2826 4361 3102 4428 abbatem,
3143 4377 3334 4417 verum
3373 4363 3536 4419 etiam
3584 4373 3812 4434 propter
3840 4363 3932 4418 bo.

2353 4469 2476 4510 nam
2507 4453 2968 4508 existimationem
3011 4455 3424 4519 monachorum,
3459 4471 3697 4526 quorum
3732 4458 3932 4512 oratio-

2354 4544 2514 4598 nibus
2542 4558 2600 4598 se
2637 4543 3005 4598 commendari
3055 4553 3149 4598 aut
3180 4559 3278 4614 per
3318 4560 3400 4610 se,
3437 4555 3530 4600 aut
3571 4562 3672 4616 per
3700 4546 3928 4616 aliquem

2357 4636 2607 4690 nuntium
2645 4634 2982 4704 frequentius
3007 4636 3314 4706 satagebat,
3359 4635 3489 4690 illud
3527 4647 3707 4692 tamen
3737 4637 3929 4691 indicio

2355 4737 2459 4793 est,
2509 4727 2655 4797 quod
2703 4727 2853 4781 illum
2889 4727 3009 4796 plus
3051 4729 3494 4784 antecessoribus
3552 4729 3669 4784 suis
3728 4729 3785 4786 in
3833 4732 3931 4785 hac

2357 4822 2622 4879 duntaxat
2651 4830 2807 4891 parte
2844 4830 3140 4877 veneratus
3174 4822 3264 4886 sit,
3296 4823 3440 4893 quod
3482 4821 3778 4892 aliquando
3805 4838 3928 4878 cen-

2360 4925 2517 4971 tenas
2551 4914 2719 4971 libras
2764 4922 3168 4985 argenteorum,
3209 4914 3507 4984 schissime
3527 4923 3754 4969 centum
3795 4931 3932 4969 mar-

2353 5022 2450 5063 cas
2498 5005 2741 5076 ejusdem
2788 5006 3014 5071 metalli,
3070 5015 3312 5076 tempore
3367 5005 3648 5074 regiminis
3693 5006 3929 5076 praedicti

2354 5097 2586 5162 abbatis,
2629 5095 2875 5151 ecclesia:
2909 5095 3065 5151 Becci
3089 5095 3286 5150 devote
3321 5094 3582 5160 contulit;
3615 5110 3745 5150 cum
3779 5109 3928 5151 amca

2352 5187 2440 5240 vix
2472 5186 2540 5240 ad
2565 5194 2818 5244 uuartam
2849 5195 3058 5244 partem
3081 5193 3392 5244 praetenta:
3423 5199 3652 5240 summa:
3685 5185 3742 5240 in
3765 5186 3934 5241 dando
