4044 5360
191 211 290 267 901

732 204 1081 263 ΗιὸΤΟΒΙιΕ
1106 199 1737 262 NORTIIMANNORUM
1765 199 1784 256 1

1887 199 1945 257 [ιι
1983 200 2185 260 οατο.
2213 234 2279 245 -
2303 202 2504 260 LIBER
2528 202 2874 261 OCTAVUS.

3366 209 3466 269 90!

189 338 355 394 quam
389 335 487 392 per
521 310 699 374 vicina
741 320 858 374 loca
902 319 1008 373 iter
1039 317 1245 372 faciens
1287 315 1608 386 prmterire’t,
1638 315 1770 384 quin
1803 319 1850 377 Α
1879 323 2059 369 autem
2109 324 2232 384 post
2277 315 2492 385 longam
2537 317 2693 387 regni
2742 317 3274 374 administrationem
3325 336 3468 394 sape

193 417 372 489 gratia
407 411 664 469 visitandi
709 411 774 465 ad
815 425 938 465 eum
976 410 1274 465 diverteret
1301 418 1356 463 et
1377 423 1501 478 quae
1527 408 1644 476 ipse
1683 422 1783 478 pro

1886 405 2198 458 nominatus
2242 405 2511 460 ltenricus
2553 420 2646 461 rex
2683 405 2980 476 Anglorum
3021 418 3075 464 et
3114 408 3222 464 dux
3265 409 3470 466 North-

190 505 525 561 necessitate
557 502 639 556 sui
683 501 1001 556 monasterii
1041 500 1126 556 vel
1157 500 1322 554 alieni
1352 499 1420 554 ab
1457 513 1522 554 eo
1550 507 1780 570 peteret,
1840 526 1860 551 ο
1885 510 2236 559 marmorum,
2282 511 2334 549 tv
2364 496 2546 551 Nonas
2574 497 2910 562 Decembris,
2937 515 3080 553 anno
3110 501 3179 554 ab
3207 502 3466 560 lncarna-

192 605 480 668 gratanter
503 594 842 662 impetraret.
876 590 1167 646 [Edilicata
1199 599 1324 645 sunt
1364 599 1545 645 autem
1579 599 1688 644 tam
1728 589 1780 642 in

192 701 366 754 regno
398 684 562 754 hujus
590 682 780 752 inclyti
817 681 985 752 regis,
1037 695 1201 751 quam
1255 680 1308 734 in
1342 680 1568 734 remotis
1613 680 1681 734 ab
1716 693 1783 734 eo

192 775 516 848 provinciis,
569 774 740 843 ipsius
783 771 1011 826 consilio
1057 780 1114 825 et
1156 769 1361 825 liberali
1410 768 1779 824 muniﬁcentia

193 867 461 923 nonnulla
481 879 766 920 servorum
790 864 884 918 Dei
908 862 1236 918 habitacula.
1266 861 1559 916 Ecclesium
1582 861 1781 929 quippe

195 960 640 1022 Cluniacensem,
671 967 732 1013 ut
754 958 820 1012 de
843 955 1144 1010 minoribus
1170 964 1398 1017 taceam,
1429 953 1541 1007 suis
1572 952 1777 1021 impen-

195 1053 276 1106 sis
298 1067 366 1106 ex
389 1051 581 1121 majori
607 1058 764 1118 parte
799 1046 1094 1110 aedilicans,
1129 1047 1379 1114 ingentes
1409 1043 1781 1114 possessiones

194 1144 252 1198 in
302 1142 500 1212 Anglia
549 1155 648 1212 pro
690 1138 1060 1208 redemptione
1108 1137 1303 1191 anima:
1342 1151 1452 1191 sua:
1493 1135 1778 1204 delegavit.

197 1236 320 1292 Hoc
342 1236 484 1290 idem
516 1234 644 1288 fecit
677 1242 734 1287 et
774 1230 1016 1286 ecclesia:
1046 1228 1230 1283 Sancti
1268 1227 1482 1282 Martini
1511 1229 1578 1281 de
1619 1227 1780 1281 Cam-

193 1327 300 1396 pis.
360 1323 602 1380 Ollicinis
655 1337 870 1393 quoque
921 1319 1316 1374 monachorum
1376 1319 1592 1372 Tironis
1652 1333 1781 1371 con-

194 1417 479 1471 struendis
534 1412 792 1468 nonnulla
850 1410 1162 1478 adjumenta
1227 1409 1494 1480 praevidit,
1553 1417 1781 1477 excepto

194 1505 542 1571 dormitorio,
579 1504 717 1572 quod
749 1518 813 1556 ex
843 1501 1052 1571 integro
1080 1502 1192 1571 ipse
1221 1500 1336 1555 tieri
1365 1500 1434 1554 ob
1461 1499 1777 1554 memoriam

194 1599 280 1654 sui
331 1613 397 1652 ex
462 1596 575 1651 suis
621 1594 962 1648 solummodo
1017 1592 1273 1661 impensis
1326 1590 1511 1646 voluit.
1559 1589 1777 1645 Necnon

1883 587 2029 641 tione
2074 586 2290 642 Domini
2342 588 2514 643 nostri
2560 587 2690 646 Jesu
2730 588 2932 646 Christi
2975 592 3134 658 “35,
3183 594 3235 649 in
3272 593 3471 651 North-

1883 678 2131 741 mannia,
2185 681 2326 749 apud
2369 680 2772 752 Villamregiam
2801 684 2960 736 sitam
2993 684 3046 738 in
3085 685 3216 740 silva
3247 686 3467 752 Leonis,

1882 782 2045 837 quam
2077 783 2177 837 per
2201 771 2586 826 metonomiam
2615 770 2875 828 Sanctum
2905 775 3218 848 Dionysium
3246 790 3464 836 vocant.

1883 857 2150 928 Regnavit
2188 869 2370 915 autem
2400 863 2559 916 annis
2586 862 2654 916 55
2682 871 2737 918 et
2766 865 2800 919 ι
2834 868 3114 923 mensibus
3142 869 3215 936 ,in
3254 869 3468 941 Anglia.

1887 947 2116 1004 Dueatui
2143 965 2270 1005 vero
2298 950 2710 1010 Northmannizn
2735 958 2950 1026 prcefuit
2971 960 3131 1015 annis
3148 960 3218 1016 29
3241 969 3296 1015 et
3315 976 3470 1018 men-

1882 1041 2038 1096 sibus
2068 1052 2321 1112 quatuor.
2354 1043 2565 1115 Corpus
2589 1057 2768 1102 autem
2803 1049 2972 1119 ipsius
3007 1051 3244 1106 delatum
3279 1053 3332 1107 in
3361 1054 3472 1108 An-

1883 1132 2080 1202 gliam,
2121 1126 2420 1192 honoriﬁce
2466 1138 2733 1208 sepultum
2776 1150 2861 1196 est
2908 1142 2974 1212 in!
2995 1144 3224 1199 ecclesia
3253 1143 3470 1200 Sanctae

1885 1220 2072 1276 Maria:
2100 1221 2379 1293 Radingis,
2405 1241 2566 1295 quam
2601 1227 2716 1296 ipse
2742 1245 2770 1283 a
2801 1230 3162 1288 fundamentis
3189 1234 3300 1288 suis
3323 1249 3474 1290 sum-

1883 1311 2068 1380 ptibus
2120 1312 2506 1369 acdilicaverat.
2564 1316 2663 1371 Cui
2707 1333 2800 1372 rex
2833 1321 3154 1386 saeculorum
3217 1323 3471 1379 Christus

1882 1407 2140 1475 precibus
2190 1421 2303 1460 sum
2343 1407 2630 1477 genitricis
2682 1409 3069 1480 indulgentiam
3115 1429 3336 1468 suorum
3375 1431 3471 1470 ex-

1883 1511 2132 1551 cessuum
2163 1498 2473 1563 conferens,
2509 1498 2788 1553 beatorum
2818 1501 3012 1569 gaudia
3037 1504 3466 1560 misericorditer

1883 1587 2108 1643 tribuat.
2155 1587 2256 1654 Qui
2304 1602 2430 1642 cum
2477 1588 2638 1644 Patre
2684 1601 2738 1644 et
2775 1590 2979 1661 Spiritu
3009 1603 3198 1649 sancto
3249 1596 3384 1650 vivit
3414 1604 3469 1650 et

194 1691 364 1746 etiam
419 1687 814 1742 xenodoehium
860 1683 1354 1753 clephautiasorum
1403 1681 1624 1738 Carnoti
1669 1697 1782 1736 ma-
1813 1689 1858 1748 Β
1887 1687 2078 1748 regnat
2119 1678 2288 1743 Deus,
2323 1693 2419 1748 per
2447 1679 2626 1732 omnia
2663 1679 2858 1735 smeula
2888 1682 3231 1737 saeculorum.
3274 1684 3470 1739 Amen.

189 1780 488 1844 nentiam,
558 1793 692 1848 Opus
757 1776 1007 1830 videlicet
1065 1775 1367 1846 pergrande
1432 1789 1498 1829 ac
1591 1773 1786 1828 miriti-

187 1885 344 1932 cum,
397 1869 570 1938 ipsius
603 1867 975 1921 muniﬁcentia
1021 1865 1332 1934 complevit.
1371 1864 1494 1934 Egit
1521 1874 1784 1934 prmterca

198 1961 530 2015 inexhausta
584 1959 751 2028 ipsius
790 1957 1018 2025 largitas
1070 1956 1272 2026 Alpes,
1334 1957 1600 2011 hactenus
1649 1971 1786 2026 pene

185 2051 400 2113 invias,
436 2050 744 2118 petentibus
788 2047 973 2101 limina
1021 2047 1411 2117 apostolorum,
1459 2047 1543 2101 vel
1580 2047 1786 2116 reliqua

185 2145 534 2199 Sanctorum
565 2141 708 2204 loca,
740 2141 976 2210 pervias.
1005 2140 1144 2206 Quid
1171 2141 1426 2205 referam,
1459 2139 1602 2210 quod
1642 2140 1785 2194 mili-

191 2235 348 2290 tibus
405 2233 592 2302 templi
655 2230 1200 2302 Hierosolymorum,
1261 2230 1352 2300 qui
1411 2232 1626 2285 assidue
1689 2245 1786 2300 pro

182 2321 524 2377 defensione
572 2320 896 2374 Christiana:
955 2319 1231 2388 religionis
1269 2328 1459 2375 contra
1507 2320 1787 2391 Agarenos

192 2414 506 2475 decertant,
543 2409 772 2480 plurima
805 2409 1047 2464 subsidia
1077 2417 1188 2464 tam
1234 2409 1286 2463 in
1331 2410 1500 2465 armis
1536 2425 1699 2479 quam
1731 2419 1789 2466 et

195 2504 256 2558 in
318 2503 536 2558 ueteris
590 2502 962 2564 necessariis,
1033 2503 1224 2556 devota
1283 2518 1445 2556 manu
1505 2503 1786 2558 annuatim

197 2594 644 2649 trausmittcbat?
699 2591 963 2663 Ilospitali
1000 2591 1166 2647 etiam
1216 2592 1552 2648 Hierusalem
1597 2608 1788 2661 quam-

187 2689 326 2740 dam
361 2695 564 2740 terram
593 2685 646 2739 in
693 2700 830 2755 pago
857 2684 1238 2739 Abrincatensi
1269 2685 1441 2748 dedit,
1489 2685 1542 2739 in
1573 2699 1678 2754 qua
1711 2684 1785 2738 illi

185 2776 343 2831 servi
386 2775 590 2830 Christi
619 2774 796 2828 vicum
839 2763 1152 2843 quemdam,
1181 2787 1339 2840 quem
1367 2783 1562 2829 vocant
1595 2773 1786 2829 Villam

200 2867 319 2929 Dei,
346 2866 558 2934 magnis
587 2863 884 2934 privilegiis
927 2864 1072 2934 regia
1104 2864 1474 2919 munificentia
1517 2865 1785 2920 munitum

194 2959 631 3017 xdilicavernut.
656 2956 948 3020 Prmterea,
977 2957 1122 3026 quod
1154 2957 1384 3012 ecclesia
1403 2957 1580 3013 Beata:
1601 2957 1785 3014 Mariae

197 3054 452 3110 ΕΙ)τοίοω
471 3052 731 3118 civitatis,
759 3052 929 3122 ipsius
953 3051 1186 3120 quadam
1216 3053 1322 3122 pia,
1355 3065 1415 3107 ut
1444 3053 1519 3107 ita
1545 3054 1783 3120 dicatur,

177 3143 529 3200 crudelitate
565 3141 864 3205 destructa,
902 3150 954 3195 ct
982 3142 1175 3194 iterum
1219 3141 1561 3206 recedilicata,
1593 3157 1785 3196 onmes

181 3237 316 3290 lere
358 3233 624 3290 ecclesias
666 3231 936 3288 Neustria:
963 3248 1060 3287 sua
1108 3233 1508 3302 pulchritudine
1543 3242 1782 3303 superat.

189 3326 339 3382 Nam
371 3341 521 3390 cum,
554 3334 617 3378 ut
649 3325 851 3393 saepius
878 3325 1080 3378 dictum
1107 3336 1212 3389 est,
1242 3326 1430 3379 eadem
1463 3325 1594 3380 urbs
1619 3341 1785 3380 causa

198 3417 494 3473 discordi.»
512 3415 772 3470 Almarici
801 3416 1021 3470 incensa
1055 3431 1084 3470 a
1114 3431 1240 3487 rege
1263 3415 1452 3470 fuisset
1481 3428 1535 3470 et
1554 3417 1784 3472 ecclesia

195 3511 533 3582 episcopalis
579 3510 724 3566 sedis
769 3510 994 3564 minime
1020 3511 1089 3564 ab
1118 3509 1234 3578 ipso
1277 3507 1530 3562 inccndio
1564 3507 1784 3564 liberari

194 3604 442 3666 valeret,
493 3617 586 3657 rex
627 3600 802 3657 eidem
855 3600 1101 3656 ecclesiae
1142 3600 1484 3669 postmodum
1523 3608 1674 3653 tanta
1731 3599 1783 3652 in

191 3695 512 3751 redditibus
535 3695 828 3757 concessit,
853 3694 997 3748 unde
1019 3694 1136 3763 ipsa
1164 3694 1215 3746 in
1234 3691 1426 3746 melius
1454 3700 1714 3745 renovata
1733 3697 1788 3743 et

199 3805 420 3844 summa
451 3788 759 3843 reddituum
807 3787 976 3856 ipsius
1013 3785 1358 3856 episcopatus
1403 3784 1503 3839 bac
1531 3786 1596 3841 de
1623 3799 1786 3839 causa

193 3884 253 3938 in
286 3892 614 3954 perpetuum
647 3880 937 3952 plurimum
972 3889 1116 3934 esset
1146 3886 1514 3949 augmentata.

749 4022 974 4079 CAPUT
1009 4021 1244 4077 XXXIII.

177 4195 180 4197 λ
255 4129 335 4186 De
373 4131 515 4185 obitu
556 4130 693 4199 ejus,
742 4140 787 4182 et
831 4130 970 4198 quod
1033 4147 1219 4199 corpus
1263 4129 1375 4197 ejus
1416 4129 1467 4181 in
1496 4128 1738 4198 Angliam

523 4201 754 4254 delatum
793 4199 1044 4269 Iladingis
1077 4199 1336 4268 sepultum
1367 4209 1463 4252 est.

275 4334 682 4404 Longumesset
705 4332 913 4399 singula
940 4333 1177 4401 pietatis,
1201 4331 1280 4386 vel
1300 4333 1636 4402 quantumad
1660 4333 1792 4404 regi-

199 4443 326 4482 men
350 4425 580 4496 publica:
605 4425 682 4478 rei
705 4426 918 4487 attinet,
942 4425 1184 4479 scientia:
1217 4436 1268 4479 et
1291 4426 1594 4494 probitatis,
1623 4426 1792 4494 ipsius

198 4527 353 4587 gesta
383 4516 787 4580 enumerando,
827 4516 1178 4584 perscrutari.
1208 4516 1448 4570 Alterius
1476 4515 1668 4570 borum
1697 4530 1791 4572 ec-

205 4610 374 4665 clesia
398 4624 523 4665 eum
557 4607 884 4676 pauperibus
913 4608 1048 4671 suis,
1079 4607 1306 4662 alterius
1331 4623 1460 4664 vero
1487 4609 1638 4662 curia
1683 4622 1791 4664 non

201 4701 374 4755 solum
397 4698 727 4770 Anglorum,
765 4698 859 4751 sed
905 4708 960 4753 et
1007 4709 1338 4772 remotarum
1387 4701 1792 4770 provinciarum

203 4808 327 4848 cum
373 4789 698 4861 proceribus
736 4789 876 4852 suis,
920 4790 1076 4844 testis
1107 4789 1423 4854 indeliciens
1458 4801 1791 4861 perseverat.

205 4885 310 4941 Nos
341 4886 509 4954 igitur
547 4898 654 4938 non
697 4881 1044 4938 immemores
1073 4883 1458 4939 beneficiorum
1493 4893 1599 4938 tam
1641 4902 1670 4938 a
1712 4900 1792 4952 se,

202 4993 364 5046 qnam
409 4993 440 5031 a
476 4976 588 5029 tilia
616 4989 716 5028 sua
758 4970 1014 5028 Mathilde
1043 4975 1393 5042 imperatriee
1418 4978 1664 5044 Augusta
1693 4993 1793 5034 no-

201 5070 284 5126 bis
341 5067 652 5124 liberaliter
701 5061 1060 5128 eollatornm,
1110 5078 1181 5117 ne
1225 5065 1419 5136 ingrati
1461 5067 1794 5138 judieemur,

200 5162 322 5219 licet
365 5161 416 5216 ei
469 5160 525 5212 in
569 5152 948 5224 spiritualibus
991 5157 1166 5210 vicem
1223 5170 1321 5223 pro
1347 5171 1535 5215 nostro
1578 5161 1797 5217 modulo

198 5254 426 5309 reddere
454 5247 679 5305 assidue
722 5257 830 5299 non
873 5246 1241 5318 negligamus,
1278 5253 1604 5322 sategimus,
1640 5262 1702 5307 ut
1726 5270 1792 5310 ex

440 5355 466 5360 ..-
487 5346 712 5360 .-ΙΑ-...ι-ιι
750 5347 860 5360 Δια-Α
901 5349 1014 5360 ιιι-ι..-
1063 5349 1320 5360 ΑΑ-Ὰινιρ--.

2401 1807 2726 1851 ΕΝΤΔΡΙΠΕΜ
2767 1809 2953 1849 IPSIUS.

1889 1883 2045 1950 Quod
2083 1884 2346 1938 modicum
2388 1895 2664 1954 prtcstent,
2713 1886 2851 1957 quod
2887 1903 3009 1957 opes
3047 1904 3295 1959 magnum
3346 1887 3476 1942 nihil

3149 1976 3399 2049 [exstent,

1891 2065 2000 2122 Rex
2025 2067 2210 2138 probat
2242 2067 2523 2130 Henricus,
2558 2084 2650 2122 rex
2681 2068 2850 2122 vivens
2887 2068 3034 2138 pacis
3063 2069 3291 2123 anticus.

1892 2160 2185 2214 Exstiterat
2212 2159 2467 2230 siquidem
2489 2176 2598 2230 pra:
2627 2161 2823 2213 cunctis
2846 2159 3008 2213 ditior
3033 2159 3194 2223 idem,

1891 2249 2140 2304 Occidua:
2160 2252 2300 2320 genti
2323 2267 2452 2319 quos
2487 2248 2718 2318 praetulit
2759 2250 2889 2302 ordo
2930 2248 3160 2319 regendi.

1890 2343 1954 2395 Λι
1987 2342 2124 2396 necis
2152 2342 2221 2394 ad
2247 2351 2432 2412 pestes,
2464 2341 2590 2411 quid
2625 2352 2862 2410 gemma',
2900 2338 3085 2408 pallia,
3123 2349 3285 2392 restes
3308 2377 3324 2403 ,

1889 2433 1992 2488 Ᾰίδ
2022 2435 2224 2489 varium
2250 2444 2425 2497 terra’,
2457 2433 2582 2503 quid
2612 2441 2786 2484 castra
2811 2431 2912 2484 sibi
2933 2429 3180 2483 valuere?

1900 2526 2101 2580 Vilibus
2122 2529 2241 2582 hinc
2264 2543 2469 2596 (equam
2497 2527 2630 2578 dans
2657 2535 2870 2589 sortem,
2901 2523 3125 2594 pallida,
3155 2537 3402 2593 nequam,

1895 2617 2260 2671 l’rotemlendo
2291 2619 2496 2684 pedem,
2525 2633 2666 2670 mors
2687 2616 2800 2679 eius
2830 2615 3004 2685 pulsat
3037 2616 3104 2667 ad
3135 2615 3321 2667 erdem.

1892 2710 2009 2776 Quo
2033 2713 2155 2763 dum
2179 2711 2298 2764 dira
2334 2711 2492 2780 febris
2527 2710 2699 2779 prima
2729 2707 2824 2762 sub
2853 2717 3000 2761 nocte
3034 2706 3334 2760 Decembris

1893 2799 2150 2854 Mandant
2185 2800 2423 2863 nudavit,
2459 2801 2657 2853 mundo
2692 2798 2833 2853 mala
2865 2797 3249 2866 multiplicauit.

1873 2891 2097 2961 Quippe
2123 2903 2270 2960 pater
2295 2890 2493 2961 populi,
2524 2907 2632 2959 pax
2659 2898 2708 2944 et
2737 2889 2901 2944 tutela
2935 2887 3140 2958 pusilli,

1835 3028 1857 3048 ,,
1895 2982 2031 3035 Dum
2056 2985 2173 3052 pius
2196 2984 2304 3052 ipse
2329 2984 2456 3047 ruit,
2483 2982 2610 3051 furit
2636 2983 2850 3051 impius,
2883 2981 3152 3050 opprimit,
3178 2981 3284 3034 urit
3312 2995 3330 3036 ε

1891 3075 2111 3146 Anglica
2135 3077 2309 3145 lugeat
2337 3077 2456 3130 hinc
2487 3074 2910 3129 Northmannica
2940 3074 3210 3143 gens/ient
3242 3071 3405 3124 illinc.

1892 3167 2124 3234 Occidis,
2165 3167 2411 3233 llenriee,
2440 3177 2564 3220 tunc
2590 3181 2718 3236 pax,
2743 3182 2882 3219 nunc
2908 3163 3081 3219 luctus
3110 3164 3338 3234 utrique.

2078 3329 2083 3331 ,,
2361 3288 2365 3296 ’
2458 3293 2590 3334 ΙτΕὶΙ
2626 3291 2881 3333 Εωδοειι.

1893 3370 2086 3437 Sensu,
2117 3371 2334 3434 divitiis,
2365 3369 2515 3424 aditu
2545 3370 2755 3439 feritate
2784 3369 2987 3423 decenti

1894 3459 2048 3525 "ire,
2082 3459 2201 3530 plus
2231 3459 2396 3522 dictu,
2429 3461 2526 3513 rim
2556 3461 2831 3529 perpessis,
2868 3458 3158 3522 scelerosis,

1893 3548 2192 3612 Excellens,
2224 3549 2484 3620 locuples,
2523 3550 2666 3603 haud
2690 3549 2950 3619 difﬁcilis,
2984 3549 3317 3612 rererendus,

1896 3639 1997 3695 llic
2018 3641 2162 3712 jacet
2190 3640 2453 3695 Henricus
2487 3659 2578 3696 rea:
2615 3641 2911 3712 quondam,
2947 3657 3074 3712 pax,
3114 3642 3271 3695 decus
3314 3640 3487 3708 orbis.

2478 3775 2610 3814 17E)!
2650 3774 2904 3814 ElUSDElI.

1905 3851 2105 3916 Victor,
2132 3860 2380 3914 sectator,
2411 3850 2620 3910 rindex,
2650 3859 2909 3914 tutamen,
2936 3857 3160 3911 amator,

1897 3944 2184 4005 Bellorum,
2213 3943 2379 4012 pacis,
2411 3943 2684 4003 scelerata,
2727 3941 2890 4010 regni,
2931 3940 3197 4005 bonitatis,

1896 4035 2137 4089 Contine!
2172 4035 2310 4088 hunc
2339 4034 2569 4086 loculum
2599 4049 2689 4085 rex
2720 4044 2871 4084 notus
2904 4033 3092 4100 ubique
3119 4028 3372 4092 locorum,

1898 4125 2162 4180 Henricus
2193 4126 2418 4194 pridem,
2449 4134 2572 4176 tunc
2603 4135 2794 4186 terror,
2823 4138 2960 4174 nunc
2988 4121 3118 4174 cinis
3145 4119 3304 4172 idem.

2433 4252 2662 4307 CAPUT
2705 4251 2946 4305 XXXIV.

1823 4384 1874 4443 Β
1901 4353 1977 4405 De
2013 4359 2241 4443 quatugr
2277 4346 2546 4443 sproribus
2578 4344 2816 4443 pra’ﬁilcti
2853 4342 3015 4408 regis,
3054 4356 3275 4443 ganglia
3315 4340 3479 4393 Adela

1969 4421 2138 4443 _.-...-:.
2217 4428 2295 4443 η...
2319 4432 2436 4443 μη...
2469 4415 2644 4443 ..ι-...ξος
2755 4430 2915 4443 ι...,,..ρ.
2961 4422 3005 4443 Δρ
3042 4427 3104 4443 ιιι
3205 4413 3268 4443 εἰ.
3317 4412 3479 4443 διιυεοι.

1967 4411 2138 4489 nupsit
2165 4416 2436 4486 Stephano
2466 4411 2644 4468 comiti
2683 4413 2915 4466 Blesmst
2959 4422 3005 4466 et
3041 4415 3104 4464 de
3141 4411 3268 4479 [iliis
3317 4412 3480 4480 ipsius

1968 4492 2167 4543 Adelw.

1967 4605 2043 4660 De
2077 4603 2291 4658 ﬁliabus
2320 4600 2480 4673 primi
2515 4595 2772 4654 Willelmi
2798 4593 2944 4665 regis
2980 4593 3298 4664 Anglorum,
3327 4608 3480 4648 soro-

1897 4698 2048 4753 ribus
2103 4694 2288 4767 iuelyti
2342 4691 2489 4764 regis
2534 4688 2791 4754 llenrici,
2835 4685 2904 4740 de
2953 4686 3108 4756 cujus
3158 4685 3326 4756 gestis
3371 4683 3482 4752 jam

1899 4788 2079 4856 aliqua
2133 4786 2539 4849 rccensuimus,
2589 4779 2723 4834 libet
2763 4779 2887 4834 huic
2915 4776 3173 4850 cpuseulo
3212 4792 3376 4832 causa
3429 4783 3483 4829 et

1901 4892 2087 4932 amore
2126 4880 2294 4951 ipsius
2325 4875 2510 4930 fratris
2549 4887 2760 4939 earum,
2805 4873 2858 4927 in
2887 4872 3036 4928 calce
3067 4870 3186 4925 libri
3222 4869 3482 4925 inserere.

1901 4970 2268 5041 Primogenita
2317 4967 2479 5038 igitur
2529 4979 2758 5030 earum,
2811 4962 3009 5019 Cecilia
3051 4961 3301 5043 nomine,
3333 4959 3488 5027 virgo

1902 5063 1995 5120 Dei
2029 5075 2272 5126 sacrata,
2303 5061 2356 5114 in
2391 5053 2724 5113 monasterio
2753 5065 2956 5110 sanetae
2995 5051 3279 5108 Trinitatis
3309 5048 3488 5105 Cadu-

1901 5152 2111 5211 mensis
2154 5151 2359 5226 Oppidi,
2406 5156 2526 5218 post
2554 5144 2864 5200 Matbildem
2913 5145 3081 5215 ipsius
3120 5139 3223 5198 loci
3262 5139 3490 5219 primam

1900 5245 2279 5310 abbatissam,
2338 5239 2411 5295 illi
2472 5236 2724 5296 ctenobio
2763 5236 3011 5308 pluribus
3049 5233 3207 5289 annis
3255 5227 3490 5303 prmfuit.

1903 5337 2154 5360 0.-."..1-
2211 5348 2341 5360 --.η-η
2398 5328 2711 5360 Ρηηριηιιιῖη
2771 5329 2974 5360 Alnnnn
3025 5327 3256 5360 Iros-anni
3311 5315 3494 5360 onmili
