4044 5360
588 310 694 375 905

1510 294 1852 359 Wll.l.ELMl
1884 295 2179 360 CALCULI
2207 296 2770 360 GEMMETICENSIS
2808 301 3117 360 MONACIH

3762 306 3868 363 904

590 424 817 480 duceret
856 422 1022 478 ﬁliam
1066 420 1321 477 Fuleonis
1359 420 1568 477 Rechin
1594 421 1813 476 comitis
1855 420 2171 492 Andegavo-
2206 428 2254 488 Α
2283 418 2425 475 ﬁlios
2454 429 2510 474 et
2548 418 2709 474 ﬁlias.
2750 419 2850 474 Hic
2887 430 3072 476 autem
3107 418 3417 492 Stephanus
3446 420 3623 477 factus
3646 429 3734 476 est
3777 438 3870 478 rex

593 531 739 581 runt,
763 530 828 568 ex
869 529 973 584 qua
1005 514 1189 584 genuit
1218 512 1495 569 Conanum
1519 512 1815 583 juniorem,
1853 513 1943 582 qui
1976 513 2025 567 ei
2056 528 2180 568 sue-

592 606 781 671 cessit,
833 605 977 660 sicut
1019 606 1074 659 in
1125 602 1497 674 superioribus
1543 614 2024 661 commemoratum
2074 612 2178 659 est.

593 699 789 755 Occiso
829 707 1008 752 autem
1059 711 1155 766 per
1201 695 1541 751 traditionem
1590 695 1852 751 Gaufrido
1897 694 2179 761 Marlello,

593 790 713 845 viro
764 803 968 860 magnae
1012 787 1338 854 probitatis,
1388 786 1747 857 primogenito
1792 786 1903 841 ﬁlio
1936 784 2180 857 przedicti

594 881 849 937 Fulcouis
878 879 1097 935 comitis
1118 876 1555 948 Antfegavorum,
1585 878 1849 933 successit
1874 877 2010 933 alter
2039 878 2181 931 filius

593 989 728 1031 suus
756 971 924 1028 Fulco
962 972 1180 1025 nomine
1205 1010 1220 1034 ,
1260 982 1421 1025 natus
1451 985 1518 1025 ex
1548 971 1655 1026 alia
1693 972 1922 1041 conjuge
1960 970 2180 1026 nomine

593 1064 819 1127 Bertha,
846 1078 1035 1118 sorore
1065 1062 1319 1118 videlicet
1346 1062 1627 1129 Almarici,
1652 1064 1866 1118 comitis
1889 1063 2180 1117 Ebroicen.

592 1154 689 1209 sis.
722 1154 844 1219 Hic,
876 1163 1170 1225 postquam
1196 1155 1409 1225 accepit
1443 1155 1608 1209 ﬁliam
1634 1156 1852 1211 comitis
1878 1156 2045 1211 Helia:
2073 1156 2179 1212 Ce-

596 1262 1019 1311 nomannorum,
1047 1262 1171 1302 cum
1203 1246 1373 1316 ipsius
1400 1246 1658 1301 comitatu
1678 1286 1693 1310 ,
1724 1257 1779 1301 et
1802 1246 1987 1317 genuit
2012 1262 2079 1301 ex
2115 1260 2180 1300 ea

594 1330 735 1392 duos
774 1337 934 1404 ﬁlios,
969 1336 1289 1392 Gaufridum
1336 1336 1544 1392 scilicet
1592 1335 1919 1400 Martellum,
1963 1338 2030 1391 de
2073 1350 2179 1406 quo

588 1425 703 1496 jam
741 1443 911 1497 pauca
952 1426 1485 1496 superiusdiximus,
1531 1435 1587 1480 et
1625 1426 1829 1481 Heliam
1865 1435 1922 1482 et
1957 1426 2178 1481 totidem

574 1521 760 1586 ﬁlias,
809 1534 1043 1588 quarum
1094 1534 1201 1572 una
1251 1518 1434 1588 nupsit
1480 1517 1758 1574 Willclmo
1810 1517 1921 1571 ﬁlio
1959 1517 2178 1582 Heurici

546 1629 549 1631 ·
594 1612 740 1687 regis
777 1610 1102 1681 Anglorum,
1146 1625 1255 1679 quo
1282 1618 1498 1665 mortuo
1524 1609 1663 1679 apud
1688 1608 1917 1664 Fontem
1941 1608 2179 1663 Ebraudi

592 1702 827 1772 sumpsit
868 1701 1111 1756 habitum
1149 1699 1467 1770 religionis;
1513 1702 1687 1754 altera
1723 1699 1945 1754 Terrico
1990 1697 2179 1753 comiti

594 1796 1049 1859 Flaudrensium;
1076 1805 1289 1848 mortua
1325 1808 1494 1847 uxore
1522 1807 1621 1847 sua
1649 1791 1887 1861 perrexit
1915 1791 2171 1846 Hierusa-
2204 1787 2246 1846 Β

593 1886 698 1941 lem
746 1895 802 1940 et
846 1896 1068 1955 accepta
1111 1884 1218 1941 ﬁlia
1254 1884 1475 1939 secundi
1524 1882 1765 1937 Baldnini
1801 1882 1944 1953 regis
1973 1882 2183 1937 noviter

586 1976 859 2042 defuncti,
888 1976 1064 2033 factus
1085 1985 1169 2032 est
1196 1978 1386 2031 tertius
1418 1991 1513 2031 rex
1542 1974 2180 2046 Hierosolymitanorum.

597 2069 877 2142 Siquidem
936 2081 1093 2141 capta
1146 2070 1278 2124 urbe
1326 2068 1702 2139 Hierosolyma
1758 2083 1788 2122 a
1837 2067 2180 2133 Christianis,

595 2162 804 2229 primus
835 2160 1053 2231 praefuit
1087 2160 1162 2215 illi
1194 2160 1300 2215 dux
1336 2158 1665 2215 Godefridus
1695 2158 1869 2214 frater
1902 2158 2184 2215 Eustachii

592 2253 812 2308 comitis
846 2252 1104 2315 Boloniau
1142 2252 1244 2307 Hie
1281 2260 1459 2308 latium
1505 2253 1573 2307 ad
1608 2252 1969 2307 reverentiam
2010 2250 2184 2306 nostri
2242 2250 2247 2255 ’

592 2345 995 2416 Redemptoris,
1044 2345 1139 2415 qui
1186 2344 1241 2399 in
1296 2343 1405 2400 ulla
1451 2344 1585 2400 urbe
1625 2343 1896 2400 Coronam
1937 2343 2181 2414 spineam

591 2453 692 2508 pro
752 2438 909 2493 nobis
946 2437 1327 2507 peccatoribus
1375 2444 1639 2508 gesserat,
1688 2448 1966 2507 nunquam
2017 2435 2186 2488 voluit

591 2528 744 2599 regio
792 2527 1101 2586 diademate
1148 2526 1417 2598 insigniri.
1457 2527 1574 2594 Quo
1610 2537 1846 2593 mortuo,
1892 2526 2186 2594 Balduinus

595 2621 766 2681 frater
792 2621 910 2690 ejus
950 2620 1127 2678 factus
1163 2630 1250 2677 est
1290 2621 1364 2676 ibi
1407 2621 1620 2691 primus
1650 2636 1768 2684 rex,
1810 2619 1895 2675 cui
1924 2620 2187 2675 successit

596 2714 736 2771 alter
788 2714 1086 2769 Balduiuus
1145 2729 1313 2784 nepos
1356 2715 1574 2784 prioris.
1622 2714 1686 2769 Et
1742 2713 1859 2779 illi,
1926 2717 1984 2766 ut
2042 2712 2181 2767 dixi-

568 2820 763 2870 tnus,
814 2815 1033 2875 accepta
1080 2807 1198 2876 ejus
1237 2805 1382 2872 ﬁlia,
1426 2805 1595 2861 Fulco
1639 2820 1824 2861 comes
1870 2806 2186 2874 Audegavo-

596 2912 741 2950 rum.
765 2896 949 2951 Tertia
991 2912 1122 2952 vero
1170 2896 1403 2953 ﬁliarum
1444 2896 1703 2952 Willelmi
1756 2897 1898 2965 regis
1945 2896 2187 2953 Adclidis

601 2987 837 3042 lleraldo
880 2988 1142 3058 proditori
1180 2996 1306 3043 ante
1341 2987 1541 3043 bellum
1576 2987 1864 3059 Anglicum
1909 2996 2182 3057 sponsata,

596 3076 693 3130 sed
723 3076 811 3131 illo
838 3077 999 3162 digna
1030 3086 1205 3132 morte
1254 3078 1481 3132 multato
1512 3077 1641 3131 nulli
1686 3085 1874 3145 nupta,
1898 3076 2050 3147 virgo
2070 3076 2181 3147 jam

2282 512 2581 583 Anglorum
2612 522 2737 581 post
2761 527 3046 568 excessum
3068 512 3320 573 avunculi
3346 515 3429 568 sui
3457 513 3674 571 Henrici
3702 516 3870 585 regis.

2282 604 2420 660 Nam
2466 620 2589 660 cum
2616 604 2903 661 decederet
2932 605 3073 661 idem
3103 620 3195 662 rex
3226 606 3292 671 in
3334 605 3716 673 Nortmannia,
3759 607 3877 662 lla-

2286 696 2470 752 thildis
2515 696 2622 751 ﬁlia
2676 696 2845 768 ipsius
2884 698 3156 768 quondam
3197 698 3541 769 imperatrix,
3575 708 3742 770 quam
3772 699 3877 754 dus

2282 786 2413 840 dum
2456 788 2809 843 constituerat
2863 788 3134 843 hmredem
3183 789 3265 843 sui
3313 790 3487 859 regni,
3530 790 3583 843 in
3618 790 3876 859 Audega-

2282 879 2436 934 vensi
2482 894 2622 950 pago
2668 894 2789 935 cum
2821 878 3049 951 conjuge
3088 895 3187 936 suo
3225 880 3488 937 Gaufrido
3524 882 3663 939 duce
3702 881 3876 953 ipsius

2283 972 2576 1026 comitatus
2621 980 2677 1026 et
2724 971 2850 1026 ﬁliis
2897 973 3233 1028 morabatur.
3274 972 3598 1030 Recesserat
3639 975 3789 1029 enim
3842 989 3874 1027 a

2283 1060 2638 1117 Nortmannia
2689 1063 2850 1133 paulo
2898 1075 3027 1119 ante
3086 1073 3317 1121 mortem
3372 1066 3455 1123 sui
3500 1066 3698 1135 patris,
3739 1079 3873 1133 erga

2284 1153 2460 1223 ipsum
2510 1153 2904 1224 aliquantulum
2947 1164 3257 1219 commota;
3299 1157 3424 1225 quia
3455 1156 3599 1210 idem
3645 1171 3743 1209 rex
3788 1170 3876 1208 rea

2284 1246 2564 1302 conciliari
2639 1246 2858 1303 nolebat
2924 1247 3143 1316 impune
3208 1247 3485 1305 Willelmo
3550 1246 3873 1310 Talavatio,

2284 1340 2534 1408 quamvis
2580 1339 2693 1408 ipsa
2741 1339 2867 1394 inde
2906 1341 2957 1394 ei
2999 1339 3290 1409 plurimum
3330 1340 3684 1409 supplicaret.
3718 1340 3875 1406 Quod

2285 1448 2391 1485 non
2448 1433 2515 1486 ad
2553 1442 2919 1501 contemptum
2964 1433 3163 1489 dilecta
3216 1431 3325 1486 ﬁlia
3373 1431 3628 1495 faciebat,
3669 1433 3765 1487 sed
3806 1445 3878 1484 ne

2285 1505 2465 1577 minus
2495 1523 2777 1578 timeretur
2803 1523 2871 1577 ab
2904 1523 3019 1593 ipso
3038 1522 3339 1587 Willelmo,
3368 1523 3451 1576 vel
3480 1524 3696 1578 caeteris
3724 1524 3877 1593 prin-

2284 1614 2495 1684 cipibus
2547 1615 2689 1681 suis,
2724 1608 2788 1670 'si
2837 1628 3096 1685 prospere
3140 1628 3209 1670 ac
3260 1614 3454 1671 leviter
3492 1615 3748 1685 injuriam
3797 1614 3876 1669 illi

2283 1706 2605 1762 remitteret.

2837 1814 3065 1876 CAPUT
3108 1819 3321 1875 XXXV.

2286 1907 2441 1975 Quod
2491 1908 2742 1981 Rogerius
2766 1911 2848 1981 ide
2889 1911 3071 1965 Monte
3109 1908 3439 1979 ﬁuntmerici
3482 1919 3640 1964 natus
3687 1919 3762 1965 est
3808 1922 3879 1966 ex

2355 1997 2461 2034 una
2491 1980 2719 2049 neptium
2748 1980 3016 2036 (ἰαίνων-ξε
3045 1983 3345 2047 comitium,
3385 1991 3434 2035 et
3476 1983 3540 2035 tle
3578 1993 3879 2036 antecesso-

2357 2051 2500 2106 ribus
2528 2052 2691 2122 ipsius
2716 2051 2950 2122 Rogerii.

2299 2142 2326 2164 ’-
2356 2164 2484 2219 Fuit
2510 2174 2694 2219 autem
2724 2165 2812 2219 hic
2838 2163 3149 2219 Willelmus
3194 2164 3339 2218 ﬁlius
3377 2164 3599 2221 Roberti
3648 2166 3716 2220 de
3754 2164 3877 2220 Βριο

2285 2255 2466 2319 lismo,
2512 2263 2674 2309 natus
2701 2271 2765 2309 ex
2815 2254 2925 2308 ﬁlia
2954 2253 3203 2311 Widonis
3246 2255 3464 2309 comitis
3502 2255 3741 2311 Pontivi.
3771 2256 3875 2323 Qui

2285 2345 2555 2399 llobertus
2574 2345 2644 2398 ob
2666 2346 2887 2399 nimiam
2910 2342 3285 2399 crudelitatem
3316 2345 3416 2415 ipsi
3440 2346 3549 2416 regi
3578 2357 3637 2401 et
3661 2348 3877 2402 caeteris

2284 2438 2468 2492 inultis
2512 2438 2847 2506 sapientibus
2875 2438 3008 2491 viris
3036 2452 3237 2492 exosus
3274 2438 3597 2493 habebatur.
3628 2438 3750 2508 Ipso
3780 2442 3877 2493 dc-

2284 2530 2450 2597 nique
2485 2529 2542 2584 in
2584 2530 2814 2583 vinculis
2841 2530 3039 2598 posito,
3085 2529 3141 2583 in
3176 2530 3380 2597 quibus
3414 2540 3469 2584 et
3522 2529 3742 2595 defecit,
3775 2544 3877 2584 rex

2289 2621 2553 2676 Henricus
2607 2621 3006 2676 nobilissimum
3051 2620 3309 2691 Oppidum
3358 2619 3599 2688 ejusdem
3650 2622 3877 2679 nomine

2283 2713 2599 2769 Bellisiraun
2648 2713 2791 2783 cepit
2829 2722 2885 2768 et
2916 2712 3045 2767 illud
3080 2712 3316 2769 Rotroco
3346 2713 3532 2768 comiti
3568 2712 3877 2769 Perticeusi

2286 2817 2484 2876 genero
2520 2817 2618 2861 Suo
2660 2804 2829 2861 dedit.
2864 2804 3016 2860 Licet
3041 2819 3210 2874 pagus
3237 2803 3602 2860 Bellismensis
3648 2820 3759 2860 non
3805 2803 3879 2860 ad

2284 2899 2542 2952 ducatum
2586 2897 2999 2953 Northmanuitc
3040 2898 3358 2967 pertineret,
3394 2896 3489 2952 sed
3532 2898 3602 2951 ad
3644 2913 3876 2968 regnum

2284 2989 2641 3055 Francorum,
2674 2989 2896 3044 dederat
2929 2998 3108 3044 tamen
3134 2988 3428 3043 dominium
3456 2989 3705 3057 ejusdem
3730 2990 3874 3059 pagi,

2285 3080 2393 3146 vel,
2419 3089 2481 3134 ut
2507 3082 2726 3151 quidam
2756 3082 2965 3145 dicunt,
3002 3080 3321 3137 vendiderat
3346 3082 3546 3136 dudum
3591 3081 3878 3151 Philippus

598 3167 803 3223 nubilis
828 3152 982 3223 obiit.
1008 3167 1223 3235 Quarta
1258 3168 1428 3226 Adcla
1475 3178 1664 3223 vocata
1697 3168 1879 3235 nupsit
1903 3156 2188 3247 Stephano
2211 3146 2255 3207 (ἶ
2293 3189 2386 3229 rex
2426 3172 2763 3229 Francorum
2805 3183 3035 3244 cognato
3070 3188 3168 3229 suo
3210 3172 3484 3228 Willelmo
3527 3175 3734 3229 seniori
3764 3174 3877 3243 regi

597 3262 784 3316 comiti
811 3262 1074 3326 Bleseusi,
1104 3278 1305 3332 ex-qua
1335 3265 1574 3334 suscepit
1602 3275 1837 3334 quatuor
1866 3265 2028 3330 ﬁlios,
2052 3264 2187 3318 Wil-

596 3368 856 3419 .e-mum,
914 3352 1316 3421 Theobaldum,
1366 3354 1696 3419 Hemieuui,
1752 3354 2084 3424 Stephanum
2133 3362 2187 3408 et

596 3458 760 3499 uuam
812 3444 999 3499 ﬁliam.
1038 3447 1344 3503 “'illtlmus
1382 3456 1564 3503 autem
1604 3447 1996 3519 prin‘iogenitus
2017 3447 2187 3509 bono-

598 3554 711 3592 rem
745 3539 922 3594 Soreii
942 3538 1171 3613 .[Soleii]
1217 3542 1512 3612 regendum
1541 3557 1571 3597 a
1599 3552 1755 3612 patre
1784 3540 2045 3612 suscepit.
2076 3541 2186 3595 Hu-

589 3628 682 3698 jus
727 3629 892 3684 ﬁliam
940 3632 1094 3685 duxit
1144 3631 1408 3688 Henricus
1454 3648 1639 3689 comes
1691 3634 1999 3698 Aucensis,
2047 3632 2187 3686 ﬁlius

598 3717 857 3773 Willebni
915 3720 1166 3785 comitis,
1227 3721 1358 3777 licet
1411 3724 1657 3792 proxima
1718 3721 2190 3803 consanguinitate

603 3820 970 3875 necterentur,
1014 3816 1235 3883 natique
1277 3824 1402 3869 sunt
1434 3816 1506 3869 illi
1540 3832 1605 3871 ex
1634 3832 1697 3871 ea
1727 3824 1836 3871 tres
1872 3816 1967 3871 ﬁlii
1991 3798 2186 3870 'e'i‘inigt

601 3888 1110 3958 tilia'.'Theobaldus
1159 3905 1243 3959 vir
1276 3921 1376 3975 per
1417 3908 1597 3961 omnia
1648 3907 1952 3972 laudabilis,
2004 3916 2191 3978 utpote

604 3990 797 4055 laicus,
828 4006 892 4046 ac
924 3992 1070 4047 viros
1122 3994 1403 4063 religiosos
1452 3997 1622 4053 nimio
1657 3996 1851 4052 affectu
1902 4013 2184 4057 venerans.

603 4096 669 4136 ac
715 4082 927 4147 fovens,
982 4085 1245 4140 successit
1296 4086 1437 4155 patri
1486 4086 1539 4142 in
1588 4088 1851 4143 comitatu
1908 4088 2185 4153 Blcsensi;

605 4174 925 4230 comitatum
952 4176 1114 4231 etiam
1138 4176 1431 4253 Treearum
1457 4193 1645 4234 emens
1669 4180 1736 4234 ab
1755 4179 1975 4248 Hugoue
1999 4189 2191 4249 patruo

603 4286 725 4335 suo,
754 4270 916 4325 ‘simul
948 4286 1072 4325 cum
1103 4271 1429 4328 Carnotensi
1468 4272 1726 4344 possedit.
1764 4273 1990 4342 Accepit
2010 4282 2188 4329 autem

603 4380 830 4420 uxorem
881 4365 1048 4420 ﬁliam
1100 4364 1381 4437 cujusdam
1432 4367 1649 4422 comitis
1690 4365 1960 4421 Bobemiae
1998 4365 2191 4438 [Beba-

603 4456 752 4531 nize],
782 4471 850 4512 ex
890 4474 996 4529 qua
1038 4458 1225 4529 plures
1252 4459 1391 4513 ﬁlios
1427 4460 1610 4514 habuit
1635 4468 1691 4515 et
1725 4459 1883 4515 ﬁlias.
1924 4459 2188 4516 Henricus

606 4552 785 4598 autem
834 4541 1006 4599 frater
1035 4544 1152 4613 ejus
1190 4558 1219 4597 a
1251 4560 1419 4614 puero
1456 4547 1755 4600 monachus
1792 4545 2187 4613 Cluniacensis,

603 4636 944 4703 postmodum
979 4637 1049 4690 ab
1086 4635 1320 4691 Henrico
1355 4636 1624 4691 avunculo
1664 4654 1764 4693 suo
1808 4654 1937 4709 rege
1987 4639 2190 4710 Anglo-

604 4743 726 4781 rum
752 4728 960 4797 accepit
983 4728 1131 4798 prius
1155 4728 1295 4782 dono
1321 4728 1591 4783 albatiam
1614 4727 1905 4785 Glastoniae
1926 4739 1978 4784 et
2000 4742 2190 4801 postea

606 4818 981 4888 episeOpatum
1038 4819 1500 4875 Wintoniensem.
1551 4821 1859 4894 Stephanus
1907 4825 2071 4880 etiam
2121 4827 2189 4879 ab

607 4910 798 4964 eodem
824 4926 950 4980 rege
972 4912 1146 4968 factus
1169 4929 1352 4971 comes
1382 4914 1657 4979 Moritolii,
1693 4915 1811 4987 ipso
1837 4916 2186 4988 suffragante.

576 4999 763 5055 'duxit
810 5018 1039 5058 uxorem
1075 5004 1389 5061 Mathildem
1433 5006 1599 5061 ﬁliam
1646 5007 1925 5063 Eustachii
1976 5010 2192 5065 comitis

608 5090 865 5157 Bolonia',
896 5103 1108 5164 neptem
1141 5097 1390 5153 videlicet
1417 5099 1670 5154 secundae
1695 5097 2190 5171 Mathildisreginre

608 5181 910 5253 Anglorum
961 5198 1025 5238 ex
1079 5201 1267 5241 sorore
1316 5188 1505 5245 Maria.
1554 5190 1618 5244 lit
1648 5190 1777 5261 quia
1822 5190 1961 5245 idem
1992 5190 2187 5245 Eusta-

604 5275 761 5329 chius
796 5276 1003 5329 nulltnn
1033 5276 1262 5330 habebat
1294 5281 1480 5330 lilium-
1506 5297 1665 5328 mum
1697 5283 1881 5330 nxnris
1903 5298 2033 5330 sum-
2077 5283 2190 5330 inse

2218 4501 2266 4558 ο

2288 3267 2584 3338 Anglorum
2611 3275 2666 3319 et
2711 3268 2835 3321 duci
2876 3266 3397 3321 Northmannorum.
3440 3266 3533 3322 lvo
3576 3275 3761 3322 autem
3810 3269 3878 3322 de

2288 3360 2544 3415 Bellismo
2564 3368 2878 3414 antecessor
2905 3359 3062 3426 hujus
3088 3358 3312 3412 Roberti
3343 3357 3443 3411 fuit
3481 3358 3565 3412 vir
3588 3367 3787 3427 potens
3821 3366 3879 3412 et

2288 3452 2534 3523 sapiens,
2589 3451 2741 3521 cujus
2801 3451 3030 3506 consilio
3092 3450 3300 3520 primus
3359 3449 3694 3513 Richardus,
3747 3450 3875 3504 dum

2288 3544 2466 3597 adhuc
2494 3558 2632 3613 puer
2668 3550 2942 3597 teneretur
2973 3542 3026 3595 in
3060 3542 3304 3595 custodia
3342 3540 3481 3610 regis
3514 3539 3554 3593 F
3560 3555 3875 3603 raucorum,

2289 3648 2509 3705 ereptus
2534 3648 2635 3698 est,
2671 3646 2866 3707 agente
2891 3634 3174 3691 Osmundo
3209 3636 3482 3704 armigero
3504 3634 3676 3703 ipsius
3701 3633 3876 3704 pueri.

2289 3725 2461 3798 Hujus
2514 3736 2694 3781 autem
2740 3726 2918 3782 lvonis
2961 3727 3066 3781 fuit
3109 3725 3250 3781 ﬁlius
3298 3725 3601 3781 Willelmus
3647 3726 3715 3780 de
3758 3726 3882 3779 Bel-

2291 3817 2478 3881 lismo,
2529 3820 2619 3889 qui
2674 3820 2863 3889 genuit
2908 3818 3071 3873 alium
3120 3818 3451 3872 Willelmnm
3509 3828 3880 3888 cognomento

2293 3907 2630 3963 Talavatium
2676 3920 2884 3979 patrem
2930 3909 3179 3963 Maniliae.
3209 3909 3360 3963 Hanc
3388 3908 3666 3963 Mabiliam
3697 3909 3879 3978 Roge-

2292 3998 2404 4052 rius
2471 4014 2654 4053 comes
2702 4000 2843 4054 lilius
2898 4000 3136 4070 llugou'rs
3179 4002 3247 4055 de
3306 4009 3486 4054 monte
3539 3998 3878 4061 Gummerici

2292 4088 2503 4157 accepit
2549 4088 2602 4142 in
2665 4104 2936 4155 uxorem,
2985 4106 3104 4146 cum
3151 4099 3261 4145 tota
3331 4091 3650 4145 luereditate
3707 4092 3881 4160 patris

2293 4178 2500 4249 ipsius,
2565 4196 2725 4250 quam
2775 4182 3005 4237 habe-bat
3051 4182 3167 4238 sive
3218 4184 3270 4237 in
3317 4182 3654 4238 Hellismcnsi
3706 4198 3876 4254 pago,

2292 4269 2405 4326 sive
2438 4269 2700 4325 Scnneusi
2741 4271 2880 4326 ultra
2910 4272 3126 4326 fluvium
3156 4271 3347 4326 Sortie.
3396 4272 3511 4342 ipse
3556 4281 3743 4327 autem
3774 4273 3883 4326 lic-

2293 4364 2473 4433 gerius
2502 4373 2664 4417 natus
2708 4372 2795 4417 cst
2832 4379 2900 4417 ex
2931 4364 3165 4433 quadam
3213 4364 3451 4433 neptium
3479 4363 3759 4419 Gntmoris
3782 4380 3877 4421 co-

2294 4454 2519 4509 mitissm
2567 4456 2679 4525 (8);
2733 4455 2876 4509 unde
2918 4464 2974 4509 et
3026 4456 3141 4526 ipse
3198 4456 3445 4524 ingentes
3504 4457 3880 4524 possessiones

2294 4544 2484 4601 habuit
2508 4545 2562 4600 in
2600 4546 2832 4601 diversis
2876 4545 3186 4616 regionibus
3221 4545 3647 4601 Northmannim.
3681 4548 3881 4604 Genuit

2294 4646 2477 4691 autem
2526 4651 2594 4690 ex
2641 4636 2758 4705 ipsa
2812 4635 3031 4692 Mabilia
3082 4638 3319 4707 quinque
3365 4637 3504 4692 lilios
3542 4647 3600 4692 et
3645 4647 3881 4708 quatuor

2293 4727 2455 4782 ﬁlias.
2489 4726 2768 4782 Successit
2806 4744 2937 4783 vero
2980 4728 3155 4782 eidem
3204 4728 3477 4784 ltobertus
3520 4730 3589 4785 de
3622 4729 3879 4786 Bellismo

2296 4820 2438 4874 ﬁlius
2474 4820 2614 4892 ejus,
2646 4821 2732 4874 vir
2754 4835 2855 4890 per
2877 4821 3061 4876 omnia
3090 4820 3357 4887 nefarius;
3395 4822 3488 4892 qui
3524 4837 3593 4876 ex
3620 4822 3738 4879 ﬁlia
3769 4805 3881 4879 Wi-

2293 4916 2451 4970 donis
2501 4916 2717 4970 comitis
2766 4914 3001 4980 Pontivi,
3049 4916 3191 4969 sicut
3235 4914 3347 4985 jam
3392 4915 3650 4979 diximus,
3696 4917 3880 4988 genuit

2294 5005 2629 5061 Willelmuin
2687 5005 3026 5061 Talavatium
3090 5019 3458 5060 successorem
3533 5021 3716 5061 suum.
3781 5008 3879 5062 Hic

2294 5097 2606 5153 Talavatius
2651 5099 2841 5153 habuit
2883 5113 2951 5153 ex
2986 5097 3108 5152 .Ala
3155 5112 3329 5153 uxore
3380 5113 3475 5152 sua
3538 5113 3663 5166 qtue
3706 5099 3879 5155 fuerat

2293 5198 2452 5244 antea
2486 5206 2621 5244 uxor
2652 5190 2729 5261 t9)
2759 5190 2914 5244 ducis
2936 5190 3281 5261 Burgundim.
3309 5192 3443 5245 duos
3470 5190 3612 5245 ﬁlios
3657 5202 3715 5245 et
3755 5193 3880 5247 toti-

2293 5282 2412 5330 dem
2448 5282 2604 5330 ltlias.
2639 5281 2898 5330 Filiorum
2929 5291 3057 5330 vero
3096 5281 3488 5330 nrimoeenitus
3524 5280 3688 5330 “iith
3726 5292 3880 5330 naue
