4044 5360
221 313 334 372 303

772 313 1114 373 HISTORle
1156 315 1786 374 NORTIIIIANNORUM
1825 315 2004 369 Lllllll
2046 317 2321 374 OCTO.—-
2340 320 2539 378 LIBER
2581 326 2928 385 OCTAVUS.

3395 342 3500 396 906

218 432 290 482 de
329 427 646 494 Warenna,
693 431 874 485 comiti
924 432 1175 486 videlicet
1219 431 1472 487 Surreizc.
1528 431 1898 503 I’raedictusA
1926 430 2027 484 fuit
2083 431 2390 500 MﬂIIllllIIS,
2443 454 2601 506 quam
2673 439 2979 498 Willelntus
3039 446 3387 508 Canter-uritis
3441 460 3510 511 de

216 526 412 571 autem
450 516 720 588 Rogerius
753 520 820 575 dc
849 519 1028 576 Monte
1061 521 1393 577 Gummerici
1426 523 1564 576 bello
1593 523 1819 594 Anglico

218 605 498 670 interfuit,
527 616 584 662 et
631 623 660 662 a
699 607 972 665 Willelnto
1025 626 1147 682 rege
1190 613 1484 683 Anglorum
1535 615 1820 671 comitatus

215 697 509 754 Arundclli
541 710 596 755 et
629 698 1018 772 Salopesbcrhe
1046 703 1188 759 dono
1218 705 1446 776 accepit.

775 813 1003 871 CAPUT
1042 816 1282 872 XXXVI.

237 897 454 978 “latte-
476 901 754 978 quomodo
787 904 899 972 ipsa
952 904 1166 978 Gonnor
1211 908 1380 978 primo
1416 904 1668 966 Riclmrdi
1695 912 1819 966 duci

407 969 816 1027 Neri/tmanniw'
840 976 1082 1046 capulata
1110 969 1266 1046 fuerit
1295 982 1650 1036 matrimonio.

291 1083 365 1140 Et
389 1085 518 1155 quia
545 1086 611 1142 de
626 1083 894 1143 Gunnore
916 1090 1192 1147 comitissa
1216 1090 1442 1148 fecimus
1467 1094 1815 1160 mentionem,

215 1191 390 1234 causa
421 1179 616 1235 matris
649 1179 868 1250 Rogerii
905 1182 972 1238 de
1003 1182 1185 1239 Monte
1205 1183 1539 1252 Gumnerici,
1570 1203 1691 1256 qua:
1717 1187 1818 1241 fuit

215 1271 407 1339 neptis
427 1272 672 1342 ejusdem
693 1275 986 1331 eomitissre
1003 1316 1020 1343 ,
1054 1277 1186 1333 libet
1210 1277 1522 1351 litterarum,
1544 1280 1819 1335 memoria:

214 1367 638 1434 commendare,
677 1368 816 1422 sicut
865 1371 932 1425 ab
981 1371 1219 1441 antiquis
1254 1373 1442 1438 didici,
1471 1373 1708 1443 qualiter
1746 1373 1816 1430 ad

215 1453 536 1525 conjugium
569 1457 782 1513 comitis
829 1459 1083 1516 Richardi
1130 1462 1320 1517 eadem
1359 1462 1586 1518 Gunnor
1622 1480 1812 1520 acces-

213 1549 377 1601 serit.
411 1548 583 1617 lgitur
617 1549 921 1608 Richardus
957 1569 1161 1622 comes,
1201 1557 1383 1612 audita
1405 1556 1549 1612 fama
1582 1559 1815 1629 pulchri-

213 1639 430 1693 tudinis
461 1641 710 1714 conjugis
741 1644 1019 1714 cujusdam
1048 1646 1338 1715 forestarii,
1370 1651 1637 1705 manentis
1669 1651 1814 1705 haud

212 1732 414 1800 procul
446 1733 514 1788 ab
544 1736 739 1806 oppido
772 1737 1057 1803 Arearum,
1088 1739 1216 1795 villa
1259 1757 1380 1811 qua:
1409 1743 1609 1798 dicitur
1641 1744 1810 1799 Sche-

213 1821 474 1885 chevilla,
527 1838 594 1878 ex
649 1824 912 1882 industria
951 1827 1047 1883 ivit
1101 1837 1354 1885 venatum
1406 1831 1569 1899 illuc,
1623 1833 1810 1889 volens
1843 1851 1886 1908 Β

212 1913 454 1984 probare
483 1915 529 1971 si
557 1932 743 1973 verum
771 1931 916 1975 esset
963 1923 1105 1992 quod
1154 1923 1418 1982 relatione
1449 1928 1810 1998 quorumdam

213 2015 563 2077 perceperat.
621 2009 938 2082 IIospitatus
987 2015 1149 2086 igitur
1194 2017 1247 2071 in
1295 2018 1456 2073 domo
1505 2020 1809 2085 forestarii,

213 2095 548 2169 illectusque
577 2112 856 2159 venustate
888 2105 1067 2161 vultus
1094 2107 1282 2162 uxoris
1310 2108 1510 2178 ipsius,
1559 2111 1815 2179 praecepit

214 2187 419 2260 hospiti
453 2206 552 2246 suo
577 2193 718 2262 quod
747 2194 858 2266 ipsa
885 2205 1044 2252 nocte
1091 2198 1384 2256 adduceret
1410 2201 1474 2254 ad
1503 2202 1811 2257 cubiculnnt

215 2289 380 2332 Suum
418 2296 640 2337 uxorem
674 2299 826 2338 suam
854 2287 1176 2354 Sainfriam;
1205 2290 1284 2345 sic
1322 2293 1466 2345 enim
1493 2294 1803 2349 vocabatur.
1843 2325 1846 2328 ~

217 2370 376 2437 Quod
422 2387 546 2427 cum
579 2374 668 2430 ille
699 2377 873 2431 cidem
906 2378 1114 2434 tristior
1145 2382 1449 2448 retulisset,
1490 2384 1611 2452 illa,
1639 2395 1698 2439 ut
1722 2402 1812 2441 sa-

218 2458 379 2527 piens
417 2460 636 2529 mulier,
669 2465 947 2520 consolata
983 2476 1068 2521 est
1112 2484 1256 2535 eum,
1294 2469 1480 2526 dicens
1525 2489 1583 2527 se
1613 2489 1809 2544 suppo-

215 2551 449 2607 situram
482 2555 535 2608 in
559 2553 678 2611 loco
714 2573 812 2613 suo
849 2557 1159 2616 Gunnorem
1201 2579 1445 2618 sororem
1485 2581 1661 2631 suam,
1698 2568 1808 2622 vir-

215 2643 398 2712 ginem
431 2647 888 2718 quamplurimum
925 2653 1104 2724 seipsa
1143 2655 1536 2724 pulchriorem.
1570 2658 1724 2724 Quod
1752 2669 1810 2715 et

219 2735 423 2790 factum
460 2748 563 2793 est.
603 2733 1102 2817 Cognita'denique
1144 2747 1234 2802 tali
1265 2748 1475 2816 fraude,
1509 2751 1808 2808 delectatus

216 2839 300 2883 est
329 2830 460 2896 dux,
496 2835 640 2901 quod
671 2850 775 2890 non
806 2836 1126 2893 incurrisset
1163 2841 1441 2910 peccando
1483 2843 1541 2896 in
1571 2843 1805 2899 alienam

218 2934 466 2976 uxorem.
506 2922 708 2980 (ienuit
755 2925 939 2998 itaque
974 2943 1042 2984 ex
1099 2929 1357 2987 Gunnore
1404 2932 1541 3009 filios
1597 2949 1707 2991 :res
1751 2944 1807 2989 et

217 3015 441 3069 totidem
497 3016 656 3081 ﬁlias,
706 3027 766 3074 ut
814 3020 868 3075 in
914 3022 1054 3078 libro
1102 3025 1194 3094 qui
1233 3025 1299 3081 de
1348 3028 1516 3096 gestis
1563 3026 1802 3098 ejusdem

218 3101 372 3157 ducis
419 3105 656 3175 scriptus
704 3116 825 3175 est,
863 3112 1110 3181 superius
1160 3113 1451 3170 invenitur.
1493 3117 1627 3171 Cum
1677 3134 1805 3174 vero

220 3193 359 3250 idem
391 3209 576 3253 comes
602 3200 890 3269 quemdam
935 3201 1105 3258 ﬁlium
1151 3219 1309 3258 suum
1351 3207 1569 3262 nomine
1598 3207 1803 3263 Rober—
1832 3230 1851 3285 (

221 3295 330 3341 tum
377 3287 539 3342 vellet
591 3288 710 3344 ﬁeri
760 3291 1227 3363 archiepiscopum
1277 3295 1800 3366 Rothomagensem,

221 3380 536 3450 responsum
565 3389 650 3434 est
677 3381 726 3436 ci
773 3397 803 3436 a
835 3384 1155 3453 quibusdam
1183 3425 1200 3450 ,
1235 3384 1337 3439 hoc
1375 3385 1679 3441 nullatenus
1715 3403 1803 3442 se-

218 3471 460 3526 cundum
496 3471 632 3526 scita
659 3487 924 3528 canonum
954 3489 1134 3545 posse,
1159 3473 1280 3530 ideo
1311 3475 1457 3545 quod
1489 3486 1662 3530 mater
1687 3478 1802 3547 ejus

219 3578 348 3619 non.
385 3561 576 3618 fuisset
630 3564 974 3638 desponsata.
1028 3566 1143 3623 Ilac
1193 3567 1374 3636 itaque
1410 3582 1575 3622 causa
1622 3583 1802 3622 comes

220 3654 526 3711 Richardus
573 3653 882 3713 Gunnorem
919 3658 1256 3716 comitissam
1304 3672 1456 3712 more
1502 3657 1800 3714 christiano

220 3747 320 3802 sibi
370 3746 665 3818 copulavit,
713 3749 918 3820 ﬁliique
970 3751 1060 3821 qui
1105 3751 1217 3822 jam
1253 3764 1321 3805 ex
1355 3765 1418 3805 ea
1465 3751 1576 3804 nati
1622 3760 1797 3811 erant.

221 3839 433 3895 interim
481 3843 606 3895 dum
662 3842 933 3916 sponsalia
992 3852 1313 3914 agerentur,
1370 3857 1494 3899 cum
1545 3851 1699 3914 patre
1743 3854 1802 3899 et

220 3937 388 3983 matre
418 3929 582 3998 pallio
629 3931 870 4000 cooperti
910 3943 1054 3997 sunt,
1082 3941 1137 3987 et
1179 3933 1259 3988 sic
1295 3941 1481 4005 postea
1527 3933 1800 3990 Robertus

218 4019 386 4076 factus
421 4031 506 4076 est
533 4022 974 4093 archiepiscopus
1007 4023 1481 4096 ltothomagensis.

734 4135 962 4192 CAPUT
997 4137 1260 4192 XXXVII.

219 4206 485 4298 Quomodo
504 4227 686 4298 eadem
715 4226 982 4298 comitissa
1013 4244 1218 4282 sorores
1248 4245 1373 4282 suas
1413 4241 1462 4287 et
1503 4241 1678 4298 neptes
1705 4247 1800 4286 no-

283 4295 549 4368 bilioribus
581 4296 1069 4350 Northmannornm
1092 4299 1143 4350 in
1167 4299 1471 4368 conjugium
1496 4295 1732 4365 tradidit,
1748 4310 1796 4355 et

281 4365 343 4420 de
365 4368 666 4434 posteritate
689 4369 1012 4421 earumdem.

281 4478 397 4548 Ipsa
417 4488 599 4533 autem
627 4477 872 4542 Gnnnor,
907 4489 1133 4550 excepta
1160 4478 1416 4546 Sainfria,
1444 4462 1798 4541 habuit—ditas

1929 517 2268 579 'I‘ancarvilla
2320 527 2509 584 habuit
2559 548 2810 599 uxorem,
2843 552 2906 590 ex
2953 553 3056 608 qua
3105 543 3289 612 genuit
3336 545 3506 604 ﬁlium

1925 615 2142 671 nomine
2175 616 2454 675 Rabcllum
2485 623 2576 692 qui
2599 624 2648 678 ei
2681 628 2966 683 successit.
3002 629 3299 692 Pracdictus
3323 648 3507 695 autem

1924 703 2201 763 Galtcrius
2231 711 2383 766 duxit
2421 729 2583 770 unam
2635 717 2865 776 ﬁliarum
2898 723 3113 781 Girardi
3145 725 3381 798 Flatclli;
3431 735 3511 790 al-

1925 803 2098 852 teram
2127 814 2279 868 vero,
2318 805 2525 861 scilicet
2574 808 2864 878 Basiliam,
2907 816 3152 874 relictam
3189 820 3402 879 Rodulﬁ
3444 828 3510 882 de

1924 890 2166 986 Waceio,
2201 897 2387 955 habuit
2421 900 2573 970 Ilugo
2602 904 2668 960 de
2697 906 2967 976 Gornaco,
3009 913 3074 968 de
3101 911 3258 986 cujus
3285 933 3506 975 succes-

1923 982 2074 1040 sione
2123 995 2179 1042 et
2230 993 2549 1058 posteritate
2602 1000 2854 1068 superius
2899 1002 3102 1058 dictum
3153 982 3258 1062 est.
3306 1007 3510 1064 Genuit

1921 1084 2101 1132 autem
2137 1078 2275 1134 idem
2321 1081 2596 1142 Galterius
2636 1093 2931 1148 secundum
2979 1095 3275 1154 Galterium
3312 1101 3512 1158 GitIar-

1920 1162 2044 1219 dum
2090 1173 2144 1220 et
2198 1167 2332 1224 ﬁlias
2377 1172 2584 1241 plures,
2630 1194 2861 1248 quarum
2900 1200 3005 1240 una
3045 1188 3266 1245 nomine
3304 1189 3510 1248 Rohais

1921 1255 2102 1324 nupsit
2141 1255 2412 1314 Ilichardo
2456 1262 2566 1318 ﬁlio
2612 1271 2829 1327 comitis
2856 1272 3172 1344 Gisleberti;
3205 1280 3298 1350 qui
3333 1282 3506 1338 Gislc-

1918 1342 2106 1402 bertus
2133 1345 2311 1404 fuerat
2338 1351 2481 1409 ﬁlius
2509 1355 2787 1417 Godefridi
2827 1367 3046 1422 comitis
3090 1342 3377 1438 Accensis,
3413 1391 3508 1429 na-

1918 1438 2111 1494 turalis
2158 1441 2411 1501 videlicet
2458 1446 2553 1507 ﬁlii
2600 1453 2756 1520 primi
2798 1455 3052 1514 Richardi
3105 1463 3261 1519 ducis
3304 1464 3505 1523 North-

1917 1541 2261 1586 mannorum.
2303 1535 2402 1591 llic
2429 1537 2767 1599 Gislcbcrtus
2796 1545 2985 1604 habuit
3017 1551 3149 1608 duos
3177 1554 3316 1612 ﬁlios
3338 1574 3505 1629 ιρι-ω-

1917 1615 2120 1674 dictum
2152 1621 2481 1682 Richardum
2513 1638 2566 1684 et
2606 1630 2945 1692 Baldninum.
2997 1641 3291 1703 Balduinus
3339 1615 3504 1706 etiam

1915 1710 2103 1776 genuit
2144 1720 2254 1767 tres
2285 1715 2452 1782 ﬁlios,
2497 1718 2856 1792 Richardum,
2888 1727 3182 1788 Ilobertum
3220 1745 3276 1792 et
3301 1737 3505 1795 Willel-

1916 1813 2061 1854 mum
2094 1811 2146 1856 et
2178 1806 2398 1861 totidem
2432 1807 2592 1866 ﬁlias.
2628 1813 2931 1876 Ilichardus
2967 1835 3150 1879 autent
3179 1827 3349 1884 frater
3379 1830 3505 1885 Bal-

1919 1891 2066 1989 dnini
2101 1899 2291 1989 genuit
2325 1915 2390 1954 ex
2429 1901 2600 1959 Rohai
2631 1917 2866 1976 quatuor
2902 1912 3041 1970 ﬁlios
3065 1956 3080 1981 ,
3114 1915 3503 1989 Gislcbertum,

1918 1979 2238 2079 Itogerinm,
2282 1988 2640 2061 Wallerium,
2694 1996 2989 2057 Rohcrtum
3037 1979 3094 2059 et
3144 2007 3280 2064 duas
3330 1979 3502 2079 ﬁlias;

1915 2071 2087 2128 altera
2113 2092 2341 2145 quarum
2376 2085 2726 2143 matrimonio
2757 2093 3006 2162 copulata
3053 2107 3135 2152 cst
3166 2099 3400 2158 Rodull‘o
3437 2071 3504 2159 de

1917 2159 2228 2233 Telcgcriis,
2259 2172 2370 2225 nati
2403 2183 2528 2228 sunt
2573 2192 2639 2231 ex
2686 2195 2748 2233 ea
2795 2181 3113 2252 Fransvalo,
3149 2188 3412 2248 Henricus
3450 2207 3505 2249 ct

1916 2249 2185 2312 Ilobertus
2215 2260 2505 2320 Giﬁ‘ardus.
2536 2266 2870 2328 Gislebertus
2896 2273 3076 2331 autem
3099 2249 3260 2335 illam
3295 2292 3498 2340 terram

1913 2356 2077 2411 quam
2106 2357 2262 2416 pater
2292 2366 2480 2410 eorum
2513 2357 2778 2417 habuerat
2817 2365 2870 2417 in
2918 2365 3134 2438 Anglia,
3166 2383 3287 2441 post
3324 2375 3501 2445 ipsum

1913 2437 2145 2510 adeptus
2192 2454 2296 2498 est.
2346 2446 2608 2520 Ilogerius
2652 2455 2798 2510 enim
2832 2437 3390 2532 fratet'iejusuerram
3430 2468 3499 2522 de

1913 2527 2304 2628 lforthmannia
2335 2541 2588 2599 obtinuit.
2623 2545 2738 2613 Hic,
2773 2551 3015 2622 inquam,
3041 2527 3404 2628 Cislebertus,
3435 2578 3503 2620 ex

1914 2619 2020 2675 ﬁlia
2049 2627 2264 2684 comitis
2295 2631 2362 2686 de
2408 2632 2752 2694 Claromonte
2794 2619 3140 2706 habuit-tres
3188 2649 3353 2720 ﬁlios;
3391 2619 3504 2710 'Rii-

1910 2714 2172 2810 chardum
2201 2723 2293 2791 qui
2321 2725 2370 2779 ei
2394 2731 2686 2798 successit,
2725 2743 2780 2788 et
2807 2734 3190 2810 Gislebertum,
3215 2754 3268 2799 et
3297 2714 3496 2803 \I’altec

1912 2803 2074 2871 ritun,
2105 2818 2160 2863 et
2210 2827 2372 2868 unam
2427 2816 2593 2874 filiam
2644 2824 2862 2880 nomine
2914 2827 3140 2886 Rohais.
3194 2833 3502 2894 Richardus

1911 2907 2090 2950 amem
2137 2899 2289 2956 duxit
2318 2921 2562 2963 sororem
2607 2913 2824 2970 comitis
2871 2915 3086 2974 Ranulﬁ
3130 2919 3364 2989 junioris
3410 2943 3503 2982 co-

1912 2986 2058 3043 tnitis
2082 2989 2324 3060 Cestria-3,
2351 3005 2406 3052 et
2431 2998 2619 3056 habuit
2641 3018 2706 3058 ex
2727 3021 2788 3060 ea
2821 3016 2931 3064 tres
2962 2986 3498 3079 ﬁlios,Uischertum

1911 3080 2000 3146 qui
2041 3081 2088 3135 ei
2117 3089 2401 3155 successit,
2431 3101 2485 3147 et
2512 3093 2708 3150 fratres
2739 3097 2875 3168 ejus.
2909 3100 3028 3172 Ipse
3061 3113 3240 3160 autem
3271 3108 3499 3164 Richar-

1907 3168 2008 3224 dus
2038 3172 2325 3250 immatura
2351 3193 2525 3239 morte
2554 3186 2708 3253 obiit,
2736 3168 3046 3260 peremptus
3067 3210 3096 3248 a
3115 3193 3497 3267 Wallcnsibns,

1908 3262 1998 3330 qui
2037 3263 2367 3334 immanite:,
2399 3275 2582 3329 audita
2632 3293 2804 3333 morte
2833 3279 3052 3337 Ilenrici
3096 3286 3269 3354 regis,
3305 3297 3495 3343 contra

1907 3350 2108 3445 {inglos
2138 3358 2558 3418 rebellaveiant.
2591 3365 2816 3424 Mortuis
2863 3380 3042 3426 autem
3075 3350 3279 3445 absque
3315 3377 3500 3435 liberis

1909 3438 2144 3510 liogerio
2182 3455 2236 3499 et
2268 3447 2530 3508 Walterio
2568 3459 2778 3525 patruis
2808 3460 2944 3527 suis,
2977 3438 3312 3522 Gislebe-rtus
3345 3468 3492 3526 ﬁlius

1905 3531 2213 3600 Gisleberti,
2244 3539 2586 3601 Ita-redituris
2612 3546 2768 3616 jure,
2820 3551 2949 3628 ipsis
2995 3556 3157 3610 etiam
3194 3561 3495 3617 conceden-

1907 3624 2068 3691 tibus,
2111 3636 2284 3685 terras
2321 3647 2508 3690 eorum
2533 3639 2759 3708 adeptus
2791 3625 2891 3697 est.
2922 3644 3067 3700 Idem
3096 3663 3223 3702 Vero
3252 3665 3497 3708 sororem

1907 3712 2215 3774 Waleranni
2243 3724 2964 3799 comitisMellcnti,nomine
2994 3738 3294 3808 Elisabeth,
3317 3745 3490 3810 duxit,

1901 3819 1967 3859 ex
1993 3823 2095 3878 qua
2127 3815 2312 3882 genuit
2338 3816 2508 3873 ﬁlium
2545 3823 2963 3895 primogenitum
3005 3831 3225 3886 nomine
3265 3819 3500 3890 Iticharé

1903 3897 2027 3955 dum
2079 3903 2194 3976 (6).
2252 3907 2491 3966 Roberto
2535 3924 2714 3970 autem
2764 3917 2873 3972 lilio
2922 3919 3184 3979 Richardi
3233 3930 3498 3984 successit

1903 3987 2044 4084 filius
2070 4012 2200 4052 suus
2227 4001 2647 4075 primogenitus,
2687 4023 2847 4066 natus
2878 4027 2944 4068 ex
2972 4015 3205 4084 quadam
3254 4018 3492 4075 ﬁliarum

1907 4075 2170 4153 Waldevi,
2195 4092 2410 4148 comitis
2455 4093 2830 4154 Huntedoniaa.
2880 4075 3082 4157 lIab-uit
3114 4114 3298 4160 autent
3349 4108 3490 4162 idem

1905 4175 2197 4238 Waldevus
2222 4192 2330 4240 tres
2362 4187 2500 4242 tilias
2525 4205 2593 4244 ex
2620 4207 2790 4247 uxore
2823 4209 2939 4258 sua,
2958 4194 3065 4248 tilia
3100 4196 3396 4253 comitissa:
3423 4200 3490 4255 de

1900 4271 2234 4343 Albamarla,
2282 4295 2401 4348 qua:
2441 4285 2718 4339 comitissa
2756 4286 2856 4340 fuit
2905 4303 3064 4343 soror
3112 4290 3324 4345 uterina
3357 4289 3492 4346 Wil-

1902 4363 2072 4433 lclmi,
2111 4370 2254 4438 regis
2280 4371 2573 4441 Anglorum
2592 4377 2844 4434 senioris.
2875 4378 3082 4436 Harum
3130 4391 3316 4438 autem
3351 4382 3487 4436 ﬁlia-

1901 4469 2018 4510 rum
2050 4460 2266 4515 comitis
2295 4452 2538 4520 Waldevi
2585 4468 3000 4539 primogenitam
3044 4474 3256 4543 aecepit
3297 4474 3486 4528 Simon

215 4547 446 4632 sorores,
473 4567 717 4622 WeWam
746 4577 802 4622 et
821 4570 1142 4624 Awelinam.
1173 4571 1356 4625 Altera
1397 4589 1628 4642 quarunt
1647 4615 1660 4638 ,
1692 4576 1791 4629 ad-

1911 4547 2340 4618 Silvanectensis,
2367 4570 2488 4610 cum
2516 4559 2775 4614 comitatu
2807 4560 3187 4630 Huntedoniae,
3210 4572 3266 4618 et
3301 4566 3490 4635 genuit

218 4657 557 4712 ntiniculante
588 4658 702 4728 ipsa
733 4658 1028 4724 comitissa,
1058 4675 1179 4728 quae
1210 4660 1310 4714 fuit
1341 4661 1539 4716 fentina
1586 4679 1792 4734 magna:

217 4749 523 4816 prudentiae,
557 4749 738 4819 nupsit
780 4749 1005 4803 Turnll’o
1039 4751 1108 4804 dc
1140 4751 1308 4805 Ponte
1344 4753 1672 4820 Audomari,
1701 4756 1793 4824 qni

218 4837 382 4895 fuerat
415 4839 558 4897 filius
586 4840 865 4908 cujusdam
892 4841 1110 4896 nomine
1138 4841 1291 4908 Torf,
1320 4857 1351 4895 a
1378 4858 1484 4912 quo
1509 4843 1673 4898 etiam
1707 4861 1792 4900 ns-

219 4945 311 5001 que
331 4947 474 4987 nunc
494 4934 740 5000 quaedam
764 4932 899 4986 villm
923 4933 1314 5002 cognominata:
1340 4942 1464 4988 sunt
1495 4933 1786 4991 'l‘orfvillae.

221 5020 370 5090 llujus
401 5021 608 5076 Turulti
634 5023 804 5076 frater
832 5020 932 5076 fuit
953 5021 1338 5088 Turchetillus,
1373 5033 1528 5094 pater
1548 5026 1788 5082 Ansche-

221 5114 301 5140 sill:
349 5115 412 5140 J-
453 5113 726 5140 .Il-...\n....a
797 5113 992 5140 βαρ-..ξι

1040 5123 1216 5140 can-IAM
1268 5129 1328 5140 Α..
1401 5123 1581 5140 -.ιι-Ι...-

1897 4652 1964 4690 ex
2000 4653 2062 4692 ea
2089 4657 2253 4696 unum
2296 4643 2466 4700 tilium
2503 4659 2757 4704 vocatum
2799 4651 3102 4707 Simonem.
3136 4653 3348 4710 Mortuo
3391 4670 3484 4708 au-

1901 4737 2006 4783 tem
2040 4731 2262 4790 Simone
2290 4737 2508 4806 comite,
2525 4740 2690 4797 David
2708 4782 2722 4806 ,
2740 4740 2910 4798 frater
2937 4745 3188 4801 secundae
3211 4745 3487 4802 Mathildis

1897 4822 2098 4894 regina:
2143 4827 2465 4899 Anglorum,
2493 4833 2648 4887 duxit
2678 4836 3085 4905 uxorent.ejus,
3135 4853 3203 4894 ex
3249 4856 3356 4912 qua
3397 4856 3487 4895 su-

1892 4916 2066 4984 scepit
2090 4933 2254 4973 unum
2305 4921 2495 4990 ﬁlium,
2527 4923 2734 4980 scilicet
2764 4925 3077 4984 Ilenricum.
3115 4929 3359 4987 Sublatis
3385 4946 3508 4986 aur

1895 5011 2003 5060 tem
2029 5008 2096 5063 de
2118 5010 2297 5064 medio
2323 5001 2581 5068 fratribus
2605 5017 2722 5087 ejus
2752 5007 3038 5074 Dndccano
3063 5030 3117 5074 et
3148 5021 3485 5083 Alexandro,

1895 5097 2112 5140 moihnc
2171 5101 2456 5140 Rimini-nm
2557 5104 2670 5140 ἰιιοι.
2733 5111 2872 5140 λειω,
2942 5127 3160 5140 unum...
3225 5117 3432 5140 -....--..:

2557 5111 2670 5140 ίΙὶοΛ
2733 5111 2872 5140 δίει-λιιι
2942 5127 3160 5140 -Λη..ιιηι
