4044 5360
511 287 616 344 907

512 496 688 551 cimus
740 493 1094 557 mentionem,
1150 490 1280 547 libet
1323 489 1486 546 etiam
1519 490 1584 544 de
1614 489 1720 544 illis
1742 489 1832 559 qui
1857 489 2098 546 secundo

513 592 681 664 gradu
709 587 1196 658 consanguinitatis
1219 584 1406 640 aﬁines
1438 585 1613 640 cidem
1643 584 1817 649 fuere,
1837 591 1998 656 prout
2030 585 2099 639 ab

518 677 759 754 antiquis
819 681 1150 750 accepimus,
1202 677 1379 748 aliqua
1412 677 1610 732 dicere.
1651 676 1850 731 llabuit
1876 692 2005 747 ergo
2032 691 2098 730 ex

517 773 686 828 fratre
709 787 808 829 suo
832 759 1080 828 Herl‘asto
1106 771 1296 826 eadem
1329 768 1603 824 comitissa
1633 777 1882 838 nepotem
1905 767 2101 824 Osbcr-

515 881 645 920 num
688 865 754 920 de
791 861 1024 934 Crepon,
1077 863 1286 933 patrem
1315 860 1566 915 videlicet
1598 858 1856 916 Willelmi
1886 859 2099 914 comitis

509 953 860 1021 Hercl’ordite,
893 953 992 1010 viri
1026 970 1121 1024 per
1146 953 1325 1008 omnia
1369 947 1685 1008 laudabilis.
1733 951 1936 1023 Neptes
1967 966 2098 1007 vero

508 1049 692 1121 plures
722 1047 980 1118 praediola
1029 1043 1256 1101 Gunnor
1279 1037 1500 1099 habuit'
1553 1043 1650 1098 sed
1672 1041 2007 1097 solummodo
2031 1043 2098 1098 de

509 1145 773 1214 quinque,
793 1141 992 1212 quibus
1016 1135 1225 1194 maritis
1247 1123 1746 1208 nupserintaud‘ivi.
1765 1133 1883 1190 Una
1914 1134 2099 1203 itaque

508 1213 697 1288 earum
743 1219 1106 1286 "matrimonio
1156 1225 1405 1300 copula'ta
1452 1237 1537 1282 est
1590 1226 1731 1298 patri
1779 1225 1938 1297 primi
1961 1213 2098 1280 Wil-

509 1319 654 1377 lelmi
707 1323 774 1378 de
809 1321 1110 1384 Warcnna,
1143 1335 1210 1375 ex
1255 1334 1362 1389 qua
1393 1327 1553 1374 natus
1584 1325 1665 1372 est
1717 1318 1856 1373 idem
1886 1317 2098 1370 Willel.

509 1430 630 1468 mus
657 1421 841 1484 postea
885 1427 1068 1469 CI'IIICS
1097 1403 1358 1475 Surreiee,
1391 1419 1446 1464 et
1475 1397 1760 1486 'Rogcr‘ius
1786 1408 1851 1464 de
1887 1408 2098 1486 Mortuo

509 1508 646 1562 mari
676 1505 844 1562 frater
871 1506 1057 1576 ipsius.
1095 1502 1276 1560 Altera
1327 1489 1552 1558 Nicolao
1591 1502 1656 1556 de
1689 1487 2096 1554 Baseheritvilla

510 1599 692 1670 (vulgo
756 1596 1136 1669 Bucqucville),
1182 1610 1246 1650 ex
1290 1594 1446 1665 cujus
1483 1592 1803 1664 posteritate
1825 1598 1986 1646 natus
2014 1597 2099 1646 est

503 1690 810 1747 Willelmus
843 1687 1140 1752 Murtcllus,
1159 1695 1214 1742 et
1235 1685 1514 1740 Walterus
1543 1685 1609 1740 de
1635 1689 1825 1738 sancto
1841 1680 2092 1736 Mat-tino.

1328 283 1666 340 WILLELMI
1703 283 1996 340 CALCULI
2029 281 2586 344 GEMMETICENSIS
2625 283 2934 342 MONACHI

581 402 648 458 Et
677 399 936 472 quoniam
977 399 1042 454 de
1072 397 1354 454 sororibus
1393 395 1670 452 Guunoris
1711 396 2000 450 eomitissae
2021 396 2098 452 l‘e—
2123 403 2175 464 Α

3679 275 3786 337 908

2717 417 2960 476 CAPUT
3003 415 3248 472 XXXIX.

2205 528 2478 594 Quomodo
2493 529 2656 583 Adela
2682 546 2792 582 com
2800 530 2946 584 itissa
2964 525 3220 586 Blesensis
3237 531 3476 585 habitum
3494 533 3786 587 «victima;

2271 599 2427 670 niulis
2447 611 2492 653 et
2518 603 2958 670 conversationem
2995 600 3329 666 Murciuiaci,
3357 611 3586 670 tempore
3599 601 3786 657 damni

2277 661 2420 722 Petri
2436 669 2638 722 abbatis
2661 665 3044 732 Cluniacensis.
3065 672 3260 740 accepit
3277 689 3296 736 ;
3315 661 3372 726 vet
3389 661 3526 740 quod
3554 674 3784 740 secmrdo

2275 755 2414 820 anno
2464 751 2580 808 post
2627 747 2842 793 mortem
2877 740 3093 795 Heurici
3117 739 3250 801 renis
3279 739 3569 812 Anglorum
3600 739 3783 812 fratris

2272 819 2353 863 sui
2381 820 2588 864 mortua
2620 819 2716 865 est.

2272 921 2488 976 Mortuo
2517 931 2696 976 autem
2743 922 3018 996 Stephano
3053 927 3251 981 cernite
3295 925 3563 992 Blesensi,
3587 927 3784 982 marito

2199 1011 2380 1068 Adela:
2406 1013 2524 1067 ﬁlize
2545 1013 2803 1068 Willelmi
2827 1017 2972 1086 regis
2994 1017 3307 1085 Anglorum,
3339 1017 3451 1086 ipsa
3469 1017 3782 1088 aliquandiu

2198 1105 2457 1160 nobiliter
2486 1106 2623 1160 rexit
2650 1107 2984 1172 comitatmn,
3018 1109 3141 1178 quia
3169 1108 3262 1162 ﬁlii
3297 1109 3382 1164 sui
3411 1111 3588 1164 adhuc
3603 1109 3784 1165 minus

2199 1197 2411 1253 habiles
2463 1198 2530 1252 ad
2590 1200 2994 1268 procurandum
3055 1201 3296 1268 regimen
3345 1211 3524 1255 erant.
3573 1202 3784 1268 Quibus

2199 1289 2418 1354 adultis,
2455 1289 2565 1359 ipsa
2597 1290 3026 1344 sanctimonialis
3057 1291 3300 1344 habitum
3333 1300 3388 1359 et
3409 1293 3782 1347 conversatio-

2191 1395 2360 1446 nem,
2404 1389 2648 1450 tempore
2704 1379 2886 1434 domni
2939 1381 3083 1434 Petri
3121 1358 3492 1437 CluniaeEnsis
3545 1384 3782 1450 abbatis,

2191 1473 2512 1528 Marciniaci
2539 1488 2845 1537 assumens,
2869 1472 3215 1526 laudabiliter
3235 1473 3432 1528 ibidem
3464 1474 3516 1528 in
3549 1475 3643 1528 Dei
3669 1491 3784 1530 ser-

2197 1563 2330 1618 vitio
2373 1577 2548 1632 usque
2595 1563 2664 1616 ad
2710 1563 2873 1618 ﬁnem
2921 1565 3306 1633 perseveravit.
3357 1563 3605 1620 Decessit
3649 1575 3784 1620 vero

2193 1656 2438 1712 secundo
2467 1671 2611 1712 anno
2631 1665 2754 1728 post
2781 1665 3012 1712 mortem
3041 1657 3258 1712 llenriei
3305 1657 3488 1713 fratris
3520 1659 3606 1713 sui
3639 1659 3784 1729 regis

509 1781 692 1835 Tertia
739 1777 1016 1834 Richardo
1076 1747 1382 1830 vicecomiti
1432 1771 1854 1844 Rothomagensi
1883 1811 1898 1838 ,
1950 1770 2092 1840 patri

2193 1747 2514 1820 Anglorum.

509 1872 765 1927 videlicet
837 1869 1114 1926 Lamberti
1180 1868 1246 1924 de
1307 1875 1500 1924 sancto
1567 1866 1814 1922 Sidonio.
1888 1865 2092 1930 Quarta

510 1960 792 2018 Osmundo
840 1957 1333 2015 de‘Centumvillis
1368 1957 1678 2014 vicecomiti
1722 1954 2094 2022 Vernonii,ex

507 2070 614 2124 qua
651 2063 810 2108 natus
859 2061 942 2108 est
967 2052 1174 2124 primus
1201 2043 1368 2106 Fuleo
1393 2052 1460 2107 de
1505 2050 1702 2114 Aneio,
1731 2047 1916 2120 plures
1943 2047 2087 2108 ﬁlim.

505 2161 738 2215 quarum
792 2160 897 2199 uua
929 2151 1102 2200 mater
1131 2141 1228 2198 fuit
1277 2131 1438 2213 primi
1469 2140 1718 2196 Balduini
1759 2142 1826 2194 de
1869 2138 2092 2194 Revers.
2191 2157 2194 2160 λ

506 2234 763 2301 Quintam
794 2231 948 2304 [Iugo
992 2233 1058 2288 de
1103 2221 1650 2286 Monle'Gummerici
1677 2228 1851 2292 duxit,
1887 2244 1954 2284 ex
1983 2243 2086 2300 qua

507 2337 666 2382 natus
694 2335 776 2381 est
801 2320 1072 2396 'Rogerius
1098 2335 1254 2396 pater
1285 2323 1507 2381 Roberti
1549 2311 1616 2380 de
1645 2311 1916 2378 Bclltimo.

1019 2439 1248 2496 CAPUT
1287 2437 1594 2496 XXXVlll-L

510 2531 629 2598 Qua
662 2533 936 2587 occasione
967 2531 1261 2602 Stephanus
1302 2547 1472 2584 comes
1496 2526 1735 2602 Moritoli
1765 2542 1920 2596 nepos
1949 2511 2110 2598 "eu:

818 2598 1076 2672 rici'regis
1105 2604 1150 2656 ei
1183 2603 1234 2655 in
1263 2616 1478 2671 regnum
1507 2598 1776 2653 successit.

575 2695 683 2750 bed
707 2693 765 2749 tit
791 2694 1076 2750 redeamus
1118 2695 1184 2749 ad
1217 2708 1280 2747 ea
1305 2694 1447 2747 unde
1479 2692 1704 2762 digressi
1726 2705 1912 2744 sumus
1932 2703 2094 2744 causa

505 2785 703 2840 harum
745 2785 1206 2857 genealogiarum,
1261 2775 1498 2840 obeuute
1553 2781 1789 2836 llenrico
1833 2796 1958 2851 rege
1987 2765 2096 2833 An-

502 2873 738 2944 glorum,
787 2873 1068 2928 'su‘ccessit
1093 2872 1212 2942 ipso
1261 2869 1448 2924 mense
1474 2868 1809 2924 decessionis
1833 2865 1949 2934 ejus
1978 2865 2097 2920 Ste-

510 2965 725 3035 phanus
758 2975 926 3033 nepos
974 2963 1111 3032 eius.
1163 2961 1296 3016 Nam
1322 2976 1442 3016 cum
1486 2953 1705 3029 degeret
1737 2945 1885 3013 idem
1911 2970 2094 3012 comes

511 3056 564 3109 in
593 3054 903 3110 Boloniensi
958 3051 1241 3120 comitatu,
1285 3043 1466 3105 audita
1513 3045 1685 3104 morte
1716 3047 1969 3103 avunculi
2010 3047 2092 3103 sui

502 3145 766 3202 velociter
815 3145 1196 3210 transfretans,
1248 3127 1450 3197 auxilio
1479 3133 1720 3196 'lienrici
1770 3133 1956 3193 fratris
2002 3139 2086 3192 sui

502 3238 899 3295 Wintonieusis
954 3237 1194 3308 episcopi
1237 3236 1496 3291 coronam
1549 3231 1701 3304 regni
1727 3230 1954 3299 adeptus
1991 3238 2092 3286 est.

503 3329 635 3387 Erat
674 3333 842 3397 enim,
893 3341 954 3386 ut
985 3329 1302 3400 prmdictum
1358 3333 1460 3392 est,
1521 3332 1650 3380 tunc
1691 3321 1952 3392 temporis
1983 3319 2096 3374 Ma-

503 3423 882 3478 thildislucrcs
905 3421 1074 3490 ipsius
1101 3419 1245 3492 regis
1283 3419 1334 3473 in
1365 3413 1741 3486 Audegavensi
1762 3427 1918 3484 pago.
1941 3410 2094 3468 Obti-

503 3513 620 3566 nuit
648 3521 824 3567 tamen
873 3512 986 3581 ipsa
1015 3509 1411 3572 Damfrontem,
1443 3513 1499 3562 et
1523 3504 2006 3576 Argentomagum,
2038 3507 2092 3554 et

503 3601 783 3667 Osinium,
833 3600 1054 3656 castella
1107 3601 1188 3654 sui
1242 3597 1436 3668 patris,
1464 3605 1520 3651 et
1563 3595 1664 3649 alia
1718 3594 1845 3659 tria,
1887 3591 2095 3646 scilicet

501 3692 722 3749 Colmize
739 3701 1002 3758 montem,
1015 3690 1330 3754 etGm-ram,
1347 3699 1400 3744 et
1415 3681 2088 3756 Ambreras[Amberras];

500 3797 625 3851 qua:
684 3782 904 3835 interim
961 3780 1232 3836 concessit
1285 3777 1495 3832 Juliello
1541 3776 1607 3830 de
1651 3774 1946 3838 Medvana,
1991 3773 2092 3828 hac

505 3871 838 3936 conditione,
895 3881 955 3926 ut
996 3870 1112 3940 ipse
1162 3881 1282 3924 eam
1325 3867 1554 3922 ﬁdeliter
1585 3865 1804 3936 iuvaret
1830 3865 1881 3918 in
1909 3862 2094 3934 acqui-

505 3964 675 4019 rendo
724 3977 876 4018 suam
927 3961 1321 4015 lmreditatem.
1359 3957 1583 4014 Dicebat
1636 3952 1780 4013 enim
1821 3955 1962 4011 idem
1992 3949 2088 4009 Ju-

507 4055 682 4111 hellus
733 4053 821 4108 illa
874 4053 975 4108 tria
1001 4051 1221 4124 oppida,
1258 4047 1512 4106 videlicet
1557 4059 1678 4120 qua:
1704 4037 1894 4104 ultimo
1918 4045 2094 4124 nomi-

503 4148 774 4212 navimus,
805 4147 856 4200 in
883 4163 978 4200 sua
1005 4143 1144 4199 terra
1169 4159 1308 4198 esse.
2049 4121 2072 4134 θ

577 4239 712 4296 Filia
745 4247 925 4293 autem
965 4237 1148 4292 Adelae
1179 4235 1301 4290 ﬁlia.-
1328 4231 1588 4290 Willelmi
1614 4229 2086 4304 regisAnglorum,

502 4329 569 4384 de
593 4345 699 4400 qua
723 4328 970 4399 superius
990 4326 1218 4381 fecinius
1248 4321 1796 4392 mentionem,’nupsit
1817 4319 2090 4376 Richardo

2796 1858 3025 1915 CAPUT
3055 1857 3168 1914 XL.

2197 1949 2274 2006 De
2301 1959 2450 2005 vento
2477 1951 2779 2022 vehementi
2806 1952 2898 2022 qui
2945 1951 3136 2004 accidit
3164 1961 3282 2004 ante
3301 1961 3528 2022 mortem
3559 1951 3782 2007 Haurit?

2268 2023 2434 2091 regis;
2461 2032 2521 2074 'et
2549 2023 2687 2092 quod
2724 2019 2937 2092 plurimi
2958 2022 3249 2093 principum
3273 2021 3479 2092 Anglici
3517 2025 3660 2093 regni
3693 2025 3781 2075 de-

2269 2093 2436 2162 functi
2451 2103 2569 2144 sunt
2590 2093 2700 2161 ipso
2724 2107 2886 2158 aurw,
2911 2092 2987 2146 vel
3009 2094 3374 2162 sequenti,quo
3399 2109 3492 2146 rex
3518 2092 3782 2148 Henricus

2269 2174 2505 2218 mortuus
2527 2173 2620 2216 εει.

2270 2255 2346 2309 Eo
2375 2267 2518 2309 anno
2547 2269 2655 2324 quo
2705 2253 2846 2309 idem
2881 2268 2975 2309 rex
3019 2253 3286 2312 Henricus
3325 2256 3579 2312 humanis
3621 2256 3784 2310 rebus

2199 2349 2509 2404 subtractus
2557 2358 2658 2414 est,
2717 2347 2894 2404 factus
2933 2355 3126 2404 ventus
3159 2350 3454 2404 vehemens
3485 2349 3778 2404 ist-North;

2199 2439 2420 2495 mannia
2464 2449 2520 2495 et
2555 2441 2609 2494 in
2653 2441 2776 2508 aliis
2817 2440 3064 2509 pluribus
3113 2439 3422 2512 regionibus
3465 2442 3636 2510 paulo
3657 2451 3782 2496 ante

2199 2540 2432 2586 mortem
2456 2531 2648 2602 ipsius,
2675 2531 2888 2587 scilicet
2913 2530 3093 2602 vigilia
3127 2532 3510 2601 Apostolorum
3535 2533 3778 2590 Simonis

2199 2631 2250 2677 et
2274 2621 2444 2678 ludas.
2479 2621 2598 2677 Non
2623 2621 2794 2678 multo
2825 2637 2953 2676 vero
2998 2633 3121 2691 post
3148 2631 3378 2678 mortem
3401 2623 3517 2694 ejus
3537 2633 3782 2695 tempore

2201 2725 2498 2779 transacto,
2562 2715 2615 2768 id
2671 2725 2774 2780 est,
2807 2716 2924 2784 ipso
2951 2731 3113 2788 anno,
3145 2716 3229 2770 vel
3265 2718 3539 2788 sequenti,
3577 2719 3779 2774 mortui

2199 2817 2322 2861 sunt
2351 2807 2534 2876 plures
2548 2821 2614 2861 ex
2643 2801 2975 2876 principibus
3004 2787 3210 2878 Anglici
3237 2787 3406 2878 re'gni,
3431 2791 3777 2874 judicio-Dei:

2198 2899 2455 2954 videlicet
2506 2897 2808 2952 Willelmus
2850 2885 3259 2974 Cantuaricnsis
3302 2897 3776 2974 archiepisc0pns,

2198 2992 2483 3061 episc0pus
2522 2983 2908 3055 ltoveceStrite,
2960 2971 3246 3060 episcopus
3303 2971 3650 3054 Exoniensis.
3684 2971 3778 3044 Bi-

2122 3098 2165 3160 ε
2198 3077 2434 3136 chardu‘s
2459 3080 2608 3160 ﬁlius
2633 3078 2944 3144 Gisleberti,
2979 3089 3038 3134 ut
3063 3081 3176 3150 jam
3205 3079 3408 3160 dictum
3439 3089 3546 3147 est,
3569 3079 3780 3136 [leber-

2197 3167 2284 3227 ttis
2327 3171 2469 3226 ﬁlius
2509 3159 2769 3226 Richardi
2821 3165 3048 3242 patruus
3099 3170 3236 3236 ejus,
3281 3155 3598 3228 .Richardus
3635 3172 3780 3228 ﬁlius

2195 3261 2442 3318 Balduini
2498 3261 2857 3317 consobrinus
2887 3259 3080 3316 horum
3119 3247 3348 3318 duorum
3377 3247 3567 3318 ultimo
3599 3264 3776 3318 nomi-

2196 3361 2473 3417 natorum,
2520 3368 2620 3408 nec
2651 3367 2758 3408 non
2794 3360 2849 3408 et
2878 3354 3149 3410 secundus
3191 3337 3505 3410 'Willclmus
3549 3355 3619 3410 de
3648 3353 3779 3410 Wa-

2195 3467 2368 3530 reuna
2394 3463 2578 3504 comes
2608 3447 2864 3504 Surreiae.
2923 3447 3018 3503 Cui
3050 3441 3534 3526 successit‘ter‘tius
3569 3441 3778 3504 Willel-

2195 3559 2317 3600 mus
2335 3543 2476 3598 ﬁlius
2489 3540 2626 3608 ejus,
2641 3543 2802 3596 natus
2815 3555 2881 3597 ex
2893 3539 3168 3596 Elisalieth
3189 3542 3296 3598 ﬁlia
3321 3541 3566 3613 Hugonis
3595 3540 3776 3609 magni

2195 3634 2412 3690 comitis
2463 3633 2936 3710 Viromandorum.
2993 3631 3118 3687 Fuit
3159 3631 3336 3710 autem
3383 3634 3562 3702 primo
3583 3632 3774 3702 juncta

2194 3725 2451 3795 praedicta
2489 3707 2767 3778 eomitissa
2791 3723 3026 3778 Roberto
3049 3725 3230 3778 comiti
3261 3707 3513 3788 Mellenti,
3539 3732 3594 3778 et
3615 3737 3686 3778 ex
3711 3736 3776 3777 ea

2193 3817 2382 3873 habuit
2404 3825 2515 3872 tres
2543 3801 2687 3874 ﬁlios
2713 3826 2770 3874 et
2791 3817 3011 3874 totidem
3043 3817 3206 3873 ﬁlias.

2775 3969 2913 4027 'CA'P
2923 3971 3011 4028 UT
3051 3969 3185 4026 XLI.

2193 4051 2272 4118 De
2297 4063 2422 4135 ﬁliis
2451 4064 2668 4121 Roberli
2694 4065 2896 4135 comitis
2925 4061 3229 4135 Melienjiet
3255 4061 3382 4135 ﬁliis
3413 4059 3633 4116 Heinrici
3662 4061 3771 4130 {ru-

2608 4136 2706 4189 tris
2731 4133 2843 4204 ejus
2875 4133 3076 4188 comitis
3101 4131 3350 4188 Waru'ic.

2259 4246 2527 4303 Filiorum
2551 4261 2682 4301 vero
2705 4246 2831 4310 duo,
2863 4244 3074 4298 scilicet
3103 4242 3466 4297 Walerannus
3487 4249 3542 4294 et
3565 4241 3772 4296 Βοιωτ-

2193 4343 2303 4405 tus,
2331 4339 2426 4409 qui
2458 4337 2670 4406 gemelli
2711 4336 2948 4400 fuerunt,
2982 4331 3358 4390 successerunt
3388 4332 3458 4386 ei.
3491 4329 3770 4386 Walerau-

501 4421 687 4476 omni”
736 4417 1033 4483 εθδίτθηδῖν
1087 4417 1196 4470 mi"
1229 4415 1470 4484 ""gonis
1519 4413 1766 4478 comitis;
1810 4413 1900 4483 ‘1“i
1929 4412 2088 4485 ""30
2117 4440 2165 4499 ι)
2194 4448 2296 4488 nus
2323 4432 2592 4502 siquidem
2621 4427 3011 4501 primogenitus
3035 4425 3272 4494 suscepit
3299 4424 3618 4478 comitatum
3647 4423 3769 4476 ille!-

502 4509 609 4564 l’uit
648 4508 795 4564 ﬁlius
841 4507 1098 4562 Richardi
1135 4505 1474 4560 vicecomitis
1505 4503 1917 4561 Alirinca'tcnsis
1935 4504 2084 4574 pagi.

503 4601 640 4656 Cum
667 4615 794 4656 vero
815 4599 1128 4654 'llichardus
1153 4608 1208 4652 et
1233 4611 1372 4652 uxor
1397 4595 1514 4666 ejus
1544 4597 1596 4651 in
1628 4611 1769 4665 saepe
1797 4595 1942 4652 dicto
1957 4611 2089 4649 nau-

503 4689 679 4762 fragio
709 4707 831 4746 cum
861 4689 1134 4746 Willelmo
1162 4689 1271 4744 ﬁlio
1298 4688 1440 4761 regis
1481 4687 1699 4743 Henrici
1729 4689 1926 4743 mortui
1958 4686 2091 4742 fuis—

505 4793 626 4838 sent
657 4824 671 4848 ,
719 4781 985 4838 Ranull'us
1026 4783 1331 4838 vicecomes
1367 4779 1700 4851 Bajocasini,
1732 4779 2090 4834 consobrinus

505 4873 678 4944 ipsius
695 4869 974 4941 Richardi,
1003 4875 1230 4946 adeptus
1258 4881 1341 4930 est
1367 4872 1686 4929 comitatum
1715 4871 1850 4939 ejus.
1881 4871 2090 4924 Mortuo

502 4977 687 5022 autem
749 4967 938 5022 eodem
991 4965 1252 5032 Ranull‘o,
1295 4963 1560 5022 successit
1587 4963 1635 5020 ei
1667 4963 1796 5019 item
1826 4962 2090 5017 Rauull‘us

503 5057 646 5115 ﬁlius
697 5055 835 5127 ejus,
893 5058 976 5112 vir
1030 5059 1083 5113 in
1137 5059 1299 5114 rebus
1343 5057 1553 5114 bellicis
1600 5059 1876 5112 strenuus.
1920 5053 2020 5125 Huj
2065 5070 2090 5110 s

506 5158 687 5205 autem
711 5147 928 5204 Rapum
970 5156 1210 5203 sororem
1244 5149 1393 5204 duxit
1425 5149 1730 5205 Richardns
1763 5147 1904 5202 ﬁlius
1919 5144 2090 5202 Gisfe-

505 5241 671 5304 berti,
720 5245 786 5297 e‘x
830 5256 938 5310 qua
977 5241 1213 5310 suscepit
1245 5249 1356 5296 tres
1396 5241 1556 5297 ﬁlios.
1588 5241 1706 5311 Ipse
1735 5232 1966 5310 denique
1994 5239 2089 5294 Ri-

2191 4524 2320 4581 lenti
2348 4532 2401 4578 et
2427 4522 2624 4576 terram
2653 4535 2814 4590 quam
2841 4527 2997 4588 pater
3018 4515 3457 4570 eorumhabebat
3483 4515 3534 4568 in
3565 4512 3766 4567 North—

2191 4613 2428 4667 tnannia.
2455 4610 2726 4665 Robertus
2755 4615 2883 4664 vero
2897 4609 3213 4663 comitatum
3235 4603 3621 4673 Legrceestria:
3645 4601 3766 4672 [al..

2189 4697 2588 4772 Legiecestriae]
2615 4701 2666 4754 in
2693 4697 3110 4768 Angliaﬁupsit
3142 4707 3320 4750 autem
3357 4701 3532 4747 mater
3557 4706 3762 4755 eorum,

2191 4801 2404 4848 mortuo
2420 4791 2600 4861 priore
2614 4791 2810 4844 marite
2825 4831 2838 4856 ,
2860 4787 3098 4842 secundo
3113 4786 3388 4840 Willelmo
3413 4785 3478 4837 de
3493 4781 3764 4836 Warenna

2191 4883 2374 4938 comiti
2417 4881 2674 4946 Sanciae,
2715 4897 2778 4934 ex
2811 4894 2913 4947 qua
2969 4877 3208 4946 suscepit
3239 4891 3402 4930 unum
3437 4874 3631 4938 lilium,
3663 4873 3766 4927 sci-

2189 4975 2319 5030 licet
2365 4972 2698 5028 Willelmum
2761 4973 2980 5026 tertium
3040 4979 3094 5025 et
3139 4971 3274 5024 duas
3311 4968 3469 5023 ﬁlias.
3503 4965 3766 5020 Filiarum

2190 5077 2322 5118 vero
2369 5062 2785 5132 primogenitum
2811 5060 3018 5131 accepit
3049 5073 3274 5114 uxorem
3314 5071 3494 5112 comes
3521 5057 3767 5124 liogerus

2191 5155 2257 5211 de
2289 5154 2552 5208 Warwic.
2576 5151 2700 5206 Fuit
2722 5161 2900 5206 autem
2934 5153 3072 5205 idem
3105 5149 3349 5220 Rogerus
3378 5149 3517 5202 ﬁlius
3545 5145 3762 5200 Henrici

2190 5245 2405 5302 comitis
2442 5245 2626 5299 fratris
2683 5243 2904 5298 Roberti
2963 5242 3180 5295 comitis
3225 5239 3478 5300 Mellcnti,
3508 5246 3673 5290 natus
3699 5249 3766 5290 cx
