4044 5360
269 259 374 318 009

1195 257 1518 322 HISTORIA
1555 265 2214 330 NORTHMANNORUM.
2253 306 2322 318 —-
2351 279 2654 338 ADDITIS.

3433 293 3538 356 9i0

505 391 670 482 quam
707 385 860 482 pater
885 389 1092 479 ’θοι-11η]
1132 377 1398 481 habuerat
1437 379 1490 434 in
1521 379 1846 482 ll‘iorth-mau-
1873 394 1924 452 Α
1949 390 2116 446 cessit
2135 388 2426 450 Tetbaldus
2447 398 2596 466 prior
2617 395 2856 466 ejusdem
2884 399 3009 458 loci.
3039 401 3338 462 Willelmus
3361 413 3526 482 etiam

267 469 380 522 nia.
407 467 510 524 llic
531 466 800 524 Robertus
823 467 924 522 fuit
943 477 1153 522 amator
1181 469 1408 525 intimus
1439 479 1494 526 et
1531 472 1848 528 henel‘actor

263 557 560 614 Bcceensis
585 560 852 614 ecclesia).
881 559 978 614 Ilic
999 560 1207 630 accepit
1230 575 1450 615 uxorem
1477 577 1716 616 sororem
1749 563 1872 634 Ιῖο-Δ

262 647 400 716 εετίί
433 649 500 704 de
546 648 806 712 Toeneio,
837 648 1001 702 ﬁliam
1033 651 1256 704 secundi
1294 650 1530 714 nouum,
1559 637 1902 732 Godechil-‘I'é,

265 739 390 792 dem
433 740 676 804 l'tOllline,
731 753 798 794 et
829 755 934 810 qua
977 739 1170 795 habuit
1198 741 1384 810 plures
1423 741 1600 808 ﬁlios,
1641 739 1874 798 scilicet

265 827 564 884 Henricnm
595 839 650 885 et
671 829 870 884 fratres
897 829 1034 898 ejus.

845 943 1072 998 CAPUT
1111 944 1264 998 XLII.

259 1031 342 1086 De
365 1033 514 1088 obitu
555 1033 734 1088 domui
761 1031 984 1088 Bosom‘s
1019 1035 1222 1117 abba-tis
1259 1035 1552 1102 Beccensir,
1569 1045 1620 1092 et
1647 1037 1712 1090 de
1729 1053 1848 1092 suc-

869 1122 1070 1158 cessere
1111 1123 1156 1175 ρ]
1165 1123 1244 1160 us.

331 1211 492 1266 Circa
547 1212 664 1267 haec
691 1220 934 1282 tempora
965 1214 1196 1268 domnus
1227 1215 1388 1278 Boso,
1421 1225 1646 1284 quartus
1681 1215 1846 1270 abbas

257 1301 534 1365 Becci,vir
557 1317 658 1371 per
683 1305 866 1357 omnia
899 1303 1184 1360 laudabilis
1209 1304 1334 1358 vitae
1359 1305 1616 1368 decessit,
1641 1314 1696 1359 et
1725 1321 1849 1360 suc-

263 1437 1382 1465 ww

1955 482 2064 536 dux
2113 483 2508 556 Aquitanorum
2563 505 2672 546 non
2727 491 2896 548 multo
2947 503 3070 564 post
3126 502 3376 556 mortuus
3425 515 3531 556 est.

1955 573 2124 644 Ilujus
2153 577 2318 632 ﬁliam
2363 581 2580 638 unicam
2625 597 2748 638 cum
2793 585 2962 655 ipsius
3000 589 3200 644 ducatu
3229 591 3537 650 Ludovicus

1953 667 2098 722 filius
2127 671 2270 740 regis
2299 672 2636 728 Francorum
2663 679 2875 748 accepit
2911 681 2964 734 in
2995 698 3255 752 uxorem;
3291 696 3536 744 mortuo-

1953 773 2062 827 qne
2085 758 2360 816 Ludovico
2387 775 2542 833 patre
2565 780 2664 822 suo
2711 768 2826 838 ipso
2849 786 2992 824 anno
3015 773 3134 828 Kal.
3166 779 3378 846 augusti
3403 795 3534 836 suc-

1957 851 2120 906 cessit
2144 853 2320 908 eidem
2349 855 2651 914 Ludovicus
2686 859 2936 930 juvenis,
2963 864 3138 920 factus
3165 883 3260 924 rtx
3291 869 3532 928 Franco-

1953 958 2074 996 rum
2127 953 2185 998 et
2238 947 2344 1002 dux
2385 949 2806 1018 Aquitanorum,
2861 969 3004 1010 anno
3045 959 3112 1012 ab
3149 958 3534 1018 Iuearnatione

1951 1031 2164 1088 Domini
2189 1035 2340 1100 “57,
2365 1053 2472 1106 quo
2489 1054 2632 1096 anno
2667 1041 2767 1096 fuit
2791 1045 3021 1100 maxima
3065 1049 3298 1104 siccitas.
3327 1052 3526 1108 Eodem

1951 1139 2094 1178 anno
2129 1135 2374 1182 mortuus
2403 1139 2488 1184 est
2519 1129 2808 1188 botharius
2838 1136 3134 1205 imperator
3163 1140 3528 1198 Romanorum

1950 1223 2006 1270 et
2057 1217 2518 1286 Alemannornm;
2573 1238 2657 1276 cut
2710 1229 2971 1282 successit
3026 1230 3310 1288 Cotlradus
3363 1251 3530 1303 nepos

1951 1307 2174 1364 IIenrici
2195 1309 2286 1374 IV,
2312 1311 2404 1380 qui
2433 1321 2555 1366 ante
2585 1313 2901 1372 Lotharium
2927 1321 3306 1392 imperaverat.

1389 1445 3514 1494 __________________________________

645 1605 1356 1710 ADDITAMENTA
1431 1611 1560 1708 AD
1637 1609 2186 1713 HISTORIAM
2257 1613 3156 1724 NORTHMANNORUM

257 1969 266 1976 ’
323 1959 522 2027 Paucis
566 1973 633 2028 de
679 1961 924 2044 pluribus
975 1969 1041 2028 de
1089 1979 1390 2028 memorato
1453 1969 1648 2028 illustri
1711 1987 1839 2044 rege
1870 1947 1914 2013 Β
1943 1971 2349 2050 archiepiscopo
2389 1982 2644 2050 omnique
2693 1983 2886 2053 popqu
2917 1985 3340 2061 Rothomageasi
3377 1999 3436 2046 nt
3467 1992 3520 2046 in

251 2063 491 2120 Ilenrieo
534 2065 692 2120 tactis
740 2067 1016 2120 succincte
1059 2066 1237 2135 potius
1281 2081 1441 2136 quam
1499 2067 1836 2136 prosecutis,

251 2157 578 2211 miraculum
621 2158 912 2225 quoddam,
945 2157 1164 2228 dignum
1204 2174 1308 2212 non
1344 2159 1522 2212 minus
1563 2157 1839 2214 fructuoso

253 2250 428 2304 relatu
479 2267 639 2320 quam
673 2251 998 2312 admirabili,
1027 2251 1455 2306 subnectendum
1492 2251 1833 2317 censuimus;

249 2345 397 2412 quod
437 2345 599 2399 etiam
629 2345 782 2415 quasi
833 2343 898 2398 ad
945 2352 1102 2415 caput
1149 2343 1390 2398 historia:
1425 2343 1687 2412 compulit
1737 2355 1836 2399 nos

249 2437 474 2491 reverti.

318 2527 548 2595 Quantte
595 2527 913 2582 humilitatis
961 2526 1121 2584 Roilo
1191 2525 1293 2582 fuit
1335 2535 1622 2596 postquam
1673 2525 1829 2581 fidem

247 2619 450 2674 Christi
483 2620 761 2688 suscepit,
795 2635 857 2673 ex
899 2635 1004 2672 una
1059 2633 1120 2672 re
1167 2629 1328 2688 quan.
1381 2617 1529 2681 fecit,
1583 2617 1832 2687 patenter

247 2713 462 2766 cunctis
493 2711 744 2766 innotuit.
779 2711 1019 2778 Quodam
1045 2719 1310 2780 tempore.
1331 2717 1616 2780 postquam
1645 2709 1832 2780 pacifi-

245 2816 406 2861 catus
435 2817 518 2861 est
545 2813 666 2862 cum
695 2815 820 2876 rege
845 2803 1120 2864 Francize.
1166 2805 1445 2858 venientes
1477 2804 1542 2858 ad
1580 2819 1702 2859 eum
1733 2805 1833 2858 lto-

245 2895 424 2953 mincs
475 2889 830 2968 Rothomagi,
892 2879 1175 2968 c'a‘perurit
1225 2913 1348 2951 utﬁt
1407 2911 1597 2966 rogere
1659 2904 1717 2949 ut
1763 2897 1828 2950 de

243 2989 479 3045 Francia
513 2991 714 3044 faceret
736 3005 932 3058 corpus
971 2989 1140 3043 sancti
1173 2987 1414 3042 Audoeni
1453 2987 1660 3052 redire,
1683 2987 1826 3056 quod

241 3091 468 3150 propter
514 3081 760 3134 timorem
808 3079 923 3148 ejus
961 3075 1088 3134 illuc
1114 3077 1238 3133 olim
1289 3079 1462 3133 fuerat
1509 3077 1824 3134 translatum

243 3174 528 3243 antiquam
585 3172 817 3240 cepisset
866 3169 1330 3226 Northmanniam.
1389 3189 1408 3221 α
1454 3169 1684 3234 Tristes,
1739 3167 1826 3222 in-

243 3265 464 3332 quiunt,
497 3270 552 3317 et
596 3261 822 3316 multum
873 3262 1118 3317 dolentes
1157 3277 1378 3326 sumus,
1418 3261 1558 3330 quod
1607 3260 1686 3315 sie
1736 3273 1798 3312 ar

243 3353 646 3423 ehiepiscopum
692 3363 936 3408 nostrum
985 3351 1334 3422 perdidimus.
1377 3369 1396 3400 ι
1447 3349 1559 3404 Hoc
1598 3349 1826 3403 audiens
1852 3347 1894 3367 “

241 3461 431 3503 eomes
481 3443 758 3500 mandavit
795 3445 906 3514 regi
947 3443 1190 3499 Franciae
1237 3452 1296 3496 ut
1339 3443 1388 3496 ei
1444 3444 1823 3513 presbyterum

240 3553 402 3592 somn
447 3538 730 3602 redderet;
775 3536 916 3604 quod
948 3536 994 3590 si
1025 3549 1132 3590 non
1171 3533 1373 3588 faceret
1393 3573 1408 3595 ,
1439 3532 1628 3602 procul
1658 3530 1824 3584 dubi'o

240 3629 410 3684 sciret
488 3621 634 3696 quod
691 3619 839 3681 nullo
875 3625 1034 3680 modo
1066 3638 1188 3679 eum
1239 3621 1334 3677 illo
1385 3637 1570 3692 pacem
1623 3619 1824 3675 habere

239 3729 444 3790 posset.
471 3717 590 3772 Rex
635 3725 810 3772 autem
836 3715 1083 3771 Francize
1116 3714 1304 3770 nolens
1332 3715 1380 3768 ei
1416 3715 1482 3768 de
1512 3715 1614 3768 hoc
1641 3725 1699 3768 re
1742 3711 1823 3765 fa-

237 3819 368 3865 cere
417 3807 746 3872 molestiam,
797 3801 1030 3862 reddidit
1075 3807 1126 3862 ei
1170 3805 1314 3861 sicut
1377 3806 1612 3876 petebat,
1664 3819 1820 3860 suum

238 3906 656 3980 presbyterum.‘
675 3899 790 3962 Dux
817 3924 945 3963 vero
973 3905 1228 3979 prmeepit
1273 3916 1330 3962 ut
1366 3903 1486 3962 inde
1531 3909 1820 3964 reducere-

241 4011 332 4054 tur
365 4017 562 4069 corpus
599 3999 774 4054 sancti
803 3997 1046 4055 Audoeni
1073 4040 1088 4063 ,
1135 4015 1352 4070 suaeque
1382 3991 1702 4056 redderetur
1727 4015 1818 4054 ec-

239 4089 618 4154 clesiae,unde
665 4089 840 4144 fuerat
887 4099 1244 4160 asportatum.
1292 4091 1537 4148 Monachi
1569 4107 1700 4164 ergo
1727 4094 1818 4164 qui

237 4180 494 4234 custodes
523 4179 638 4247 ejus
668 4177 918 4242 fuerunt,
946 4180 1072 4232 dum
1107 4180 1159 4231 in
1189 4178 1416 4235 Francia
1463 4181 1563 4234 fuit
1587 4221 1602 4244 ,
1637 4197 1823 4252 repor-

239 4279 496 4326 taverunt
536 4271 667 4324 illud
715 4285 885 4340 usque
936 4271 1002 4326 ad
1031 4269 1319 4340 quamdam
1350 4269 1534 4326 viliam
1565 4273 1630 4326 ad
1655 4287 1818 4328 unam

235 4357 448 4431 Ieugattt
479 4364 548 4415 ab
590 4361 720 4414 urbe
763 4361 1208 4432 ltothomagensi.
1244 4361 1362 4428 Quo
1391 4375 1512 4416 cum
1541 4363 1820 4432 pervenis-

234 4459 378 4512 sent,
409 4465 514 4504 non
544 4457 732 4520 parum
783 4445 847 4504 de
891 4450 975 4503 via
1024 4449 1209 4504 lassati
1258 4459 1573 4503 manserunt
1620 4449 1815 4504 ibidem

238 4543 328 4616 illa
354 4551 533 4606 nocte,
561 4550 623 4595 ut
669 4556 828 4596 mane
871 4549 1175 4612 surgentes,
1207 4539 1252 4594 si
1304 4549 1538 4608 possent.
1571 4545 1812 4596 sanctum

233 4635 554 4689 Audoenum
583 4635 649 4687 ad
679 4649 833 4688 suum
865 4633 1046 4687 locum
1073 4639 1430 4701 reportarem.
1459 4631 1592 4686 Cum
1627 4631 1811 4702 itaque
1834 4645 1888 4703 υ

234 4743 394 4782 mane
416 4735 736 4796 surgerent,
759 4741 991 4796 eumque
1017 4726 1084 4779 ad
1119 4721 1391 4779 civitatem
1427 4732 1646 4794 portare
1688 4726 1804 4780 vel—

233 4815 365 4882 lent,
415 4817 564 4872 nullo
605 4817 763 4872 modo
812 4823 1122 4885 potuerunt.
1163 4811 1314 4872 Tunc
1345 4815 1526 4870 tristes
1554 4815 1805 4878 monachi

231 4908 568 4978 nimiumque
595 4907 911 4961 dolentesde
933 4907 1036 4964 hoc
1059 4907 1198 4976 quod
1219 4907 1322 4962 illis
1351 4905 1641 4972 acciderat,
1658 4923 1809 4961 man-

229 4993 496 5052 daverunt
526 4997 737 5052 civibus
786 4997 928 5064 quod
957 4998 1128 5052 sancti
1155 4998 1396 5053 Audoeni
1429 5013 1623 5066 corpus
1661 4995 1808 5051 nullo

229 5087 387 5142 modo
413 5096 667 5144 poterant
693 5099 909 5141 movere
934 5088 997 5141 le
1025 5085 1144 5140 ioco
1177 5087 1266 5140 illo
1316 5081 1405 5142 ubi
1435 5085 1688 5144 iacuerat
1719 5085 1806 5140 illa

1943 2064 2114 2120 laneis
2146 2071 2386 2123 vestibus
2419 2080 2472 2124 et
2503 2073 2660 2125 nudis
2689 2075 2911 2142 pedibus
2933 2093 3056 2130 cum
3087 2095 3152 2131 eo
3179 2081 3244 2134 ad
3271 2091 3518 2136 sanctum

1939 2153 2256 2211 Audoenum
2286 2172 2600 2230 pergerent,
2627 2163 2852 2232 ejusque
2877 2167 3132 2234 pietatem
3159 2185 3318 2238 quam
3357 2173 3522 2225 devo-

1939 2247 2044 2302 tius
2069 2259 2290 2318 possent
2319 2263 2612 2307 exorarent
2659 2267 2924 2324 quatenus
2951 2259 3018 2312 ad
3047 2261 3302 2316 stultitias
3329 2277 3518 2318 eorum

1938 2339 2022 2394 vel
2057 2342 2410 2413 negligentias
2461 2361 2566 2398 non
2609 2349 2933 2416 respiceret.
2961 2351 3054 2404 sed
3103 2355 3366 2422 propitius
3413 2355 3520 2408 illis

1935 2439 2113 2496 esset,
2159 2447 2324 2501 seque
2371 2434 2438 2487 de
2473 2435 2570 2490 illo
2615 2436 2732 2492 loco
2759 2439 2822 2492 ad
2865 2440 3139 2495 civitatem
3168 2482 3182 2504 ,
3219 2445 3310 2498 ubi
3340 2447 3522 2500 archi‘

1935 2520 2222 2592 episcopus
2247 2523 2445 2586 fuerat,
2479 2527 2762 2582 transferri
2799 2531 3155 2598 permitteret.
3203 2533 3356 2592 Tune
3403 2537 3518 2606 ipse

1935 2610 2038 2663 dux
2068 2613 2450 2678 primus,sicut
2473 2618 2688 2672 ωηερε-ῖς
2716 2623 3136 2690 prmceperat,in
3159 2623 3334 2680 laneis
3353 2629 3518 2682 vesti-

1933 2700 2032 2756 bus
2067 2711 2122 2756 et
2147 2705 2304 2760 nudis
2325 2709 2554 2776 pedibus
2575 2725 2742 2780 usque
2771 2713 2838 2766 ad
2863 2713 3042 2768 villam
3093 2717 3146 2770 in
3168 2733 3272 2786 qua
3293 2729 3516 2774 sanctus

1931 2793 2222 2850 Attdoeous
2247 2808 2366 2850 erat
2419 2802 2684 2868 pervenit.
2713 2803 2830 2869 Quo
2859 2819 2982 2860 cum
3007 2810 3362 2876 pervenisset,
3391 2827 3517 2881 pros

1936 2887 2082 2941 linus
2123 2903 2245 2942 cum
2295 2891 2444 2946 enini
2497 2895 2696 2962 populo
2723 2895 2814 2964 qni
2856 2911 2978 2950 cum
3025 2913 3092 2953 eo
3127 2911 3246 2956 erat
3273 2943 3288 2968 ,
3329 2919 3516 2960 coram

1933 2979 2132 3035 feretro
2162 2983 2280 3052 ejus
2326 2995 2636 3056 prostratus
2685 2992 2798 3046 hare
2851 2995 3056 3048 orando
3095 2997 3232 3050 dixit
3269 3017 3280 3051 :
3315 2998 3518 3054 Sancte

1929 3071 2217 3138 Amineae,
2267 3076 2408 3132 bone
2454 3081 2860 3152 archiepiscopo
2904 3095 2959 3140 et
3015 3087 3272 3143 advocate
3303 3101 3512 3148 nos'er.

1929 3163 2224 3228 permittite
2237 3163 2334 3235 [aL
2347 3168 2648 3241 ,permitte]
2675 3185 2870 3240 corpus
2886 3182 3122 3230 vestrum
3144 3179 3210 3230 ad
3239 3179 3512 3234 civitatem

1933 3253 2234 3317 transferri,
2269 3256 2358 3309 ubi
2399 3261 2642 3326 praesulis
2671 3261 2846 3316 oiiicio
2877 3263 3092 3320 functus
3133 3267 3310 3324 fuistis
3347 3280 3402 3324 et
3427 3285 3514 3327 sa-

1931 3353 2056 3394 cras
2115 3343 2516 3401 benedictioaes
2587 3351 2782 3418 smpius
2819 3351 3072 3406 fecistis.
3143 3355 3210 3410 Et
3271 3371 3371 3426 ego
3447 3362 3514 3410 do

1927 3429 2176 3485 ecclesia:
2221 3441 2418 3488 vestra:
2445 3444 2502 3489 et
2527 3439 2681 3492 vobis
2713 3449 2910 3494 terram
2945 3451 3110 3497 totam
3139 3457 3262 3514 quae
3299 3447 3512 3515 adjacet

1929 3523 1994 3576 ab
2035 3523 2140 3576 isto
2167 3524 2289 3580 loco
2333 3541 2504 3596 usque
2551 3531 2616 3582 a.l
2651 3533 2846 3584 motuin
2885 3533 3143 3590 civitatis.
3177 3537 3328 3592 Tunc
3371 3553 3504 3594 eon-

1925 3617 2079 3670 tinuo
2099 3631 2282 3672 comes
2305 3627 2360 3672 et
2389 3621 2613 3689 populus
2639 3623 2919 3678 submissis
2951 3625 3190 3682 humeris
3219 3631 3506 3691 teretrnm.

1927 3709 1979 3762 in
2009 3725 2116 3778 quo
2141 3720 2388 3766 sanctum
2409 3728 2609 3784 corpus
2635 3724 2773 3776 erat,
2805 3713 3058 3772 facillime
3081 3719 3370 3788 deportare
3399 3739 3508 3778 cce-

1923 3807 2142 3868 perunt,
2159 3811 2212 3854 et
2240 3801 2320 3856 sic
2341 3815 2516 3871 usque
2550 3804 2615 3857 ad
2643 3804 2926 3858 ecclesiam
2951 3821 3104 3861 suam
3133 3809 3430 3878 gaudentes
3451 3821 3510 3868 et

1923 3888 2230 3943 exultantes
2263 3890 2702 3958 deportaverunt.
2731 3893 2807 3948 Ex
2840 3894 2998 3964 hujus
3025 3897 3104 3950 rei
3132 3909 3326 3953 eventu
3351 3901 3508 3957 dixe—

1925 3991 2052 4036 runt
2095 3983 2313 4052 quidam
2362 3983 2504 4037 illam
2555 3983 2790 4039 villulam
2833 3985 3074 4058 Longum
3117 3989 3352 4044 Peanum
3381 4033 3394 4054 ,
3439 4009 3510 4048 eo

1923 4077 2066 4144 quod
2097 4091 2280 4130 comes
2309 4075 2436 4130 illuc
2489 4084 2598 4129 tam
2631 4076 2847 4147 longum
2888 4078 2990 4133 iter
3021 4079 3252 4136 nudibus
3281 4083 3508 4151 pedibus

1922 4165 2156 4220 fecisset.
2192 4165 2248 4221 Si
2271 4168 2391 4237 quis
2412 4166 2515 4223 hoc
2547 4167 2746 4222 factum
2783 4185 2888 4224 non
2917 4183 3040 4226 esse
3066 4169 3274 4240 signum
3299 4189 3506 4241 magna:

1923 4257 2242 4312 humilitatis
2274 4260 2488 4320 asserit,
2523 4261 2588 4312 de
2620 4273 2686 4314 eo
2729 4261 2832 4315 dici
2863 4262 3134 4318 veraciter
3155 4271 3336 4332 potest
3359 4265 3504 4334 quod

1921 4350 2049 4418 quid
2073 4351 2145 4404 sit
2173 4365 2364 4420 magna
2389 4350 2673 4403 humilitas
2699 4351 2891 4405 nescit.

1985 4439 2256 4506 ,Quidrlam
2283 4455 2412 4494 vero
2435 4438 2578 4493 aliud
2609 4440 2808 4494 dicitur
2831 4440 3005 4494 cidem
3031 4442 3214 4496 comiti
3238 4442 3504 4498 accidisse

1918 4547 1982 4582 eo
2038 4539 2280 4600 tempore
2320 4547 2426 4599 quo
2460 4531 2694 4599 primum
2745 4533 3060 4600 paciﬁcatus
3108 4541 3190 4586 est
3223 4547 3346 4587 cum
3377 4548 3504 4602 rego

1919 4621 2174 4674 Francius.
2189 4620 2432 4688 Quadam
2447 4621 2666 4675 diedum
2683 4629 2826 4675 esset
2846 4622 2982 4673 idem
2997 4623 3102 4674 du:
3131 4622 3268 4690 apud
3293 4622 3504 4676 notho-

1916 4725 2152 4780 magum,
2167 4713 2232 4766 ad
2245 4725 2525 4780 vesperam
2541 4712 2709 4779 ipsius
2728 4711 2832 4764 diei
2855 4711 3068 4764 stabant
3087 4711 3302 4780 plurimi
3325 4712 3504 4767 homi-

1915 4813 2014 4857 nes
2036 4811 2161 4859 ante
2173 4803 2361 4858 domos
2383 4819 2529 4868 suas,
2553 4817 2671 4872 quae
2688 4803 3005 4872 erantjuxta
3022 4804 3192 4874 ripam
3209 4805 3502 4875 Sequanre.

1915 4895 2029 4950 Illic
2077 4911 2208 4952 vero
2257 4911 2378 4951 cum
2423 4903 2625 4956 essent,
2665 4893 3020 4964 eamdemque
3043 4909 3237 4964 aquam
3289 4895 3504 4964 aspice-

1915 4998 2067 5054 rent,
2107 4989 2362 5045 viderunt
2411 5003 2577 5042 unum
2614 4990 2858 5060 equitum
2919 4997 3070 5042 trans
3113 4997 3496 5047 transeuntem

1914 5095 2079 5144 διιβοι·
2127 5093 2322 5144 nmium
2370 5087 2421 5133 ct
2466 5093 2640 5144 usque
2687 5079 2754 5134 ad
2792 5091 2886 5132 eos
2925 5084 3360 5144 pervenientem.
3394 5078 3510 5132 Hae
