4044 5360
551 245 651 298 9|!

945 241 1292 296 WILLELMI
1329 239 1624 295 CALCULI
1663 235 1972 292 GEMMET.
2017 231 2326 292 MONACHI
2369 233 2694 294 HISTORIA
2733 237 3388 298 NORTIIMANNORUM.

3717 245 3826 304 912

549 369 742 424 usque,
769 355 910 411 sicut
937 355 1148 420 videtis,
1180 353 1419 425 perveni.
1445 353 1512 408 Et
1537 354 1582 408 si
1607 353 1737 408 mihi
1762 349 2138 417 non-creditis,
2169 353 2220 413 Α
2249 362 2381 404 nore
2433 349 2618 404 comiti
2673 350 3095 406 Norlhmanuim.
3163 336 3417 410 Et'nihil
3461 340 3606 412 aiiud
3647 344 3828 415 differt

551 447 646 510 ite,
672 455 728 501 et
757 447 810 500 in
839 447 998 501 domo
1029 446 1078 499 in
1103 459 1206 514 qua
1230 459 1461 514 pransus
1483 459 1630 508 sum,
1660 441 1932 496 cultellum
1956 453 2136 495 meum

551 552 715 606 quem
769 535 842 591 ibi
905 535 1216 606 ignoranter
1265 531 1478 600 dimisi,
1533 531 1839 586 invenietis.
1901 549 1921 583 ι
1984 529 2137 585 Τυηε

551 627 948 682 mandaverunt
967 624 1170 689 comiti,
1189 624 1303 692 qui,
1325 623 1470 678 sicut
1489 622 1762 686 dixi,tunc
1783 629 1900 675 erat
1929 619 1981 672 in
2005 619 2134 673 civi-

551 727 686 784 tate,
715 719 781 774 de
809 717 902 773 illo
927 717 1142 772 homine
1186 717 1277 786 qui
1331 715 1408 770 sic
1439 714 1728 770 transierat
1775 727 1939 784 super
1963 725 2132 780 aquas

555 811 674 866 sine
702 807 808 863 tilla
849 808 1104 862 laesione.
1141 806 1340 862 Comes
1383 820 1514 859 vero
1544 820 1657 860 rem
1699 804 1926 860 audiens
1952 804 2132 858 insue-

553 911 684 965 tam,
715 899 992 954 mandavit
1034 899 1081 953 ci
1119 907 1177 950 nt
1229 897 1333 952 sibi
1371 897 1680 966 loqueretur
1722 903 2011 964 antequam
2046 909 2133 950 re-

548 990 786 1045 cederet.
805 987 958 1042 Tunc
981 987 1066 1040 ille
1087 986 1424 1040 remandavit
1449 984 1634 1039 comiti
1669 984 1793 1053 quia
1820 984 1871 1037 in
1893 983 2130 1038 crastino

545 1097 667 1136 eum
701 1095 869 1150 usque
884 1081 948 1134 ad
975 1081 1206 1150 primam
1230 1084 1588 1148 exspectaret.
1601 1077 1802 1132 Verum
1826 1077 1876 1129 in
1891 1077 2128 1130 crastino

545 1185 704 1226 mane
735 1185 965 1242 surgens
997 1169 1137 1221 viam
1165 1183 1314 1222 suam
1331 1168 1597 1221 tenuit-et
1637 1166 1767 1220 nihil
1796 1165 2010 1220 locutus
2042 1171 2128 1218 est

507 1299 512 1306 .
548 1262 752 1316 comiti.
785 1259 980 1316 Comes
1029 1273 1154 1313 vero
1203 1267 1257 1311 ut
1301 1256 1678 1312 a-udivitillum
1705 1257 1777 1310 ita
1803 1255 2126 1321 recessisse,

541 1354 678 1408 dixit
705 1368 829 1408 eum
858 1352 1140 1406 mentitum
1165 1365 1315 1414 esse,
1342 1358 1394 1402 et
1417 1348 1538 1402 ideo
1557 1357 1748 1418 putare
1767 1363 1888 1402 eum
1911 1347 2126 1418 aliquod

540 1443 811 1498 fantasma
835 1457 978 1507 esse,
1005 1442 1145 1511 quod
1175 1441 1254 1495 sic
1285 1454 1379 1494 eos
1403 1439 1664 1494 voluisset
1683 1437 2122 1492 deluderc.Tunc

537 1535 793 1588 dixerunt
816 1534 1034 1602 quidam
1071 1532 1162 1600 qui
1195 1529 1496 1594 aﬁ‘uerunt,
1523 1530 1674 1598 quia,
1705 1529 1842 1583 sicut
1876 1529 1952 1584 eis
1975 1529 2124 1584 vide-

537 1624 719 1688 batur,
745 1637 850 1676 non
887 1623 935 1676 ei
981 1621 1240 1675 mentitus
1282 1629 1456 1685 esset;
1505 1619 1630 1688 quia
1681 1635 1785 1672 non
1847 1620 1912 1674 de
1950 1618 2120 1686 prima

2245 439 2463 514 [distat]
2487 441 2628 496 inter
2649 459 2762 507 eos,
2795 444 2898 498 nisi
2923 445 3064 514 quod
3095 445 3397 518 homagium
3423 445 3527 502 non
3555 449 3690 504 facit
3727 465 3824 506 rex

2238 531 2482 588 Francia:
2511 535 2691 588 comiti
2741 533 3173 600 Northmanniaa.
3223 539 3365 593 sicut
3405 555 3588 596 comes
3625 539 3823 602 North-

2236 622 2470 677 mannia}
2500 623 2610 694 regi
2638 623 2899 691 .Franciaa
2940 625 3089 680 facit.
3118 625 3268 682 lianc
3297 627 3596 686 libertatem
3635 633 3820 701 acqui-

2235 713 2480 769 siverunt
2512 725 2636 771 tunc
2665 715 2798 770 Dani
2828 719 3140 789 parentibus
3162 719 3273 774 suis
3301 721 3587 776 comitibus
3615 721 3819 777 North-

2239 812 2488 866 mannis}.

2308 901 2383 954 Dc
2431 900 2702 956 Richardo
2747 901 2856 957 ﬁlio
2897 903 3057 972 primi
3123 902 3380 959 Richardi
3431 905 3632 959 dicitur
3673 903 3818 974 quod

2233 991 2412 1046 fuerat
2444 1003 2600 1062 pater
2624 993 2814 1063 patria:
2843 1003 2899 1048 et
2945 996 3182 1050 maxime
3229 996 3642 1051 monachorum.
3681 995 3816 1052 Toto

2231 1085 2374 1140 enim
2404 1094 2646 1154 tempore
2675 1085 2791 1155 ejus
2814 1087 3108 1142 abundavit
3141 1087 3531 1144 Norlhmannia
3562 1089 3813 1144 omnibus

2231 1172 2407 1240 bonis,
2441 1183 2671 1230 ettanta
2718 1191 2824 1245 pax
2852 1174 2958 1230 fuit
2985 1177 3037 1229 in
3085 1177 3478 1232 Northmannia
3523 1176 3640 1246 ejus
3679 1185 3812 1232 lem-

2229 1279 2384 1334 pore,
2417 1273 2474 1319 ut
2501 1281 2678 1335 neque
2703 1266 2868 1320 etiam
2911 1267 3208 1320 carrucarii
3241 1268 3308 1322 de
3343 1267 3550 1336 campis
3579 1267 3693 1322 suis
3721 1283 3812 1320 an-

2227 1355 2424 1412 derent
2449 1356 2779 1412 ferramenta
2808 1373 3017 1412 carrum
3044 1359 3108 1412 ad
3132 1373 3255 1414 suas
3285 1358 3473 1414 domos
3507 1369 3812 1427 reportare.

2219 1443 2359 1500 Etsi
2385 1446 2744 1502 alicui-furata
2787 1446 3037 1510 fuissent,
3069 1458 3404 1518 praeceperat
3443 1464 3628 1504 comes
3656 1458 3714 1503 ut
3737 1449 3810 1502 ad

2226 1552 2348 1591 eum
2379 1538 2612 1604 veni-ret,
2643 1547 2698 1592 et
2743 1539 3003 1608 quidquid
3036 1537 3179 1592 furto
3211 1524 3561 1608 perdidisset,
3593 1539 3710 1608 ipse
3735 1553 3808 1592 ex

2227 1626 2434 1697 integro
2459 1637 2628 1682 totum
2655 1627 2920 1682 redderet.
2947 1628 3154 1683 Accidit
3183 1643 3311 1700 ergo
3334 1631 3602 1698 quoddam
3628 1629 3808 1684 simile

537 1715 784 1777 comitis,
814 1713 906 1768 sed
929 1713 994 1767 de
1018 1727 1114 1764 sua
1140 1713 1310 1781 prima
1334 1713 1381 1766 ei
1412 1712 1738 1766 mandasset.
1768 1711 1949 1764 Prima
1975 1711 2120 1766 enim
2153 1695 2195 1753 Β
2225 1715 2278 1769 in
2329 1695 2470 1772 illius
2520 1728 2762 1788 tempore
2795 1717 2937 1773 facto
2975 1719 3186 1772 cuidam
3219 1695 3368 1772 λιιινῖ
3405 1719 3486 1774 sui
3541 1719 3804 1774 Rollonis.

536 1805 651 1872 ejus
674 1805 845 1858 multo
874 1804 1034 1858 citius
1059 1803 1232 1858 fuerat
1264 1818 1426 1873 quam
1455 1803 1626 1872 prima
1656 1803 1895 1868 comitis,
1917 1811 1970 1856 et
2001 1802 2120 1856 ideo

535 1911 734 1954 verum,
763 1895 868 1951 fuit
893 1895 1036 1966 quod
1083 1895 1238 1950 dixit.
1287 1895 1420 1948 Dum
1457 1903 1632 1948 tamen
1661 1893 1714 1948 in
1743 1893 1829 1956 illa
1859 1901 2020 1948 nocte
2047 1893 2115 1946 ad

535 1987 718 2044 focum
747 1988 979 2057 hospitis
1003 1987 1088 2042 sui
1118 1986 1352 2050 sederet,
1380 1995 1434 2038 et
1458 1985 1546 2039 ille
1571 1985 1638 2038 de
1661 1984 1848 2038 multis
1881 1998 2004 2038 eum
2035 1985 2116 2038 in-

537 2087 861 2148 terrogaret,
890 2087 944 2133 et
977 2077 1224 2132 maxime
1255 2078 1318 2130 de
1374 2077 1464 2129 illo
1499 2077 1718 2142 comite,
1745 2077 1790 2130 si
1837 2076 2114 2146 generatio

533 2171 626 2224 illa
659 2172 746 2225 diu
783 2177 1050 2235 maneret;
1094 2169 1367 2238 reSpondit
1421 2167 1566 2222 illam
1615 2167 1816 2222 diutius
1863 2183 2111 2231 manere,

530 2264 851 2332 illorumque
879 2263 1130 2318 ducatum
1175 2275 1344 2330 usque
1384 2261 1448 2312 ad
1481 2261 1767 2328 septimam
1797 2261 2112 2328 generatio-

529 2367 651 2414 nem
680 2353 909 2408 viriliter
938 2353 1155 2408 durare.
1179 2352 1314 2406 Cum
1335 2351 1530 2420 «itaque
1573 2351 1768 2420 hospes
1799 2351 2110 2421 inquisisset

525 2444 660 2513 quid
698 2454 820 2516 post
871 2445 1157 2515 septi-mam
1185 2443 1592 2512 generationem
1641 2441 1882 2496 futurum
1929 2453 2106 2508 esset,

527 2536 662 2590 nihil
692 2537 864 2592 voluit
906 2536 1268 2606 respondere;
1301 2536 1395 2590 sed
1439 2536 1506 2588 de
1556 2551 1663 2589 uno
1711 2535 1912 2604 lignqu
1967 2538 2110 2604 quod

529 2643 690 2684 manu
727 2627 964 2694 tenebat,
995 2630 1158 2698 cmpit
1209 2643 1301 2696 per
1346 2629 1557 2683 eineres
1602 2627 1702 2682 foci
1752 2627 1904 2697 quasi
1933 2627 2109 2682 sulcos

527 2718 732 2776 facere.
763 2721 978 2776 Etcum
1009 2720 1207 2788 hospes
1236 2734 1366 2774 suus
1401 2721 1754 2774 vehementer
1779 2719 1848 2772 ab
1880 2719 1969 2772 illo
1989 2720 2104 2774 exi-

524 2821 676 2880 geret
700 2811 826 2880 quid
857 2819 976 2880 post
1021 2813 1308 2880 septimam
1344 2811 1744 2880 generationem
1771 2810 1999 2872 veniret.
2041 2811 2106 2864 de

525 2902 617 2957 Illo
645 2902 846 2972 lignulo
873 2903 1014 2972 quod
1068 2919 1226 2956 manu
1275 2903 1518 2968 tenebat,
1557 2901 1894 2956 commiscuit
1927 2901 2104 2956 sulcos

525 3007 663 3062 quos
699 2993 750 3048 in
811 2993 1090 3048 cineribus
1135 2993 1358 3046 fecerat.
1407 2993 1486 3045 Et
1535 3007 1644 3061 quo
1684 2991 1929 3046 arbitrati
1979 3000 2100 3045 sunt
2130 3033 2171 3093 Γ

524 3085 666 3152 quod
695 3091 815 3152 post
856 3083 1139 3152 septimam
1187 3081 1588 3150 generationem
1635 3082 1723 3136 ille
1761 3083 1990 3136 ducatus
2018 3081 2100 3136 vel
2131 3075 2173 3093 “

522 3175 796 3241 deﬁceret,
829 3173 914 3230 vel
957 3189 1180 3244 magnas
1219 3182 1495 3242 pateretur
1536 3173 1898 3228 dissensiones
1927 3183 1981 3228 ct
2009 3174 2104 3228 triv

521 3264 844 3320 bnlationes.
873 3263 1027 3331 Quod
1053 3278 1152 3318 nos
1178 3261 1292 3331 iam
1323 3277 1390 3318 ex
1414 3278 1606 3334 magna
1637 3273 1788 3334 parte
1821 3264 2100 3333 impletum

519 3355 787 3418 videmus,
817 3355 914 3424 qui
937 3353 1172 3420 Henrico
1200 3354 1336 3423 regi,
1363 3353 1454 3423 qui
1475 3352 1637 3423 hujus
1681 3353 1946 3423 prosapia:
1981 3353 2102 3407 loco

517 3447 780 3515 septimus
805 3445 974 3502 fuisse
1008 3446 1435 3512 demonstratur,
1483 3445 1901 3514 superviximus.
1945 3443 2102 3500 Bello

515 3539 662 3592 enim
739 3537 900 3607 hujus
971 3535 1295 3607 genealogim
1362 3537 1570 3604 primus
1621 3535 1741 3590 fuit.
1802 3534 2100 3590 Willelmus

519 3627 862 3697 Longaspata
916 3627 1059 3682 ﬁlius
1114 3627 1252 3694 ejus,
1286 3628 1572 3681 secundus.
1615 3627 1921 3681 Richardus
1973 3642 2100 3680 tero

515 3720 682 3788 hujus
737 3719 992 3773 Willelmi
1057 3719 1220 3784 ﬁlius,
1256 3720 1468 3773 tertius.
1499 3720 1800 3774 ltichardus
1835 3734 1962 3772 vero
2003 3718 2100 3771 Ri-

517 3809 704 3865 chardi
757 3810 922 3874 filius,
987 3809 1548 3878 quartus.~.Robertus
1595 3811 1742 3866 ﬁlius
1797 3809 2094 3876 Riehardi,

515 3902 762 3972 quintus.
793 3899 1104 3955 Willelmus
1130 3900 1272 3955 ﬁlius
1309 3901 1571 3965 Roberti,
1618 3902 1708 3972 qui
1766 3918 1870 3955 non
1922 3901 2094 3954 solum

469 4005 472 4008 ’
514 3993 968 4050 Northmanniam
996 4032 1012 4060 ,
1045 3993 1140 4048 sed
1181 3994 1344 4048 etiam
1403 3993 1650 4064 Angliam
1710 3995 1990 4064 possedit,
2039 3995 2094 4048 in

515 4097 672 4142 sexto
697 4084 981 4142 successit.
1004 4083 1134 4138 Post
1163 4083 1310 4138 illum
1341 4085 1392 4138 in
1425 4085 1656 4153 septimo
1675 4086 1842 4153 gradu
1877 4087 2096 4140 fuerunt

521 4177 620 4232 ﬁlii
657 4176 798 4246 eius,
850 4190 918 4230 ex
949 4176 1170 4244 quibus
1227 4175 1373 4230 solus
1425 4175 1689 4230 Henricus
1727 4175 1798 4229 ad
1848 4174 2094 4230 ultimum

511 4265 961 4322 Nortlunanniam
981 4265 1296 4337 etAngliam
1317 4267 1554 4336 possedit
1569 4280 1742 4334 usque
1754 4265 1818 4319 ad
1843 4275 2091 4322 mortem.

2221 1805 2353 1860 Cum
2383 1808 2526 1861 enim
2558 1808 2800 1864 audisset
2827 1807 3106 1876 cujusdam
3145 1811 3441 1864 carruearii
3469 1824 3612 1864 uxor
3636 1812 3803 1864 inter-

2220 1895 2421 1950 dictum
2445 1897 2620 1966 (ducis,
2650 1897 2882 1968 quadam
2913 1898 2999 1952 die
3027 1898 3202 1954 furata
3247 1908 3332 1954 est
3363 1899 3596 1955 cultrum
3627 1909 3684 1955 et
3711 1915 3804 1954 vo-

2221 2001 2425 2042 merem
2469 1989 2668 2056 a'ratri;
2704 1990 2935 2060 probare
2965 1991 3160 2046 volens
3179 1992 3308 2061 quid
3355 2007 3419 2046 ex
3472 1992 3574 2047 hoc
3618 2008 3804 2048 comes

2219 2089 2420 2150 ageret.
2451 2080 2708 2138 Rusticus
2733 2096 2862 2136 vero
2891 2096 2945 2136 tn
2977 2084 3214 2138 crastino
3241 2083 3465 2137 veniens
3499 2085 3566 2139 ad
3603 2100 3796 2139 carm-

2215 2185 2338 2224 eam
2367 2187 2541 2236 suam,
2569 2180 2624 2226 et
2657 2173 2910 2228 utensilia
2939 2187 3036 2226 sua
3067 2189 3172 2228 non
3215 2173 3520 2240 inveniens,
3556 2175 3700 2229 venit
3729 2177 3796 2230 ad

2211 2259 2492 2326 comitem,
2521 2263 2679 2332 eique
2711 2262 2898 2317 retulit
2918 2264 3061 2332 quod
3091 2264 3192 2320 sibi
3225 2266 3528 2320 accidisset.
3564 2266 3660 2320 Cui
3688 2267 3793 2322 dus

2209 2349 2373 2416 jussit
2401 2351 2519 2405 dari
2551 2351 2802 2406 denarios
2851 2353 2994 2408 unde
3025 2361 3205 2423 posset
3229 2355 3493 2409 damnum
3515 2369 3790 2426 reparare.

2213 2439 2308 2498 Ille
2334 2441 2516 2508 itaque
2571 2443 2786 2498 rediens
2819 2444 3058 2510 domum,
3097 2444 3280 2499 retulit
3329 2445 3481 2499 uxori
3515 2461 3626 2499 suae
3652 2447 3792 2514 quod

2211 2531 2260 2586 ei
2301 2547 2481 2588 comes
2511 2533 2762 2598 fecisset;
2788 2537 2872 2590 cui
2911 2535 2999 2590 illa
3030 2553 3044 2590 :
3080 2555 3100 2588 ι
3136 2535 3292 2592 Modo
3319 2537 3515 2592 bonum
3538 2547 3640 2602 est,
3667 2539 3792 2608 quia

2209 2631 2266 2676 et
2288 2623 2402 2691 ipse
2431 2623 2684 2678 denarios
2709 2634 2760 2678 et
2793 2627 2935 2694 quod
2983 2627 3295 2696 perdiderat
3343 2627 3458 2698 ipsa
3490 2629 3734 2684 haberet.
3763 2650 3784 2682 ο

2209 2715 2324 2782 Quo
2351 2717 2565 2782 audito,
2606 2733 2672 2772 ne
2714 2717 3002 2772 inﬁdeliter
3023 2728 3246 2788 ageret,
3283 2721 3580 2790 reportavit
3607 2723 3788 2776 comiti

2207 2807 2460 2862 t'tet'tatios
2487 2822 2624 2879 quos
2653 2809 2702 2862 ei
2736 2811 2982 2876 dederat,
3007 2811 3161 2880 eique
3193 2813 3375 2866 retulit
3399 2813 3527 2882 quid
3540 2829 3636 2868 sua
3655 2828 3790 2867 uxor

2203 2897 2444 2955 fecisset.
2480 2899 2676 2954 Comes
2724 2915 2848 2954 vero
2879 2901 3120 2955 retinens
3159 2901 3307 2956 illum
3335 2901 3614 2972 aliquanto
3659 2913 3786 2956 tern-

2199 3005 2370 3058 .pore,
2404 2990 2576 3055 misit,
2599 2999 2647 3044 et
2699 2993 2953 3063 prmcepit
2993 3003 3048 3047 ιιι
3089 2993 3245 3048 uxori
3295 2995 3414 3064 ejus
3467 3003 3788 3050 emerentur

2207 3078 2347 3132 oculi
2381 3089 2599 3148 preptcr
2625 3079 2824 3134 furtum
2851 3083 2992 3150 quod
3017 3081 3234 3136 fecerat.
3263 3081 3608 3155 Cumitaque
3625 3085 3786 3139 msti-

2207 3184 2303 3226 cus
2333 3171 2548 3226 domum
2583 3173 2807 3238 rediret,
2851 3174 3132 3230 inveniens
3154 3191 3374 3232 uxorem
3407 3194 3560 3232 suam
3594 3179 3784 3234 merita

2204 3273 2360 3327 paena
2395 3261 2743 3326 mulctatam,
2774 3277 2894 3317 cum
2917 3263 3282 3334 indignatione
3309 3267 3445 3321 dixit
3469 3267 3518 3323 ei
3561 3287 3576 3322 :
3611 3287 3631 3320 ι
3667 3269 3782 3324 Νοιὶ

2202 3352 2434 3420 amplius
2459 3353 2650 3418 furari,
2684 3363 2738 3408 ει
2780 3355 2974 3412 atuodo
3009 3357 3158 3411 disce
3175 3358 3470 3416 observare
3515 3372 3782 3432 pracepta

2201 3443 2441 3498 comitis.
2469 3463 2487 3495 ι

2271 3531 2368 3586 llic
2394 3547 2576 3588 comes
2606 3533 2834 3588 multum
2874 3535 3150 3606 ampliavit
3181 3539 3338 3594 terris
3365 3549 3420 3596 et
3447 3543 3782 3597 ornamentis

2197 3621 2480 3675 ecclesiam
2506 3621 2778 3690 Fiscanni,
2801 3641 2964 3696 quam
2993 3639 3143 3696 pater
3165 3643 3296 3682 suus
3323 3631 3528 3698 primus
3553 3633 3780 3688 Richar-

2200 3716 2298 3768 dus
2340 3715 2724 3770 :ediﬁcaverat.
2775 3717 2853 3772 lbi
2897 3720 3060 3772 etiam
3095 3729 3214 3772 erat
3257 3721 3447 3774 solitus
3485 3723 3595 3776 fere
3633 3725 3776 3778 ontni

2199 3815 2441 3874 tempore
2496 3822 2650 3860 suam
2696 3810 2903 3862 curiam
2955 3810 3005 3862 in
3042 3811 3288 3865 Paschali
3327 3813 3670 3868 solemnitate
3703 3827 3776 3868 te-

2197 3909 2347 3948 nere.
2381 3895 2444 3948 Et
2475 3895 2762 3964 aliquando
2794 3899 2844 3948 in
2879 3897 2990 3965 ipsa
3018 3885 3360 3954 solemnitate
3380 3901 3588 3956 solebat
3612 3919 3774 3956 unam

2197 3986 2361 4040 tinam
2395 3989 2604 4056 plenam
2633 3987 2813 4053 textis,
2839 3997 2893 4042 et
2917 3989 3224 4055 thuribulis,
3263 4002 3318 4046 et
3340 3993 3699 4061 candelabris,
3727 4007 3778 4050 et

2195 4077 2521 4147 quibusdam
2565 4079 2686 4133 aliis
2724 4081 3082 4146 ornamentis,
3109 4090 3164 4136 ct
3193 4093 3499 4153 coopertam
3545 4086 3776 4156 quodam

2195 4170 2401 4240 optimo
2435 4170 2618 4240 pallio,
2669 4171 2784 4239 ipse
2815 4179 2870 4224 et
2914 4186 3052 4224 uxor
3077 4185 3172 4226 sua
3199 4182 3325 4227 ante
3357 4173 3530 4230 altare
3575 4185 3778 4231 sancta:

2196 4257 2479 4316 Trinitatis
2507 4269 2748 4330 portare,
2799 4261 3082 4332 ipsamque
3111 4277 3210 4333 pro
3247 4263 3360 4319 suis
3398 4265 3641 4334 peccatis
3668 4267 3775 4320 Deo

582 4359 642 4414 in
692 4357 982 4416 concordia
1033 4373 1154 4428 quae
1203 4358 1346 4413 facta
1409 4367 1495 4422 est
1553 4358 1696 4412 inter
1747 4357 1986 4420 Erancos
2039 4367 2092 4412 et
2123 4351 2507 4437 Dibioﬁ‘erre.
2541 4351 2658 4422 ipsa
2700 4367 2826 4407 vero
2855 4351 2942 4407 die
2970 4363 3091 4423 post
3139 4354 3356 4418 missas,
3381 4366 3670 4426 antequam
3711 4357 3778 4410 ad

510 4449 914 4506 Northmannos
933 4459 1174 4519 tempore
1199 4449 1356 4517 primi
1383 4448 1668 4510 Richardi.
1699 4463 1821 4502 cum
1855 4449 2092 4504 redditus

514 4551 596 4596 est
643 4541 951 4597 Ludovicus
995 4555 1091 4594 rex
1144 4539 1393 4592 Francia:
1435 4539 1528 4607 qui
1588 4551 1777 4609 captus
1831 4539 2007 4593 fuerat
2058 4554 2088 4594 a

511 4631 938 4694 Nortlnnannis,
988 4637 1258 4684 auxerunt
1320 4627 1454 4682 Dani
1513 4626 1963 4684 Northmanniam
2022 4627 2090 4680 ab

515 4737 654 4793 aqua
681 4737 801 4790 quae
829 4728 1052 4776 vocatur
1078 4718 1331 4784 Andella,
1373 4732 1548 4788 usque
1581 4719 1646 4772 ad
1695 4719 1854 4772 aliam
1895 4734 2088 4787 aquam

513 4802 632 4884 quin
657 4819 879 4864 vocatur
903 4811 1056 4878 Epta.
1087 4809 1191 4862 Alii
1231 4818 1407 4864 tamen
1435 4809 1620 4864 dicunt
1646 4809 1714 4862 ab
1738 4809 1870 4878 Epta
1923 4826 2088 4878 usque

513 4895 584 4954 ad
613 4889 1244 4954 Ysaram.Constitutum
1268 4907 1356 4954 cst
1383 4899 1548 4953 etiam
1571 4899 1626 4954 in
1661 4899 1752 4954 illa
1779 4899 2084 4962 concordia,

519 4985 666 5054 quod
695 5001 882 5042 comes
909 4977 1314 5044 Northmanniae
1359 4991 1560 5044 nullum
1601 4990 1759 5045 faciet
1807 4991 2085 5046 servitium

523 5079 640 5148 regi
666 5074 914 5132 Francia:
931 5078 996 5132 de
1019 5087 1162 5132 terra
1191 5080 1624 5148 Northmanniae,
1653 5097 1828 5151 neque
1854 5082 1904 5137 ei
1932 5082 2088 5137 aliter

511 5159 762 5232 servir‘et,
797 5165 902 5218 nisi
941 5180 1036 5220 rex
1063 5165 1308 5222 Francia!
1338 5170 1487 5225 daret
1513 5173 1562 5226 ei
1589 5171 1790 5226 foedum
1817 5170 1874 5224 in
1911 5169 2084 5224 Fran-

511 5255 626 5322 cia,
667 5255 812 5310 unde
857 5256 908 5308 ei
972 5255 1177 5310 servire
1225 5256 1461 5312 deberet.
1513 5261 1854 5331 Quapropter
1905 5276 2088 5316 comes

2195 4443 2401 4497 curiam
2433 4458 2584 4496 suam
2641 4443 2778 4508 iret,
2816 4451 2979 4510 atque
3029 4458 3150 4497 cum
3187 4443 3482 4500 baronibus
3511 4447 3628 4500 suis
3680 4461 3772 4501 co-

2193 4535 2434 4588 mederet
2460 4574 2475 4598 ,
2504 4533 2757 4588 veniebat
2793 4549 2916 4588 cum
2965 4533 3174 4588 duobus
3201 4533 3323 4590 ﬁliis
3349 4537 3461 4590 suis
3499 4535 3774 4594 Richardo

2190 4632 2244 4679 et
2269 4623 2507 4678 Roberlo
2538 4623 2593 4676 in
2626 4623 2969 4678 refectorium
3003 4626 3413 4692 tuouachOrum,
3447 4633 3502 4682 et
3531 4630 3771 4696 prmdieti

2189 4713 2341 4786 pueri
2376 4711 2662 4770 afferentes
2687 4713 2751 4769 de
2780 4712 3012 4768 fenestra
3043 4715 3287 4784 coquinae
3330 4717 3608 4784 scutellas,
3633 4720 3774 4774 sicut

2189 4807 2437 4862 solebant
2477 4805 2726 4860 monachi
2760 4804 2969 4869 facere,
3001 4805 3346 4874 porrigchaut
3385 4807 3524 4876 patri
3567 4821 3690 4875 suo,
3717 4819 3773 4864 et

2191 4898 2306 4966 ipse
2360 4913 2455 4964 per
2495 4913 2554 4951 se
2593 4897 2766 4965 ipsum
2808 4897 2980 4965 prima
3011 4893 3212 4949 fercula
3258 4906 3383 4951 ante
3415 4897 3670 4954 abbatem
3719 4911 3773 4956 et

2189 4995 2374 5055 postea
2402 4995 2526 5039 ante
2573 4985 2868 5040 monachos
2917 4985 3169 5054 ponebat.
3213 4985 3364 5050 Quod
3402 5001 3526 5040 cum
3568 4987 3772 5057 egisset

2188 5093 2309 5130 cum
2340 5093 2531 5146 magna
2585 5077 2918 5140 humilitate,
2947 5062 3199 5131 veniebat
3245 5087 3370 5132 ante
3418 5079 3774 5146 abhatem,et

2188 5166 2267 5220 sic
2293 5167 2359 5219 ab
2381 5181 2446 5221 eo
2477 5175 2697 5236 accepta
2724 5167 2940 5221 licentia
2964 5205 2979 5230 ,
3005 5165 3161 5220 hctus
3189 5177 3242 5220 et
3272 5169 3509 5236 gaudens
3549 5169 3664 5224 ibat
3702 5171 3772 5224 ad

2188 5259 2394 5312 curiam
2419 5273 2593 5312 suam.
2622 5258 2926 5327 Aliquando
2946 5272 3074 5312 vero
3098 5259 3350 5312 mittebat
3372 5261 3436 5314 de
3458 5275 3554 5313 sua
3579 5275 3768 5316 mensa
