4044 5360
196 403 296 451 lib

1337 395 1592 452 VICTOR
1621 397 1684 452 Ill
1723 399 1996 454 PAPA.—-
2020 395 2321 454 NOTITIA.

3351 393 3456 448 9H

193 505 340 564 nensi
367 505 740 570 nuiltadedit,
771 505 866 561 sed
889 507 1052 562 etiam
1083 505 1203 564 aliis
1231 507 1495 562 ecclesiis.
1527 509 1770 576 Quadam
1798 529 1846 586 Α
1876 509 2111 572 unciam,
2143 509 2224 563 vel
2275 481 2482 578 aliquid
2519 481 2848 577 huiusmodi.
2891 499 3076 578 Itaque
3131 507 3458 564 invenerunt

103 655 110 664 ,
193 595 332 650 enim
379 597 469 650 die
519 612 642 650 cum
689 597 922 652 venisset
971 597 1272 668 Gimegias,
1335 599 1532 654 ibidem
1583 603 1770 656 eadem

195 693 344 740 nocte
369 685 597 754 quievit.
635 683 785 740 Mane
815 701 944 740 vero
982 703 1230 758 surgens,
1263 689 1400 744 sicut
1427 704 1524 743 sua
1547 705 1773 746 consue-

1875 599 2134 670 lignulum
2165 598 2313 662 illud,
2363 611 2526 668 atque
2577 599 2704 668 quid
2747 599 3095 670 significaret,
3125 612 3452 684 nontparum

1875 692 2062 746 mirari
2093 701 2392 760 ca-perunt.
2423 691 2506 745 Ad
2535 691 2782 746 ultimum
2825 691 3101 760 inquirunt
3125 691 3196 746 ab
3231 704 3300 745 eo
3317 690 3454 760 quid

196 777 318 830 tudo
343 791 562 846 semper
583 779 980 846 erat,perrexit
1001 793 1162 832 orare
1193 779 1259 834 ad
1291 783 1776 846 monasterium,et
1873 781 1976 838 hoc
2005 784 2346 854 esset,,quod
2375 799 2538 854 super
2572 783 2742 838 altare
2792 783 2920 840 illud
2967 783 3254 852 posuisset.
3300 781 3454 838 Tunc

193 874 308 946 post
333 865 639 920 orationem
682 883 844 936 super
869 867 1040 922 altare
1079 885 1242 922 unum
1276 869 1532 940 lignulum
1571 871 1769 940 posuit.

197 949 497 1008 accedente
523 967 650 1008 vero
683 953 792 1019 illo,
836 965 1104 1009 venerunt
1135 959 1410 1013 secretarii
1458 961 1526 1012 ad
1567 959 1768 1028 altare,

193 1051 436 1114 putantes
465 1059 526 1100 se
549 1045 622 1100 ibi
643 1061 766 1102 esse
796 1047 1112 1104 inventuros
1139 1048 1224 1104 vel
1253 1065 1490 1105 marcam
1511 1053 1653 1120 auri,
1685 1055 1768 1108 vel

1877 876 2185 943 respondit,
2246 875 2388 946 quod
2439 885 2584 930 esset
2649 875 3187 940 Vinmonasterium,
3245 875 3456 930 scilicet

1877 965 2148 1033 quoddam
2179 965 2481 1034 manet-ium
2502 1005 2518 1031 ,
2549 965 2692 1035 quod
2725 965 2838 1036 ipse
2879 963 2982 1022 illis
3015 979 3114 1034 pro
3139 963 3321 1018 anima
3359 979 3456 1020 sua

1877 1052 2058 1110 dabat.

203 1175 3450 1232 Μ

1383 1349 1464 1392 ΔΝ
1477 1353 1556 1394 N0
1601 1351 1832 1396 DOMINI
1875 1352 2216 1398 MLXXXVII.

615 1523 1616 1737 VICTOB
1779 1529 2478 1740 PAPA
2631 1535 3020 1742 III.

1055 1963 1656 2142 NOTlTlA
1737 2025 2606 2166 HISTORICA.

1036 2227 1336 2296 (Cucuoat,
1365 2225 1438 2280 De
1467 2225 1598 2278 Vitis
1633 2223 1986 2277 Romanorum
2011 2225 2338 2294 pontiﬁcum,
2369 2224 2432 2292 ll,
2459 2225 2608 2280 δηλ

256 2507 528 2564 Victori“
561 2521 720 2579 papa,
744 2509 836 2576 qui
868 2517 994 2561 ante
1025 2507 1400 2578 [mutilicatum
1435 2505 1769 2571 Desiderius,
1799 2495 1846 2554 Β
1879 2506 2168 2560 Benedicto
2216 2507 2421 2562 loca-tus
2467 2513 2584 2572 est,
2641 2520 2787 2560 anno
2845 2505 3034 2560 salutis
3089 2505 3242 2562 1058.
3301 2505 3460 2561 Nico,

192 2616 238 2652 tn
269 2601 460 2657 sarculo
493 2615 624 2654 vero
657 2599 942 2653 Danferius
987 2599 1305 2660 voeabatur,
1361 2597 1654 2650 Beneventi
1711 2597 1762 2649 in

193 2692 418 2758 Samnio,
451 2701 608 2762 patre
631 2691 750 2762 ejus
778 2689 1014 2744 civitatis
1046 2689 1308 2756 prittt'ipt‘,
1343 2695 1502 2740 natus
1529 2695 1631 2740 est.
1662 2685 1766 2738 Cu-

192 2797 266 2847 uts
315 2784 496 2838 studio
529 2823 543 2847 ,
595 2781 772 2836 adlmc
819 2795 984 2850 puer,
1025 2779 1234 2848 integre
1288 2777 1569 2842 educatus,
1616 2777 1766 2830 mira:

193 2883 554 2944 spectataeque
602 2873 892 2943 probitatis
921 2870 1236 2924 adolescens
1264 2867 1458 2923 evasit.
1489 2867 1590 2934 Qui
1642 2867 1766 2920 soli-

193 2965 333 3020 tarire
361 2965 484 3019 vitae
525 2963 904 3032 castitatisque
939 2960 1222 3015 servanda:
1249 2959 1521 3014 desiderio
1550 2958 1766 3020 ductus.

193 3072 429 3126 sponsam
454 3057 638 3111 adhuc
683 3056 969 3124 virginem,
993 3067 1203 3108 summo
1229 3051 1350 3106 loco
1373 3059 1556 3104 natam
1603 3049 1736 3104 retin
1755 3077 1770 3088 -

193 3163 380 3216 quens,
417 3146 746 3218 parentibus
775 3145 978 3208 insciis,
1007 3145 1142 3198 clum
1174 3157 1414 3198 eremum
1437 3143 1612 3212 petiit,
1663 3149 1718 3196 et
1739 3155 1768 3193 a

192 3241 410 3308 quodam
449 3235 647 3294 sancto
675 3238 958 3298 monacho,
1008 3237 1224 3290 nomine
1271 3235 1595 3306 Hyacintho,
1627 3233 1770 3288 haud

193 3331 364 3396 prdeul
393 3347 422 3384 a
457 3331 791 3390 Benevento,
828 3329 1183 3380 monasticam
1239 3327 1405 3378 vitam
1456 3324 1768 3392 a’ssnmpsit.

195 3421 284 3475 Diu
335 3421 386 3476 iu
411 3421 760 3475 monasteriis
783 3421 838 3473 S.
861 3419 1144 3474 Trinitatis
1166 3417 1419 3480 Cavensi,
1455 3415 1512 3470 S.
1553 3415 1772 3484 Sophia:

195 3528 348 3582 pr0pe
369 3511 1102 3576 Beneventum,Tremitensi
1123 3507 1368 3562 ininsula
1400 3507 1778 3561 tnarisAdria—

193 3601 298 3666 tici,
322 3611 374 3657 et
393 3603 616 3657 demum
650 3602 702 3655 in
733 3611 884 3654 vasta
911 3599 1136 3666 Majolla:
1179 3612 1388 3662 eremo,
1416 3597 1774 3652 sanctissimis

197 3695 314 3750 viris
333 3695 559 3760 referta,
575 3703 738 3749 vitam
759 3695 1068 3750 castissime
1090 3694 1219 3763 egit.
1246 3693 1468 3747 Litteris
1492 3690 1773 3746 Leonile

194 3797 334 3854 papa!
354 3787 420 3840 ad
444 3787 685 3856 priorem
707 3787 874 3840 eremi
893 3785 1252 3857 Hyacinthum
1280 3784 1772 3850 datis,Desiderius

193 3875 366 3929 solum.
415 3873 644 3943 Majolla:
699 3883 910 3929 vertere
953 3883 1209 3941 coactus,
1262 3875 1329 3928 ad
1379 3873 1768 3928 monasterium

195 3963 630 4030 Beneventanum
662 3965 840 4020 rediit.
863 3965 1028 4034 Cujus
1053 3965 1412 4034 probitatem,
1429 3963 1685 4019 virtutem
1714 3973 1776 4018 et

196 4057 496 4128 religionem
547 4057 656 4112 Leo
685 4071 842 4127 papa,
873 4059 964 4126 qui
1017 4065 1145 4112 tune
1181 4057 1474 4111 Beneventi
1529 4071 1770 4112 commo-

197 4145 426 4208 rabatur.
459 4159 817 4216 cognoscens,
842 4145 1126 4214 agentibus
1152 4143 1473 4209 lluntberto,
1505 4145 1768 4200 cardinali

197 4232 348 4289 Silva:
371 4234 628 4290 Candida:
659 4243 714 4289 et
743 4233 1024 4290 Friderico
1049 4233 1398 4297 cancellario,
1419 4249 1548 4288 eum
1585 4233 1772 4288 diaco-

197 4323 670 4382 numcardinalem
712 4323 970 4382 Romana:
1019 4323 1272 4380 Ecclesiae
1317 4323 1616 4378 constituit.
1649 4323 1770 4390 Quo

199 4425 424 4480 mortuo,
457 4417 612 4472 venia
641 4430 672 4470 a
704 4415 920 4470 Victore
965 4414 1008 4468 ll
1064 4415 1370 4484 impetrata,
1399 4415 1468 4468 ad
1508 4412 1768 4468 Casinate

199 4509 572 4562 monasterium
597 4505 702 4560 sub
743 4506 938 4560 abbate
965 4505 1126 4558 Petro
1153 4519 1214 4560 se
1243 4505 1494 4570 contulit,
1527 4505 1614 4558 ubi
1640 4520 1766 4560 cum

199 4597 402 4652 caateris
425 4598 706 4653 rnorraehis
725 4597 921 4652 divina:
959 4597 1309 4666 philosophiae
1346 4611 1537 4650 vacare
1565 4597 1768 4651 consti-

201 4691 385 4738 tuerat.
412 4687 650 4756 Capuani
695 4687 1013 4742 monasterii
1063 4686 1382 4756 praepositus
1415 4686 1614 4750 Laetus,
1651 4701 1767 4741 mu-

197 4773 390 4830 ximum
431 4777 796 4840 dexteritatis,
827 4779 1128 4846 prudentia:
1157 4787 1214 4832 et
1244 4777 1570 4848 integritatis
1591 4779 1766 4846 speci-

197 4879 312 4922 men
340 4870 524 4934 edidit,
565 4877 626 4926 ut
651 4871 721 4926 ab
743 4869 1018 4938 Stephano
1049 4869 1138 4934 lx,
1169 4869 1298 4924 olim
1345 4871 1542 4924 abbate
1589 4869 1764 4924 Cassi-

197 4965 338 5022 nate,
358 4971 422 5012 ea
447 4958 663 5014 abbatia
710 4959 905 5029 dignus
927 4961 1270 5014 existimatus
1291 4961 1382 5014 sit.
1409 4961 1528 5026 Quo
1572 4971 1768 5030 agente

251 5048 518 5074 ιιι-Ληιιιιιιξη
549 5049 853 5074 ,Ιιισιεκηιιιηι-
903 5049 966 5074 ..1.

998 5049 1180 5074 ιιι-..ΙΑ-υι
1209 5049 1736 5074 ρΛ--Α.-ηΙξ-ισισι

1869 2596 2012 2650 laum
2035 2596 2076 2650 ll
2119 2598 2278 2652 Senis
2295 2607 2558 2662 creatum,
2592 2599 2640 2650 in
2689 2596 2942 2652 Picenum
2971 2607 3206 2663 euntem,
3231 2598 3459 2654 comita-

1869 2681 1975 2748 tus,
2003 2685 2070 2738 ab
2118 2701 2184 2740 eo
2229 2686 2468 2750 Auximi,
2507 2685 2680 2756 pridie
2731 2685 2910 2740 Nonas
2959 2685 3165 2750 Martii,
3219 2684 3458 2752 sabbato

1869 2775 2112 2841 Quatuor
2134 2777 2482 2846 Temporum,
2529 2777 2814 2848 presbyter
2858 2777 3152 2832 cardinalis
3191 2777 3250 2832 S.
3283 2776 3456 2832 Caeci-

1871 2865 2018 2920 li:eet
2035 2867 2296 2936 postridie
2321 2867 2808 2930 Dominico,abbas
2830 2865 3058 2922 Casinas
3083 2875 3476 2924 consecratus..

1867 2955 2123 3010 Casinum
2149 2957 2380 3022 rediens,
2415 2957 2822 3018 monasterium,
2851 2964 2920 3010 et.
2956 2955 3266 3019 ecclesiam,
3301 2965 3452 3010 vetu-

1872 3057 2012 3104 state
2039 3047 2337 3104 deformem
2377 3063 2406 3102 a
2449 3047 2818 3104 fundamentis
2852 3057 3186 3112 renovatum,
3227 3063 3458 3117 eamque

1873 3138 1942 3194 ab
1991 3138 2298 3194 Alexandro
2352 3139 2396 3194 ll
2449 3139 2696 3194 solemni
2729 3139 2832 3194 ritu
2871 3137 3135 3204 dedicari,
3175 3139 3470 3194 innumera

1875 3230 2150 3284 hominum
2175 3229 2519 3284 multitudine
2531 3231 2596 3284 ad
2618 3246 2736 3284 eam
2761 3229 3110 3284 festivitatem
3126 3230 3456 3296 confluente,

1873 3317 2018 3371 fecit.
2082 3317 2241 3370 Multa
2301 3327 2618 3372 ornamenta
2684 3319 2924 3384 addidit;
2985 3319 3150 3372 libros
3195 3317 3458 3386 plurimos

1873 3409 2194 3463 scribendos
2238 3411 2470 3476 curavit,
2515 3405 2724 3478 Oppida“
2767 3411 2980 3480 aliquot
3035 3418 3090 3464 et
3127 3409 3349 3464 castella
3373 3411 3454 3468 ,ad

1875 3499 2189 3554 tuonasterii
2233 3500 2456 3554 tutelam
2479 3500 2744 3554 condidit.
2783 3499 2946 3553 Multa
2988 3515 3020 3554 a
3047 3499 3280 3552 diversis
3301 3500 3458 3567 prin-

1876 3588 2084 3658 cipibus
2113 3587 2292 3642 ablata
2329 3589 2644 3658 acquisivit,
2670 3599 2724 3644 et
2765 3588 2938 3658 ipsius
2965 3587 3282 3642 monasterii
3313 3589 3456 3642 redi-

1875 3689 1983 3744 tus,
2012 3678 2348 3748 majestatem
2381 3691 2435 3734 et
2477 3679 2644 3735 decus
2693 3679 2892 3733 mirum
2941 3678 2994 3732 in
3027 3678 3244 3732 modum
3281 3677 3450 3732 auxit.

1875 3771 2002 3840 Ejus
2035 3779 2222 3840 rogatu
2276 3768 2428 3824 multl
2464 3786 2532 3824 ex
2562 3769 2986 3842 congregatione
3027 3768 3298 3832 monachi,
3328 3782 3454 3823 car-

1876 3865 2102 3928 dinales,
2140 3865 2532 3934 archiepiscopi
2580 3872 2648 3918 et.
2674 3862 2934 3932 episcopi,
2966 3879 2996 3916 a
3033 3861 3293 3916 Romanis
3321 3877 3455 3931 pon-

1875 3961 2120 4014 tiﬁcibus.
2140 3959 2222 4013 sui
2258 3960 2518 4028 temporis
2545 3959 2824 4012 constituti
2837 3967 2982 4012 sunt.
3011 3957 3306 4012 Catholica:
3331 3971 3456 4024 par-

1877 4051 1965 4112 tis,
1993 4052 2118 4104 dum
2163 4050 2320 4114 vixit,
2347 4050 2784 4105 studiosissimus
2823 4047 2957 4112 fuit;
3005 4045 3223 4102 Nicolao
3245 4045 3290 4100 ll
3319 4062 3452 4102 cou—

1875 4149 1954 4192 tra
1985 4137 2248 4194 Joannem
2285 4139 2566 4202 Mincium;
2609 4136 2915 4190 Alexandro
2945 4135 2986 4188 ll
3035 4145 3227 4190 contra
3279 4134 3455 4189 Cada~

1873 4229 2054 4294 lonm;
2085 4241 2139 4282 et
2193 4229 2486 4283 novissime
2515 4227 2779 4296 Gregorio
2833 4225 2918 4278 VII
2944 4233 3132 4278 contra
3171 4223 3450 4278 Gibertum

1871 4319 2310 4374 constantissime
2355 4317 2506 4370 favit.
2547 4315 2726 4381 Quare
2777 4332 2804 4367 a
2861 4309 3123 4382 Gregorio
3166 4315 3280 4380 ipso
3344 4311 3447 4370 \"ll,

1869 4407 2028 4477 paulo
2062 4418 2187 4462 ante
2217 4405 2423 4460 obitum
2457 4419 2634 4466 suum,
2667 4403 3006 4457 adstantibus
3063 4399 3448 4468 cardinalibus,

1873 4499 2097 4566 ipsequi
2132 4495 2402 4566 designari
2436 4495 2658 4548 deberet
2707 4493 2944 4563 pontifex
2983 4491 3297 4561 potissimus
3323 4505 3450 4558 pro-

1871 4591 2181 4656 propositus
2219 4584 2340 4646 fuit,
2368 4583 2525 4652 cujus
2555 4581 2772 4644 virtute,
2801 4579 3036 4649 collapsa
3089 4579 3202 4633 fere
3236 4579 3452 4631 teterri-

1872 4693 1960 4730 mo
1988 4675 2303 4736 schismate,
2328 4671 2571 4726 Romana
2603 4672 2760 4724 sedes
2807 4669 3015 4722 restitui
3065 4677 3266 4740 posset,
3300 4677 3356 4720 et
3385 4669 3452 4720 ad

1871 4771 2157 4842 pristinum
2183 4769 2346 4822 decus
2371 4765 2634 4820 revocari.

1868 4901 1898 4931 ,ν
1940 4862 2204 4932 Gregorio
2225 4859 2440 4916 Vit-rite
2479 4855 2714 4925 sepulto,
2755 4856 2994 4924 episcopi
3031 4863 3087 4910 et
3121 4853 3454 4916 cardinales,

1869 4958 2158 5026 caeterique
2209 4954 2300 5024 qui
2349 4950 2670 5006 catholicam
2724 4957 2932 5018 partem
2993 4948 3304 5009 tuebantur,
3349 4962 3452 5030 una

1872 5057 2050 5074 -..ηηεΑ
2109 5047 2173 5074 ...1
2215 5059 2331 5074 ..ιι-η
2389 5039 2712 5074 ΓηΙηίοιηΙαηι
2757 5051 2853 5074 non
2887 5037 3086 5074 rit-"ulc
3143 5035 3457 5074 ἶιιριιιιὶιὶιηι-
