4044 5360
556 424 660 479 915

1594 431 1818 489 GESTA
1859 431 2198 488 DESlDEltIl
2234 429 2523 488 ABB.\TlS
2563 430 2804 498 CASlN.,

3701 433 3812 492 915

549 522 786 607 Quorum
821 544 909 598 ille
958 524 1251 614 repudiato
1290 546 1514 616 judicio,
1543 548 1609 603 ad
1649 550 2033 604 monasterium
2067 563 2126 602 se
2155 555 2203 611 Α
2232 558 2508 615 C'tparcut.
2539 548 2783 615 Quicum
2813 555 3008 602 caetera
3057 546 3175 601 loca
3219 546 3510 624 cepissent,
3546 547 3812 618 templum

551 635 776 704 retulit,
837 645 891 690 et
953 637 1225 692 ltomauos
1275 654 1337 692 ac
1389 639 1724 695 Lombardos
1773 655 2122 709 quoscunque

551 727 724 792 potuit
774 726 968 781 litteris
1012 742 1075 781 ac
1105 729 1312 782 nuntiis
1339 729 1406 783 ad
1452 730 1908 800 complectendam
1939 729 2124 783 Eccle-

550 817 687 868 siam
717 817 1027 871 concitavit.
1065 817 1160 874 Ubi
1195 835 1318 874 vero
1347 819 1558 876 calores
1603 822 1806 876 aestatis
1835 821 2122 876 deferbue-

552 915 698 969 runt,
720 904 982 961 Jordanes
1010 907 1260 978 princeps
1311 911 1645 965 Desiderium
1677 910 1902 966 Romam
1924 910 2121 981 perdu-

555 1011 681 1049 cere
709 1003 936 1052 conatus
994 1006 1095 1062 est,
1124 1014 1188 1052 eo
1217 999 1398 1052 animo
1443 1009 1499 1053 ut
1549 1001 1720 1068 ipsum
1779 1003 1942 1055 etiam
1982 1000 2125 1056 relu-

551 1097 785 1140 ctantem
815 1087 1121 1156 pontificem
1145 1091 1472 1158 declararet;
1505 1093 1645 1160 quod
1675 1094 1997 1162 persuadere
2018 1109 2124 1149 non

558 1178 755 1244 potuit,
790 1189 954 1246 atque
985 1179 1057 1233 ita
1082 1197 1170 1234 res
1204 1182 1477 1251 pontiticia
1510 1182 1598 1236 illo
1629 1197 1768 1237 anno
1792 1199 2013 1253 prorsus
2041 1199 2126 1240 re-

553 1269 727 1321 frixit.
764 1268 944 1324 Pridie
972 1281 1148 1327 autem
1178 1273 1797 1338 Pentecostes,comitiis
1826 1276 2124 1339 advocatis.

554 1362 746 1416 omnes
792 1361 974 1416 clerici
1035 1375 1088 1417 et
1140 1363 1261 1418 laici
1313 1365 1589 1419 catholiezc
1673 1367 1840 1434 partis
1889 1367 2128 1422 fautores

558 1453 736 1521 ipsum
761 1463 983 1506 oratunt
1011 1463 1068 1506 ut
1102 1453 1400 1509 Romanum
1434 1457 1804 1524 pontiﬁcatum
1852 1460 2128 1528 suscipere

556 1549 737 1609 vellet,
768 1563 939 1617 neque
1003 1549 1297 1603 Ecclesiam
1361 1551 1452 1604 Dei
1502 1552 1569 1604 ab
1625 1551 1926 1606 adulterino
1957 1553 2125 1607 teneri

559 1638 818 1704 pontitiee
857 1647 1150 1705 pateretur.
1186 1639 1275 1694 llle
1297 1656 1445 1703 vero,
1490 1641 1677 1694 eadem
1703 1657 1806 1710 qua
1846 1651 1973 1697 ante
1996 1658 2127 1696 cou-

560 1730 781 1791 stantia,
817 1743 1006 1797 preces
1026 1744 1213 1782 eorum
1241 1731 1537 1799 repudiavit
1563 1747 1576 1794 ;
1612 1743 1774 1800 seque
1801 1716 1980 1785 omnia
2013 1747 2130 1801 pas-

556 1832 741 1870 surum
773 1820 953 1887 potius
989 1835 1148 1888 quam
1183 1829 1386 1874 tantum
1446 1837 1582 1876 onus
1637 1822 1879 1892 accipere
1909 1839 2128 1892 respou-

560 1909 657 1961 dit.
693 1910 806 1976 Qua
839 1927 972 1966 voce
1001 1913 1200 1974 audita,
1227 1913 1352 1981 quia
1402 1929 1582 1968 serum
1623 1924 1741 1968 crat
1772 1914 1898 1979 diei,
1944 1930 2131 1970 omnes

558 2004 746 2056 domos
773 2018 898 2056 suas
925 2004 1193 2057 abierunt.
1229 2003 1495 2058 Postridie
1518 2021 1671 2070 vero,
1713 2005 2032 2060 obsecratus
2074 2013 2133 2057 ut

557 2106 718 2159 quem
757 2092 1007 2146 idoneum
1035 2092 1270 2146 maxime
1321 2093 1603 2157 indicaret,
1635 2094 1984 2163 exprimeret,
2019 2093 2130 2158 ille,

565 2195 626 2236 re
651 2197 772 2234 eum
831 2180 1016 2237 Cincio
1047 2182 1289 2238 Romano
1330 2184 1550 2238 consule
1589 2184 2002 2246 communicata,
2032 2183 2127 2239 Os-

567 2275 792 2326 tiensem
832 2274 1142 2343 episcopum
1171 2275 1467 2328 nominavit
1494 2291 1507 2340 ;
1535 2275 1804 2345 plerisque
1829 2277 1880 2329 in
1909 2274 2130 2330 Ostien—

565 2382 680 2420 sem
731 2365 1131 2420 inclinantibus.
1167 2367 1318 2422 Tunc
1363 2384 1494 2423 vero
1536 2367 1828 2422 cardinalis
1863 2369 2083 2438 quidam
2114 2385 2130 2422 :

561 2455 640 2509 Ne
679 2455 821 2509 Deus
850 2455 1058 2520 siverit,
1089 2456 1282 2530 inquit,
1314 2458 1440 2532 quin
1465 2457 1798 2512 Desiderium
1824 2457 2131 2526 pontiﬁcem

557 2547 886 2602 habeamus!
920 2546 1033 2613 Qua
1076 2563 1203 2603 voce
1246 2551 1410 2603 erecti
1447 2549 1625 2605 caeteri
1660 2549 1994 2604 Desiderian
2027 2565 2134 2603 uno

558 2652 825 2694 consensu
855 2638 1283 2706 prehenderunt,
1325 2651 1390 2694 ct'
1420 2639 1485 2694 ad
1525 2641 1690 2696 mdem
1717 2639 1775 2697 S.
1807 2639 1984 2695 Lucize
2012 2655 2135 2708 pcr-

559 2730 855 2790 dnxcrunt,
900 2737 955 2782 et
986 2728 1087 2783 rite
1143 2729 1390 2794 electum,
1441 2746 1505 2786 ae
1555 2729 1790 2786 Victoris
1825 2729 1889 2788 ill
1917 2729 2135 2784 nomine

559 2817 835 2886 allectum,
881 2819 1166 2891 chlamyde
1216 2821 1468 2874 coccinea
1525 2829 1900 2873 exornarunt:
1955 2817 2132 2872 albam

565 2914 710 2966 enim
752 2930 858 2968 non
896 2923 1188 2984 potuerunt
1231 2911 1482 2966 reuitcnti
1527 2914 1821 2982 imponere,
1849 2911 1975 2966 Post
2005 2927 2136 2982 qua-

563 3008 798 3062 triduum
831 3007 1038 3072 Victor,
1095 3007 1260 3060 Roma
1291 3022 1561 3078 egressus,
1591 3008 1819 3063 Ardeam
1861 3015 1916 3062 et
1945 3007 2136 3063 Terra-

565 3099 744 3152 cinam
772 3100 926 3164 adiit,
962 3099 1144 3168 ibique
1175 3099 1479 3168 [iniitiﬁcem
1509 3113 1627 3154 esse
1667 3099 1806 3154 nolle
1838 3097 2134 3166 professus,

569 3203 806 3254 crucem,
843 3188 1176 3260 chlamydem
1220 3199 1272 3244 et
1297 3198 1490 3244 cmtera
1518 3189 1789 3260 pontificia
1821 3200 2134 3245 ornamenta

569 3279 844 3346 deposuit,
875 3288 930 3334 et
965 3279 1216 3334 Casinum
1265 3294 1535 3344 reversus,
1586 3295 1758 3348 neque
1804 3295 1834 3334 a
1880 3278 2135 3344 Jordane,

568 3385 742 3437 neque
774 3371 841 3425 ab
891 3371 1158 3441 episcopis
1209 3381 1301 3425 aut
1347 3371 1714 3426 eardinalibus
1758 3371 1862 3425 ulla
1928 3372 2138 3426 ratione

570 3457 793 3512 llomam
829 3460 1009 3516 reduci
1041 3461 1232 3529 potuit.
1265 3460 1576 3516 Conventus
1610 3460 1806 3530 Capua:
1858 3472 2011 3515 actus
2053 3469 2138 3515 est

569 3564 664 3615 per
687 3551 1155 3619 quadragesimum
1187 3567 1328 3606 anno
1367 3551 1521 3606 l087.
1553 3552 1628 3605 Eo
1654 3561 1892 3619 peracto,
1920 3561 2139 3622 repente

570 3639 758 3692 clerici
778 3649 830 3693 et
860 3639 980 3693 laici
1013 3656 1201 3696 omnes
1225 3641 1376 3696 novis
1407 3641 1555 3695 illum
1586 3641 1873 3695 sollicitare
1897 3642 2140 3711 precibus

573 3730 900 3795 institerunt,
965 3740 1022 3785 ut
1061 3733 1390 3800 pontiﬁciam
1443 3733 1762 3807 dignitatem
1821 3741 2137 3787 resumeret.

574 3819 718 3885 Quas
740 3836 860 3873 cum
883 3837 978 3889 per
999 3824 1216 3877 biduum
1242 3825 1548 3893 sprevissct,
1577 3825 1787 3879 demum
1811 3825 1964 3890 duce,
1989 3826 2142 3894 prino

575 3912 714 3978 cipe,
757 3912 1019 3981 episcopis
1049 3923 1101 3967 ct
1143 3915 1505 3970 cardinaliiics
1534 3917 1597 3968 ad
1641 3918 1803 3986 pedes
1831 3917 1945 3985 ejus
1989 3918 2144 3971 obsc-

576 4001 764 4052 irandi
797 4016 956 4056 causa
981 4005 1453 4072 procumbentihus
1480 4007 1662 4071 cessit,
1687 4022 1749 4060 ae
1777 4023 1850 4061 xu
1877 4006 2145 4061 Kalendas

575 4093 773 4160 Aprilis
794 4094 846 4147 in
863 4094 998 4150 festo
1022 4097 1340 4162 Palinurum,
1360 4099 1633 4169 superiora
1650 4101 1882 4163 comitia,
1898 4117 2055 4155 cruce
2092 4110 2149 4156 et

575 4185 859 4257 chlamyde
899 4201 1190 4259 resumpta,
1240 4191 1599 4246 conﬁrmavit.
1654 4193 1917 4248 Paschate
1952 4195 2145 4250 deinde

575 4277 753 4332 Casini
779 4279 1072 4347 celebrato,
1096 4298 1216 4337 cum
1239 4283 1492 4354 Capuano
1532 4296 1587 4338 et
1617 4285 1962 4340 Salernitano
1998 4287 2146 4355 prin-

576 4369 786 4437 cipibus
815 4373 880 4426 ad
919 4373 1104 4428 urbem
1139 4389 1458 4446 progressus
1485 4386 1638 4430 extra
1670 4377 1936 4446 porticum
1969 4377 2146 4431 sancti

577 4461 722 4516 Petri
755 4466 1021 4529 consedit,
1057 4477 1219 4537 atque
1243 4469 1410 4523 cedem
1433 4486 1593 4539 quam
1614 4469 1863 4524 Clemens
1892 4472 2147 4541 antipapa

579 4557 817 4622 tenebat,
845 4561 1058 4629 egregia
1113 4554 1332 4616 suorum
1391 4578 1553 4632 opera
1602 4581 1753 4629 usus,
1801 4564 2024 4634 recepit,
2072 4582 2144 4618 v1:
2181 4569 2226 4626 υ

580 4663 710 4703 vero
742 4651 862 4704 ldus
885 4651 1030 4717 Maii,
1059 4653 1108 4705 id
1137 4663 1217 4708 est
1256 4655 1370 4726 ipsa
1405 4665 1524 4725 post
1549 4657 1933 4710 Ascensiouem
1967 4656 2150 4710 llomi-

579 4740 720 4801 nica,
753 4739 1012 4796 Romanis
1044 4744 1094 4796 in
1122 4745 1440 4800 Vaticanmn
1473 4747 1724 4813 egressis,
1769 4745 1836 4798 ab
1877 4745 2148 4808 Ostiense,

580 4827 907 4897 Tusculano,
941 4832 1244 4898 Portucnsi,
1297 4833 1670 4890 ctAlhanensi
1723 4833 1988 4902 cpiswpis
2049 4833 2152 4885 rite

578 4931 951 4986 consecratus,
985 4924 1039 4981 in
1077 4925 1377 4979 diaconiam
1410 4925 1466 4980 S.
1500 4924 1678 4979 Lucize
1707 4925 1771 4976 ad
1803 4923 2150 4995 Septisolium

580 5022 746 5082 atque
767 5029 922 5068 sacra
952 5014 1005 5068 in
1037 5015 1160 5068 sede
1197 5016 1401 5072 locatus
1423 5025 1524 5071 est.
1560 5015 1690 5072 Post
1719 5024 1840 5070 octo
1865 5016 1980 5069 dies
2000 5015 2151 5070 Casi-

587 5113 1068 5167 numreversus,et
1093 5105 1215 5161 inde
1244 5108 1311 5160 ad
1335 5123 1526 5176 preces
1551 5105 1822 5159 lllathildis
1852 5107 2037 5159 urbem
2063 5120 2150 5158 re-

582 5193 757 5262 petiit,
791 5193 878 5246 ubi
909 5193 1299 5250 oﬂiciosissime
1346 5207 1622 5265 exceptus,
1671 5212 1767 5266 per
1795 5204 1916 5249 octo
1955 5197 2067 5250 dies
2098 5195 2152 5249 in

2228 646 2406 692 tamen
2456 639 2597 708 quod
2649 655 2678 692 a
2715 637 3038 694 Victorianis
3100 638 3406 704 tenebatur,
3460 641 3668 710 ingredi
3719 657 3806 694 ne-

2226 729 2516 798 quiverunt
2545 747 2559 795 ;
2593 731 2774 800 itaque
2804 729 3053 786 Clemens
3087 731 3313 793 meridie
3339 732 3393 786 in
3435 734 3552 788 a’de
3601 733 3661 789 S.
3689 732 3807 791 Ma~

2228 820 2321 875 rim
2351 821 2403 875 in
2430 823 2668 878 turribus
2697 821 3010 878 celebravit.

2298 931 2392 988 liis
2422 933 2582 989 rebus
2625 934 2781 1002 actis,
2812 936 3019 1001 Victor,
3052 943 3113 989 ut
3144 934 3572 991 Sarracenorum
3615 935 3707 1004 qui
3753 935 3814 990 iis

2226 1026 2408 1083 Africa
2458 1037 2636 1094 erant,
2691 1028 3032 1085 insolentiam
3078 1030 3375 1101 frangeret,
3420 1029 3650 1084 consilio
3683 1043 3812 1084 cum

2227 1120 2494 1189 episcopis
2518 1130 2572 1176 ct
2598 1120 2962 1176 cardinalibus
2995 1121 3198 1185 habito,
3245 1123 3518 1190 ingentem
3545 1135 3611 1175 ex
3634 1121 3813 1174 omni-

2228 1211 2327 1264 bus
2350 1211 2518 1267 ltalize
2547 1213 2790 1282 partibus
2817 1213 3117 1267 exercitum
3148 1214 3488 1278 convocavit,
3520 1228 3584 1267 ac
3609 1211 3812 1266 vexillo

2227 1301 2288 1355 B.
2326 1303 2473 1359 Petri
2523 1305 2744 1371 tradito,
2784 1313 2839 1359 et
2874 1304 3112 1374 plenaria
3146 1306 3478 1374 indulgentia
3515 1320 3806 1368 concessa,

2231 1393 2281 1446 in
2310 1392 2544 1447 Africam
2573 1395 2743 1458 misit,
2771 1409 2835 1449 ac
2863 1410 2958 1462 per
2987 1409 3082 1449 eos
3121 1404 3338 1450 centum
3369 1394 3537 1448 millia
3568 1395 3807 1448 hostium

2229 1482 2441 1548 cecidit,
2491 1494 2545 1538 et
2600 1483 2785 1550 urbem
2828 1499 3015 1538 eorum
3069 1483 3358 1544 maximam
3409 1484 3572 1553 cepit.
3620 1483 3812 1552 Neque

2229 1574 2458 1629 victoria
2516 1574 2621 1628 ulla
2695 1590 2792 1644 per
2845 1575 2960 1630 haec
3039 1583 3279 1644 tempora
3351 1572 3453 1627 fuit
3505 1574 3805 1643 insignior;

2229 1669 2429 1736 quippe
2480 1670 2669 1723 eodem
2727 1670 2815 1724 die
2871 1671 2925 1724 in
2972 1669 3124 1727 Italia
3176 1668 3419 1724 nuntiata
3469 1683 3578 1738 quo
3624 1675 3709 1723 est
3750 1668 3813 1720 in

2228 1757 2409 1813 Africa
2437 1767 2770 1827 comparata.
2805 1759 3074 1814 Henricus
3127 1759 3180 1812 in
3231 1758 3543 1822 Germania,
3579 1757 3814 1812 sinistro

2163 1889 2203 1947 Β
2233 1859 2409 1904 marte
2455 1865 2577 1904 cum
2635 1849 2938 1907 Saxonibus
2990 1851 3296 1914 dimicans,
3351 1859 3586 1918 quatuor
3637 1847 3810 1902 millia

2232 1940 2461 1994 militum
2494 1941 2698 2007 amisit,
2728 1943 2839 1997 Deo
2872 1941 3125 1998 volente:
3165 1950 3224 1995 ut
3272 1941 3489 1994 tandem
3520 1937 3813 1994 desisteret

2235 2027 2536 2084 Ecclesium
2568 2045 2722 2085 suam
2751 2032 3004 2100 persequi
3035 2040 3091 2086 et
3146 2030 3548 2085 calamitatibus
3583 2043 3808 2084 vexare.

2235 2117 2372 2172 Sunt
2418 2120 2510 2188 qui
2565 2121 2669 2175 hoc
2704 2128 2947 2190 tempore
2990 2119 3158 2174 multa
3203 2119 3442 2189 prodigia
3493 2119 3812 2187 apparuisse

2233 2210 2497 2275 scribant,
2543 2220 2598 2263 et
2639 2225 2769 2266 aves
2799 2209 3125 2273 domesticae,
3158 2217 3217 2263 ut
3253 2217 3381 2277 puta
3433 2209 3675 2279 gallinm,
3707 2223 3806 2262 an-

2233 2315 2414 2365 seres,
2441 2301 2698 2366 columbi,
2739 2315 2997 2370 pavones,
3047 2301 3136 2379 ad’
3165 2299 3280 2354 loca
3322 2309 3578 2353 montana
3623 2297 3812 2354 confu-

2235 2392 2436 2462 gerint,
2464 2392 2849 2460 silvestresque
2878 2392 2987 2446 sint
3016 2389 3191 2455 factae,
3234 2399 3288 2445 et
3317 2389 3496 2464 pisces
3549 2399 3663 2444 tum
3707 2387 3811 2443 ﬂu-

2240 2483 2430 2548 viales,
2461 2491 2572 2536 tum
2605 2483 2824 2547 marini,
2856 2498 2920 2537 ex
2947 2491 3100 2554 parte
3127 2481 3409 2552 perierint.
3451 2481 3635 2536 Terra:
3664 2491 3811 2536 motu

2235 2573 2398 2628 etiam
2428 2574 2672 2642 quzedam
2719 2573 2880 2628 urbes
2921 2575 3057 2630 adeo
3105 2588 3384 2628 concussae
3426 2582 3584 2642 sunt,
3617 2582 3675 2628 ut
3708 2573 3810 2642 Sy-

2237 2665 2442 2720 racusis
2501 2681 2698 2736 magna
2756 2666 2978 2722 basilica
3034 2681 3336 2730 corruens,
3389 2664 3518 2718 dum
3574 2679 3814 2736 vespera:

2237 2755 2664 2820 celebrarentur,
2716 2771 2906 2811 omnes
2943 2757 3035 2827 qui
3073 2757 3126 2811 in
3179 2757 3376 2827 templo
3420 2757 3648 2810 aderant
3688 2772 3812 2813 con-

2237 2847 2483 2911 triverit,
2540 2848 2749 2902 duobtts
2810 2858 3013 2904 tantum
3068 2848 3328 2903 divinitus
3382 2849 3800 2918 superstitibus,

2237 2937 2465 2993 diacono
2492 2938 2698 2994 scilicet
2734 2946 2784 2991 et
2823 2939 3173 2994 subdiacono.
3208 2938 3348 2995 Sunt
3376 2941 3466 3007 qui
3497 2940 3684 2994 dicant
3713 2941 3810 2996 hoc

2241 3037 2481 3098 tempore
2525 3044 2721 3098 corpus
2771 3028 2828 3084 S.
2870 3027 3072 3082 Nicolai
3119 3044 3189 3084 ex
3237 3028 3412 3099 Myrea
3466 3028 3645 3098 Lyciae
3684 3028 3814 3086 civi-

2241 3129 2374 3182 ta‘e.
2426 3120 2623 3172 Earum
2677 3119 2841 3176 Italia:
2893 3120 3077 3172 urbem
3121 3117 3474 3179 translatum,
3528 3127 3815 3188 postquam

2166 3235 2208 3290 ε
2244 3211 2441 3267 ibidem
2483 3209 2586 3265 745
2632 3224 2802 3262 annos
2831 3208 3118 3280 quieverit,
3169 3207 3517 3275 maximoque
3565 3207 3715 3261 cultu
3763 3213 3816 3260 et

2239 3303 2444 3358 honore
2488 3301 2766 3366 habitum,
2801 3310 2858 3354 ut
2895 3300 3166 3356 Marianos
3217 3298 3434 3362 Scotus,
3469 3299 3552 3352 vir
3612 3315 3816 3369 magna:

2241 3395 2504 3448 doctrina:
2547 3393 2942 3464 singularisque
2975 3394 3125 3457 vitae,
3167 3392 3218 3445 in
3259 3407 3354 3447 sua
3400 3390 3641 3446 Historia
3686 3407 3813 3444 con-

2243 3486 2454 3541 scribit.

2315 3598 2441 3652 !nde
2488 3594 2674 3652 Victor
2721 3600 2982 3652 adversus
3031 3597 3364 3651 Clementem
3411 3595 3814 3666 pseudopapam

2242 3699 2297 3746 et
2335 3689 2623 3744 factionem
2658 3690 2775 3758 ejus
2805 3703 3122 3753 conversus,
3167 3688 3406 3758 Augusto
3450 3701 3637 3741 mense
3677 3699 3819 3739 anno

2246 3781 2383 3837 1087
2408 3788 2730 3836 conventum
2761 3778 3130 3834 Beneventum
3159 3778 3374 3844 indixit,
3398 3776 3652 3832 omnibus
3671 3776 3816 3844 Apu—

2246 3872 2330 3925 lia:
2357 3879 2413 3925 ct
2441 3869 2704 3924 Calabria:
2732 3868 2999 3938 episcopis
3030 3867 3324 3922 advocatis.

2318 3983 2453 4036 Dum
2515 3979 2753 4050 synodus
2803 3979 3180 4034 Beneventana
3217 3975 3391 4030 adhuc:
3447 3980 3817 4043 perageretur,

2248 4071 2486 4144 pontifex
2542 4070 2690 4138 gravi
2746 4069 3066 4140 dysenteria:
3139 4066 3327 4120 morbo
3391 4065 3640 4120 laborare
3689 4061 3820 4116 inci-

2248 4165 2420 4232 piens,
2454 4158 2637 4213 triduo
2667 4167 2788 4228 post
2833 4157 3062 4213 festinus
3105 4155 3172 4209 ad
3219 4155 3513 4209 Casinense
3552 4167 3677 4206 cum
3708 4151 3820 4219 epi-

2249 4253 2428 4321 scopis
2463 4261 2519 4306 et
2551 4249 2921 4304 eardinalibus
2971 4248 3160 4311 rediit;
3194 4247 3416 4316 quibus,
3440 4254 3672 4299 mortem
3720 4241 3821 4296 sibi

2251 4345 2536 4402 imminere
2583 4341 2852 4406 sentiens,
2899 4340 3054 4410 petiit
3101 4348 3161 4393 ut
3187 4337 3340 4406 juxta
3384 4334 3630 4405 Gregorii
3675 4346 3823 4402 papae

2252 4437 2578 4493 voluntatem
2615 4434 2882 4489 Othonem
2913 4433 3220 4501 episcopum
3251 4428 3582 4484 cardinalem
3612 4425 3823 4480 Ostien-

2254 4546 2392 4594 sem,
2417 4544 2476 4584 se
2503 4536 2738 4590 mortuo,
2775 4541 2966 4596 papam
2997 4523 3416 4585 constituerent;
3449 4534 3610 4588 quem
3637 4527 3820 4572 astan-

2256 4623 2399 4675 tibus
2430 4618 2793 4674 cardinalibus
2824 4626 2878 4671 et
2916 4615 3182 4684 episcopis
3226 4627 3384 4666 manu
3431 4609 3666 4665 otl‘erens
3714 4607 3818 4660 ait:

2252 4713 2494 4782 Accipite
2541 4727 2686 4774 eum,
2743 4718 2798 4764 et
2841 4709 2896 4763 in
2932 4708 3174 4761 Romana
3219 4706 3344 4760 sede
3383 4704 3577 4766 locate,
3615 4716 3820 4757 meam-

2254 4819 2358 4874 que
2388 4805 2557 4859 vicem
2586 4805 2638 4857 in
2661 4802 2932 4867 omnibus,
2962 4801 3262 4868 quibusque
3294 4799 3345 4852 id
3379 4799 3557 4851 facere
3584 4794 3823 4864 possitis,

2256 4896 2468 4950 habete.
2511 4895 2718 4960 Quibus
2764 4891 3058 4960 dispositis,
3109 4890 3288 4944 triduo
3331 4896 3453 4957 post
3499 4887 3733 4958 feliciter
3773 4885 3825 4937 in

2255 4988 2444 5042 eodem
2473 4985 2723 5040 coenobio
2764 4985 3017 5053 migravit
3057 4983 3123 5038 ad
3161 4981 3437 5036 Christum
3480 4995 3569 5033 xvt
3597 4975 3824 5032 Kalend.

2256 5077 2525 5142 Octobris,
2560 5091 2701 5130 anno
2731 5076 2888 5130 1087.

2329 5189 2566 5257 Suutqui
2594 5189 2837 5242 scribant
2861 5203 2983 5241 eum
3012 5201 3238 5250 veneno,
3268 5183 3366 5238 sibi
3400 5182 3452 5236 in
3483 5179 3653 5235 calice
3683 5179 3827 5243 dato,
