4044 5360
528 303 631 358 913

533 418 663 472 licet
710 421 1053 493 omnipotens
1107 427 1247 482 Deus
1278 442 1464 490 nostro
1509 437 1612 493 hoc
1657 450 1901 515 tempore
1950 451 2113 507 etiam

529 509 885 576 corporaliter
914 519 1280 586 evangelicum
1311 523 1457 580 illam
1481 529 1929 600 pollicitationem
1958 543 2107 599 visus

528 611 615 659 est
663 604 989 677 adimplere,
1061 629 1165 682 qua
1215 617 1452 676 dicitur:
1487 642 1505 675 ι
1537 626 1709 683 Amen
1758 632 1879 690 dico
1927 638 2102 704 vobis,

527 696 671 764 quod
720 699 896 753 omnis
951 703 1041 770 qui
1102 705 1322 777 reliquit
1374 713 1593 771 domum
1630 720 1719 774 vel
1747 721 1976 791 fratres,
2010 736 2109 783 aut.

525 798 774 848 sorores,
812 797 904 841 aut
925 800 1159 859 patrem,
1194 808 1285 853 aut
1315 813 1569 871 matrem,
1601 822 1695 864 aut
1739 828 1983 880 uxorem,
2012 830 2105 876 aut

524 876 687 943 ﬁlios,
714 891 807 935 ant
851 899 1009 950 agros
1054 901 1278 960 propter
1309 911 1502 953 nomen
1555 918 1761 971 meum,
1796 912 2102 981 centuplum

524 970 777 1039 accipiet,
807 982 861 1027 et
882 975 1052 1032 vitam
1081 993 1338 1041 ten-snam
1365 992 1658 1058 possidebit
1679 997 1907 1067 (Matth-
1927 1003 2043 1076 xxx)
2078 1024 2097 1059 ι

523 1060 697 1133 Hujus
732 1064 889 1133 plane
928 1069 1266 1129 admirabilis
1317 1088 1374 1133 et
1422 1083 1715 1154 singularis
1744 1106 1873 1148 vere
1902 1096 1987 1150 sui
2012 1111 2104 1151 or-

521 1151 664 1208 dinis
694 1156 791 1209 viri
838 1167 943 1213 tam
1001 1162 1172 1231 dives.
1211 1179 1322 1223 tam
1371 1174 1669 1248 multiplex.
1730 1191 1837 1239 tam
1867 1188 2099 1259 denique

519 1244 741 1313 copiosa
767 1258 845 1303 est
876 1263 1147 1321 gestorum
1171 1265 1419 1331 materia,
1455 1277 1509 1320 ut
1539 1270 1636 1338 ipsi
1668 1272 2017 1349 Hieronymo,
2058 1283 2102 1339 si

518 1338 758 1404 adesset,
798 1343 880 1396 vel
911 1346 1151 1417 Sulpicio
1194 1369 1300 1408 non
1334 1371 1513 1427 posset
1548 1363 1714 1419 videri
1751 1368 1817 1422 ad
1862 1373 1987 1426 scril
2010 1388 2100 1427 en-

521 1429 937 1506 dnmindigna.’
970 1440 1083 1511 Ego
1132 1452 1340 1509 tamen,
1385 1455 1628 1519 quamvis
1660 1460 1899 1514 omnium
1933 1463 2101 1533 impo-

515 1519 831 1592 ritissinms,
854 1538 908 1583 et
939 1539 1087 1586 tanto
1114 1536 1218 1590 sim
1248 1542 1396 1608 operi
1429 1560 1769 1617 nequaquam
1800 1551 2097 1623 snliiciens,

518 1618 633 1663 tum
676 1629 774 1682 pro
828 1617 1056 1689 imperio
1098 1629 1429 1685 sanctissimi
1471 1635 1735 1707 Oderisii,
1775 1642 1820 1695 is
1866 1655 1967 1699 est‘
1994 1647 2104 1709 ipse

511 1705 602 1772 qui
629 1704 901 1765 Desiderio
927 1714 979 1766 in
1001 1723 1307 1777 monasterii
1319 1726 1573 1794 regimine
1592 1735 1863 1799 successit,
1881 1737 2104 1796 minime

512 1802 933 1868 contemnendo,
972 1814 1082 1860 tum
1114 1826 1212 1879 pro
1239 1816 1477 1871 maxima
1524 1834 1687 1889 quam
1744 1825 1886 1881 idem
1940 1827 2103 1886 Pater
2135 1809 2177 1867 Β

509 1883 828 1945 Desiderius
870 1892 922 1947 in
967 1910 1054 1951 me
1085 1899 1153 1953 ab
1185 1900 1299 1971 ipsa
1340 1904 1452 1961 fere
1505 1908 1730 1967 infantia
1784 1915 1984 1973 habere
2027 1920 2108 1975 di-

509 2069 697 2124 decem
737 2088 909 2130 annos
950 2070 1230 2150 egréssum
1285 2086 1337 2140 in
1388 2090 1489 2145 hoc
1537 2106 1726 2151 sancto
1777 2097 1896 2154 loco
1940 2117 2103 2171 quam

508 2158 746 2217 libenter
789 2171 1070 2240 suscepit,
1113 2174 1408 2243 instruxit,
1455 2186 1679 2241 enutriit
1714 2204 1778 2242 ac
1826 2193 2101 2259 provexit.

505 2252 749 2311 (lernens
780 2258 1001 2331 insuper
1027 2274 1082 2318 et
1112 2266 1301 2324 dolens
1329 2287 1451 2326 cmn
1489 2277 1623 2331 tanti
1656 2265 1891 2336 utilitate
1920 2284 2103 2353 operis

508 2349 832 2404 memoriam
868 2368 1084 2425 quoque
1113 2361 1247 2415 tanti
1273 2362 1373 2417 viri
1408 2367 1737 2436 scriptorum
1771 2349 2100 2444 negligentia

508 2439 768 2506 paulatim
802 2443 854 2500 in
880 2447 1229 2515 oblivionem.
1288 2470 1350 2510 ac
1379 2470 1476 2526 per
1506 2458 1609 2526 hoc
1641 2462 1694 2517 in
1725 2476 2098 2536 contemptum

500 2528 621 2583 fore
647 2543 956 2603 venturam;
988 2538 1117 2595 licet
1142 2558 1248 2598 non
1280 2547 1567 2619 decenter,
1595 2552 1721 2610 licet
1741 2574 1849 2614 non
1886 2563 2099 2637 elegan-

501 2629 607 2685 ter,
638 2623 765 2678 licet
799 2627 1033 2699 denique
1065 2649 1170 2689 non
1198 2637 1527 2698 sufﬁcienter
1556 2646 1768 2703 valeam
1796 2651 1911 2721 ejus
1935 2672 2099 2726 opera

502 2727 567 2766 ex
600 2721 713 2769 toto
743 2720 1053 2790 complecti,
1086 2730 1377 2798 aggrediar
1400 2744 1606 2803 tamen,
1637 2742 1874 2800 conlisus
1907 2748 1973 2803 de
2004 2765 2103 2807 au-

503 2803 632 2857 xilio
658 2806 775 2873 Dei,
804 2825 1021 2881 quoquo
1053 2810 1214 2873 modo
1248 2818 1334 2875 illa
1366 2828 1767 2900 perstringere,
1802 2847 1852 2891 et
1883 2839 1949 2892 ad
1978 2840 2099 2912 glo-

502 2894 639 2949 riain
676 2898 768 2954 Dei
804 2905 1053 2974 tantique
1082 2909 1183 2964 viri
1214 2923 1461 2969 sanctam
1501 2924 1845 2992 memoriam,
1884 2944 2095 2988 necnon

504 2986 571 3039 ad
598 2988 852 3047 solatium
884 2995 1117 3053 ﬁliorum
1139 3000 1519 3069 ejus,fratrum
1545 3021 1880 3079 nostrorum,
1899 3019 2097 3078 litteris

507 3086 782 3149 utcunque
806 3088 1067 3143 mandare
1084 3107 1097 3156 ;
1114 3094 1324 3162 :equius
1348 3094 1809 3170 utiquejudicans
1827 3097 1950 3164 cum
1967 3111 2098 3181 ουρ.
2125 3157 2169 3217 C

507 3167 705 3217 dientia
732 3184 786 3217 et
813 3175 1099 3217 dmmtinna
1133 3183 1359 3217 ;.ιοο;.;.η
1386 3199 1567 3217 mu-..
1602 3196 1780 3217 ---μμ
1832 3216 1851 3217 κ
1908 3216 1911 3217 ,
2051 3202 2061 3217 .

502 3167 705 3225 dientia
732 3184 786 3227 et
813 3175 1099 3236 devotione
1133 3183 1359 3243 inscitia:
1385 3199 1568 3245 notam
1601 3196 1805 3264 subire,
1823 3216 1985 3269 quam
2030 3202 2096 3259 de

501 3267 609 3312 tam
640 3264 873 3331 pretiosa
915 3273 1141 3328 materia
1194 3291 1263 3332 ex
1312 3289 1425 3336 toto
1478 3284 1665 3353 silere,
1705 3297 1760 3344 et
1814 3290 2129 3362 indignum"

501 3363 726 3417 prorsus
755 3371 877 3413 esse
908 3361 1209 3423 decernens
1244 3378 1302 3424 ut
1329 3412 1342 3437 ,
1375 3375 1479 3429 etsi
1507 3379 1689 3433 omnia
1721 3396 1965 3453 nequeo.
2010 3386 2095 3442 vel

506 3440 782 3513 aliquanta
818 3465 924 3507 non
975 3456 1223 3514 studeam
1271 3466 1339 3518 de
1387 3474 1467 3521 tot
1516 3440 2095 3544 tantisque-operibus

496 3530 615 3595 ejus
644 3537 868 3607 referre,
900 3548 1322 3612 prudentissimo
1355 3558 1543 3628 utique
1586 3579 1738 3619 more
1779 3571 2091 3625 venantium

506 3626 886 3688 inseetantinm
918 3636 1087 3707 feras,
1106 3644 1197 3713 qui
1230 3648 1330 3701 etsi
1356 3664 1545 3713 omnes
1567 3669 1763 3725 capere
1794 3672 2089 3731 nequeunt,

503 3731 844 3788 nequaquam
878 3736 1055 3783 tamen
1086 3745 1353 3805 quotquot
1400 3755 1627 3808 possunt
1674 3763 1868 3818 capere
1916 3754 2092 3824 negli-

506 3817 661 3871 guu-t.
696 3809 763 3862 Et
785 3816 1043 3879 quoniam
1068 3821 1301 3889 plurima
1333 3843 1558 3896 prorsus
1583 3844 1636 3889 et
1667 3836 1779 3894 fere
1807 3840 2088 3898 innumera

507 3896 644 3949 tanti
677 3898 774 3955 viri
808 3913 934 3956 sunt
974 3922 1160 3974 opera,
1195 3916 1362 3973 multa
1398 3935 1483 3974 me
1509 3937 1574 3976 ex
1606 3925 1735 3994 ipsis
1768 3930 1935 3985 etiam
1966 3948 2087 4004 qua:

1626 3985 1640 3994 .
1977 3985 1999 4004 τ

506 3985 622 4037 seio
666 3993 1156 4056 praetermissurum
1198 4005 1493 4072 conﬁteor,
1543 4017 1799 4079 quoniam
1849 4022 2091 4079 scribere

501 4075 547 4130 si
575 4079 756 4135 omnia
786 4082 1100 4155 voluissem,
1128 4093 1396 4158 prolixam
1420 4110 1569 4155 certe
1592 4112 1644 4156 et
1671 4119 1948 4164 enormem
1991 4112 2089 4167 lli~

497 4168 724 4225 storiam
752 4175 1151 4246 condidissem;
1180 4189 1430 4253 quamvis
1455 4191 1525 4245 ob
1570 4193 1671 4248 hoc
1701 4211 1731 4249 a
1767 4200 1951 4256 multis
1988 4220 2088 4258 no-

495 4265 759 4328 strorum,
786 4266 877 4337 qui
911 4283 1121 4327 mecum
1146 4276 1354 4344 pariter
1379 4280 1469 4336 illa
1494 4286 1760 4354 recolunt,
1787 4306 1872 4345 me
1899 4296 2086 4352 redar-

494 4354 935 4418 guendumwfore
982 4377 1089 4417 non
1157 4366 1418 4425 dubitem.
1491 4373 1597 4431 Sed
1652 4394 1753 4448 ego
1817 4381 2081 4440 lectorum

493 4438 717 4497 fastidio
753 4446 958 4503 utiliter
980 4455 1293 4522 consulens,
1327 4460 1370 4514 si
1410 4477 1472 4515 ea
1509 4438 1714 4521 tantum
1748 4486 1869 4539 quae
1912 4474 2085 4530 relatu
2119 4495 2163 4552 υ

492 4539 677 4585 essent
698 4532 1011 4603 dignissima
1031 4542 1933 4625 scribereutursullicerejudicavi.
1948 4561 2084 4619 Nam

498 4619 546 4672 si
574 4635 681 4688 qua
731 4626 910 4682 minus
964 4638 1169 4686 nostris
1217 4636 1416 4693 litteris
1464 4628 1832 4714 reperiuntur,
1887 4650 1939 4704 in
1969 4651 2085 4720 ejus

495 4716 753 4782 operibus
784 4720 903 4777 luce
924 4724 1128 4784 clarius
1155 4731 1590 4801 conspiciuntur.
1626 4737 1795 4807 Hujus
1820 4758 1952 4799 sane
1982 4748 2081 4802 viri

494 4807 818 4876 primordia,
849 4819 1131 4885 quoniam,
1161 4824 1465 4892 opitulante
1494 4828 1733 4897 Christo,
1770 4836 1898 4893 hinc
1924 4854 2083 4894 exer-

493 4899 642 4954 dium
665 4917 881 4959 sumere
911 4911 1191 4977 gestio,ab
1224 4916 1309 4973 his
1335 4918 1424 4986 qui
1464 4919 1585 4989 ‘cjus
1631 4924 1698 4977 ab
1740 4925 2082 4988 incunabulis

493 4992 756 5048 exstitere
780 4998 1020 5066 sodales,
1064 5004 1322 5065 addidici.
1353 5009 1515 5064 Multa
1542 5024 1803 5083 praetcrea
1828 5034 1895 5073 ex
1939 5022 2081 5091 ejus-

493 5081 618 5137 dem
652 5100 748 5138 02‘:
785 5090 1047 5138 veridico-
1118 5110 1237 5138 nnna
1273 5116 1357 5138 nm
1402 5103 1716 5138 fruar-“nlo.-
1764 5112 1865 5138 ,τω
1916 5119 2072 5138 ηυδε-

1590 328 1815 388 casm
1844 333 2182 399 DESIDERII
2223 347 2512 408 ABBATIS
2551 336 2771 418 essm.

3694 388 3814 443 920

2146 462 2191 520 Α
2223 475 2360 529 rum,
2398 476 2584 537 utpote
2618 474 2708 539 qui
2739 490 2823 530 me
2855 478 3087 551 simplici
3139 486 3417 547 intellectu
3465 493 3660 565 legisse
3692 519 3812 559 me-

2209 555 2460 613 minerim
2493 580 2504 614 :
2542 582 2560 613 σ
2601 565 2834 636 l’erdes,
2862 571 3104 642 Domine,
3133 594 3324 641 omnes
3359 589 3451 655 qui
3502 589 3813 661 loquuntur

2209 646 2550 706 mendacium
2581 653 2823 726 (Panhv,
2854 662 2964 733 7),»
2986 667 3147 725 salvo
3173 674 3360 743 utique
3378 646 3660 739 intellectu
3688 688 3812 743 alio

2209 752 2318 806 quo
2368 742 2575 802 dictum
2618 748 2670 804 id
2717 752 2785 809 de
2832 753 3106 817 lia-relicis
3158 742 3482 825 afﬁrmatur.
3543 776 3700 842 Quod
3756 780 3806 835 si

2212 830 2350 888 forte
2372 835 2589 907 aliquis,
2638 842 2940 905 invidentia
2975 865 3070 907 seu
3098 856 3309 915 malitia
3353 830 3584 933 ductus:
3634 868 3809 926 fidem

2208 921 2293 980 bis
2343 934 2758 991 accommOdare
2794 939 3053 1013 noluerit,
3084 955 3138 1004 et
3165 944 3372 1008 favoris
3417 958 3805 1030 potiusgratia

2208 1014 2332 1074 huic
2359 1022 2437 1077 rei
2471 1039 2557 1085 me
2586 1043 2808 1098 operam
2841 1033 3057 1095 dedisse
3102 1014 3559 1117 putaveritfbuc,
3682 1054 3806 1125 pla-

2207 1114 2404 1181 euerit,
2436 1132 2740 1190 properans
2767 1130 2975 1197 aperiat
3005 1133 3154 1191 visus
3184 1149 3238 1193 et
3262 1140 3479 1210 videat;
3512 1159 3575 1200 ac
3599 1161 3698 1216 per
3727 1164 3801 1204 ea

2207 1217 2328 1271 quae
2363 1208 2635 1279 videntur,
2666 1214 2754 1270 illa
2785 1233 3001 1291 quoque
3027 1242 3148 1296 qua:
3177 1229 3349 1286 videri
3378 1208 3484 1289 non
3521 1248 3754 1306 possunt
3781 1282 3799 1307 ,

2208 1308 2416 1356 semoto
2471 1302 2642 1365 livore
2687 1312 3042 1372 considerans
3095 1320 3401 1383 admiretur
3451 1336 3507 1385 et
3564 1332 3802 1400 credat;

2208 1388 2568 1463 credensque,
2615 1398 2886 1458 bonorum
2955 1409 3198 1469 omnium
3262 1412 3537 1485 Largitori
3608 1420 3803 1479 laudes

2208 1496 2374 1553 super
2404 1486 2506 1543 boc
2538 1498 2593 1544 et
2621 1494 2837 1562 gratias
2878 1499 3106 1567 referat,
3138 1505 3324 1577 sicque
3356 1511 3575 1568 tandem
3603 1531 3692 1572 me
3726 1517 3803 1571 de

2206 1576 2395 1632 multis
2418 1578 2563 1637 illius
2592 1597 2786 1654 pauca,
2820 1589 2995 1664 deque
3027 1598 3281 1657 maximis
3308 1602 3535 1661 minima
3564 1623 3800 1680 prorsus

2206 1668 2490 1739 scripsisse
2519 1689 2834 1746 cognoscat.

2276 1755 2542 1815 Desiderii
2562 1781 2748 1834 genus.
2770 1770 2957 1826 Adhuc
2981 1777 3131 1842 pueri
3152 1773 3343 1848 pictas.
3379 1816 3450 1824 —
3479 1783 3797 1848 besiderius

2210 1846 2406 1914 igitur,
2448 1867 2515 1907 ex
2560 1857 2900 1918 nobilissima
2935 1846 3436 1931 Beneventanorum
3484 1881 3795 1953 principum

2207 1938 2419 2008 origine
2466 1947 2749 2015 sanguinis
2822 1950 3021 2010 lineam
3090 1959 3327 2029 ducens,
3373 1938 3566 2037 spiritu
3614 1938 3797 2040 potius

2207 2042 2370 2096 quam
2399 2047 2563 2090 carne
2609 2040 2813 2097 nobilis
2842 2058 2968 2101 esse
2994 2049 3063 2104 ab
3096 2049 3229 2120 ipsis
3258 2057 3586 2117 rudimentis
3616 2063 3792 2119 inlan-

2210 2118 2296 2177 tize
2322 2124 2508 2193 coepit,
2540 2134 2597 2182 et
2622 2127 2718 2185 Dei
2742 2135 2919 2207 magis
2938 2118 3167 2197 servitio
3189 2159 3354 2214 quam
3394 2152 3578 2206 saeculi
3626 2156 3792 2210 vani.

2209 2212 2407 2268 talibus
2433 2231 2654 2287 operam
2685 2222 2816 2280 dare
2838 2227 2907 2283 ab
2936 2229 3088 2299 ipsis,
3108 2243 3167 2291 ut
3192 2212 3263 2290 ita
3294 2238 3498 2306 dicam,
3526 2245 3786 2305 uberibus

2206 2307 2398 2363 matris
2445 2310 2627 2383 elegit.
2698 2314 2967 2377 Studebat
3010 2340 3247 2397 namque
3298 2334 3560 2401 puerulus
3612 2338 3789 2395 adhuc

2206 2392 2559 2466 frequentare
2604 2407 2914 2479 ecclesiam,
2969 2415 3183 2474 divinas
3224 2418 3490 2480 lectiones
3518 2436 3572 2482 et
3598 2430 3790 2485 audire

2205 2483 2438 2547 libenter
2459 2505 2515 2550 et
2542 2494 2745 2567 legere,
2775 2517 2901 2559 cum
2949 2507 3272 2577 quibusdam
3317 2515 3480 2574 etiam
3516 2517 3786 2591 religiosis

2203 2595 2346 2654 saepe
2372 2586 2438 2641 de
2466 2587 2551 2644 bis
2594 2607 2876 2655 sermones
2923 2599 3229 2669 innectere,
3282 2616 3336 2664 et
3362 2626 3587 2682 quaeque
3612 2614 3681 2668 ab
3708 2615 3787 2669 eis

2201 2674 2269 2729 de
2316 2676 2473 2734 bonis
2504 2682 2755 2739 moribus
2790 2687 3073 2746 addiscere
3116 2674 3439 2763 p0terat,in
3488 2705 3787 2774 semetipso

2202 2768 2483 2838 satagebat
2534 2774 2864 2843 exprimere.
2917 2781 2988 2837 At
3037 2794 3193 2853 pater
3234 2787 3379 2846 illius
3430 2768 3785 2849 saecularibus

2202 2876 2325 2915 cum
2357 2866 2591 2935 negotiis
2618 2870 2846 2940 cupiens
2875 2873 3173 2944 implicare,
3204 2890 3278 2947 et,
3312 2891 3496 2951 utpote
3542 2886 3779 2951 unicum,

2203 2954 2360 3009 unice
2408 2950 2657 3029 diligens,
2709 2979 2808 3034 per
2848 2971 3185 3037 posteritatis
3225 2974 3368 3030 illius
3416 2979 3619 3035 lineam
3676 2997 3787 3038 sua)

2201 3044 2497 3102 nobilitatis
2526 3064 2721 3107 nomen
2751 3055 3063 3125 disponeret
3088 3076 3417 3134 propagare,
3464 3067 3697 3137 puellam
3733 3071 3781 3125 ei

2203 3137 2429 3207 aqune
2476 3141 2748 3212 nobilem,
2795 3162 2920 3203 cum
2968 3150 3077 3220 jam
3124 3154 3385 3229 inciperet
3433 3156 3780 3227 adolescere,

2200 3228 2406 3284 studuit
2436 3232 2795 3304 desponsare,
2822 3251 2987 3311 utque
3030 3248 3313 3313 parentela
3343 3251 3535 3306 eadem
3563 3254 3784 3309 adinvi-

2201 3336 2322 3377 cem
2352 3322 2673 3389 ﬁrmaretur
2702 3332 2877 3388 modis
2898 3337 3148 3394 omnibus
3173 3352 3467 3397 maturare.
3504 3343 3613 3401 Sed
3645 3362 3777 3415 quo-

2197 3415 2342 3475 niam
2368 3416 2461 3472 Dei
2488 3419 2722 3499 Spiritus
2747 3440 2844 3479 suo
2877 3427 3001 3499 igne
3028 3445 3124 3486 cor
3164 3432 3428 3494 Desiderii
3464 3439 3535 3498 ad
3576 3439 3768 3500 mundi

2196 3516 2563 3578 contemptum
2578 3498 2924 3582 atticenderat,
2942 3536 2972 3574 e
2992 3528 3178 3577 contra
3187 3526 3266 3578 rio
3278 3523 3435 3597 longe
3450 3527 3609 3582 aliter
3621 3544 3781 3598 quam

2196 3607 2353 3665 pater
2384 3601 2726 3671 disposuerat
2768 3623 2928 3679 agere
2957 3627 3090 3681 puer
3128 3615 3380 3686 egregius
3438 3619 3775 3691 destinabat},

2195 3701 2361 3757 seque
2386 3691 2565 3760 potius
2595 3709 2840 3751 eremum
2868 3714 3031 3770 quam
3066 3704 3285 3781 nuptias
3309 3717 3565 3781 appetere
3599 3724 3781 3764 secre—

2196 3774 2266 3832 tis
2292 3779 2491 3847 quibus
2524 3792 2736 3854 poterat
2760 3788 3004 3855 gestibus
3031 3774 3327 3860 indicabat,
3424 3796 3643 3855 fecisset
3667 3802 3778 3855 suis

2195 3865 2479 3925 desideriis
2502 3875 2656 3937 satis,
2686 3876 2786 3930 nisi
2818 3880 2961 3946 quod
2998 3882 3225 3951 diligens
3263 3896 3547 3954 parentum
3589 3901 3775 3945 custo-

2194 3959 2281 4013 dia
2320 3969 2377 4015 et
2400 3964 2695 4035 singularis
2730 3984 2884 4025 amor
2929 3987 2995 4029 ac
3036 3974 3344 4034 sollicitudo
3382 3979 3579 4051 ingens
3608 3982 3778 4051 impc-

2193 4050 2397 4107 dicbat.

2264 4142 2423 4214 Fugit
2479 4148 2532 4204 in
2574 4165 2824 4205 eremum.
2878 4153 3025 4210 Veste
3077 4162 3364 4214 monastica
3407 4163 3670 4216 induitur.
3698 4192 3767 4203 -

2192 4233 2309 4290 Non
2348 4248 2469 4307 post
2505 4240 2703 4294 multos
2733 4243 2870 4311 dies,
2898 4245 2991 4300 Dei
3022 4246 3228 4316 judicio
3256 4260 3407 4325 patre
3438 4268 3467 4310 a
3505 4251 3772 4308 Norman-

2192 4326 2274 4382 nis
2314 4341 2628 4402 perempto,
2659 4332 2991 4402 Desiderins,
3049 4339 3395 4409 aliquomodo
3444 4352 3637 4403 nactus
3683 4361 3773 4400 oc-.

2190 4418 2462 4474 casionem
2507 4437 2671 4490 quam
2719 4424 2919 4482 dudum
2967 4439 3268 4500 Optaverat,
3318 4434 3569 4493 omnibus
3608 4439 3773 4507 eus-pit

2192 4512 2388 4577 modis,
2438 4513 2575 4568 clam
2617 4516 2763 4583 licet,
2829 4528 3076 4590 satagere
3128 4532 3186 4577 ut
3229 4523 3575 4591 desiderium,
3629 4529 3771 4597 quod

2189 4606 2426 4671 cogitatu
2453 4619 2982 4681 conceperat,opere
3013 4617 3326 4683 parturit-et.
3354 4616 3578 4673 Cuidam
3610 4621 3772 4691 igitur

2188 4700 2456 4755 monacho
2492 4702 2628 4756 bene
2654 4702 2754 4759 sibi
2783 4712 2933 4772 noto,
2967 4708 3217 4781 prudenti
3242 4710 3374 4765 satis
3404 4711 3456 4764 in
3489 4713 3768 4767 saeculari-

2189 4796 2288 4851 bus
2319 4799 2454 4864 viro,
2485 4803 2705 4861 nomine
2742 4804 3018 4875 Jaquinto,
3059 4808 3213 4878 cujus
3242 4812 3345 4866 boc
3385 4828 3483 4884 ego
3513 4816 3771 4881 relatione

2186 4891 2423 4961 percepi,
2464 4895 2746 4953 consilium
2780 4905 2951 4952 totum
2988 4904 3391 4970 communicat,
3443 4908 3633 4974 pandit
3674 4924 3767 4967 va-

2187 4990 2667 5051 tum,voluntatem
2695 4996 3039 5061 ostendit,et,
3070 5008 3131 5052 ut
3154 4999 3200 5052 ei
3237 5015 3398 5068 super
3420 5001 3519 5055 hoc
3546 5002 3770 5057 fidenter

2185 5080 2560 5138 auxiliaretur.
2578 5085 2721 5138 ﬁdeli
2754 5102 2913 5138 prece
2940 5091 3213 5138 tlennsnil-‘
3239 5092 3365 5138 Erat
3394 5103 3518 5138 timo
3548 5096 3772 5138 vir-nitor
