  <div class='ocr_page' id='page_1' title='image "/cluster/home/n/w/nwhite01/storage/ocr_20150623/149/hvd.32044015473770/466.png"; bbox 0 0 4044 5360; ppageno 0'>
   <div class='ocr_carea' id='block_1_1' title="bbox 289 351 389 409">
    <p class='ocr_par' dir='ltr' id='par_1_1' title="bbox 289 351 389 409">
     <span class='ocr_line' id='line_1_1' title="bbox 289 351 389 409; baseline -0.02 0"><span class='ocrx_word' id='word_1_1' title='bbox 289 351 389 409; x_wconf 68' lang='grc'><strong>921</strong></span> 
     </span>
    </p>
   </div>
   <div class='ocr_carea' id='block_1_2' title="bbox 1369 346 2516 409">
    <p class='ocr_par' dir='ltr' id='par_1_2' title="bbox 1369 346 2516 409">
     <span class='ocr_line' id='line_1_2' title="bbox 1369 346 2516 409; baseline -0.009 0"><span class='ocrx_word' id='word_1_2' title='bbox 1369 346 1792 409; x_wconf 70' lang='grc' dir='ltr'><strong>ΡΟδΤΜΟῡυὶΙ</strong></span> <span class='ocrx_word' id='word_1_3' title='bbox 1832 347 2152 404; x_wconf 76' lang='lat' dir='ltr'><strong>VICTORIS</strong></span> <span class='ocrx_word' id='word_1_4' title='bbox 2186 348 2251 403; x_wconf 86' lang='grc' dir='ltr'><strong>ιιι</strong></span> <span class='ocrx_word' id='word_1_5' title='bbox 2293 349 2516 404; x_wconf 72' lang='grc' dir='ltr'><strong>ΡΔΡιΕ.</strong></span> 
     </span>
    </p>
   </div>
   <div class='ocr_carea' id='block_1_3' title="bbox 3452 356 3559 403">
    <p class='ocr_par' dir='ltr' id='par_1_3' title="bbox 3452 356 3559 403">
     <span class='ocr_line' id='line_1_3' title="bbox 3452 356 3559 403; baseline 0 0"><span class='ocrx_word' id='word_1_6' title='bbox 3452 356 3559 403; x_wconf 67' lang='grc'><strong>92⁸2</strong></span> 
     </span>
    </p>
   </div>
   <div class='ocr_carea' id='block_1_4' title="bbox 290 464 3563 537">
    <p class='ocr_par' dir='ltr' id='par_1_4' title="bbox 290 464 3563 537">
     <span class='ocr_line' id='line_1_4' title="bbox 290 464 3563 537; baseline -0.001 -14"><span class='ocrx_word' id='word_1_7' title='bbox 290 465 500 523; x_wconf 78' lang='lat' dir='ltr'><strong>mttlta?</strong></span> <span class='ocrx_word' id='word_1_8' title='bbox 544 464 825 536; x_wconf 68' lang='grc' dir='ltr'>ροιιιοθῑιιιν</span> <span class='ocrx_word' id='word_1_9' title='bbox 857 482 911 520; x_wconf 82' lang='grc' dir='ltr'><strong>ιιι</strong></span> <span class='ocrx_word' id='word_1_10' title='bbox 955 466 1209 522; x_wconf 89' lang='lat' dir='ltr'><strong>omnibus</strong></span> <span class='ocrx_word' id='word_1_11' title='bbox 1248 466 1535 537; x_wconf 76' lang='lat' dir='ltr'><strong>Jaquiutus</strong></span> <span class='ocrx_word' id='word_1_12' title='bbox 1584 466 1865 528; x_wconf 77' lang='lat' dir='ltr'><strong>auxilium.</strong></span> <span class='ocrx_word' id='word_1_13' title='bbox 1900 468 1940 522; x_wconf 80' lang='grc' dir='ltr'>Α</span> <span class='ocrx_word' id='word_1_14' title='bbox 1970 479 2123 532; x_wconf 86' lang='lat' dir='ltr'><strong>grum</strong></span> <span class='ocrx_word' id='word_1_15' title='bbox 2168 465 2269 521; x_wconf 98' lang='lat' dir='ltr'><strong>sub</strong></span> <span class='ocrx_word' id='word_1_16' title='bbox 2313 465 2518 535; x_wconf 93' lang='lat' dir='ltr'><strong>ingenti</strong></span> <span class='ocrx_word' id='word_1_17' title='bbox 2559 465 2804 521; x_wconf 84' lang='lat' dir='ltr'><strong>custodia</strong></span> <span class='ocrx_word' id='word_1_18' title='bbox 2838 466 2890 520; x_wconf 94' lang='lat' dir='ltr'><strong>in</strong></span> <span class='ocrx_word' id='word_1_19' title='bbox 2920 465 3083 521; x_wconf 89' lang='lat' dir='ltr'><strong>domo</strong></span> <span class='ocrx_word' id='word_1_20' title='bbox 3116 465 3329 529; x_wconf 82' lang='lat' dir='ltr'><strong>matris,</strong></span> <span class='ocrx_word' id='word_1_21' title='bbox 3370 465 3563 520; x_wconf 77' lang='lat' dir='ltr'><strong>habitis</strong></span> 
     </span>
    </p>
   </div>
   <div class='ocr_carea' id='block_1_5' title="bbox 289 555 1875 627">
    <p class='ocr_par' dir='ltr' id='par_1_5' title="bbox 289 555 1875 627">
     <span class='ocr_line' id='line_1_5' title="bbox 289 555 1875 627; baseline -0.001 -14"><span class='ocrx_word' id='word_1_22' title='bbox 289 556 386 613; x_wconf 82' lang='lat' dir='ltr'><strong>sed</strong></span> <span class='ocrx_word' id='word_1_23' title='bbox 414 571 611 613; x_wconf 88' lang='lat' dir='ltr'><strong>cavere</strong></span> <span class='ocrx_word' id='word_1_24' title='bbox 664 556 897 626; x_wconf 90' lang='lat' dir='ltr'><strong>imperat</strong></span> <span class='ocrx_word' id='word_1_25' title='bbox 927 572 997 612; x_wconf 86' lang='lat' dir='ltr'><strong>ne</strong></span> <span class='ocrx_word' id='word_1_26' title='bbox 1028 555 1166 611; x_wconf 86' lang='lat' dir='ltr'><strong>forte</strong></span> <span class='ocrx_word' id='word_1_27' title='bbox 1207 558 1277 613; x_wconf 86' lang='lat' dir='ltr'><strong>sit</strong></span> <span class='ocrx_word' id='word_1_28' title='bbox 1305 557 1421 612; x_wconf 70' lang='lat' dir='ltr'><strong>haec</strong></span> <span class='ocrx_word' id='word_1_29' title='bbox 1461 557 1737 627; x_wconf 87' lang='lat' dir='ltr'><strong>suggestio</strong></span> <span class='ocrx_word' id='word_1_30' title='bbox 1766 555 1875 611; x_wconf 73' lang='lat' dir='ltr'><strong>da:-</strong></span> 
     </span>
    </p>
   </div>
   <div class='ocr_carea' id='block_1_6' title="bbox 288 649 1871 720">
    <p class='ocr_par' dir='ltr' id='par_1_6' title="bbox 288 649 1871 720">
     <span class='ocr_line' id='line_1_6' title="bbox 288 649 1871 720; baseline 0 -17"><span class='ocrx_word' id='word_1_31' title='bbox 288 663 533 704; x_wconf 87' lang='lat' dir='ltr'><strong>monnm.</strong></span> <span class='ocrx_word' id='word_1_32' title='bbox 583 649 785 704; x_wconf 77' lang='lat' dir='ltr'><strong>Verum</strong></span> <span class='ocrx_word' id='word_1_33' title='bbox 839 664 963 704; x_wconf 91' lang='lat' dir='ltr'><strong>eum</strong></span> <span class='ocrx_word' id='word_1_34' title='bbox 1011 649 1129 720; x_wconf 86' lang='lat' dir='ltr'><strong>ejus</strong></span> <span class='ocrx_word' id='word_1_35' title='bbox 1172 665 1267 719; x_wconf 87' lang='lat' dir='ltr'><strong>per</strong></span> <span class='ocrx_word' id='word_1_36' title='bbox 1316 652 1497 705; x_wconf 82' lang='lat' dir='ltr'><strong>omnia</strong></span> <span class='ocrx_word' id='word_1_37' title='bbox 1546 650 1760 705; x_wconf 81' lang='lat' dir='ltr'><strong>ﬁrmum</strong></span> <span class='ocrx_word' id='word_1_38' title='bbox 1817 650 1871 704; x_wconf 94' lang='lat' dir='ltr'><strong>in</strong></span> 
     </span>
    </p>
   </div>
   <div class='ocr_carea' id='block_1_7' title="bbox 286 737 1873 811">
    <p class='ocr_par' dir='ltr' id='par_1_7' title="bbox 286 737 1873 811">
     <span class='ocr_line' id='line_1_7' title="bbox 286 737 1873 811; baseline 0 -16"><span class='ocrx_word' id='word_1_39' title='bbox 286 737 509 795; x_wconf 85' lang='lat' dir='ltr'><strong>Christo</strong></span> <span class='ocrx_word' id='word_1_40' title='bbox 542 748 733 809; x_wconf 87' lang='lat' dir='ltr'><strong>pectus</strong></span> <span class='ocrx_word' id='word_1_41' title='bbox 761 741 1002 811; x_wconf 90' lang='lat' dir='ltr'><strong>agnovit,</strong></span> <span class='ocrx_word' id='word_1_42' title='bbox 1050 749 1106 795; x_wconf 90' lang='lat' dir='ltr'><strong>et</strong></span> <span class='ocrx_word' id='word_1_43' title='bbox 1143 742 1338 797; x_wconf 91' lang='lat' dir='ltr'><strong>iterum</strong></span> <span class='ocrx_word' id='word_1_44' title='bbox 1375 742 1684 811; x_wconf 82' lang='lat' dir='ltr'><strong>iterumque</strong></span> <span class='ocrx_word' id='word_1_45' title='bbox 1722 741 1873 796; x_wconf 84' lang='lat' dir='ltr'><strong>illum</strong></span> 
     </span>
    </p>
   </div>
   <div class='ocr_carea' id='block_1_8' title="bbox 286 831 1871 904">
    <p class='ocr_par' dir='ltr' id='par_1_8' title="bbox 286 831 1871 904">
     <span class='ocr_line' id='line_1_8' title="bbox 286 831 1871 904; baseline 0 -18"><span class='ocrx_word' id='word_1_46' title='bbox 286 831 689 904; x_wconf 79' lang='lat' dir='ltr'><strong>frequentando</strong></span> <span class='ocrx_word' id='word_1_47' title='bbox 719 840 1035 903; x_wconf 81' lang='lat' dir='ltr'><strong>perteutaas</strong></span> <span class='ocrx_word' id='word_1_48' title='bbox 1064 832 1204 890; x_wconf 83' lang='lat' dir='ltr'><strong>idem</strong></span> <span class='ocrx_word' id='word_1_49' title='bbox 1244 847 1461 903; x_wconf 82' lang='lat' dir='ltr'><strong>semper</strong></span> <span class='ocrx_word' id='word_1_50' title='bbox 1492 833 1636 903; x_wconf 90' lang='lat' dir='ltr'><strong>quod</strong></span> <span class='ocrx_word' id='word_1_51' title='bbox 1660 833 1871 903; x_wconf 82' lang='lat' dir='ltr'><strong>pridem</strong></span> 
     </span>
    </p>
   </div>
   <div class='ocr_carea' id='block_1_9' title="bbox 285 920 1874 994">
    <p class='ocr_par' dir='ltr' id='par_1_9' title="bbox 285 920 1874 994">
     <span class='ocr_line' id='line_1_9' title="bbox 285 920 1874 994; baseline 0.003 -21"><span class='ocrx_word' id='word_1_52' title='bbox 285 920 516 988; x_wconf 81' lang='lat' dir='ltr'><strong>invenit,</strong></span> <span class='ocrx_word' id='word_1_53' title='bbox 548 922 783 991; x_wconf 89' lang='lat' dir='ltr'><strong>quadam</strong></span> <span class='ocrx_word' id='word_1_54' title='bbox 812 922 922 987; x_wconf 86' lang='lat' dir='ltr'><strong>die,</strong></span> <span class='ocrx_word' id='word_1_55' title='bbox 954 921 1072 991; x_wconf 68' lang='lat' dir='ltr'><strong>jam</strong></span> <span class='ocrx_word' id='word_1_56' title='bbox 1115 924 1261 980; x_wconf 71' lang='lat' dir='ltr'><strong>circa</strong></span> <span class='ocrx_word' id='word_1_57' title='bbox 1307 940 1610 994; x_wconf 84' lang='lat' dir='ltr'><strong>vesperam.</strong></span> <span class='ocrx_word' id='word_1_58' title='bbox 1665 923 1874 993; x_wconf 85' lang='lat' dir='ltr'><strong>pariter</strong></span> 
     </span>
    </p>
   </div>
   <div class='ocr_carea' id='block_1_10' title="bbox 284 1014 1870 1087">
    <p class='ocr_par' dir='ltr' id='par_1_10' title="bbox 284 1014 1870 1087">
     <span class='ocr_line' id='line_1_10' title="bbox 284 1014 1870 1087; baseline 0.005 -23"><span class='ocrx_word' id='word_1_59' title='bbox 284 1014 531 1068; x_wconf 80' lang='lat' dir='ltr'><strong>ascensis</strong></span> <span class='ocrx_word' id='word_1_60' title='bbox 594 1014 781 1083; x_wconf 88' lang='lat' dir='ltr'><strong>equis,</strong></span> <span class='ocrx_word' id='word_1_61' title='bbox 825 1016 982 1085; x_wconf 90' lang='lat' dir='ltr'><strong>quasi</strong></span> <span class='ocrx_word' id='word_1_62' title='bbox 1046 1016 1312 1086; x_wconf 77' lang='lat' dir='ltr'><strong>spatiandi</strong></span> <span class='ocrx_word' id='word_1_63' title='bbox 1364 1018 1537 1087; x_wconf 81' lang='lat' dir='ltr'><strong>gratia</strong></span> <span class='ocrx_word' id='word_1_64' title='bbox 1597 1017 1870 1072; x_wconf 73' lang='lat' dir='ltr'><strong>civitatem</strong></span> 
     </span>
    </p>
   </div>
   <div class='ocr_carea' id='block_1_11' title="bbox 282 1104 1870 1177">
    <p class='ocr_par' dir='ltr' id='par_1_11' title="bbox 282 1104 1870 1177">
     <span class='ocr_line' id='line_1_11' title="bbox 282 1104 1870 1177; baseline 0.003 -21"><span class='ocrx_word' id='word_1_65' title='bbox 282 1104 515 1173; x_wconf 79' lang='lat' dir='ltr'><strong>egressi,</strong></span> <span class='ocrx_word' id='word_1_66' title='bbox 546 1106 1008 1175; x_wconf 88' lang='lat' dir='ltr'><strong>consequentibus</strong></span> <span class='ocrx_word' id='word_1_67' title='bbox 1058 1108 1264 1177; x_wconf 76' lang='lat' dir='ltr'><strong>aliquot</strong></span> <span class='ocrx_word' id='word_1_68' title='bbox 1299 1107 1540 1169; x_wconf 85' lang='lat' dir='ltr'><strong>famulis,</strong></span> <span class='ocrx_word' id='word_1_69' title='bbox 1583 1107 1870 1162; x_wconf 74' lang='lat' dir='ltr'><strong>ecclesiam</strong></span> 
     </span>
    </p>
   </div>
   <div class='ocr_carea' id='block_1_12' title="bbox 282 1194 1871 1269">
    <p class='ocr_par' dir='ltr' id='par_1_12' title="bbox 282 1194 1871 1269">
     <span class='ocr_line' id='line_1_12' title="bbox 282 1194 1871 1269; baseline -0.002 -16"><span class='ocrx_word' id='word_1_70' title='bbox 282 1194 437 1253; x_wconf 81' lang='lat' dir='ltr'><strong>Beati</strong></span> <span class='ocrx_word' id='word_1_71' title='bbox 468 1194 633 1260; x_wconf 84' lang='lat' dir='ltr'><strong>Petri,</strong></span> <span class='ocrx_word' id='word_1_72' title='bbox 666 1206 1023 1269; x_wconf 86' lang='lat' dir='ltr'><strong>cognomento</strong></span> <span class='ocrx_word' id='word_1_73' title='bbox 1068 1198 1310 1269; x_wconf 78' lang='lat' dir='ltr'><strong>Majoris,</strong></span> <span class='ocrx_word' id='word_1_74' title='bbox 1366 1213 1485 1266; x_wconf 67' lang='lat' dir='ltr'><strong>quae</strong></span> <span class='ocrx_word' id='word_1_75' title='bbox 1517 1197 1671 1266; x_wconf 70' lang='lat' dir='ltr'><strong>juxta</strong></span> <span class='ocrx_word' id='word_1_76' title='bbox 1721 1212 1871 1252; x_wconf 89' lang='lat' dir='ltr'><strong>eam-</strong></span> 
     </span>
    </p>
   </div>
   <div class='ocr_carea' id='block_1_13' title="bbox 284 1286 1869 1360">
    <p class='ocr_par' dir='ltr' id='par_1_13' title="bbox 284 1286 1869 1360">
     <span class='ocr_line' id='line_1_13' title="bbox 284 1286 1869 1360; baseline 0 -17"><span class='ocrx_word' id='word_1_77' title='bbox 284 1287 408 1343; x_wconf 83' lang='lat' dir='ltr'><strong>dem</strong></span> <span class='ocrx_word' id='word_1_78' title='bbox 449 1286 725 1347; x_wconf 88' lang='lat' dir='ltr'><strong>civitatem</strong></span> <span class='ocrx_word' id='word_1_79' title='bbox 779 1297 864 1344; x_wconf 86' lang='lat' dir='ltr'><strong>est</strong></span> <span class='ocrx_word' id='word_1_80' title='bbox 910 1289 1036 1350; x_wconf 77' lang='lat' dir='ltr'><strong>sita.</strong></span> <span class='ocrx_word' id='word_1_81' title='bbox 1081 1290 1432 1360; x_wconf 85' lang='lat' dir='ltr'><strong>perveniunt;</strong></span> <span class='ocrx_word' id='word_1_82' title='bbox 1484 1289 1663 1359; x_wconf 92' lang='lat' dir='ltr'><strong>ibique</strong></span> <span class='ocrx_word' id='word_1_83' title='bbox 1712 1288 1869 1358; x_wconf 88' lang='lat' dir='ltr'><strong>quasi</strong></span> 
     </span>
    </p>
   </div>
   <div class='ocr_carea' id='block_1_14' title="bbox 284 1376 1869 1449">
    <p class='ocr_par' dir='ltr' id='par_1_14' title="bbox 284 1376 1869 1449">
     <span class='ocr_line' id='line_1_14' title="bbox 284 1376 1869 1449; baseline -0.003 -14"><span class='ocrx_word' id='word_1_84' title='bbox 284 1392 453 1435; x_wconf 74' lang='lat' dir='ltr'><strong>causa</strong></span> <span class='ocrx_word' id='word_1_85' title='bbox 475 1376 739 1435; x_wconf 87' lang='lat' dir='ltr'><strong>orationis</strong></span> <span class='ocrx_word' id='word_1_86' title='bbox 760 1377 1019 1447; x_wconf 82' lang='lat' dir='ltr'><strong>ingressi,</strong></span> <span class='ocrx_word' id='word_1_87' title='bbox 1045 1394 1215 1447; x_wconf 83' lang='lat' dir='ltr'><strong>equos</strong></span> <span class='ocrx_word' id='word_1_88' title='bbox 1235 1388 1286 1432; x_wconf 92' lang='lat' dir='ltr'><strong>et</strong></span> <span class='ocrx_word' id='word_1_89' title='bbox 1314 1378 1569 1449; x_wconf 80' lang='lat' dir='ltr'><strong>gladium,</strong></span> <span class='ocrx_word' id='word_1_90' title='bbox 1595 1393 1704 1447; x_wconf 83' lang='lat' dir='ltr'><strong>quo</strong></span> <span class='ocrx_word' id='word_1_91' title='bbox 1728 1379 1869 1432; x_wconf 81' lang='lat' dir='ltr'><strong>idem</strong></span> 
     </span>
    </p>
   </div>
   <div class='ocr_carea' id='block_1_15' title="bbox 285 1467 1870 1538">
    <p class='ocr_par' dir='ltr' id='par_1_15' title="bbox 285 1467 1870 1538">
     <span class='ocr_line' id='line_1_15' title="bbox 285 1467 1870 1538; baseline 0.001 -17"><span class='ocrx_word' id='word_1_92' title='bbox 285 1467 600 1523; x_wconf 85' lang='lat' dir='ltr'><strong>Desiderius</strong></span> <span class='ocrx_word' id='word_1_93' title='bbox 651 1480 777 1523; x_wconf 90' lang='lat' dir='ltr'><strong>tunc</strong></span> <span class='ocrx_word' id='word_1_94' title='bbox 828 1479 947 1524; x_wconf 91' lang='lat' dir='ltr'><strong>erat</strong></span> <span class='ocrx_word' id='word_1_95' title='bbox 996 1469 1289 1533; x_wconf 88' lang='lat' dir='ltr'><strong>accinctus,</strong></span> <span class='ocrx_word' id='word_1_96' title='bbox 1351 1469 1623 1538; x_wconf 65' lang='lat' dir='ltr'><strong>praedictis</strong></span> <span class='ocrx_word' id='word_1_97' title='bbox 1653 1468 1870 1524; x_wconf 87' lang='lat' dir='ltr'><strong>famulis</strong></span> 
     </span>
    </p>
   </div>
   <div class='ocr_carea' id='block_1_16' title="bbox 286 1559 1868 1635">
    <p class='ocr_par' dir='ltr' id='par_1_16' title="bbox 286 1559 1868 1635">
     <span class='ocr_line' id='line_1_16' title="bbox 286 1559 1868 1635; baseline 0.001 -21"><span class='ocrx_word' id='word_1_98' title='bbox 286 1574 389 1635; x_wconf 92' lang='lat' dir='ltr'><strong>pro</strong></span> <span class='ocrx_word' id='word_1_99' title='bbox 441 1559 651 1615; x_wconf 79' lang='lat' dir='ltr'><strong>foribus</strong></span> <span class='ocrx_word' id='word_1_100' title='bbox 700 1560 863 1615; x_wconf 86' lang='lat' dir='ltr'><strong>veluti</strong></span> <span class='ocrx_word' id='word_1_101' title='bbox 916 1561 1183 1616; x_wconf 87' lang='lat' dir='ltr'><strong>servanda</strong></span> <span class='ocrx_word' id='word_1_102' title='bbox 1222 1561 1549 1630; x_wconf 88' lang='lat' dir='ltr'><strong>relinquunt.</strong></span> <span class='ocrx_word' id='word_1_103' title='bbox 1592 1560 1719 1617; x_wconf 87' lang='lat' dir='ltr'><strong>inde</strong></span> <span class='ocrx_word' id='word_1_104' title='bbox 1753 1560 1868 1629; x_wconf 86' lang='lat' dir='ltr'><strong>jam</strong></span> 
     </span>
    </p>
   </div>
   <div class='ocr_carea' id='block_1_17' title="bbox 282 1651 1871 1722">
    <p class='ocr_par' dir='ltr' id='par_1_17' title="bbox 282 1651 1871 1722">
     <span class='ocr_line' id='line_1_17' title="bbox 282 1651 1871 1722; baseline -0.003 -13"><span class='ocrx_word' id='word_1_105' title='bbox 282 1667 407 1709; x_wconf 76' lang='lat' dir='ltr'><strong>sero</strong></span> <span class='ocrx_word' id='word_1_106' title='bbox 429 1667 525 1721; x_wconf 90' lang='lat' dir='ltr'><strong>per</strong></span> <span class='ocrx_word' id='word_1_107' title='bbox 544 1652 831 1722; x_wconf 81' lang='lat' dir='ltr'><strong>quamdam</strong></span> <span class='ocrx_word' id='word_1_108' title='bbox 868 1651 1012 1707; x_wconf 88' lang='lat' dir='ltr'><strong>illius</strong></span> <span class='ocrx_word' id='word_1_109' title='bbox 1039 1652 1283 1707; x_wconf 77' lang='lat' dir='ltr'><strong>ecclesia:</strong></span> <span class='ocrx_word' id='word_1_110' title='bbox 1310 1653 1640 1722; x_wconf 83' lang='lat' dir='ltr'><strong>posterulam</strong></span> <span class='ocrx_word' id='word_1_111' title='bbox 1667 1654 1871 1706; x_wconf 89' lang='lat' dir='ltr'><strong>vaden-</strong></span> 
     </span>
    </p>
   </div>
   <div class='ocr_carea' id='block_1_18' title="bbox 282 1743 1869 1816">
    <p class='ocr_par' dir='ltr' id='par_1_18' title="bbox 282 1743 1869 1816">
     <span class='ocr_line' id='line_1_18' title="bbox 282 1743 1869 1816; baseline 0 -18"><span class='ocrx_word' id='word_1_112' title='bbox 282 1752 389 1810; x_wconf 91' lang='lat' dir='ltr'><strong>tes,</strong></span> <span class='ocrx_word' id='word_1_113' title='bbox 418 1745 522 1799; x_wconf 85' lang='lat' dir='ltr'><strong>iter</strong></span> <span class='ocrx_word' id='word_1_114' title='bbox 553 1743 963 1815; x_wconf 90' lang='lat' dir='ltr'><strong>aggrediuntur,</strong></span> <span class='ocrx_word' id='word_1_115' title='bbox 994 1754 1050 1799; x_wconf 92' lang='lat' dir='ltr'><strong>et</strong></span> <span class='ocrx_word' id='word_1_116' title='bbox 1077 1761 1203 1800; x_wconf 90' lang='lat' dir='ltr'><strong>cum</strong></span> <span class='ocrx_word' id='word_1_117' title='bbox 1232 1762 1339 1802; x_wconf 92' lang='lat' dir='ltr'><strong>non</strong></span> <span class='ocrx_word' id='word_1_118' title='bbox 1366 1745 1489 1816; x_wconf 82' lang='lat' dir='ltr'><strong>plus</strong></span> <span class='ocrx_word' id='word_1_119' title='bbox 1512 1756 1635 1800; x_wconf 90' lang='lat' dir='ltr'><strong>octo</strong></span> <span class='ocrx_word' id='word_1_120' title='bbox 1672 1743 1869 1807; x_wconf 91' lang='lat' dir='ltr'><strong>millia-</strong></span> 
     </span>
    </p>
   </div>
   <div class='ocr_carea' id='block_1_19' title="bbox 1977 553 3563 625">
    <p class='ocr_par' dir='ltr' id='par_1_19' title="bbox 1977 553 3563 625">
     <span class='ocr_line' id='line_1_19' title="bbox 1977 553 3563 625; baseline -0.003 -16"><span class='ocrx_word' id='word_1_121' title='bbox 1977 556 2347 611; x_wconf 85' lang='lat' dir='ltr'><strong>tantummodo</strong></span> <span class='ocrx_word' id='word_1_122' title='bbox 2372 554 2669 625; x_wconf 60' lang='lat' dir='ltr'><strong>sarculatis,</strong></span> <span class='ocrx_word' id='word_1_123' title='bbox 2700 563 2962 610; x_wconf 74' lang='lat' dir='ltr'><strong>eteterum</strong></span> <span class='ocrx_word' id='word_1_124' title='bbox 2987 564 3168 609; x_wconf 85' lang='lat' dir='ltr'><strong>mente</strong></span> <span class='ocrx_word' id='word_1_125' title='bbox 3195 553 3395 609; x_wconf 67' lang='lat' dir='ltr'><strong>ctelebs</strong></span> <span class='ocrx_word' id='word_1_126' title='bbox 3421 568 3563 608; x_wconf 39' lang='lat' dir='ltr'><strong>esea</strong></span> 
     </span>
    </p>
   </div>
   <div class='ocr_carea' id='block_1_20' title="bbox 1974 644 3563 718">
    <p class='ocr_par' dir='ltr' id='par_1_20' title="bbox 1974 644 3563 718">
     <span class='ocr_line' id='line_1_20' title="bbox 1974 644 3563 718; baseline -0.003 -16"><span class='ocrx_word' id='word_1_127' title='bbox 1974 648 2084 718; x_wconf 80' lang='lat' dir='ltr'><strong>git;</strong></span> <span class='ocrx_word' id='word_1_128' title='bbox 2110 647 2395 718; x_wconf 88' lang='lat' dir='ltr'><strong>nullusque</strong></span> <span class='ocrx_word' id='word_1_129' title='bbox 2426 648 2503 702; x_wconf 86' lang='lat' dir='ltr'><strong>illi</strong></span> <span class='ocrx_word' id='word_1_130' title='bbox 2536 663 2713 717; x_wconf 88' lang='lat' dir='ltr'><strong>neque</strong></span> <span class='ocrx_word' id='word_1_131' title='bbox 2739 648 2805 703; x_wconf 92' lang='lat' dir='ltr'><strong>de</strong></span> <span class='ocrx_word' id='word_1_132' title='bbox 2831 646 3055 717; x_wconf 87' lang='lat' dir='ltr'><strong>nuptiis,</strong></span> <span class='ocrx_word' id='word_1_133' title='bbox 3081 661 3256 714; x_wconf 79' lang='lat' dir='ltr'><strong>neque</strong></span> <span class='ocrx_word' id='word_1_134' title='bbox 3280 646 3349 699; x_wconf 88' lang='lat' dir='ltr'><strong>de</strong></span> <span class='ocrx_word' id='word_1_135' title='bbox 3370 644 3563 714; x_wconf 76' lang='lat' dir='ltr'><strong>aliquo.</strong></span> 
     </span>
    </p>
   </div>
   <div class='ocr_carea' id='block_1_21' title="bbox 1979 736 3554 812">
    <p class='ocr_par' dir='ltr' id='par_1_21' title="bbox 1979 736 3554 812">
     <span class='ocr_line' id='line_1_21' title="bbox 1979 736 3554 812; baseline -0.003 -16"><span class='ocrx_word' id='word_1_136' title='bbox 1979 752 2107 796; x_wconf 82' lang='lat' dir='ltr'><strong>actu</strong></span> <span class='ocrx_word' id='word_1_137' title='bbox 2162 741 2411 797; x_wconf 67' lang='lat' dir='ltr'><strong>saeculari</strong></span> <span class='ocrx_word' id='word_1_138' title='bbox 2461 742 2788 812; x_wconf 80' lang='lat' dir='ltr'><strong>persuadere</strong></span> <span class='ocrx_word' id='word_1_139' title='bbox 2836 740 3175 810; x_wconf 88' lang='lat' dir='ltr'><strong>aliquatenus</strong></span> <span class='ocrx_word' id='word_1_140' title='bbox 3233 739 3428 810; x_wconf 86' lang='lat' dir='ltr'><strong>potuit.</strong></span> <span class='ocrx_word' id='word_1_141' title='bbox 3476 736 3554 792; x_wconf 87' lang='lat' dir='ltr'><strong>Ita</strong></span> 
     </span>
    </p>
   </div>
   <div class='ocr_carea' id='block_1_22' title="bbox 1973 831 3548 902">
    <p class='ocr_par' dir='ltr' id='par_1_22' title="bbox 1973 831 3548 902">
     <span class='ocr_line' id='line_1_22' title="bbox 1973 831 3548 902; baseline -0.004 -14"><span class='ocrx_word' id='word_1_142' title='bbox 1973 848 2133 902; x_wconf 86' lang='lat' dir='ltr'><strong>quem</strong></span> <span class='ocrx_word' id='word_1_143' title='bbox 2166 833 2380 889; x_wconf 89' lang='lat' dir='ltr'><strong>lidelem</strong></span> <span class='ocrx_word' id='word_1_144' title='bbox 2409 849 2475 888; x_wconf 90' lang='lat' dir='ltr'><strong>ac</strong></span> <span class='ocrx_word' id='word_1_145' title='bbox 2515 842 2796 889; x_wconf 89' lang='lat' dir='ltr'><strong>strenuum</strong></span> <span class='ocrx_word' id='word_1_146' title='bbox 2828 832 3009 886; x_wconf 87' lang='lat' dir='ltr'><strong>domui</strong></span> <span class='ocrx_word' id='word_1_147' title='bbox 3056 845 3168 885; x_wconf 80' lang='lat' dir='ltr'><strong>stne</strong></span> <span class='ocrx_word' id='word_1_148' title='bbox 3205 831 3548 899; x_wconf 73' lang='lat' dir='ltr'><strong>dESpcnsato-</strong></span> 
     </span>
    </p>
   </div>
   <div class='ocr_carea' id='block_1_23' title="bbox 1975 920 3551 991">
    <p class='ocr_par' dir='ltr' id='par_1_23' title="bbox 1975 920 3551 991">
     <span class='ocr_line' id='line_1_23' title="bbox 1975 920 3551 991; baseline -0.004 -11"><span class='ocrx_word' id='word_1_149' title='bbox 1975 941 2088 980; x_wconf 87' lang='lat' dir='ltr'><strong>rem</strong></span> <span class='ocrx_word' id='word_1_150' title='bbox 2127 926 2459 981; x_wconf 84' lang='lat' dir='ltr'><strong>constituere</strong></span> <span class='ocrx_word' id='word_1_151' title='bbox 2489 926 2749 980; x_wconf 88' lang='lat' dir='ltr'><strong>Dominus</strong></span> <span class='ocrx_word' id='word_1_152' title='bbox 2771 922 3108 991; x_wconf 82' lang='lat' dir='ltr'><strong>disponebat,</strong></span> <span class='ocrx_word' id='word_1_153' title='bbox 3146 921 3214 977; x_wconf 91' lang='lat' dir='ltr'><strong>ab</strong></span> <span class='ocrx_word' id='word_1_154' title='bbox 3242 920 3391 975; x_wconf 90' lang='lat' dir='ltr'><strong>omni</strong></span> <span class='ocrx_word' id='word_1_155' title='bbox 3425 934 3551 973; x_wconf 90' lang='lat' dir='ltr'><strong>eum</strong></span> 
     </span>
    </p>
   </div>
   <div class='ocr_carea' id='block_1_24' title="bbox 1973 1012 3561 1085">
    <p class='ocr_par' dir='ltr' id='par_1_24' title="bbox 1973 1012 3561 1085">
     <span class='ocr_line' id='line_1_24' title="bbox 1973 1012 3561 1085; baseline -0.004 -16"><span class='ocrx_word' id='word_1_156' title='bbox 1973 1014 2207 1069; x_wconf 82' lang='lat' dir='ltr'><strong>carnalis</strong></span> <span class='ocrx_word' id='word_1_157' title='bbox 2246 1014 2482 1085; x_wconf 71' lang='lat' dir='ltr'><strong>contagii</strong></span> <span class='ocrx_word' id='word_1_158' title='bbox 2530 1013 2743 1069; x_wconf 82' lang='lat' dir='ltr'><strong>macula</strong></span> <span class='ocrx_word' id='word_1_159' title='bbox 2782 1028 2974 1082; x_wconf 88' lang='lat' dir='ltr'><strong>purum</strong></span> <span class='ocrx_word' id='word_1_160' title='bbox 3004 1012 3413 1080; x_wconf 88' lang='lat' dir='ltr'><strong>immunemque</strong></span> <span class='ocrx_word' id='word_1_161' title='bbox 3442 1024 3561 1064; x_wconf 73' lang='lat' dir='ltr'><strong>ser-</strong></span> 
     </span>
    </p>
   </div>
   <div class='ocr_carea' id='block_1_25' title="bbox 1975 1101 3559 1168">
    <p class='ocr_par' dir='ltr' id='par_1_25' title="bbox 1975 1101 3559 1168">
     <span class='ocr_line' id='line_1_25' title="bbox 1975 1101 3559 1168; baseline -0.001 -13"><span class='ocrx_word' id='word_1_162' title='bbox 1975 1105 2149 1168; x_wconf 85' lang='lat' dir='ltr'><strong>vavit;</strong></span> <span class='ocrx_word' id='word_1_163' title='bbox 2178 1105 2322 1161; x_wconf 87' lang='lat' dir='ltr'><strong>unde</strong></span> <span class='ocrx_word' id='word_1_164' title='bbox 2346 1120 2451 1158; x_wconf 93' lang='lat' dir='ltr'><strong>non</strong></span> <span class='ocrx_word' id='word_1_165' title='bbox 2484 1105 2757 1160; x_wconf 89' lang='lat' dir='ltr'><strong>immerito</strong></span> <span class='ocrx_word' id='word_1_166' title='bbox 2786 1123 2813 1156; x_wconf 90' lang='lat' dir='ltr'><strong>a</strong></span> <span class='ocrx_word' id='word_1_167' title='bbox 2844 1103 3056 1158; x_wconf 89' lang='lat' dir='ltr'><strong>cunctis</strong></span> <span class='ocrx_word' id='word_1_168' title='bbox 3084 1101 3297 1157; x_wconf 81' lang='lat' dir='ltr'><strong>civibus</strong></span> <span class='ocrx_word' id='word_1_169' title='bbox 3326 1102 3559 1156; x_wconf 67' lang='lat' dir='ltr'><strong>mirabi-v</strong></span> 
     </span>
    </p>
   </div>
   <div class='ocr_carea' id='block_1_26' title="bbox 1972 1196 3560 1251">
    <p class='ocr_par' dir='ltr' id='par_1_26' title="bbox 1972 1196 3560 1251">
     <span class='ocr_line' id='line_1_26' title="bbox 1972 1196 3560 1251; baseline -0.003 -1"><span class='ocrx_word' id='word_1_170' title='bbox 1972 1196 2038 1251; x_wconf 88' lang='lat' dir='ltr'><strong>lis</strong></span> <span class='ocrx_word' id='word_1_171' title='bbox 2066 1213 2129 1251; x_wconf 92' lang='lat' dir='ltr'><strong>ac</strong></span> <span class='ocrx_word' id='word_1_172' title='bbox 2154 1196 2529 1251; x_wconf 71' lang='lat' dir='ltr'><strong>desiderabilis</strong></span> <span class='ocrx_word' id='word_1_173' title='bbox 2558 1196 2883 1250; x_wconf 86' lang='lat' dir='ltr'><strong>habebatur.</strong></span> <span class='ocrx_word' id='word_1_174' title='bbox 3556 1210 3560 1215; x_wconf 78' lang='grc'><em>’</em></span> 
     </span>
    </p>
   </div>
   <div class='ocr_carea' id='block_1_27' title="bbox 2043 1284 3561 1357">
    <p class='ocr_par' dir='ltr' id='par_1_27' title="bbox 2043 1284 3561 1357">
     <span class='ocr_line' id='line_1_27' title="bbox 2043 1284 3561 1357; baseline 0 -16"><span class='ocrx_word' id='word_1_175' title='bbox 2043 1287 2203 1357; x_wconf 83' lang='lat' dir='ltr'><strong>Fugit</strong></span> <span class='ocrx_word' id='word_1_176' title='bbox 2237 1290 2450 1341; x_wconf 79' lang='lat' dir='ltr'><strong>iterum.</strong></span> <span class='ocrx_word' id='word_1_177' title='bbox 2493 1316 2564 1326; x_wconf 95' lang='lat'><strong>—-</strong></span> <span class='ocrx_word' id='word_1_178' title='bbox 2591 1286 2697 1341; x_wconf 86' lang='lat' dir='ltr'><strong>Sed</strong></span> <span class='ocrx_word' id='word_1_179' title='bbox 2738 1302 2861 1340; x_wconf 88' lang='lat' dir='ltr'><strong>cmn</strong></span> <span class='ocrx_word' id='word_1_180' title='bbox 2892 1284 3003 1353; x_wconf 85' lang='lat' dir='ltr'><strong>jam</strong></span> <span class='ocrx_word' id='word_1_181' title='bbox 3038 1285 3181 1340; x_wconf 90' lang='lat' dir='ltr'><strong>nulla</strong></span> <span class='ocrx_word' id='word_1_182' title='bbox 3216 1286 3355 1355; x_wconf 77' lang='lat' dir='ltr'><strong>fuga:</strong></span> <span class='ocrx_word' id='word_1_183' title='bbox 3386 1285 3561 1354; x_wconf 80' lang='lat' dir='ltr'><strong>ipsius</strong></span> 
     </span>
    </p>
   </div>
   <div class='ocr_carea' id='block_1_28' title="bbox 1972 1376 3557 1447">
    <p class='ocr_par' dir='ltr' id='par_1_28' title="bbox 1972 1376 3557 1447">
     <span class='ocr_line' id='line_1_28' title="bbox 1972 1376 3557 1447; baseline -0.001 -17"><span class='ocrx_word' id='word_1_184' title='bbox 1972 1379 2208 1447; x_wconf 60' lang='lat' dir='ltr'><strong>suspicio</strong></span> <span class='ocrx_word' id='word_1_185' title='bbox 2250 1387 2480 1432; x_wconf 86' lang='lat' dir='ltr'><strong>matrem</strong></span> <span class='ocrx_word' id='word_1_186' title='bbox 2509 1385 2743 1441; x_wconf 81' lang='lat' dir='ltr'><strong>teneret,</strong></span> <span class='ocrx_word' id='word_1_187' title='bbox 2778 1393 3031 1446; x_wconf 83' lang='lat' dir='ltr'><strong>cumque,</strong></span> <span class='ocrx_word' id='word_1_188' title='bbox 3064 1378 3322 1446; x_wconf 86' lang='lat' dir='ltr'><strong>quoniam</strong></span> <span class='ocrx_word' id='word_1_189' title='bbox 3366 1376 3557 1443; x_wconf 67' lang='lat' dir='ltr'><strong>conjuo</strong></span> 
     </span>
    </p>
   </div>
   <div class='ocr_carea' id='block_1_29' title="bbox 1971 1470 3558 1543">
    <p class='ocr_par' dir='ltr' id='par_1_29' title="bbox 1971 1470 3558 1543">
     <span class='ocr_line' id='line_1_29' title="bbox 1971 1470 3558 1543; baseline -0.002 -18"><span class='ocrx_word' id='word_1_190' title='bbox 1971 1483 2154 1543; x_wconf 77' lang='lat' dir='ltr'><strong>gatum</strong></span> <span class='ocrx_word' id='word_1_191' title='bbox 2182 1488 2287 1527; x_wconf 91' lang='lat' dir='ltr'><strong>non</strong></span> <span class='ocrx_word' id='word_1_192' title='bbox 2317 1480 2531 1540; x_wconf 88' lang='lat' dir='ltr'><strong>poterat</strong></span> <span class='ocrx_word' id='word_1_193' title='bbox 2566 1472 2803 1525; x_wconf 89' lang='lat' dir='ltr'><strong>retinere</strong></span> <span class='ocrx_word' id='word_1_194' title='bbox 2832 1485 3039 1535; x_wconf 86' lang='lat' dir='ltr'><strong>secum,</strong></span> <span class='ocrx_word' id='word_1_195' title='bbox 3064 1470 3149 1524; x_wconf 84' lang='lat' dir='ltr'><strong>vel</strong></span> <span class='ocrx_word' id='word_1_196' title='bbox 3178 1470 3437 1524; x_wconf 86' lang='lat' dir='ltr'><strong>clericum</strong></span> <span class='ocrx_word' id='word_1_197' title='bbox 3474 1470 3558 1522; x_wconf 85' lang='lat' dir='ltr'><strong>ni-</strong></span> 
     </span>
    </p>
   </div>
   <div class='ocr_carea' id='block_1_30' title="bbox 1974 1562 3559 1633">
    <p class='ocr_par' dir='ltr' id='par_1_30' title="bbox 1974 1562 3559 1633">
     <span class='ocr_line' id='line_1_30' title="bbox 1974 1562 3559 1633; baseline -0.002 -15"><span class='ocrx_word' id='word_1_198' title='bbox 1974 1575 2199 1628; x_wconf 79' lang='lat' dir='ltr'><strong>teretur,</strong></span> <span class='ocrx_word' id='word_1_199' title='bbox 2228 1564 2294 1617; x_wconf 91' lang='lat' dir='ltr'><strong>ad</strong></span> <span class='ocrx_word' id='word_1_200' title='bbox 2328 1563 2690 1633; x_wconf 89' lang='lat' dir='ltr'><strong>episcopium,</strong></span> <span class='ocrx_word' id='word_1_201' title='bbox 2717 1562 2861 1632; x_wconf 90' lang='lat' dir='ltr'><strong>quod</strong></span> <span class='ocrx_word' id='word_1_202' title='bbox 2904 1562 3086 1616; x_wconf 89' lang='lat' dir='ltr'><strong>domui</strong></span> <span class='ocrx_word' id='word_1_203' title='bbox 3123 1579 3237 1617; x_wconf 82' lang='lat' dir='ltr'><strong>stuc</strong></span> <span class='ocrx_word' id='word_1_204' title='bbox 3273 1562 3411 1617; x_wconf 84' lang='lat' dir='ltr'><strong>satis</strong></span> <span class='ocrx_word' id='word_1_205' title='bbox 3437 1570 3559 1616; x_wconf 85' lang='lat' dir='ltr'><strong>erat</strong></span> 
     </span>
    </p>
   </div>
   <div class='ocr_carea' id='block_1_31' title="bbox 1972 1653 3556 1725">
    <p class='ocr_par' dir='ltr' id='par_1_31' title="bbox 1972 1653 3556 1725">
     <span class='ocr_line' id='line_1_31' title="bbox 1972 1653 3556 1725; baseline -0.001 -16"><span class='ocrx_word' id='word_1_206' title='bbox 1972 1656 2312 1725; x_wconf 80' lang='lat' dir='ltr'><strong>contiguum,</strong></span> <span class='ocrx_word' id='word_1_207' title='bbox 2344 1656 2519 1725; x_wconf 93' lang='lat' dir='ltr'><strong>primo</strong></span> <span class='ocrx_word' id='word_1_208' title='bbox 2545 1653 2762 1724; x_wconf 90' lang='lat' dir='ltr'><strong>quidem</strong></span> <span class='ocrx_word' id='word_1_209' title='bbox 2788 1669 2893 1707; x_wconf 91' lang='lat' dir='ltr'><strong>non</strong></span> <span class='ocrx_word' id='word_1_210' title='bbox 2923 1654 3040 1709; x_wconf 90' lang='lat' dir='ltr'><strong>sine</strong></span> <span class='ocrx_word' id='word_1_211' title='bbox 3067 1654 3337 1720; x_wconf 88' lang='lat' dir='ltr'><strong>custodia,</strong></span> <span class='ocrx_word' id='word_1_212' title='bbox 3358 1654 3556 1709; x_wconf 87' lang='lat' dir='ltr'><strong>dehinc</strong></span> 
     </span>
    </p>
   </div>
   <div class='ocr_carea' id='block_1_32' title="bbox 1970 1745 3557 1814">
    <p class='ocr_par' dir='ltr' id='par_1_32' title="bbox 1970 1745 3557 1814">
     <span class='ocr_line' id='line_1_32' title="bbox 1970 1745 3557 1814; baseline -0.002 -12"><span class='ocrx_word' id='word_1_213' title='bbox 1970 1747 2263 1802; x_wconf 80' lang='lat' dir='ltr'><strong>securitate</strong></span> <span class='ocrx_word' id='word_1_214' title='bbox 2292 1756 2575 1800; x_wconf 85' lang='lat' dir='ltr'><strong>crescente</strong></span> <span class='ocrx_word' id='word_1_215' title='bbox 2606 1745 2781 1799; x_wconf 81' lang='lat' dir='ltr'><strong>solum</strong></span> <span class='ocrx_word' id='word_1_216' title='bbox 2811 1745 3008 1814; x_wconf 75' lang='lat' dir='ltr'><strong>szepius</strong></span> <span class='ocrx_word' id='word_1_217' title='bbox 3036 1745 3119 1799; x_wconf 87' lang='lat' dir='ltr'><strong>ire</strong></span> <span class='ocrx_word' id='word_1_218' title='bbox 3149 1746 3379 1799; x_wconf 87' lang='lat' dir='ltr'><strong>sinebat.</strong></span> <span class='ocrx_word' id='word_1_219' title='bbox 3425 1745 3557 1799; x_wconf 84' lang='lat' dir='ltr'><strong>Erat</strong></span> 
     </span>
    </p>
   </div>
   <div class='ocr_carea' id='block_1_33' title="bbox 284 1811 3552 1908">
    <p class='ocr_par' dir='ltr' id='par_1_33' title="bbox 284 1811 3552 1908">
     <span class='ocr_line' id='line_1_33' title="bbox 284 1811 3552 1908; baseline -0.001 -19"><span class='ocrx_word' id='word_1_220' title='bbox 284 1835 386 1897; x_wconf 86' lang='lat' dir='ltr'><strong>riis</strong></span> <span class='ocrx_word' id='word_1_221' title='bbox 424 1834 494 1889; x_wconf 88' lang='lat' dir='ltr'><strong>ab</strong></span> <span class='ocrx_word' id='word_1_222' title='bbox 527 1811 650 1891; x_wconf 78' lang='lat' dir='ltr'><strong>inde</strong></span> <span class='ocrx_word' id='word_1_223' title='bbox 674 1835 824 1891; x_wconf 90' lang='lat' dir='ltr'><strong>locus</strong></span> <span class='ocrx_word' id='word_1_224' title='bbox 856 1836 943 1891; x_wconf 84' lang='lat' dir='ltr'><strong>ille</strong></span> <span class='ocrx_word' id='word_1_225' title='bbox 973 1837 1200 1893; x_wconf 89' lang='lat' dir='ltr'><strong>distaret</strong></span> <span class='ocrx_word' id='word_1_226' title='bbox 1224 1838 1292 1892; x_wconf 90' lang='lat' dir='ltr'><strong>ad</strong></span> <span class='ocrx_word' id='word_1_227' title='bbox 1332 1811 1495 1907; x_wconf 77' lang='lat' dir='ltr'><strong>quem</strong></span> <span class='ocrx_word' id='word_1_228' title='bbox 1529 1852 1753 1908; x_wconf 76' lang='lat' dir='ltr'><strong>pergere</strong></span> <span class='ocrx_word' id='word_1_229' title='bbox 1782 1811 1943 1891; x_wconf 72' lang='grc' dir='ltr'><strong>ἀί-’Β</strong></span> <span class='ocrx_word' id='word_1_230' title='bbox 1974 1846 2100 1891; x_wconf 85' lang='lat' dir='ltr'><strong>tunc</strong></span> <span class='ocrx_word' id='word_1_231' title='bbox 2135 1836 2187 1889; x_wconf 92' lang='lat' dir='ltr'><strong>in</strong></span> <span class='ocrx_word' id='word_1_232' title='bbox 2220 1835 2548 1890; x_wconf 82' lang='lat' dir='ltr'><strong>monasterio</strong></span> <span class='ocrx_word' id='word_1_233' title='bbox 2583 1835 2796 1888; x_wconf 68' lang='lat' dir='ltr'><strong>Sancta:</strong></span> <span class='ocrx_word' id='word_1_234' title='bbox 2826 1811 3045 1903; x_wconf 67' lang='lat' dir='ltr'><strong>Sophia:</strong></span> <span class='ocrx_word' id='word_1_235' title='bbox 3079 1834 3420 1903; x_wconf 67' lang='lat' dir='ltr'><strong>praepositus,</strong></span> <span class='ocrx_word' id='word_1_236' title='bbox 3452 1849 3552 1886; x_wconf 83' lang='lat' dir='ltr'><strong>no-</strong></span> 
     </span>
    </p>
   </div>
   <div class='ocr_carea' id='block_1_34' title="bbox 282 1927 1866 2000">
    <p class='ocr_par' dir='ltr' id='par_1_34' title="bbox 282 1927 1866 2000">
     <span class='ocr_line' id='line_1_34' title="bbox 282 1927 1866 2000; baseline -0.001 -15"><span class='ocrx_word' id='word_1_237' title='bbox 282 1936 633 1995; x_wconf 69' lang='lat' dir='ltr'><strong>sposuerant,</strong></span> <span class='ocrx_word' id='word_1_238' title='bbox 668 1928 845 1983; x_wconf 85' lang='lat' dir='ltr'><strong>noctis</strong></span> <span class='ocrx_word' id='word_1_239' title='bbox 873 1944 1060 1985; x_wconf 79' lang='lat' dir='ltr'><strong>errore</strong></span> <span class='ocrx_word' id='word_1_240' title='bbox 1089 1929 1251 1985; x_wconf 83' lang='lat' dir='ltr'><strong>simul</strong></span> <span class='ocrx_word' id='word_1_241' title='bbox 1292 1943 1358 1985; x_wconf 91' lang='lat' dir='ltr'><strong>ac</strong></span> <span class='ocrx_word' id='word_1_242' title='bbox 1391 1944 1591 2000; x_wconf 79' lang='lat' dir='ltr'><strong>pavore</strong></span> <span class='ocrx_word' id='word_1_243' title='bbox 1632 1927 1866 1995; x_wconf 87' lang='lat' dir='ltr'><strong>confusi,</strong></span> 
     </span>
    </p>
   </div>
   <div class='ocr_carea' id='block_1_35' title="bbox 276 2018 1867 2091">
    <p class='ocr_par' dir='ltr' id='par_1_35' title="bbox 276 2018 1867 2091">
     <span class='ocr_line' id='line_1_35' title="bbox 276 2018 1867 2091; baseline 0.002 -20"><span class='ocrx_word' id='word_1_244' title='bbox 276 2019 374 2072; x_wconf 80' lang='lat' dir='ltr'><strong>vis</strong></span> <span class='ocrx_word' id='word_1_245' title='bbox 411 2018 540 2074; x_wconf 91' lang='lat' dir='ltr'><strong>illuc</strong></span> <span class='ocrx_word' id='word_1_246' title='bbox 578 2019 804 2075; x_wconf 85' lang='lat' dir='ltr'><strong>alterius</strong></span> <span class='ocrx_word' id='word_1_247' title='bbox 845 2020 952 2075; x_wconf 91' lang='lat' dir='ltr'><strong>diei</strong></span> <span class='ocrx_word' id='word_1_248' title='bbox 996 2036 1155 2077; x_wconf 84' lang='lat' dir='ltr'><strong>mane</strong></span> <span class='ocrx_word' id='word_1_249' title='bbox 1182 2021 1526 2091; x_wconf 91' lang='lat' dir='ltr'><strong>perveniunt.</strong></span> <span class='ocrx_word' id='word_1_250' title='bbox 1566 2019 1711 2087; x_wconf 86' lang='lat' dir='ltr'><strong>Quos</strong></span> <span class='ocrx_word' id='word_1_251' title='bbox 1744 2035 1867 2075; x_wconf 89' lang='lat' dir='ltr'><strong>cum</strong></span> 
     </span>
    </p>
   </div>
   <div class='ocr_carea' id='block_1_36' title="bbox 274 2110 1868 2181">
    <p class='ocr_par' dir='ltr' id='par_1_36' title="bbox 274 2110 1868 2181">
     <span class='ocr_line' id='line_1_36' title="bbox 274 2110 1868 2181; baseline 0.001 -14"><span class='ocrx_word' id='word_1_252' title='bbox 274 2111 367 2167; x_wconf 82' lang='lat' dir='ltr'><strong>vir</strong></span> <span class='ocrx_word' id='word_1_253' title='bbox 400 2110 517 2177; x_wconf 87' lang='lat' dir='ltr'><strong>Dei,</strong></span> <span class='ocrx_word' id='word_1_254' title='bbox 551 2112 644 2181; x_wconf 87' lang='lat' dir='ltr'><strong>qui</strong></span> <span class='ocrx_word' id='word_1_255' title='bbox 684 2112 983 2167; x_wconf 87' lang='lat' dir='ltr'><strong>solitariam</strong></span> <span class='ocrx_word' id='word_1_256' title='bbox 1012 2113 1141 2168; x_wconf 90' lang='lat' dir='ltr'><strong>inihi</strong></span> <span class='ocrx_word' id='word_1_257' title='bbox 1168 2115 1334 2173; x_wconf 80' lang='lat' dir='ltr'><strong>vitam</strong></span> <span class='ocrx_word' id='word_1_258' title='bbox 1368 2114 1615 2179; x_wconf 87' lang='lat' dir='ltr'><strong>ducebat,</strong></span> <span class='ocrx_word' id='word_1_259' title='bbox 1648 2113 1868 2169; x_wconf 89' lang='lat' dir='ltr'><strong>Santari</strong></span> 
     </span>
    </p>
   </div>
   <div class='ocr_carea' id='block_1_37' title="bbox 283 2205 1869 2278">
    <p class='ocr_par' dir='ltr' id='par_1_37' title="bbox 283 2205 1869 2278">
     <span class='ocr_line' id='line_1_37' title="bbox 283 2205 1869 2278; baseline -0.002 -15"><span class='ocrx_word' id='word_1_260' title='bbox 283 2205 532 2271; x_wconf 70' lang='lat' dir='ltr'><strong>neutrius,</strong></span> <span class='ocrx_word' id='word_1_261' title='bbox 572 2206 963 2277; x_wconf 71' lang='lat' dir='ltr'><strong>conspexisset,</strong></span> <span class='ocrx_word' id='word_1_262' title='bbox 994 2206 1150 2263; x_wconf 80' lang='lat' dir='ltr'><strong>valde</strong></span> <span class='ocrx_word' id='word_1_263' title='bbox 1178 2207 1408 2262; x_wconf 83' lang='lat' dir='ltr'><strong>miratus</strong></span> <span class='ocrx_word' id='word_1_264' title='bbox 1447 2215 1609 2278; x_wconf 88' lang='lat' dir='ltr'><strong>atque</strong></span> <span class='ocrx_word' id='word_1_265' title='bbox 1657 2206 1869 2260; x_wconf 82' lang='lat' dir='ltr'><strong>bctatus</strong></span> 
     </span>
    </p>
   </div>
   <div class='ocr_carea' id='block_1_38' title="bbox 275 2295 1870 2364">
    <p class='ocr_par' dir='ltr' id='par_1_38' title="bbox 275 2295 1870 2364">
     <span class='ocr_line' id='line_1_38' title="bbox 275 2295 1870 2364; baseline 0.002 -16"><span class='ocrx_word' id='word_1_266' title='bbox 275 2302 399 2360; x_wconf 80' lang='lat' dir='ltr'><strong>est;</strong></span> <span class='ocrx_word' id='word_1_267' title='bbox 436 2309 668 2364; x_wconf 78' lang='lat' dir='ltr'><strong>moxque</strong></span> <span class='ocrx_word' id='word_1_268' title='bbox 696 2295 955 2350; x_wconf 81' lang='lat' dir='ltr'><strong>inducens</strong></span> <span class='ocrx_word' id='word_1_269' title='bbox 976 2295 1098 2355; x_wconf 88' lang='lat' dir='ltr'><strong>illos</strong></span> <span class='ocrx_word' id='word_1_270' title='bbox 1121 2296 1175 2351; x_wconf 93' lang='lat' dir='ltr'><strong>in</strong></span> <span class='ocrx_word' id='word_1_271' title='bbox 1198 2295 1390 2353; x_wconf 88' lang='lat' dir='ltr'><strong>cellam</strong></span> <span class='ocrx_word' id='word_1_272' title='bbox 1420 2312 1598 2359; x_wconf 90' lang='lat' dir='ltr'><strong>suam,</strong></span> <span class='ocrx_word' id='word_1_273' title='bbox 1621 2312 1684 2350; x_wconf 93' lang='lat' dir='ltr'><strong>ac</strong></span> <span class='ocrx_word' id='word_1_274' title='bbox 1716 2295 1870 2352; x_wconf 86' lang='lat' dir='ltr'><strong>Desi-</strong></span> 
     </span>
    </p>
   </div>
   <div class='ocr_carea' id='block_1_39' title="bbox 274 2387 1870 2460">
    <p class='ocr_par' dir='ltr' id='par_1_39' title="bbox 274 2387 1870 2460">
     <span class='ocr_line' id='line_1_39' title="bbox 274 2387 1870 2460; baseline 0.003 -17"><span class='ocrx_word' id='word_1_275' title='bbox 274 2387 491 2443; x_wconf 88' lang='lat' dir='ltr'><strong>derium</strong></span> <span class='ocrx_word' id='word_1_276' title='bbox 527 2388 840 2459; x_wconf 85' lang='lat' dir='ltr'><strong>frequenter</strong></span> <span class='ocrx_word' id='word_1_277' title='bbox 890 2390 1235 2455; x_wconf 77' lang='lat' dir='ltr'><strong>exosculans,</strong></span> <span class='ocrx_word' id='word_1_278' title='bbox 1285 2392 1448 2460; x_wconf 73' lang='lat' dir='ltr'><strong>C(Bpit</strong></span> <span class='ocrx_word' id='word_1_279' title='bbox 1501 2392 1731 2448; x_wconf 88' lang='lat' dir='ltr'><strong>solerter</strong></span> <span class='ocrx_word' id='word_1_280' title='bbox 1772 2408 1870 2449; x_wconf 83' lang='lat' dir='ltr'><strong>es-</strong></span> 
     </span>
    </p>
   </div>
   <div class='ocr_carea' id='block_1_40' title="bbox 275 2477 1864 2552">
    <p class='ocr_par' dir='ltr' id='par_1_40' title="bbox 275 2477 1864 2552">
     <span class='ocr_line' id='line_1_40' title="bbox 275 2477 1864 2552; baseline 0.006 -24"><span class='ocrx_word' id='word_1_281' title='bbox 275 2477 499 2545; x_wconf 87' lang='lat' dir='ltr'><strong>quirere</strong></span> <span class='ocrx_word' id='word_1_282' title='bbox 546 2493 646 2534; x_wconf 92' lang='lat' dir='ltr'><strong>cnr</strong></span> <span class='ocrx_word' id='word_1_283' title='bbox 692 2480 764 2534; x_wconf 90' lang='lat' dir='ltr'><strong>ita</strong></span> <span class='ocrx_word' id='word_1_284' title='bbox 812 2481 1104 2536; x_wconf 82' lang='lat' dir='ltr'><strong>venissent.</strong></span> <span class='ocrx_word' id='word_1_285' title='bbox 1130 2482 1354 2552; x_wconf 80' lang='lat' dir='ltr'><strong>Cognita</strong></span> <span class='ocrx_word' id='word_1_286' title='bbox 1387 2482 1571 2552; x_wconf 90' lang='lat' dir='ltr'><strong>itaque</strong></span> <span class='ocrx_word' id='word_1_287' title='bbox 1601 2483 1864 2539; x_wconf 86' lang='lat' dir='ltr'><strong>Desiderii</strong></span> 
     </span>
    </p>
   </div>
   <div class='ocr_carea' id='block_1_41' title="bbox 273 2569 1867 2645">
    <p class='ocr_par' dir='ltr' id='par_1_41' title="bbox 273 2569 1867 2645">
     <span class='ocr_line' id='line_1_41' title="bbox 273 2569 1867 2645; baseline 0.004 -20"><span class='ocrx_word' id='word_1_288' title='bbox 273 2569 578 2636; x_wconf 75' lang='lat' dir='ltr'><strong>voluntate,</strong></span> <span class='ocrx_word' id='word_1_289' title='bbox 602 2574 952 2629; x_wconf 82' lang='lat' dir='ltr'><strong>vehementer</strong></span> <span class='ocrx_word' id='word_1_290' title='bbox 982 2573 1264 2643; x_wconf 86' lang='lat' dir='ltr'><strong>obstupuit</strong></span> <span class='ocrx_word' id='word_1_291' title='bbox 1295 2577 1437 2645; x_wconf 88' lang='lat' dir='ltr'><strong>quod</strong></span> <span class='ocrx_word' id='word_1_292' title='bbox 1470 2592 1604 2645; x_wconf 88' lang='lat' dir='ltr'><strong>puer</strong></span> <span class='ocrx_word' id='word_1_293' title='bbox 1626 2586 1735 2631; x_wconf 89' lang='lat' dir='ltr'><strong>tam</strong></span> <span class='ocrx_word' id='word_1_294' title='bbox 1768 2592 1867 2631; x_wconf 90' lang='lat' dir='ltr'><strong>no-</strong></span> 
     </span>
    </p>
   </div>
   <div class='ocr_carea' id='block_1_42' title="bbox 274 2658 1866 2737">
    <p class='ocr_par' dir='ltr' id='par_1_42' title="bbox 274 2658 1866 2737">
     <span class='ocr_line' id='line_1_42' title="bbox 274 2658 1866 2737; baseline 0.006 -24"><span class='ocrx_word' id='word_1_295' title='bbox 274 2658 425 2724; x_wconf 65' lang='lat' dir='ltr'><strong>bilis,</strong></span> <span class='ocrx_word' id='word_1_296' title='bbox 464 2668 571 2715; x_wconf 87' lang='lat' dir='ltr'><strong>tam</strong></span> <span class='ocrx_word' id='word_1_297' title='bbox 604 2662 885 2728; x_wconf 88' lang='lat' dir='ltr'><strong>delicatus,</strong></span> <span class='ocrx_word' id='word_1_298' title='bbox 912 2674 1021 2719; x_wconf 93' lang='lat' dir='ltr'><strong>tam</strong></span> <span class='ocrx_word' id='word_1_299' title='bbox 1049 2665 1221 2730; x_wconf 87' lang='lat' dir='ltr'><strong>dives,</strong></span> <span class='ocrx_word' id='word_1_300' title='bbox 1255 2675 1311 2721; x_wconf 91' lang='lat' dir='ltr'><strong>et</strong></span> <span class='ocrx_word' id='word_1_301' title='bbox 1351 2668 1625 2737; x_wconf 71' lang='lat' dir='ltr'><strong>prmcipue</strong></span> <span class='ocrx_word' id='word_1_302' title='bbox 1669 2683 1866 2737; x_wconf 86' lang='lat' dir='ltr'><strong>paren-</strong></span> 
     </span>
    </p>
   </div>
   <div class='ocr_carea' id='block_1_43' title="bbox 277 2751 1858 2824">
    <p class='ocr_par' dir='ltr' id='par_1_43' title="bbox 277 2751 1858 2824">
     <span class='ocr_line' id='line_1_43' title="bbox 277 2751 1858 2824; baseline 0.004 -16"><span class='ocrx_word' id='word_1_303' title='bbox 277 2751 425 2808; x_wconf 86' lang='lat' dir='ltr'><strong>tibus</strong></span> <span class='ocrx_word' id='word_1_304' title='bbox 478 2753 801 2824; x_wconf 83' lang='lat' dir='ltr'><strong>singularis,</strong></span> <span class='ocrx_word' id='word_1_305' title='bbox 860 2763 967 2810; x_wconf 89' lang='lat' dir='ltr'><strong>tam</strong></span> <span class='ocrx_word' id='word_1_306' title='bbox 1026 2755 1301 2812; x_wconf 88' lang='lat' dir='ltr'><strong>ferventer</strong></span> <span class='ocrx_word' id='word_1_307' title='bbox 1348 2760 1617 2813; x_wconf 87' lang='lat' dir='ltr'><strong>universis</strong></span> <span class='ocrx_word' id='word_1_308' title='bbox 1675 2761 1858 2815; x_wconf 69' lang='lat' dir='ltr'><strong>saeculi</strong></span> 
     </span>
    </p>
   </div>
   <div class='ocr_carea' id='block_1_44' title="bbox 276 2842 1865 2917">
    <p class='ocr_par' dir='ltr' id='par_1_44' title="bbox 276 2842 1865 2917">
     <span class='ocr_line' id='line_1_44' title="bbox 276 2842 1865 2917; baseline 0.008 -23"><span class='ocrx_word' id='word_1_309' title='bbox 276 2842 491 2911; x_wconf 83' lang='lat' dir='ltr'><strong>pompis</strong></span> <span class='ocrx_word' id='word_1_310' title='bbox 536 2858 600 2898; x_wconf 88' lang='lat' dir='ltr'><strong>ac</strong></span> <span class='ocrx_word' id='word_1_311' title='bbox 634 2846 965 2902; x_wconf 87' lang='lat' dir='ltr'><strong>vanitatibus</strong></span> <span class='ocrx_word' id='word_1_312' title='bbox 1008 2848 1205 2917; x_wconf 83' lang='lat' dir='ltr'><strong>spretis</strong></span> <span class='ocrx_word' id='word_1_313' title='bbox 1233 2889 1248 2913; x_wconf 95' lang='lat'><strong>,</strong></span> <span class='ocrx_word' id='word_1_314' title='bbox 1304 2849 1404 2903; x_wconf 90' lang='lat' dir='ltr'><strong>sub</strong></span> <span class='ocrx_word' id='word_1_315' title='bbox 1460 2860 1569 2904; x_wconf 90' lang='lat' dir='ltr'><strong>tam</strong></span> <span class='ocrx_word' id='word_1_316' title='bbox 1616 2851 1865 2906; x_wconf 91' lang='lat' dir='ltr'><strong>districto</strong></span> 
     </span>
    </p>
   </div>
   <div class='ocr_carea' id='block_1_45' title="bbox 284 2934 1866 3011">
    <p class='ocr_par' dir='ltr' id='par_1_45' title="bbox 284 2934 1866 3011">
     <span class='ocr_line' id='line_1_45' title="bbox 284 2934 1866 3011; baseline 0.006 -24"><span class='ocrx_word' id='word_1_317' title='bbox 284 2934 569 3003; x_wconf 86' lang='lat' dir='ltr'><strong>proposito</strong></span> <span class='ocrx_word' id='word_1_318' title='bbox 597 2936 901 2992; x_wconf 83' lang='lat' dir='ltr'><strong>serviturus</strong></span> <span class='ocrx_word' id='word_1_319' title='bbox 928 2936 1158 2997; x_wconf 88' lang='lat' dir='ltr'><strong>Domino</strong></span> <span class='ocrx_word' id='word_1_320' title='bbox 1196 2940 1537 2996; x_wconf 86' lang='lat' dir='ltr'><strong>accessisset.</strong></span> <span class='ocrx_word' id='word_1_321' title='bbox 1581 2940 1687 2995; x_wconf 90' lang='lat' dir='ltr'><strong>Sed</strong></span> <span class='ocrx_word' id='word_1_322' title='bbox 1732 2958 1866 3011; x_wconf 86' lang='lat' dir='ltr'><strong>quo-</strong></span> 
     </span>
    </p>
   </div>
   <div class='ocr_carea' id='block_1_46' title="bbox 275 3025 1861 3101">
    <p class='ocr_par' dir='ltr' id='par_1_46' title="bbox 275 3025 1861 3101">
     <span class='ocr_line' id='line_1_46' title="bbox 275 3025 1861 3101; baseline 0.009 -25"><span class='ocrx_word' id='word_1_323' title='bbox 275 3025 426 3078; x_wconf 87' lang='lat' dir='ltr'><strong>niam</strong></span> <span class='ocrx_word' id='word_1_324' title='bbox 463 3027 598 3081; x_wconf 87' lang='lat' dir='ltr'><strong>nihil</strong></span> <span class='ocrx_word' id='word_1_325' title='bbox 626 3026 737 3083; x_wconf 83' lang='lat' dir='ltr'><strong>Deo</strong></span> <span class='ocrx_word' id='word_1_326' title='bbox 759 3028 975 3085; x_wconf 87' lang='lat' dir='ltr'><strong>dilIicile</strong></span> <span class='ocrx_word' id='word_1_327' title='bbox 1003 3039 1097 3085; x_wconf 91' lang='lat' dir='ltr'><strong>aut</strong></span> <span class='ocrx_word' id='word_1_328' title='bbox 1127 3032 1460 3100; x_wconf 86' lang='lat' dir='ltr'><strong>impossibile</strong></span> <span class='ocrx_word' id='word_1_329' title='bbox 1489 3048 1609 3089; x_wconf 88' lang='lat' dir='ltr'><strong>esse</strong></span> <span class='ocrx_word' id='word_1_330' title='bbox 1634 3035 1861 3101; x_wconf 87' lang='lat' dir='ltr'><strong>sciebat,</strong></span> 
     </span>
    </p>
   </div>
   <div class='ocr_carea' id='block_1_47' title="bbox 280 3112 1865 3189">
    <p class='ocr_par' dir='ltr' id='par_1_47' title="bbox 280 3112 1865 3189">
     <span class='ocr_line' id='line_1_47' title="bbox 280 3112 1865 3189; baseline 0.009 -20"><span class='ocrx_word' id='word_1_331' title='bbox 280 3112 471 3170; x_wconf 85' lang='lat' dir='ltr'><strong>laudes</strong></span> <span class='ocrx_word' id='word_1_332' title='bbox 500 3116 575 3171; x_wconf 93' lang='lat' dir='ltr'><strong>illi</strong></span> <span class='ocrx_word' id='word_1_333' title='bbox 614 3129 668 3172; x_wconf 88' lang='lat' dir='ltr'><strong>et</strong></span> <span class='ocrx_word' id='word_1_334' title='bbox 696 3120 897 3188; x_wconf 88' lang='lat' dir='ltr'><strong>gratias</strong></span> <span class='ocrx_word' id='word_1_335' title='bbox 929 3122 1195 3178; x_wconf 81' lang='lat' dir='ltr'><strong>maximas</strong></span> <span class='ocrx_word' id='word_1_336' title='bbox 1217 3122 1477 3189; x_wconf 81' lang='lat' dir='ltr'><strong>referens,</strong></span> <span class='ocrx_word' id='word_1_337' title='bbox 1503 3133 1741 3180; x_wconf 82' lang='lat' dir='ltr'><strong>veterem</strong></span> <span class='ocrx_word' id='word_1_338' title='bbox 1770 3128 1865 3183; x_wconf 81' lang='lat' dir='ltr'><strong>ho-</strong></span> 
     </span>
    </p>
   </div>
   <div class='ocr_carea' id='block_1_48' title="bbox 276 3206 1865 3287">
    <p class='ocr_par' dir='ltr' id='par_1_48' title="bbox 276 3206 1865 3287">
     <span class='ocr_line' id='line_1_48' title="bbox 276 3206 1865 3287; baseline 0.008 -26"><span class='ocrx_word' id='word_1_339' title='bbox 276 3206 480 3261; x_wconf 82' lang='lat' dir='ltr'><strong>minem</strong></span> <span class='ocrx_word' id='word_1_340' title='bbox 516 3225 637 3264; x_wconf 89' lang='lat' dir='ltr'><strong>cum</strong></span> <span class='ocrx_word' id='word_1_341' title='bbox 676 3210 886 3265; x_wconf 88' lang='lat' dir='ltr'><strong>actibus</strong></span> <span class='ocrx_word' id='word_1_342' title='bbox 916 3210 1035 3282; x_wconf 88' lang='lat' dir='ltr'><strong>ejus</strong></span> <span class='ocrx_word' id='word_1_343' title='bbox 1070 3212 1436 3279; x_wconf 86' lang='lat' dir='ltr'><strong>Desiderinm,</strong></span> <span class='ocrx_word' id='word_1_344' title='bbox 1480 3217 1597 3287; x_wconf 87' lang='lat' dir='ltr'><strong>ipso</strong></span> <span class='ocrx_word' id='word_1_345' title='bbox 1628 3218 1711 3272; x_wconf 89' lang='lat' dir='ltr'><strong>vel</strong></span> <span class='ocrx_word' id='word_1_346' title='bbox 1751 3235 1865 3273; x_wconf 88' lang='lat' dir='ltr'><strong>ma-</strong></span> 
     </span>
    </p>
   </div>
   <div class='ocr_carea' id='block_1_49' title="bbox 276 3297 1867 3378">
    <p class='ocr_par' dir='ltr' id='par_1_49' title="bbox 276 3297 1867 3378">
     <span class='ocr_line' id='line_1_49' title="bbox 276 3297 1867 3378; baseline 0.01 -29"><span class='ocrx_word' id='word_1_347' title='bbox 276 3297 426 3353; x_wconf 69' lang='lat' dir='ltr'><strong>xime</strong></span> <span class='ocrx_word' id='word_1_348' title='bbox 456 3298 762 3370; x_wconf 87' lang='lat' dir='ltr'><strong>insistente,</strong></span> <span class='ocrx_word' id='word_1_349' title='bbox 789 3303 1036 3371; x_wconf 90' lang='lat' dir='ltr'><strong>protinus</strong></span> <span class='ocrx_word' id='word_1_350' title='bbox 1065 3308 1234 3371; x_wconf 75' lang='lat' dir='ltr'><strong>exuit,</strong></span> <span class='ocrx_word' id='word_1_351' title='bbox 1259 3315 1315 3361; x_wconf 90' lang='lat' dir='ltr'><strong>et</strong></span> <span class='ocrx_word' id='word_1_352' title='bbox 1340 3323 1563 3374; x_wconf 91' lang='lat' dir='ltr'><strong>novum,</strong></span> <span class='ocrx_word' id='word_1_353' title='bbox 1590 3312 1683 3378; x_wconf 88' lang='lat' dir='ltr'><strong>qui</strong></span> <span class='ocrx_word' id='word_1_354' title='bbox 1709 3325 1867 3366; x_wconf 84' lang='lat' dir='ltr'><strong>reno—</strong></span> 
     </span>
    </p>
   </div>
   <div class='ocr_carea' id='block_1_50' title="bbox 279 3390 1869 3471">
    <p class='ocr_par' dir='ltr' id='par_1_50' title="bbox 279 3390 1869 3471">
     <span class='ocr_line' id='line_1_50' title="bbox 279 3390 1869 3471; baseline 0.014 -34"><span class='ocrx_word' id='word_1_355' title='bbox 279 3396 447 3442; x_wconf 82' lang='lat' dir='ltr'><strong>vatur</strong></span> <span class='ocrx_word' id='word_1_356' title='bbox 477 3390 528 3443; x_wconf 91' lang='lat' dir='ltr'><strong>in</strong></span> <span class='ocrx_word' id='word_1_357' title='bbox 558 3390 653 3445; x_wconf 85' lang='lat' dir='ltr'><strong>Dei</strong></span> <span class='ocrx_word' id='word_1_358' title='bbox 683 3394 1068 3464; x_wconf 87' lang='lat' dir='ltr'><strong>cognitionem,</strong></span> <span class='ocrx_word' id='word_1_359' title='bbox 1105 3397 1255 3453; x_wconf 80' lang='lat' dir='ltr'><strong>illurn</strong></span> <span class='ocrx_word' id='word_1_360' title='bbox 1279 3411 1678 3471; x_wconf 87' lang='lat' dir='ltr'><strong>consequenter</strong></span> <span class='ocrx_word' id='word_1_361' title='bbox 1705 3403 1869 3458; x_wconf 64' lang='lat' dir='ltr'><strong>vcstiv</strong></span> 
     </span>
    </p>
   </div>
   <div class='ocr_carea' id='block_1_51' title="bbox 277 3476 1867 3559">
    <p class='ocr_par' dir='ltr' id='par_1_51' title="bbox 277 3476 1867 3559">
     <span class='ocr_line' id='line_1_51' title="bbox 277 3476 1867 3559; baseline 0.012 -28"><span class='ocrx_word' id='word_1_362' title='bbox 277 3476 378 3540; x_wconf 79' lang='lat' dir='ltr'><strong>vit,</strong></span> <span class='ocrx_word' id='word_1_363' title='bbox 423 3486 497 3542; x_wconf 90' lang='lat' dir='ltr'><strong>et,</strong></span> <span class='ocrx_word' id='word_1_364' title='bbox 544 3478 799 3551; x_wconf 82' lang='lat' dir='ltr'><strong>Jaquinto</strong></span> <span class='ocrx_word' id='word_1_365' title='bbox 848 3484 901 3537; x_wconf 89' lang='lat' dir='ltr'><strong>in</strong></span> <span class='ocrx_word' id='word_1_366' title='bbox 938 3500 1037 3539; x_wconf 88' lang='lat' dir='ltr'><strong>sua</strong></span> <span class='ocrx_word' id='word_1_367' title='bbox 1088 3488 1355 3543; x_wconf 90' lang='lat' dir='ltr'><strong>tnatnrius</strong></span> <span class='ocrx_word' id='word_1_368' title='bbox 1398 3491 1682 3559; x_wconf 87' lang='lat' dir='ltr'><strong>redeunte,</strong></span> <span class='ocrx_word' id='word_1_369' title='bbox 1718 3492 1867 3550; x_wconf 88' lang='lat' dir='ltr'><strong>solus</strong></span> 
     </span>
    </p>
   </div>
   <div class='ocr_carea' id='block_1_52' title="bbox 277 3566 1456 3638">
    <p class='ocr_par' dir='ltr' id='par_1_52' title="bbox 277 3566 1456 3638">
     <span class='ocr_line' id='line_1_52' title="bbox 277 3566 1456 3638; baseline 0.012 -16"><span class='ocrx_word' id='word_1_370' title='bbox 277 3566 592 3626; x_wconf 90' lang='lat' dir='ltr'><strong>Desiderius</strong></span> <span class='ocrx_word' id='word_1_371' title='bbox 620 3589 740 3628; x_wconf 90' lang='lat' dir='ltr'><strong>cum</strong></span> <span class='ocrx_word' id='word_1_372' title='bbox 776 3575 993 3632; x_wconf 88' lang='lat' dir='ltr'><strong>Santari</strong></span> <span class='ocrx_word' id='word_1_373' title='bbox 1027 3578 1144 3634; x_wconf 92' lang='lat' dir='ltr'><strong>solo</strong></span> <span class='ocrx_word' id='word_1_374' title='bbox 1173 3583 1456 3638; x_wconf 88' lang='lat' dir='ltr'><strong>remansit.</strong></span> 
     </span>
    </p>
   </div>
   <div class='ocr_carea' id='block_1_53' title="bbox 359 3659 1864 3747">
    <p class='ocr_par' dir='ltr' id='par_1_53' title="bbox 359 3659 1864 3747">
     <span class='ocr_line' id='line_1_53' title="bbox 359 3659 1864 3747; baseline 0.013 -34"><span class='ocrx_word' id='word_1_375' title='bbox 359 3659 523 3717; x_wconf 77' lang='lat' dir='ltr'><strong>Vestis</strong></span> <span class='ocrx_word' id='word_1_376' title='bbox 549 3669 837 3722; x_wconf 83' lang='lat' dir='ltr'><strong>monastica</strong></span> <span class='ocrx_word' id='word_1_377' title='bbox 864 3670 913 3724; x_wconf 85' lang='lat' dir='ltr'><strong>ei</strong></span> <span class='ocrx_word' id='word_1_378' title='bbox 924 3670 1315 3739; x_wconf 77' lang='lat' dir='ltr'><strong>viaufertur.—</strong></span> <span class='ocrx_word' id='word_1_379' title='bbox 1328 3674 1369 3728; x_wconf 88' lang='lat' dir='ltr'><strong>F</strong></span> <span class='ocrx_word' id='word_1_380' title='bbox 1372 3675 1536 3730; x_wconf 91' lang='lat' dir='ltr'><strong>amuli</strong></span> <span class='ocrx_word' id='word_1_381' title='bbox 1552 3675 1714 3747; x_wconf 89' lang='lat' dir='ltr'><strong>igitur</strong></span> <span class='ocrx_word' id='word_1_382' title='bbox 1724 3677 1864 3747; x_wconf 81' lang='lat' dir='ltr'><strong>ejus,</strong></span> 
     </span>
    </p>
   </div>
   <div class='ocr_carea' id='block_1_54' title="bbox 274 3759 1863 3840">
    <p class='ocr_par' dir='ltr' id='par_1_54' title="bbox 274 3759 1863 3840">
     <span class='ocr_line' id='line_1_54' title="bbox 274 3759 1863 3840; baseline 0.011 -32"><span class='ocrx_word' id='word_1_383' title='bbox 274 3765 336 3809; x_wconf 92' lang='lat' dir='ltr'><strong>ut</strong></span> <span class='ocrx_word' id='word_1_384' title='bbox 358 3770 517 3828; x_wconf 87' lang='lat' dir='ltr'><strong>supra</strong></span> <span class='ocrx_word' id='word_1_385' title='bbox 545 3759 749 3817; x_wconf 89' lang='lat' dir='ltr'><strong>dictum</strong></span> <span class='ocrx_word' id='word_1_386' title='bbox 775 3765 1182 3833; x_wconf 87' lang='lat' dir='ltr'><strong>est,cumequis</strong></span> <span class='ocrx_word' id='word_1_387' title='bbox 1211 3775 1265 3820; x_wconf 90' lang='lat' dir='ltr'><strong>et</strong></span> <span class='ocrx_word' id='word_1_388' title='bbox 1294 3767 1463 3823; x_wconf 90' lang='lat' dir='ltr'><strong>armis</strong></span> <span class='ocrx_word' id='word_1_389' title='bbox 1481 3770 1647 3840; x_wconf 87' lang='lat' dir='ltr'><strong>ipsius</strong></span> <span class='ocrx_word' id='word_1_390' title='bbox 1660 3769 1863 3826; x_wconf 77' lang='lat' dir='ltr'><strong>frustra</strong></span> 
     </span>
    </p>
   </div>
   <div class='ocr_carea' id='block_1_55' title="bbox 275 3843 1860 3925">
    <p class='ocr_par' dir='ltr' id='par_1_55' title="bbox 275 3843 1860 3925">
     <span class='ocr_line' id='line_1_55' title="bbox 275 3843 1860 3925; baseline 0.013 -29"><span class='ocrx_word' id='word_1_391' title='bbox 275 3843 427 3905; x_wconf 86' lang='lat' dir='ltr'><strong>illum</strong></span> <span class='ocrx_word' id='word_1_392' title='bbox 475 3862 573 3915; x_wconf 92' lang='lat' dir='ltr'><strong>pro</strong></span> <span class='ocrx_word' id='word_1_393' title='bbox 619 3849 829 3907; x_wconf 85' lang='lat' dir='ltr'><strong>foribus</strong></span> <span class='ocrx_word' id='word_1_394' title='bbox 881 3853 1124 3909; x_wconf 71' lang='lat' dir='ltr'><strong>ecclesia:</strong></span> <span class='ocrx_word' id='word_1_395' title='bbox 1173 3856 1574 3925; x_wconf 61' lang='lat' dir='ltr'><strong>praestolantes,</strong></span> <span class='ocrx_word' id='word_1_396' title='bbox 1610 3876 1734 3915; x_wconf 91' lang='lat' dir='ltr'><strong>cum</strong></span> <span class='ocrx_word' id='word_1_397' title='bbox 1783 3862 1860 3917; x_wconf 88' lang='lat' dir='ltr'><strong>di-</strong></span> 
     </span>
    </p>
   </div>
   <div class='ocr_carea' id='block_1_56' title="bbox 272 3940 1861 4019">
    <p class='ocr_par' dir='ltr' id='par_1_56' title="bbox 272 3940 1861 4019">
     <span class='ocr_line' id='line_1_56' title="bbox 272 3940 1861 4019; baseline 0.012 -29"><span class='ocrx_word' id='word_1_398' title='bbox 272 3951 518 3993; x_wconf 89' lang='lat' dir='ltr'><strong>scessum</strong></span> <span class='ocrx_word' id='word_1_399' title='bbox 544 3940 685 3996; x_wconf 89' lang='lat' dir='ltr'><strong>illius</strong></span> <span class='ocrx_word' id='word_1_400' title='bbox 715 3942 929 3998; x_wconf 88' lang='lat' dir='ltr'><strong>tandem</strong></span> <span class='ocrx_word' id='word_1_401' title='bbox 952 3945 1243 4017; x_wconf 88' lang='lat' dir='ltr'><strong>aliquando</strong></span> <span class='ocrx_word' id='word_1_402' title='bbox 1265 3951 1644 4019; x_wconf 85' lang='lat' dir='ltr'><strong>cognovissent</strong></span> <span class='ocrx_word' id='word_1_403' title='bbox 1681 3953 1861 4009; x_wconf 85' lang='lat' dir='ltr'><strong>vicina</strong></span> 
     </span>
    </p>
   </div>
   <div class='ocr_carea' id='block_1_57' title="bbox 268 4024 1864 4105">
    <p class='ocr_par' dir='ltr' id='par_1_57' title="bbox 268 4024 1864 4105">
     <span class='ocr_line' id='line_1_57' title="bbox 268 4024 1864 4105; baseline 0.012 -26"><span class='ocrx_word' id='word_1_404' title='bbox 268 4024 383 4095; x_wconf 83' lang='lat' dir='ltr'><strong>jam</strong></span> <span class='ocrx_word' id='word_1_405' title='bbox 419 4039 579 4086; x_wconf 91' lang='lat' dir='ltr'><strong>nocte</strong></span> <span class='ocrx_word' id='word_1_406' title='bbox 625 4031 691 4086; x_wconf 90' lang='lat' dir='ltr'><strong>ad</strong></span> <span class='ocrx_word' id='word_1_407' title='bbox 722 4032 996 4093; x_wconf 86' lang='lat' dir='ltr'><strong>civitatem</strong></span> <span class='ocrx_word' id='word_1_408' title='bbox 1026 4039 1293 4093; x_wconf 88' lang='lat' dir='ltr'><strong>maturius</strong></span> <span class='ocrx_word' id='word_1_409' title='bbox 1343 4052 1709 4105; x_wconf 87' lang='lat' dir='ltr'><strong>revertuntur,</strong></span> <span class='ocrx_word' id='word_1_410' title='bbox 1747 4059 1864 4097; x_wconf 62' lang='lat' dir='ltr'><strong>ma.</strong></span> 
     </span>
    </p>
   </div>
   <div class='ocr_carea' id='block_1_58' title="bbox 278 4118 1863 4199">
    <p class='ocr_par' dir='ltr' id='par_1_58' title="bbox 278 4118 1863 4199">
     <span class='ocr_line' id='line_1_58' title="bbox 278 4118 1863 4199; baseline 0.011 -28"><span class='ocrx_word' id='word_1_411' title='bbox 278 4118 459 4186; x_wconf 88' lang='lat' dir='ltr'><strong>trique</strong></span> <span class='ocrx_word' id='word_1_412' title='bbox 512 4134 579 4175; x_wconf 89' lang='lat' dir='ltr'><strong>ac</strong></span> <span class='ocrx_word' id='word_1_413' title='bbox 626 4122 946 4191; x_wconf 88' lang='lat' dir='ltr'><strong>propinquis</strong></span> <span class='ocrx_word' id='word_1_414' title='bbox 989 4125 1116 4193; x_wconf 89' lang='lat' dir='ltr'><strong>quid</strong></span> <span class='ocrx_word' id='word_1_415' title='bbox 1168 4128 1456 4184; x_wconf 90' lang='lat' dir='ltr'><strong>accidisset</strong></span> <span class='ocrx_word' id='word_1_416' title='bbox 1495 4132 1863 4199; x_wconf 87' lang='lat' dir='ltr'><strong>pavitantibus</strong></span> 
     </span>
    </p>
   </div>
   <div class='ocr_carea' id='block_1_59' title="bbox 277 4210 1859 4280">
    <p class='ocr_par' dir='ltr' id='par_1_59' title="bbox 277 4210 1859 4280">
     <span class='ocr_line' id='line_1_59' title="bbox 277 4210 1859 4280; baseline 0.011 -18"><span class='ocrx_word' id='word_1_417' title='bbox 277 4210 475 4265; x_wconf 86' lang='lat' dir='ltr'><strong>animis</strong></span> <span class='ocrx_word' id='word_1_418' title='bbox 511 4211 773 4268; x_wconf 82' lang='lat' dir='ltr'><strong>referunt.</strong></span> <span class='ocrx_word' id='word_1_419' title='bbox 801 4214 1023 4270; x_wconf 83' lang='lat' dir='ltr'><strong>Noctem</strong></span> <span class='ocrx_word' id='word_1_420' title='bbox 1052 4216 1197 4272; x_wconf 89' lang='lat' dir='ltr'><strong>illam</strong></span> <span class='ocrx_word' id='word_1_421' title='bbox 1230 4229 1407 4275; x_wconf 89' lang='lat' dir='ltr'><strong>mater</strong></span> <span class='ocrx_word' id='word_1_422' title='bbox 1435 4225 1773 4280; x_wconf 86' lang='lat' dir='ltr'><strong>continuavit</strong></span> <span class='ocrx_word' id='word_1_423' title='bbox 1806 4228 1859 4280; x_wconf 89' lang='lat' dir='ltr'><strong>in</strong></span> 
     </span>
    </p>
   </div>
   <div class='ocr_carea' id='block_1_60' title="bbox 272 4299 1856 4384">
    <p class='ocr_par' dir='ltr' id='par_1_60' title="bbox 272 4299 1856 4384">
     <span class='ocr_line' id='line_1_60' title="bbox 272 4299 1856 4384; baseline 0.011 -31"><span class='ocrx_word' id='word_1_424' title='bbox 272 4299 555 4373; x_wconf 89' lang='lat' dir='ltr'><strong>laerymis,</strong></span> <span class='ocrx_word' id='word_1_425' title='bbox 579 4305 863 4378; x_wconf 90' lang='lat' dir='ltr'><strong>propinqui</strong></span> <span class='ocrx_word' id='word_1_426' title='bbox 889 4322 1016 4367; x_wconf 89' lang='lat' dir='ltr'><strong>vero</strong></span> <span class='ocrx_word' id='word_1_427' title='bbox 1038 4318 1093 4364; x_wconf 92' lang='lat' dir='ltr'><strong>et</strong></span> <span class='ocrx_word' id='word_1_428' title='bbox 1114 4310 1300 4367; x_wconf 78' lang='lat' dir='ltr'><strong>afﬁnes</strong></span> <span class='ocrx_word' id='word_1_429' title='bbox 1322 4314 1492 4383; x_wconf 86' lang='lat' dir='ltr'><strong>ipsius</strong></span> <span class='ocrx_word' id='word_1_430' title='bbox 1514 4331 1672 4370; x_wconf 86' lang='lat' dir='ltr'><strong>mane</strong></span> <span class='ocrx_word' id='word_1_431' title='bbox 1692 4318 1856 4384; x_wconf 85' lang='lat' dir='ltr'><strong>facto,</strong></span> 
     </span>
    </p>
   </div>
   <div class='ocr_carea' id='block_1_61' title="bbox 273 4394 1855 4473">
    <p class='ocr_par' dir='ltr' id='par_1_61' title="bbox 273 4394 1855 4473">
     <span class='ocr_line' id='line_1_61' title="bbox 273 4394 1855 4473; baseline 0.009 -26"><span class='ocrx_word' id='word_1_432' title='bbox 273 4394 430 4461; x_wconf 85' lang='lat' dir='ltr'><strong>equis</strong></span> <span class='ocrx_word' id='word_1_433' title='bbox 456 4397 830 4466; x_wconf 89' lang='lat' dir='ltr'><strong>ascensis,per</strong></span> <span class='ocrx_word' id='word_1_434' title='bbox 850 4397 1093 4457; x_wconf 86' lang='lat' dir='ltr'><strong>diversas</strong></span> <span class='ocrx_word' id='word_1_435' title='bbox 1118 4401 1344 4459; x_wconf 86' lang='lat' dir='ltr'><strong>vicinias</strong></span> <span class='ocrx_word' id='word_1_436' title='bbox 1370 4405 1678 4473; x_wconf 87' lang='lat' dir='ltr'><strong>requirendi</strong></span> <span class='ocrx_word' id='word_1_437' title='bbox 1710 4406 1855 4461; x_wconf 93' lang='lat' dir='ltr'><strong>illum</strong></span> 
     </span>
    </p>
   </div>
   <div class='ocr_carea' id='block_1_62' title="bbox 1970 1926 3559 1997">
    <p class='ocr_par' dir='ltr' id='par_1_62' title="bbox 1970 1926 3559 1997">
     <span class='ocr_line' id='line_1_62' title="bbox 1970 1926 3559 1997; baseline -0.003 -14"><span class='ocrx_word' id='word_1_438' title='bbox 1970 1930 2117 1984; x_wconf 90' lang='lat' dir='ltr'><strong>mine</strong></span> <span class='ocrx_word' id='word_1_439' title='bbox 2159 1926 2485 1991; x_wconf 83' lang='lat' dir='ltr'><strong>Siconolfns,</strong></span> <span class='ocrx_word' id='word_1_440' title='bbox 2537 1928 2627 1997; x_wconf 92' lang='lat' dir='ltr'><strong>qui</strong></span> <span class='ocrx_word' id='word_1_441' title='bbox 2657 1927 2917 1981; x_wconf 86' lang='lat' dir='ltr'><strong>Desiderii</strong></span> <span class='ocrx_word' id='word_1_442' title='bbox 2954 1926 3282 1980; x_wconf 88' lang='lat' dir='ltr'><strong>desiderium</strong></span> <span class='ocrx_word' id='word_1_443' title='bbox 3313 1926 3559 1996; x_wconf 77' lang='lat' dir='ltr'><strong>pleniter</strong></span> 
     </span>
    </p>
   </div>
   <div class='ocr_carea' id='block_1_63' title="bbox 1972 2015 3562 2089">
    <p class='ocr_par' dir='ltr' id='par_1_63' title="bbox 1972 2015 3562 2089">
     <span class='ocr_line' id='line_1_63' title="bbox 1972 2015 3562 2089; baseline -0.003 -14"><span class='ocrx_word' id='word_1_444' title='bbox 1972 2036 2226 2083; x_wconf 88' lang='lat' dir='ltr'><strong>noscens,</strong></span> <span class='ocrx_word' id='word_1_445' title='bbox 2264 2020 2520 2089; x_wconf 89' lang='lat' dir='ltr'><strong>quoniam</strong></span> <span class='ocrx_word' id='word_1_446' title='bbox 2562 2034 2658 2087; x_wconf 90' lang='lat' dir='ltr'><strong>per</strong></span> <span class='ocrx_word' id='word_1_447' title='bbox 2697 2018 2863 2081; x_wconf 90' lang='lat' dir='ltr'><strong>diem,</strong></span> <span class='ocrx_word' id='word_1_448' title='bbox 2898 2031 2969 2071; x_wconf 90' lang='lat' dir='ltr'><strong>ne</strong></span> <span class='ocrx_word' id='word_1_449' title='bbox 2996 2016 3236 2085; x_wconf 88' lang='lat' dir='ltr'><strong>suspicio</strong></span> <span class='ocrx_word' id='word_1_450' title='bbox 3267 2015 3562 2071; x_wconf 76' lang='lat' dir='ltr'><strong>revivisce-</strong></span> 
     </span>
    </p>
   </div>
   <div class='ocr_carea' id='block_1_64' title="bbox 1969 2108 3562 2183">
    <p class='ocr_par' dir='ltr' id='par_1_64' title="bbox 1969 2108 3562 2183">
     <span class='ocr_line' id='line_1_64' title="bbox 1969 2108 3562 2183; baseline -0.006 -11"><span class='ocrx_word' id='word_1_451' title='bbox 1969 2127 2078 2182; x_wconf 86' lang='lat' dir='ltr'><strong>ret,</strong></span> <span class='ocrx_word' id='word_1_452' title='bbox 2129 2130 2235 2170; x_wconf 93' lang='lat' dir='ltr'><strong>non</strong></span> <span class='ocrx_word' id='word_1_453' title='bbox 2276 2114 2659 2183; x_wconf 76' lang='lat' dir='ltr'><strong>przesumebat,</strong></span> <span class='ocrx_word' id='word_1_454' title='bbox 2701 2120 2861 2166; x_wconf 90' lang='lat' dir='ltr'><strong>nocte</strong></span> <span class='ocrx_word' id='word_1_455' title='bbox 2894 2125 3017 2165; x_wconf 90' lang='lat' dir='ltr'><strong>cum</strong></span> <span class='ocrx_word' id='word_1_456' title='bbox 3048 2124 3114 2165; x_wconf 90' lang='lat' dir='ltr'><strong>eo</strong></span> <span class='ocrx_word' id='word_1_457' title='bbox 3158 2110 3301 2179; x_wconf 88' lang='lat' dir='ltr'><strong>apud</strong></span> <span class='ocrx_word' id='word_1_458' title='bbox 3348 2108 3562 2179; x_wconf 76' lang='lat' dir='ltr'><strong>episco-</strong></span> 
     </span>
    </p>
   </div>
   <div class='ocr_carea' id='block_1_65' title="bbox 1968 2199 3563 2277">
    <p class='ocr_par' dir='ltr' id='par_1_65' title="bbox 1968 2199 3563 2277">
     <span class='ocr_line' id='line_1_65' title="bbox 1968 2199 3563 2277; baseline -0.006 -15"><span class='ocrx_word' id='word_1_459' title='bbox 1968 2209 2117 2277; x_wconf 91' lang='lat' dir='ltr'><strong>pium</strong></span> <span class='ocrx_word' id='word_1_460' title='bbox 2149 2206 2446 2275; x_wconf 67' lang='lat' dir='ltr'><strong>stepissime</strong></span> <span class='ocrx_word' id='word_1_461' title='bbox 2492 2204 2835 2273; x_wconf 89' lang='lat' dir='ltr'><strong>loquebatur.</strong></span> <span class='ocrx_word' id='word_1_462' title='bbox 2892 2200 3021 2255; x_wconf 86' lang='lat' dir='ltr'><strong>Post</strong></span> <span class='ocrx_word' id='word_1_463' title='bbox 3066 2216 3173 2255; x_wconf 90' lang='lat' dir='ltr'><strong>non</strong></span> <span class='ocrx_word' id='word_1_464' title='bbox 3211 2199 3410 2254; x_wconf 90' lang='lat' dir='ltr'><strong>nmltos</strong></span> <span class='ocrx_word' id='word_1_465' title='bbox 3440 2200 3563 2253; x_wconf 81' lang='lat' dir='ltr'><strong>dies</strong></span> 
     </span>
    </p>
   </div>
   <div class='ocr_carea' id='block_1_66' title="bbox 1970 2292 3560 2363">
    <p class='ocr_par' dir='ltr' id='par_1_66' title="bbox 1970 2292 3560 2363">
     <span class='ocr_line' id='line_1_66' title="bbox 1970 2292 3560 2363; baseline -0.005 -10"><span class='ocrx_word' id='word_1_466' title='bbox 1970 2310 2157 2363; x_wconf 84' lang='lat' dir='ltr'><strong>noctu,</strong></span> <span class='ocrx_word' id='word_1_467' title='bbox 2205 2298 2367 2353; x_wconf 90' lang='lat' dir='ltr'><strong>sicuti</strong></span> <span class='ocrx_word' id='word_1_468' title='bbox 2409 2304 2785 2357; x_wconf 85' lang='lat' dir='ltr'><strong>consueverat,</strong></span> <span class='ocrx_word' id='word_1_469' title='bbox 2818 2293 2886 2347; x_wconf 91' lang='lat' dir='ltr'><strong>ad</strong></span> <span class='ocrx_word' id='word_1_470' title='bbox 2936 2308 3057 2348; x_wconf 91' lang='lat' dir='ltr'><strong>eum</strong></span> <span class='ocrx_word' id='word_1_471' title='bbox 3108 2308 3229 2346; x_wconf 88' lang='lat' dir='ltr'><strong>cum</strong></span> <span class='ocrx_word' id='word_1_472' title='bbox 3280 2292 3439 2361; x_wconf 89' lang='lat' dir='ltr'><strong>equis</strong></span> <span class='ocrx_word' id='word_1_473' title='bbox 3467 2308 3560 2345; x_wconf 58' lang='lat' dir='ltr'><strong>vc-</strong></span> 
     </span>
    </p>
   </div>
   <div class='ocr_carea' id='block_1_67' title="bbox 1968 2383 3561 2455">
    <p class='ocr_par' dir='ltr' id='par_1_67' title="bbox 1968 2383 3561 2455">
     <span class='ocr_line' id='line_1_67' title="bbox 1968 2383 3561 2455; baseline -0.007 -9"><span class='ocrx_word' id='word_1_474' title='bbox 1968 2392 2144 2455; x_wconf 89' lang='lat' dir='ltr'><strong>niens,</strong></span> <span class='ocrx_word' id='word_1_475' title='bbox 2171 2390 2383 2447; x_wconf 89' lang='lat' dir='ltr'><strong>cuculla</strong></span> <span class='ocrx_word' id='word_1_476' title='bbox 2416 2389 2662 2443; x_wconf 89' lang='lat' dir='ltr'><strong>indutum</strong></span> <span class='ocrx_word' id='word_1_477' title='bbox 2695 2386 2835 2441; x_wconf 91' lang='lat' dir='ltr'><strong>clam</strong></span> <span class='ocrx_word' id='word_1_478' title='bbox 2868 2384 3157 2439; x_wconf 82' lang='lat' dir='ltr'><strong>Salernum</strong></span> <span class='ocrx_word' id='word_1_479' title='bbox 3188 2383 3465 2453; x_wconf 83' lang='lat' dir='ltr'><strong>perduxit,</strong></span> <span class='ocrx_word' id='word_1_480' title='bbox 3492 2398 3561 2436; x_wconf 89' lang='lat' dir='ltr'><strong>ac</strong></span> 
     </span>
    </p>
   </div>
   <div class='ocr_carea' id='block_1_68' title="bbox 1966 2475 3559 2551">
    <p class='ocr_par' dir='ltr' id='par_1_68' title="bbox 1966 2475 3559 2551">
     <span class='ocr_line' id='line_1_68' title="bbox 1966 2475 3559 2551; baseline -0.005 -13"><span class='ocrx_word' id='word_1_481' title='bbox 1966 2483 2334 2539; x_wconf 86' lang='lat' dir='ltr'><strong>Beneventum</strong></span> <span class='ocrx_word' id='word_1_482' title='bbox 2384 2481 2679 2551; x_wconf 85' lang='lat' dir='ltr'><strong>perniciter</strong></span> <span class='ocrx_word' id='word_1_483' title='bbox 2724 2477 2904 2532; x_wconf 86' lang='lat' dir='ltr'><strong>rediit.</strong></span> <span class='ocrx_word' id='word_1_484' title='bbox 2954 2476 3076 2531; x_wconf 81' lang='lat' dir='ltr'><strong>Mox</strong></span> <span class='ocrx_word' id='word_1_485' title='bbox 3132 2475 3447 2530; x_wconf 89' lang='lat' dir='ltr'><strong>Desiderius</strong></span> <span class='ocrx_word' id='word_1_486' title='bbox 3490 2477 3559 2530; x_wconf 86' lang='lat' dir='ltr'><strong>ad</strong></span> 
     </span>
    </p>
   </div>
   <div class='ocr_carea' id='block_1_69' title="bbox 1967 2568 3564 2646">
    <p class='ocr_par' dir='ltr' id='par_1_69' title="bbox 1967 2568 3564 2646">
     <span class='ocr_line' id='line_1_69' title="bbox 1967 2568 3564 2646; baseline -0.005 -17"><span class='ocrx_word' id='word_1_487' title='bbox 1967 2575 2266 2646; x_wconf 89' lang='lat' dir='ltr'><strong>principem</strong></span> <span class='ocrx_word' id='word_1_488' title='bbox 2302 2573 2704 2637; x_wconf 85' lang='lat' dir='ltr'><strong>Guaimarium,</strong></span> <span class='ocrx_word' id='word_1_489' title='bbox 2764 2568 3234 2640; x_wconf 86' lang='lat' dir='ltr'><strong>consanguinitate</strong></span> <span class='ocrx_word' id='word_1_490' title='bbox 3280 2568 3384 2623; x_wconf 90' lang='lat' dir='ltr'><strong>sibi</strong></span> <span class='ocrx_word' id='word_1_491' title='bbox 3432 2583 3564 2639; x_wconf 74' lang='lat' dir='ltr'><strong>pro-</strong></span> 
     </span>
    </p>
   </div>
   <div class='ocr_carea' id='block_1_70' title="bbox 1968 2665 3560 2741">
    <p class='ocr_par' dir='ltr' id='par_1_70' title="bbox 1968 2665 3560 2741">
     <span class='ocr_line' id='line_1_70' title="bbox 1968 2665 3560 2741; baseline -0.003 -17"><span class='ocrx_word' id='word_1_492' title='bbox 1968 2671 2253 2741; x_wconf 89' lang='lat' dir='ltr'><strong>pinquum,</strong></span> <span class='ocrx_word' id='word_1_493' title='bbox 2299 2667 2529 2732; x_wconf 86' lang='lat' dir='ltr'><strong>accedit,</strong></span> <span class='ocrx_word' id='word_1_494' title='bbox 2564 2667 2832 2721; x_wconf 86' lang='lat' dir='ltr'><strong>adventus</strong></span> <span class='ocrx_word' id='word_1_495' title='bbox 2874 2680 3094 2720; x_wconf 81' lang='lat' dir='ltr'><strong>causam</strong></span> <span class='ocrx_word' id='word_1_496' title='bbox 3127 2665 3385 2729; x_wconf 88' lang='lat' dir='ltr'><strong>ostendit,</strong></span> <span class='ocrx_word' id='word_1_497' title='bbox 3433 2674 3560 2719; x_wconf 81' lang='lat' dir='ltr'><strong>orat</strong></span> 
     </span>
    </p>
   </div>
   <div class='ocr_carea' id='block_1_71' title="bbox 1967 2757 3551 2833">
    <p class='ocr_par' dir='ltr' id='par_1_71' title="bbox 1967 2757 3551 2833">
     <span class='ocr_line' id='line_1_71' title="bbox 1967 2757 3551 2833; baseline -0.004 -17"><span class='ocrx_word' id='word_1_498' title='bbox 1967 2773 2050 2827; x_wconf 91' lang='lat' dir='ltr'><strong>ut,</strong></span> <span class='ocrx_word' id='word_1_499' title='bbox 2082 2762 2343 2833; x_wconf 89' lang='lat' dir='ltr'><strong>quoniam</strong></span> <span class='ocrx_word' id='word_1_500' title='bbox 2384 2761 2440 2815; x_wconf 91' lang='lat' dir='ltr'><strong>in</strong></span> <span class='ocrx_word' id='word_1_501' title='bbox 2484 2760 2661 2831; x_wconf 88' lang='lat' dir='ltr'><strong>patria</strong></span> <span class='ocrx_word' id='word_1_502' title='bbox 2693 2757 2876 2812; x_wconf 90' lang='lat' dir='ltr'><strong>vivere</strong></span> <span class='ocrx_word' id='word_1_503' title='bbox 2912 2757 3210 2812; x_wconf 84' lang='lat' dir='ltr'><strong>monachus</strong></span> <span class='ocrx_word' id='word_1_504' title='bbox 3262 2766 3551 2827; x_wconf 80' lang='lat' dir='ltr'><strong>parentum</strong></span> 
     </span>
    </p>
   </div>
   <div class='ocr_carea' id='block_1_72' title="bbox 1965 2847 3561 2923">
    <p class='ocr_par' dir='ltr' id='par_1_72' title="bbox 1965 2847 3561 2923">
     <span class='ocr_line' id='line_1_72' title="bbox 1965 2847 3561 2923; baseline -0.003 -17"><span class='ocrx_word' id='word_1_505' title='bbox 1965 2853 2268 2923; x_wconf 89' lang='lat' dir='ltr'><strong>pertinacia</strong></span> <span class='ocrx_word' id='word_1_506' title='bbox 2298 2867 2405 2908; x_wconf 91' lang='lat' dir='ltr'><strong>non</strong></span> <span class='ocrx_word' id='word_1_507' title='bbox 2448 2852 2693 2914; x_wconf 89' lang='lat' dir='ltr'><strong>auderet,</strong></span> <span class='ocrx_word' id='word_1_508' title='bbox 2730 2850 2916 2919; x_wconf 87' lang='lat' dir='ltr'><strong>quiete</strong></span> <span class='ocrx_word' id='word_1_509' title='bbox 2944 2847 3083 2919; x_wconf 85' lang='lat' dir='ltr'><strong>apud</strong></span> <span class='ocrx_word' id='word_1_510' title='bbox 3124 2848 3272 2902; x_wconf 90' lang='lat' dir='ltr'><strong>illum</strong></span> <span class='ocrx_word' id='word_1_511' title='bbox 3316 2848 3425 2903; x_wconf 86' lang='lat' dir='ltr'><strong>Deo</strong></span> <span class='ocrx_word' id='word_1_512' title='bbox 3455 2849 3561 2903; x_wconf 84' lang='lat' dir='ltr'><strong>sibi</strong></span> 
     </span>
    </p>
   </div>
   <div class='ocr_carea' id='block_1_73' title="bbox 1966 2938 3559 3015">
    <p class='ocr_par' dir='ltr' id='par_1_73' title="bbox 1966 2938 3559 3015">
     <span class='ocr_line' id='line_1_73' title="bbox 1966 2938 3559 3015; baseline -0.005 -18"><span class='ocrx_word' id='word_1_513' title='bbox 1966 2945 2173 2999; x_wconf 84' lang='lat' dir='ltr'><strong>servire</strong></span> <span class='ocrx_word' id='word_1_514' title='bbox 2194 2944 2405 2999; x_wconf 88' lang='lat' dir='ltr'><strong>liceret.</strong></span> <span class='ocrx_word' id='word_1_515' title='bbox 2420 2941 2477 2997; x_wconf 90' lang='lat' dir='ltr'><strong>Si</strong></span> <span class='ocrx_word' id='word_1_516' title='bbox 2500 2944 2602 2995; x_wconf 94' lang='lat' dir='ltr'><strong>hoc</strong></span> <span class='ocrx_word' id='word_1_517' title='bbox 2625 2947 2929 2994; x_wconf 90' lang='lat' dir='ltr'><strong>mereretur</strong></span> <span class='ocrx_word' id='word_1_518' title='bbox 2951 2938 3267 3008; x_wconf 87' lang='lat' dir='ltr'><strong>impetrare,</strong></span> <span class='ocrx_word' id='word_1_519' title='bbox 3291 2953 3559 3015; x_wconf 81' lang='lat' dir='ltr'><strong>nusquam</strong></span> 
     </span>
    </p>
   </div>
   <div class='ocr_carea' id='block_1_74' title="bbox 1968 3029 3561 3106">
    <p class='ocr_par' dir='ltr' id='par_1_74' title="bbox 1968 3029 3561 3106">
     <span class='ocr_line' id='line_1_74' title="bbox 1968 3029 3561 3106; baseline -0.004 -16"><span class='ocrx_word' id='word_1_520' title='bbox 1968 3036 2092 3091; x_wconf 89' lang='lat' dir='ltr'><strong>inde</strong></span> <span class='ocrx_word' id='word_1_521' title='bbox 2140 3035 2496 3106; x_wconf 86' lang='lat' dir='ltr'><strong>procederet;</strong></span> <span class='ocrx_word' id='word_1_522' title='bbox 2541 3034 2586 3089; x_wconf 84' lang='lat' dir='ltr'><strong>si</strong></span> <span class='ocrx_word' id='word_1_523' title='bbox 2629 3048 2763 3088; x_wconf 92' lang='lat' dir='ltr'><strong>vero</strong></span> <span class='ocrx_word' id='word_1_524' title='bbox 2806 3030 3102 3101; x_wconf 89' lang='lat' dir='ltr'><strong>aliquando</strong></span> <span class='ocrx_word' id='word_1_525' title='bbox 3152 3030 3298 3084; x_wconf 89' lang='lat' dir='ltr'><strong>illum</strong></span> <span class='ocrx_word' id='word_1_526' title='bbox 3332 3029 3561 3085; x_wconf 87' lang='lat' dir='ltr'><strong>reddere</strong></span> 
     </span>
    </p>
   </div>
   <div class='ocr_carea' id='block_1_75' title="bbox 1891 3121 3559 3220">
    <p class='ocr_par' dir='ltr' id='par_1_75' title="bbox 1891 3121 3559 3220">
     <span class='ocr_line' id='line_1_75' title="bbox 1891 3121 3559 3220; baseline -0.003 -41"><span class='ocrx_word' id='word_1_527' title='bbox 1891 3158 1938 3220; x_wconf 59' lang='grc' dir='ltr'>Ε</span> <span class='ocrx_word' id='word_1_528' title='bbox 1968 3127 2290 3198; x_wconf 89' lang='lat' dir='ltr'><strong>propinquis</strong></span> <span class='ocrx_word' id='word_1_529' title='bbox 2312 3126 2557 3189; x_wconf 88' lang='lat' dir='ltr'><strong>deberet,</strong></span> <span class='ocrx_word' id='word_1_530' title='bbox 2594 3125 2753 3179; x_wconf 90' lang='lat' dir='ltr'><strong>modo</strong></span> <span class='ocrx_word' id='word_1_531' title='bbox 2769 3123 2956 3220; x_wconf 78' lang='lat' dir='ltr'><strong>potius</strong></span> <span class='ocrx_word' id='word_1_532' title='bbox 2975 3121 3075 3177; x_wconf 90' lang='lat' dir='ltr'><strong>sibi</strong></span> <span class='ocrx_word' id='word_1_533' title='bbox 3106 3121 3377 3220; x_wconf 79' lang='lat' dir='ltr'><strong>licentiam</strong></span> <span class='ocrx_word' id='word_1_534' title='bbox 3401 3121 3559 3220; x_wconf 80' lang='lat' dir='ltr'><strong>daret</strong></span> 
     </span>
    </p>
   </div>
   <div class='ocr_carea' id='block_1_76' title="bbox 1973 3213 3559 3289">
    <p class='ocr_par' dir='ltr' id='par_1_76' title="bbox 1973 3213 3559 3289">
     <span class='ocr_line' id='line_1_76' title="bbox 1973 3213 3559 3289; baseline -0.004 -16"><span class='ocrx_word' id='word_1_535' title='bbox 1973 3220 2081 3274; x_wconf 88' lang='lat' dir='ltr'><strong>alio</strong></span> <span class='ocrx_word' id='word_1_536' title='bbox 2106 3218 2456 3289; x_wconf 85' lang='lat' dir='ltr'><strong>properandi.</strong></span> <span class='ocrx_word' id='word_1_537' title='bbox 2488 3216 2661 3285; x_wconf 88' lang='lat' dir='ltr'><strong>llujus</strong></span> <span class='ocrx_word' id='word_1_538' title='bbox 2693 3216 2861 3286; x_wconf 85' lang='lat' dir='ltr'><strong>igitur</strong></span> <span class='ocrx_word' id='word_1_539' title='bbox 2889 3214 3123 3269; x_wconf 88' lang='lat' dir='ltr'><strong>adventu</strong></span> <span class='ocrx_word' id='word_1_540' title='bbox 3156 3213 3319 3268; x_wconf 91' lang='lat' dir='ltr'><strong>nimis</strong></span> <span class='ocrx_word' id='word_1_541' title='bbox 3343 3213 3559 3267; x_wconf 77' lang='lat' dir='ltr'><strong>exhila-</strong></span> 
     </span>
    </p>
   </div>
   <div class='ocr_carea' id='block_1_77' title="bbox 1968 3304 3556 3372">
    <p class='ocr_par' dir='ltr' id='par_1_77' title="bbox 1968 3304 3556 3372">
     <span class='ocr_line' id='line_1_77' title="bbox 1968 3304 3556 3372; baseline -0.005 -7"><span class='ocrx_word' id='word_1_542' title='bbox 1968 3322 2121 3366; x_wconf 86' lang='lat' dir='ltr'><strong>ratus</strong></span> <span class='ocrx_word' id='word_1_543' title='bbox 2143 3309 2514 3372; x_wconf 86' lang='lat' dir='ltr'><strong>Guaimarius,</strong></span> <span class='ocrx_word' id='word_1_544' title='bbox 2548 3317 2602 3362; x_wconf 86' lang='lat' dir='ltr'><strong>et</strong></span> <span class='ocrx_word' id='word_1_545' title='bbox 2634 3307 2986 3361; x_wconf 90' lang='lat' dir='ltr'><strong>vehementer</strong></span> <span class='ocrx_word' id='word_1_546' title='bbox 3012 3304 3318 3359; x_wconf 87' lang='lat' dir='ltr'><strong>admiratus</strong></span> <span class='ocrx_word' id='word_1_547' title='bbox 3346 3312 3556 3357; x_wconf 88' lang='lat' dir='ltr'><strong>tantmn</strong></span> 
     </span>
    </p>
   </div>
   <div class='ocr_carea' id='block_1_78' title="bbox 1974 3395 3552 3465">
    <p class='ocr_par' dir='ltr' id='par_1_78' title="bbox 1974 3395 3552 3465">
     <span class='ocr_line' id='line_1_78' title="bbox 1974 3395 3552 3465; baseline -0.005 -8"><span class='ocrx_word' id='word_1_548' title='bbox 1974 3403 2029 3457; x_wconf 88' lang='lat' dir='ltr'><strong>in</strong></span> <span class='ocrx_word' id='word_1_549' title='bbox 2067 3411 2219 3457; x_wconf 90' lang='lat' dir='ltr'><strong>tanto</strong></span> <span class='ocrx_word' id='word_1_550' title='bbox 2258 3401 2602 3455; x_wconf 88' lang='lat' dir='ltr'><strong>adolescente</strong></span> <span class='ocrx_word' id='word_1_551' title='bbox 2648 3398 2939 3462; x_wconf 79' lang='lat' dir='ltr'><strong>fervorem,</strong></span> <span class='ocrx_word' id='word_1_552' title='bbox 2989 3396 3183 3449; x_wconf 87' lang='lat' dir='ltr'><strong>annuit</strong></span> <span class='ocrx_word' id='word_1_553' title='bbox 3232 3395 3552 3465; x_wconf 75' lang='lat' dir='ltr'><strong>postulatis;</strong></span> 
     </span>
    </p>
   </div>
   <div class='ocr_carea' id='block_1_79' title="bbox 1965 3486 3560 3563">
    <p class='ocr_par' dir='ltr' id='par_1_79' title="bbox 1965 3486 3560 3563">
     <span class='ocr_line' id='line_1_79' title="bbox 1965 3486 3560 3563; baseline -0.005 -14"><span class='ocrx_word' id='word_1_554' title='bbox 1965 3507 2201 3563; x_wconf 85' lang='lat' dir='ltr'><strong>eumque</strong></span> <span class='ocrx_word' id='word_1_555' title='bbox 2235 3506 2422 3548; x_wconf 89' lang='lat' dir='ltr'><strong>secum</strong></span> <span class='ocrx_word' id='word_1_556' title='bbox 2449 3505 2548 3560; x_wconf 89' lang='lat' dir='ltr'><strong>per</strong></span> <span class='ocrx_word' id='word_1_557' title='bbox 2567 3490 2685 3545; x_wconf 91' lang='lat' dir='ltr'><strong>dies</strong></span> <span class='ocrx_word' id='word_1_558' title='bbox 2714 3488 2919 3559; x_wconf 86' lang='lat' dir='ltr'><strong>aliquot</strong></span> <span class='ocrx_word' id='word_1_559' title='bbox 2939 3488 3200 3551; x_wconf 88' lang='lat' dir='ltr'><strong>retinens,</strong></span> <span class='ocrx_word' id='word_1_560' title='bbox 3228 3486 3467 3557; x_wconf 89' lang='lat' dir='ltr'><strong>nullique</strong></span> <span class='ocrx_word' id='word_1_561' title='bbox 3497 3502 3560 3541; x_wconf 90' lang='lat' dir='ltr'><strong>se</strong></span> 
     </span>
    </p>
   </div>
   <div class='ocr_carea' id='block_1_80' title="bbox 1964 3575 3557 3646">
    <p class='ocr_par' dir='ltr' id='par_1_80' title="bbox 1964 3575 3557 3646">
     <span class='ocr_line' id='line_1_80' title="bbox 1964 3575 3557 3646; baseline -0.006 -6"><span class='ocrx_word' id='word_1_562' title='bbox 1964 3593 2156 3640; x_wconf 81' lang='lat' dir='ltr'><strong>contra</strong></span> <span class='ocrx_word' id='word_1_563' title='bbox 2202 3589 2387 3637; x_wconf 90' lang='lat' dir='ltr'><strong>votum</strong></span> <span class='ocrx_word' id='word_1_564' title='bbox 2437 3579 2773 3635; x_wconf 90' lang='lat' dir='ltr'><strong>reddendum</strong></span> <span class='ocrx_word' id='word_1_565' title='bbox 2824 3577 3087 3633; x_wconf 83' lang='lat' dir='ltr'><strong>fidissime</strong></span> <span class='ocrx_word' id='word_1_566' title='bbox 3132 3575 3415 3646; x_wconf 90' lang='lat' dir='ltr'><strong>pollicens,</strong></span> <span class='ocrx_word' id='word_1_567' title='bbox 3461 3576 3557 3630; x_wconf 90' lang='lat' dir='ltr'><strong>de-</strong></span> 
     </span>
    </p>
   </div>
   <div class='ocr_carea' id='block_1_81' title="bbox 1964 3668 3555 3739">
    <p class='ocr_par' dir='ltr' id='par_1_81' title="bbox 1964 3668 3555 3739">
     <span class='ocr_line' id='line_1_81' title="bbox 1964 3668 3555 3739; baseline -0.005 -8"><span class='ocrx_word' id='word_1_568' title='bbox 1964 3692 2113 3732; x_wconf 88' lang='lat' dir='ltr'><strong>nmtn</strong></span> <span class='ocrx_word' id='word_1_569' title='bbox 2162 3676 2228 3729; x_wconf 90' lang='lat' dir='ltr'><strong>ad</strong></span> <span class='ocrx_word' id='word_1_570' title='bbox 2278 3673 2669 3728; x_wconf 90' lang='lat' dir='ltr'><strong>monasterium</strong></span> <span class='ocrx_word' id='word_1_571' title='bbox 2706 3681 2911 3726; x_wconf 76' lang='lat' dir='ltr'><strong>sanctze</strong></span> <span class='ocrx_word' id='word_1_572' title='bbox 2942 3668 3249 3735; x_wconf 83' lang='lat' dir='ltr'><strong>Trinitatis,</strong></span> <span class='ocrx_word' id='word_1_573' title='bbox 3299 3669 3444 3739; x_wconf 88' lang='lat' dir='ltr'><strong>quod</strong></span> <span class='ocrx_word' id='word_1_574' title='bbox 3485 3669 3555 3723; x_wconf 84' lang='lat' dir='ltr'><strong>ad</strong></span> 
     </span>
    </p>
   </div>
   <div class='ocr_carea' id='block_1_82' title="bbox 1961 3760 3557 3836">
    <p class='ocr_par' dir='ltr' id='par_1_82' title="bbox 1961 3760 3557 3836">
     <span class='ocr_line' id='line_1_82' title="bbox 1961 3760 3557 3836; baseline -0.006 -13"><span class='ocrx_word' id='word_1_575' title='bbox 1961 3768 2161 3823; x_wconf 86' lang='lat' dir='ltr'><strong>Cavam</strong></span> <span class='ocrx_word' id='word_1_576' title='bbox 2196 3773 2561 3836; x_wconf 90' lang='lat' dir='ltr'><strong>nuncupatur,</strong></span> <span class='ocrx_word' id='word_1_577' title='bbox 2598 3778 2704 3817; x_wconf 90' lang='lat' dir='ltr'><strong>non</strong></span> <span class='ocrx_word' id='word_1_578' title='bbox 2737 3762 2894 3831; x_wconf 79' lang='lat' dir='ltr'><strong>longe</strong></span> <span class='ocrx_word' id='word_1_579' title='bbox 2934 3778 2963 3816; x_wconf 88' lang='lat' dir='ltr'><strong>a</strong></span> <span class='ocrx_word' id='word_1_580' title='bbox 2991 3760 3223 3815; x_wconf 88' lang='lat' dir='ltr'><strong>Salerno</strong></span> <span class='ocrx_word' id='word_1_581' title='bbox 3253 3761 3441 3824; x_wconf 88' lang='lat' dir='ltr'><strong>situm,</strong></span> <span class='ocrx_word' id='word_1_582' title='bbox 3463 3773 3557 3813; x_wconf 86' lang='lat' dir='ltr'><strong>eo-</strong></span> 
     </span>
    </p>
   </div>
   <div class='ocr_carea' id='block_1_83' title="bbox 1962 3853 3556 3927">
    <p class='ocr_par' dir='ltr' id='par_1_83' title="bbox 1962 3853 3556 3927">
     <span class='ocr_line' id='line_1_83' title="bbox 1962 3853 3556 3927; baseline -0.006 -14"><span class='ocrx_word' id='word_1_583' title='bbox 1962 3860 2087 3913; x_wconf 90' lang='lat' dir='ltr'><strong>dem</strong></span> <span class='ocrx_word' id='word_1_584' title='bbox 2115 3867 2331 3927; x_wconf 88' lang='lat' dir='ltr'><strong>petente</strong></span> <span class='ocrx_word' id='word_1_585' title='bbox 2360 3856 2684 3913; x_wconf 87' lang='lat' dir='ltr'><strong>transmisit.</strong></span> <span class='ocrx_word' id='word_1_586' title='bbox 2715 3854 2869 3923; x_wconf 80' lang='lat' dir='ltr'><strong>Quod</strong></span> <span class='ocrx_word' id='word_1_587' title='bbox 2901 3853 3190 3924; x_wconf 91' lang='lat' dir='ltr'><strong>propinqui</strong></span> <span class='ocrx_word' id='word_1_588' title='bbox 3219 3866 3556 3923; x_wconf 85' lang='lat' dir='ltr'><strong>persequen-</strong></span> 
     </span>
    </p>
   </div>
   <div class='ocr_carea' id='block_1_84' title="bbox 1965 3945 3559 4019">
    <p class='ocr_par' dir='ltr' id='par_1_84' title="bbox 1965 3945 3559 4019">
     <span class='ocr_line' id='line_1_84' title="bbox 1965 3945 3559 4019; baseline -0.003 -16"><span class='ocrx_word' id='word_1_589' title='bbox 1965 3960 2043 4003; x_wconf 90' lang='lat' dir='ltr'><strong>tes</strong></span> <span class='ocrx_word' id='word_1_590' title='bbox 2088 3948 2213 4019; x_wconf 82' lang='lat' dir='ltr'><strong>|ul.,</strong></span> <span class='ocrx_word' id='word_1_591' title='bbox 2267 3946 2733 4019; x_wconf 74' lang='lat' dir='ltr'><strong>pmseutientes],</strong></span> <span class='ocrx_word' id='word_1_592' title='bbox 2799 3947 3014 4017; x_wconf 88' lang='lat' dir='ltr'><strong>magnis</strong></span> <span class='ocrx_word' id='word_1_593' title='bbox 3060 3961 3125 4000; x_wconf 88' lang='lat' dir='ltr'><strong>ac</strong></span> <span class='ocrx_word' id='word_1_594' title='bbox 3175 3945 3559 4014; x_wconf 82' lang='lat' dir='ltr'><strong>frequentibus</strong></span> 
     </span>
    </p>
   </div>
   <div class='ocr_carea' id='block_1_85' title="bbox 1962 4037 3557 4111">
    <p class='ocr_par' dir='ltr' id='par_1_85' title="bbox 1962 4037 3557 4111">
     <span class='ocr_line' id='line_1_85' title="bbox 1962 4037 3557 4111; baseline -0.001 -18"><span class='ocrx_word' id='word_1_595' title='bbox 1962 4043 2221 4111; x_wconf 85' lang='lat' dir='ltr'><strong>precibus</strong></span> <span class='ocrx_word' id='word_1_596' title='bbox 2252 4040 2591 4095; x_wconf 87' lang='lat' dir='ltr'><strong>Desiderium</strong></span> <span class='ocrx_word' id='word_1_597' title='bbox 2633 4040 2736 4095; x_wconf 87' lang='lat' dir='ltr'><strong>sibi</strong></span> <span class='ocrx_word' id='word_1_598' title='bbox 2784 4041 2934 4094; x_wconf 87' lang='lat' dir='ltr'><strong>reddi</strong></span> <span class='ocrx_word' id='word_1_599' title='bbox 2974 4038 3350 4095; x_wconf 87' lang='lat' dir='ltr'><strong>Guaimarium</strong></span> <span class='ocrx_word' id='word_1_600' title='bbox 3383 4037 3557 4091; x_wconf 89' lang='lat' dir='ltr'><strong>inter-</strong></span> 
     </span>
    </p>
   </div>
   <div class='ocr_carea' id='block_1_86' title="bbox 1961 4131 3556 4203">
    <p class='ocr_par' dir='ltr' id='par_1_86' title="bbox 1961 4131 3556 4203">
     <span class='ocr_line' id='line_1_86' title="bbox 1961 4131 3556 4203; baseline -0.003 -16"><span class='ocrx_word' id='word_1_601' title='bbox 1961 4134 2199 4202; x_wconf 76' lang='lat' dir='ltr'><strong>pellant;</strong></span> <span class='ocrx_word' id='word_1_602' title='bbox 2252 4134 2379 4197; x_wconf 87' lang='lat' dir='ltr'><strong>sed,</strong></span> <span class='ocrx_word' id='word_1_603' title='bbox 2429 4134 2677 4203; x_wconf 87' lang='lat' dir='ltr'><strong>principe</strong></span> <span class='ocrx_word' id='word_1_604' title='bbox 2711 4134 2764 4187; x_wconf 92' lang='lat' dir='ltr'><strong>in</strong></span> <span class='ocrx_word' id='word_1_605' title='bbox 2810 4134 3166 4199; x_wconf 76' lang='lat' dir='ltr'><strong>promissione</strong></span> <span class='ocrx_word' id='word_1_606' title='bbox 3196 4146 3359 4200; x_wconf 90' lang='lat' dir='ltr'><strong>quam</strong></span> <span class='ocrx_word' id='word_1_607' title='bbox 3407 4131 3556 4185; x_wconf 88' lang='lat' dir='ltr'><strong>Desi-</strong></span> 
     </span>
    </p>
   </div>
   <div class='ocr_carea' id='block_1_87' title="bbox 1959 4221 3544 4295">
    <p class='ocr_par' dir='ltr' id='par_1_87' title="bbox 1959 4221 3544 4295">
     <span class='ocr_line' id='line_1_87' title="bbox 1959 4221 3544 4295; baseline -0.002 -17"><span class='ocrx_word' id='word_1_608' title='bbox 1959 4226 2110 4278; x_wconf 81' lang='lat' dir='ltr'><strong>tlcrio</strong></span> <span class='ocrx_word' id='word_1_609' title='bbox 2137 4226 2366 4289; x_wconf 89' lang='lat' dir='ltr'><strong>fecerat,</strong></span> <span class='ocrx_word' id='word_1_610' title='bbox 2397 4235 2774 4295; x_wconf 88' lang='lat' dir='ltr'><strong>permanente,</strong></span> <span class='ocrx_word' id='word_1_611' title='bbox 2805 4240 2903 4294; x_wconf 89' lang='lat' dir='ltr'><strong>per</strong></span> <span class='ocrx_word' id='word_1_612' title='bbox 2924 4224 3272 4291; x_wconf 84' lang='lat' dir='ltr'><strong>semetipsum</strong></span> <span class='ocrx_word' id='word_1_613' title='bbox 3306 4221 3544 4275; x_wconf 77' lang='lat' dir='ltr'><strong>Landul~</strong></span> 
     </span>
    </p>
   </div>
   <div class='ocr_carea' id='block_1_88' title="bbox 1958 4311 3555 4385">
    <p class='ocr_par' dir='ltr' id='par_1_88' title="bbox 1958 4311 3555 4385">
     <span class='ocr_line' id='line_1_88' title="bbox 1958 4311 3555 4385; baseline -0.003 -16"><span class='ocrx_word' id='word_1_614' title='bbox 1958 4315 2045 4370; x_wconf 90' lang='lat' dir='ltr'><strong>fus</strong></span> <span class='ocrx_word' id='word_1_615' title='bbox 2070 4314 2485 4371; x_wconf 87' lang='lat' dir='ltr'><strong>Beneventanus</strong></span> <span class='ocrx_word' id='word_1_616' title='bbox 2512 4316 2788 4385; x_wconf 89' lang='lat' dir='ltr'><strong>princeps,</strong></span> <span class='ocrx_word' id='word_1_617' title='bbox 2822 4313 3013 4367; x_wconf 90' lang='lat' dir='ltr'><strong>matris</strong></span> <span class='ocrx_word' id='word_1_618' title='bbox 3035 4326 3099 4365; x_wconf 89' lang='lat' dir='ltr'><strong>ac</strong></span> <span class='ocrx_word' id='word_1_619' title='bbox 3123 4311 3555 4381; x_wconf 90' lang='lat' dir='ltr'><strong>propinquorum</strong></span> 
     </span>
    </p>
   </div>
   <div class='ocr_carea' id='block_1_89' title="bbox 1958 4402 3552 4476">
    <p class='ocr_par' dir='ltr' id='par_1_89' title="bbox 1958 4402 3552 4476">
     <span class='ocr_line' id='line_1_89' title="bbox 1958 4402 3552 4476; baseline -0.004 -13"><span class='ocrx_word' id='word_1_620' title='bbox 1958 4409 2300 4463; x_wconf 89' lang='lat' dir='ltr'><strong>orationibus</strong></span> <span class='ocrx_word' id='word_1_621' title='bbox 2348 4406 2636 4476; x_wconf 84' lang='lat' dir='ltr'><strong>fatigatus,</strong></span> <span class='ocrx_word' id='word_1_622' title='bbox 2668 4405 2957 4459; x_wconf 91' lang='lat' dir='ltr'><strong>Salernum</strong></span> <span class='ocrx_word' id='word_1_623' title='bbox 3005 4404 3175 4467; x_wconf 88' lang='lat' dir='ltr'><strong>venit,</strong></span> <span class='ocrx_word' id='word_1_624' title='bbox 3227 4411 3281 4456; x_wconf 91' lang='lat' dir='ltr'><strong>et</strong></span> <span class='ocrx_word' id='word_1_625' title='bbox 3325 4402 3552 4456; x_wconf 87' lang='lat' dir='ltr'><strong>Deside-</strong></span> 
     </span>
    </p>
   </div>
   <div class='ocr_carea' id='block_1_90' title="bbox 274 4484 3552 4567">
    <p class='ocr_par' dir='ltr' id='par_1_90' title="bbox 274 4484 3552 4567">
     <span class='ocr_line' id='line_1_90' title="bbox 274 4484 3552 4567; baseline 0.003 -31"><span class='ocrx_word' id='word_1_626' title='bbox 274 4484 449 4554; x_wconf 86' lang='lat' dir='ltr'><strong>gratia</strong></span> <span class='ocrx_word' id='word_1_627' title='bbox 497 4484 911 4557; x_wconf 88' lang='lat' dir='ltr'><strong>disperguntur,</strong></span> <span class='ocrx_word' id='word_1_628' title='bbox 963 4505 1027 4544; x_wconf 89' lang='lat' dir='ltr'><strong>ac</strong></span> <span class='ocrx_word' id='word_1_629' title='bbox 1066 4492 1283 4548; x_wconf 88' lang='lat' dir='ltr'><strong>tandem</strong></span> <span class='ocrx_word' id='word_1_630' title='bbox 1326 4494 1469 4562; x_wconf 85' lang='lat' dir='ltr'><strong>quod</strong></span> <span class='ocrx_word' id='word_1_631' title='bbox 1529 4504 1647 4549; x_wconf 73' lang='lat' dir='ltr'><strong>erat</strong></span> <span class='ocrx_word' id='word_1_632' title='bbox 1690 4495 1744 4549; x_wconf 94' lang='lat' dir='ltr'><strong>in</strong></span> <span class='ocrx_word' id='word_1_633' title='bbox 1801 4512 1860 4552; x_wconf 92' lang='lat' dir='ltr'><strong>re</strong></span> <span class='ocrx_word' id='word_1_634' title='bbox 1894 4500 2103 4563; x_wconf 86' lang='lat' dir='ltr'><strong>[)rium</strong></span> <span class='ocrx_word' id='word_1_635' title='bbox 2134 4500 2383 4555; x_wconf 84' lang='lat' dir='ltr'><strong>allinibus</strong></span> <span class='ocrx_word' id='word_1_636' title='bbox 2440 4498 2591 4554; x_wconf 88' lang='lat' dir='ltr'><strong>reddi</strong></span> <span class='ocrx_word' id='word_1_637' title='bbox 2629 4498 2897 4567; x_wconf 87' lang='lat' dir='ltr'><strong>deposcit.</strong></span> <span class='ocrx_word' id='word_1_638' title='bbox 2952 4496 3124 4550; x_wconf 88' lang='lat' dir='ltr'><strong>Porro</strong></span> <span class='ocrx_word' id='word_1_639' title='bbox 3172 4494 3552 4547; x_wconf 81' lang='lat' dir='ltr'><strong>utonasterium</strong></span> 
     </span>
    </p>
   </div>
   <div class='ocr_carea' id='block_1_91' title="bbox 274 4576 1858 4659">
    <p class='ocr_par' dir='ltr' id='par_1_91' title="bbox 274 4576 1858 4659">
     <span class='ocr_line' id='line_1_91' title="bbox 274 4576 1858 4659; baseline 0.008 -31"><span class='ocrx_word' id='word_1_640' title='bbox 274 4576 616 4659; x_wconf 83' lang='lat' dir='ltr'><strong>suspicantes</strong></span> <span class='ocrx_word' id='word_1_641' title='bbox 646 4579 972 4646; x_wconf 90' lang='lat' dir='ltr'><strong>probitatum</strong></span> <span class='ocrx_word' id='word_1_642' title='bbox 1001 4581 1118 4649; x_wconf 87' lang='lat' dir='ltr'><strong>ejus</strong></span> <span class='ocrx_word' id='word_1_643' title='bbox 1151 4582 1348 4640; x_wconf 88' lang='lat' dir='ltr'><strong>indicio</strong></span> <span class='ocrx_word' id='word_1_644' title='bbox 1375 4584 1447 4637; x_wconf 88' lang='lat' dir='ltr'><strong>ad</strong></span> <span class='ocrx_word' id='word_1_645' title='bbox 1495 4584 1712 4639; x_wconf 86' lang='lat' dir='ltr'><strong>Santari</strong></span> <span class='ocrx_word' id='word_1_646' title='bbox 1743 4587 1858 4641; x_wconf 84' lang='lat' dir='ltr'><strong>cel-</strong></span> 
     </span>
    </p>
   </div>
   <div class='ocr_carea' id='block_1_92' title="bbox 272 4668 1871 4749">
    <p class='ocr_par' dir='ltr' id='par_1_92' title="bbox 272 4668 1871 4749">
     <span class='ocr_line' id='line_1_92' title="bbox 272 4668 1871 4749; baseline 0.006 -26"><span class='ocrx_word' id='word_1_647' title='bbox 272 4668 383 4727; x_wconf 87' lang='lat' dir='ltr'><strong>lam</strong></span> <span class='ocrx_word' id='word_1_648' title='bbox 435 4670 747 4731; x_wconf 84' lang='lat' dir='ltr'><strong>deveniunt,</strong></span> <span class='ocrx_word' id='word_1_649' title='bbox 811 4671 983 4739; x_wconf 82' lang='lat' dir='ltr'><strong>Quam</strong></span> <span class='ocrx_word' id='word_1_650' title='bbox 1034 4674 1216 4733; x_wconf 83' lang='lat' dir='ltr'><strong>statim</strong></span> <span class='ocrx_word' id='word_1_651' title='bbox 1269 4677 1537 4734; x_wconf 81' lang='lat' dir='ltr'><strong>violenter</strong></span> <span class='ocrx_word' id='word_1_652' title='bbox 1590 4678 1871 4749; x_wconf 84' lang='lat' dir='ltr'><strong>ingressi,</strong></span> 
     </span>
    </p>
   </div>
   <div class='ocr_carea' id='block_1_93' title="bbox 268 4760 1858 4835">
    <p class='ocr_par' dir='ltr' id='par_1_93' title="bbox 268 4760 1858 4835">
     <span class='ocr_line' id='line_1_93' title="bbox 268 4760 1858 4835; baseline 0.009 -26"><span class='ocrx_word' id='word_1_653' title='bbox 268 4768 421 4815; x_wconf 81' lang='lat' dir='ltr'><strong>veste</strong></span> <span class='ocrx_word' id='word_1_654' title='bbox 451 4760 601 4819; x_wconf 90' lang='lat' dir='ltr'><strong>illum</strong></span> <span class='ocrx_word' id='word_1_655' title='bbox 650 4764 947 4817; x_wconf 89' lang='lat' dir='ltr'><strong>mouastica</strong></span> <span class='ocrx_word' id='word_1_656' title='bbox 979 4765 1230 4823; x_wconf 85' lang='lat' dir='ltr'><strong>vestitum</strong></span> <span class='ocrx_word' id='word_1_657' title='bbox 1263 4766 1565 4835; x_wconf 86' lang='lat' dir='ltr'><strong>reperiunt,</strong></span> <span class='ocrx_word' id='word_1_658' title='bbox 1599 4783 1665 4822; x_wconf 91' lang='lat' dir='ltr'><strong>ac</strong></span> <span class='ocrx_word' id='word_1_659' title='bbox 1697 4771 1858 4824; x_wconf 85' lang='lat' dir='ltr'><strong>vehe-</strong></span> 
     </span>
    </p>
   </div>
   <div class='ocr_carea' id='block_1_94' title="bbox 270 4852 1873 4923">
    <p class='ocr_par' dir='ltr' id='par_1_94' title="bbox 270 4852 1873 4923">
     <span class='ocr_line' id='line_1_94' title="bbox 270 4852 1873 4923; baseline 0.008 -21"><span class='ocrx_word' id='word_1_660' title='bbox 270 4859 482 4913; x_wconf 85' lang='lat' dir='ltr'><strong>menter</strong></span> <span class='ocrx_word' id='word_1_661' title='bbox 530 4852 655 4908; x_wconf 90' lang='lat' dir='ltr'><strong>irati</strong></span> <span class='ocrx_word' id='word_1_662' title='bbox 708 4852 991 4923; x_wconf 66' lang='lat' dir='ltr'><strong>pra’fatum</strong></span> <span class='ocrx_word' id='word_1_663' title='bbox 1064 4856 1160 4911; x_wconf 89' lang='lat' dir='ltr'><strong>Dei</strong></span> <span class='ocrx_word' id='word_1_664' title='bbox 1222 4871 1441 4915; x_wconf 85' lang='lat' dir='ltr'><strong>servum</strong></span> <span class='ocrx_word' id='word_1_665' title='bbox 1513 4860 1873 4915; x_wconf 81' lang='lat' dir='ltr'><strong>contumeliis</strong></span> 
     </span>
    </p>
   </div>
   <div class='ocr_carea' id='block_1_95' title="bbox 277 4943 1857 5013">
    <p class='ocr_par' dir='ltr' id='par_1_95' title="bbox 277 4943 1857 5013">
     <span class='ocr_line' id='line_1_95' title="bbox 277 4943 1857 5013; baseline 0.01 -20"><span class='ocrx_word' id='word_1_666' title='bbox 277 4943 492 5013; x_wconf 79' lang='lat' dir='ltr'><strong>magnis</strong></span> <span class='ocrx_word' id='word_1_667' title='bbox 528 4953 585 4998; x_wconf 87' lang='lat' dir='ltr'><strong>et</strong></span> <span class='ocrx_word' id='word_1_668' title='bbox 608 4945 870 5001; x_wconf 89' lang='lat' dir='ltr'><strong>conviciis</strong></span> <span class='ocrx_word' id='word_1_669' title='bbox 912 4948 1096 5007; x_wconf 87' lang='lat' dir='ltr'><strong>multis</strong></span> <span class='ocrx_word' id='word_1_670' title='bbox 1126 4948 1460 5011; x_wconf 84' lang='lat' dir='ltr'><strong>adoriuntur,</strong></span> <span class='ocrx_word' id='word_1_671' title='bbox 1485 4959 1538 5005; x_wconf 86' lang='lat' dir='ltr'><strong>et</strong></span> <span class='ocrx_word' id='word_1_672' title='bbox 1574 4950 1857 5009; x_wconf 86' lang='lat' dir='ltr'><strong>inhoneste</strong></span> 
     </span>
    </p>
   </div>
   <div class='ocr_carea' id='block_1_96' title="bbox 270 5033 1854 5068">
    <p class='ocr_par' dir='ltr' id='par_1_96' title="bbox 270 5033 1854 5068">
     <span class='ocr_line' id='line_1_96' title="bbox 270 5033 1854 5068; baseline 0.006 -9"><span class='ocrx_word' id='word_1_673' title='bbox 270 5033 401 5060; x_wconf 61' lang='grc' dir='ltr'><strong>-..αξι-</strong></span> <span class='ocrx_word' id='word_1_674' title='bbox 426 5048 638 5062; x_wconf 56' lang='grc' dir='ltr'><strong>ΑΑΑιΑ-ις</strong></span> <span class='ocrx_word' id='word_1_675' title='bbox 681 5048 879 5062; x_wconf 57' lang='lat' dir='ltr'><strong>none-la..-</strong></span> <span class='ocrx_word' id='word_1_676' title='bbox 915 5037 1245 5064; x_wconf 51' lang='lat' dir='ltr'><strong>nan:.&#39;A-:-n..s</strong></span> <span class='ocrx_word' id='word_1_677' title='bbox 1290 5050 1546 5066; x_wconf 42' lang='lat' dir='ltr'><strong>5...--.slan</strong></span> <span class='ocrx_word' id='word_1_678' title='bbox 1608 5044 1854 5068; x_wconf 64' lang='grc' dir='ltr'><strong>ιι-ο.-.ξι-.--</strong></span> 
     </span>
    </p>
   </div>
   <div class='ocr_carea' id='block_1_97' title="bbox 377 5037 1245 5064">
    <p class='ocr_par' dir='ltr' id='par_1_97' title="bbox 377 5037 1245 5064">
     <span class='ocr_line' id='line_1_97' title="bbox 377 5037 1245 5064; baseline 0.007 -5"><span class='ocrx_word' id='word_1_679' title='bbox 377 5048 401 5060; x_wconf 61' lang='grc' dir='ltr'><strong>Α.</strong></span> <span class='ocrx_word' id='word_1_680' title='bbox 426 5048 638 5062; x_wconf 50' lang='grc' dir='ltr'><strong>..-σιμῷ-ις</strong></span> <span class='ocrx_word' id='word_1_681' title='bbox 681 5048 879 5062; x_wconf 59' lang='grc' dir='ltr'><strong>..ΑΛΙΑκι</strong></span> <span class='ocrx_word' id='word_1_682' title='bbox 915 5037 1245 5064; x_wconf 56' lang='grc' dir='ltr'><strong>ῃηηῖ.¹Λ-ίιιιιε</strong></span> 
     </span>
    </p>
   </div>
   <div class='ocr_carea' id='block_1_98' title="bbox 1960 4582 3553 4659">
    <p class='ocr_par' dir='ltr' id='par_1_98' title="bbox 1960 4582 3553 4659">
     <span class='ocr_line' id='line_1_98' title="bbox 1960 4582 3553 4659; baseline -0.006 -14"><span class='ocrx_word' id='word_1_683' title='bbox 1960 4590 2177 4645; x_wconf 75' lang='lat' dir='ltr'><strong>Sancta:</strong></span> <span class='ocrx_word' id='word_1_684' title='bbox 2228 4591 2442 4659; x_wconf 77' lang='lat' dir='ltr'><strong>Sapltitv</strong></span> <span class='ocrx_word' id='word_1_685' title='bbox 2484 4600 2598 4643; x_wconf 85' lang='lat' dir='ltr'><strong>erat</strong></span> <span class='ocrx_word' id='word_1_686' title='bbox 2638 4589 2783 4642; x_wconf 81' lang='lat' dir='ltr'><strong>haud</strong></span> <span class='ocrx_word' id='word_1_687' title='bbox 2827 4586 3067 4657; x_wconf 85' lang='lat' dir='ltr'><strong>procula</strong></span> <span class='ocrx_word' id='word_1_688' title='bbox 3097 4587 3263 4638; x_wconf 86' lang='lat' dir='ltr'><strong>muris</strong></span> <span class='ocrx_word' id='word_1_689' title='bbox 3293 4582 3553 4637; x_wconf 77' lang='lat' dir='ltr'><strong>Beneseu-</strong></span> 
     </span>
    </p>
   </div>
   <div class='ocr_carea' id='block_1_99' title="bbox 1960 4679 3551 4750">
    <p class='ocr_par' dir='ltr' id='par_1_99' title="bbox 1960 4679 3551 4750">
     <span class='ocr_line' id='line_1_99' title="bbox 1960 4679 3551 4750; baseline -0.003 -15"><span class='ocrx_word' id='word_1_690' title='bbox 1960 4692 2107 4737; x_wconf 67' lang='lat' dir='ltr'><strong>tanta.</strong></span> <span class='ocrx_word' id='word_1_691' title='bbox 2130 4683 2277 4736; x_wconf 81' lang='lat' dir='ltr'><strong>urbis</strong></span> <span class='ocrx_word' id='word_1_692' title='bbox 2319 4682 2505 4750; x_wconf 80' lang='lat' dir='ltr'><strong>situm,</strong></span> <span class='ocrx_word' id='word_1_693' title='bbox 2548 4682 2613 4735; x_wconf 83' lang='lat' dir='ltr'><strong>ab</strong></span> <span class='ocrx_word' id='word_1_694' title='bbox 2644 4682 2822 4735; x_wconf 72' lang='lat' dir='ltr'><strong>Arichi</strong></span> <span class='ocrx_word' id='word_1_695' title='bbox 2860 4680 3227 4735; x_wconf 80' lang='lat' dir='ltr'><strong>Beneventano</strong></span> <span class='ocrx_word' id='word_1_696' title='bbox 3279 4679 3412 4731; x_wconf 84' lang='lat' dir='ltr'><strong>duce</strong></span> <span class='ocrx_word' id='word_1_697' title='bbox 3454 4692 3551 4746; x_wconf 83' lang='lat' dir='ltr'><strong>pro</strong></span> 
     </span>
    </p>
   </div>
   <div class='ocr_carea' id='block_1_100' title="bbox 1958 4766 3555 4842">
    <p class='ocr_par' dir='ltr' id='par_1_100' title="bbox 1958 4766 3555 4842">
     <span class='ocr_line' id='line_1_100' title="bbox 1958 4766 3555 4842; baseline -0.003 -14"><span class='ocrx_word' id='word_1_698' title='bbox 1958 4773 2449 4829; x_wconf 79' lang='lat' dir='ltr'><strong>sanctimonialibus</strong></span> <span class='ocrx_word' id='word_1_699' title='bbox 2479 4773 2772 4838; x_wconf 83' lang='lat' dir='ltr'><strong>conditum,</strong></span> <span class='ocrx_word' id='word_1_700' title='bbox 2802 4782 2855 4825; x_wconf 85' lang='lat' dir='ltr'><strong>ut</strong></span> <span class='ocrx_word' id='word_1_701' title='bbox 2884 4773 3056 4842; x_wconf 82' lang='lat' dir='ltr'><strong>fusius</strong></span> <span class='ocrx_word' id='word_1_702' title='bbox 3083 4772 3292 4841; x_wconf 74' lang='lat' dir='ltr'><strong>exponit</strong></span> <span class='ocrx_word' id='word_1_703' title='bbox 3313 4771 3423 4840; x_wconf 81' lang='lat' dir='ltr'><strong>ipse</strong></span> <span class='ocrx_word' id='word_1_704' title='bbox 3446 4766 3555 4823; x_wconf 25' lang='lat' dir='ltr'><strong>Leo.</strong></span> 
     </span>
    </p>
   </div>
   <div class='ocr_carea' id='block_1_101' title="bbox 1958 4858 3552 4934">
    <p class='ocr_par' dir='ltr' id='par_1_101' title="bbox 1958 4858 3552 4934">
     <span class='ocr_line' id='line_1_101' title="bbox 1958 4858 3552 4934; baseline -0.007 -13"><span class='ocrx_word' id='word_1_705' title='bbox 1958 4868 2013 4921; x_wconf 82' lang='lat' dir='ltr'><strong>in</strong></span> <span class='ocrx_word' id='word_1_706' title='bbox 2044 4866 2293 4923; x_wconf 82' lang='lat' dir='ltr'><strong>Chronici</strong></span> <span class='ocrx_word' id='word_1_707' title='bbox 2324 4866 2529 4931; x_wconf 74' lang='lat' dir='ltr'><strong>librat,</strong></span> <span class='ocrx_word' id='word_1_708' title='bbox 2557 4882 2674 4934; x_wconf 86' lang='lat' dir='ltr'><strong>cap.</strong></span> <span class='ocrx_word' id='word_1_709' title='bbox 2700 4866 2768 4930; x_wconf 89' lang='lat'><strong>9;</strong></span> <span class='ocrx_word' id='word_1_710' title='bbox 2806 4875 2987 4933; x_wconf 83' lang='lat' dir='ltr'><strong>postea</strong></span> <span class='ocrx_word' id='word_1_711' title='bbox 3026 4863 3097 4916; x_wconf 83' lang='lat' dir='ltr'><strong>ad</strong></span> <span class='ocrx_word' id='word_1_712' title='bbox 3128 4863 3269 4916; x_wconf 80' lang='lat' dir='ltr'><strong>viros</strong></span> <span class='ocrx_word' id='word_1_713' title='bbox 3316 4858 3552 4921; x_wconf 82' lang='lat' dir='ltr'><strong>transiit,</strong></span> 
     </span>
    </p>
   </div>
   <div class='ocr_carea' id='block_1_102' title="bbox 1959 4950 3555 5029">
    <p class='ocr_par' dir='ltr' id='par_1_102' title="bbox 1959 4950 3555 5029">
     <span class='ocr_line' id='line_1_102' title="bbox 1959 4950 3555 5029; baseline -0.007 -18"><span class='ocrx_word' id='word_1_714' title='bbox 1959 4962 2380 5029; x_wconf 81' lang='lat' dir='ltr'><strong>monasteriaque</strong></span> <span class='ocrx_word' id='word_1_715' title='bbox 2408 4957 2710 5013; x_wconf 81' lang='lat' dir='ltr'><strong>Cassinensi</strong></span> <span class='ocrx_word' id='word_1_716' title='bbox 2741 4957 2834 5010; x_wconf 85' lang='lat' dir='ltr'><strong>diu</strong></span> <span class='ocrx_word' id='word_1_717' title='bbox 2864 4957 2965 5023; x_wconf 74' lang='lat' dir='ltr'><strong>fuit</strong></span> <span class='ocrx_word' id='word_1_718' title='bbox 2993 4954 3280 5021; x_wconf 83' lang='lat' dir='ltr'><strong>subditum,</strong></span> <span class='ocrx_word' id='word_1_719' title='bbox 3308 4963 3366 5007; x_wconf 84' lang='lat' dir='ltr'><strong>ut</strong></span> <span class='ocrx_word' id='word_1_720' title='bbox 3402 4950 3555 5003; x_wconf 77' lang='lat' dir='ltr'><strong>habet</strong></span> 
     </span>
    </p>
   </div>
   <div class='ocr_carea' id='block_1_103' title="bbox 2244 5039 3561 5070">
    <p class='ocr_par' dir='ltr' id='par_1_103' title="bbox 2244 5039 3561 5070">
     <span class='ocr_line' id='line_1_103' title="bbox 2244 5039 3561 5070; baseline 0 0"><span class='ocrx_word' id='word_1_721' title='bbox 2244 5060 2345 5070; x_wconf 35' lang='grc' dir='ltr'><strong>κε-..</strong></span> <span class='ocrx_word' id='word_1_722' title='bbox 2426 5047 2550 5070; x_wconf 61' lang='grc' dir='ltr'><strong>οἵ..-</strong></span> <span class='ocrx_word' id='word_1_723' title='bbox 2622 5049 2926 5070; x_wconf 57' lang='grc' dir='ltr'><strong>ω-..--ι-..ξὲ</strong></span> <span class='ocrx_word' id='word_1_724' title='bbox 2999 5042 3313 5070; x_wconf 66' lang='lat' dir='ltr'><strong>l&#39;l.--..:--.-..</strong></span> <span class='ocrx_word' id='word_1_725' title='bbox 3396 5039 3561 5070; x_wconf 65' lang='grc' dir='ltr'><strong>ΔᾸίΑοο</strong></span> 
     </span>
    </p>
   </div>
   <div class='ocr_carea' id='block_1_104' title="bbox 2622 5057 2825 5070">
    <p class='ocr_par' dir='ltr' id='par_1_104' title="bbox 2622 5057 2825 5070">
     <span class='ocr_line' id='line_1_104' title="bbox 2622 5057 2825 5070; baseline 0 0"><span class='ocrx_word' id='word_1_726' title='bbox 2622 5057 2825 5070; x_wconf 51' lang='grc' dir='ltr'><strong>ωλι-.--Ι</strong></span> 
     </span>
    </p>
   </div>
  </div>
