4044 5360
483 243 590 302 923

1489 244 1717 299 GESTA
1761 243 2100 301 DESiDERIl
2141 243 2437 299 ABBATIS
2468 240 2716 303 CASIN..

3643 239 3749 296 ωε

478 389 551 413 ·τ-
576 357 692 414 'l‘ali
740 334 1146 431 igitur-tandem
1179 345 1471 428 aliquando
1503 361 1814 416 condit-iane
1853 359 1918 416 ad
1964 361 2065 416 Be-
2097 367 2141 424 Α
2171 360 2330 416 Silva:
2355 361 2610 416 Candidas
2637 355 2889 431 episeopo
2942 369 3188 428 cognitus
3231 358 3301 412 ct?
3335 358 3496 412 nimis
3548 357 3749 413 charos

480 462 772 510 nevcntum
814 453 997 508 redeat
1027 454 1364 521 impetratur,
1389 463 1447 506 ut
1484 452 1604 508 sine
1627 453 1854 524 alicujus
1892 453 2062 521 impe—

483 546 726 598 dimento
756 543 837 597 vel
869 543 1300 598 contradictione
1326 543 1466 612 apud
1491 543 1883 597 monasterium
1917 541 2065 598 San-

485 649 591 692 ette
628 635 845 706 Sophim
873 637 973 696 sub
1017 635 1318 700 monastica
1350 635 1685 706 professione
1702 636 1810 690 sibi
1843 651 2066 690 manere

484 725 693 780 liceret.
740 726 1028 792 Postquam
1058 734 1282 780 ventum
1313 735 1398 780 est
1426 725 1817 791 Beneventum,
1851 726 2067 780 univer-

487 818 564 871 sis
594 817 844 876 afﬁnibus
875 816 977 871 sibi
1005 817 1220 871 obviam
1252 817 1414 871 simul
1444 833 1567 872 cum
1604 817 1825 872 civitate
1848 817 2068 872 ruenti-

489 911 612 973 bus,
655 925 778 964 cum
820 909 966 963 omni
1007 909 1214 978 pariter
1238 908 1500 963 comitatu
1545 909 1798 978 princeps
1825 907 1972 962 illunt
2000 908 2067 963 ad

487 999 880 1056 monasterium
933 1009 1016 1053 cst
1062 1008 1400 1068 prosecutus.
1435 997 1751 1066 Gregorius,
1816 1009 1944 1053 tunc
1985 997 2072 1052 vir

486 1089 642 1144 valdc
673 1089 910 1159 prudens
945 1095 1000 1142 et
1043 1099 1318 1150 strenuus,
1349 1086 1528 1142 eidem
1568 1088 1900 1143 monasterio
1930 1102 2069 1157 prae.-

487 1179 691 1234 eratin
723 1179 996 1242 abbatem,
1049 1179 1158 1252 qui
1198 1178 1531 1233 Desiderium
1574 1177 1739 1232 multa
1795 1177 2071 1238 hilaritate

489 1269 776 1340 recipiens,
824 1285 927 1339 pro.
951 1285 1015 1323 eo
1053 1271 1193 1338 quod
1221 1269 1488 1323 universis
1525 1269 1898 1325 desiderabilis
1929 1278 2078 1334 erat,

491 1369 618 1416 tunc
644 1361 901 1431 primum,
937 1370 1142 1418 mutato
1170 1360 1286 1428 ejus
1313 1361 1552 1426 nomine,
1587 1361 1921 1416 Desidet-ium
1971 1376 2080 1429 ape.

489 1454 680 1523 pellari
709 1456 996 1526 praecepit;
1027 1471 1153 1511 nam
1185 1470 1355 1525 usque
1383 1455 1448 1510 ad
1476 1455 1529 1510 id
1557 1464 1767 1526 tempus
1789 1453 2077 1511 Danferins

490 1546 812 1602 vocabatur.

567 1635 780 1691 Transit
823 1637 877 1692 in
909 1637 1282 1692 monasterium
1321 1636 1678 1693 Tremitteuse.
1714 1637 1845 1692 Tum
1877 1640 1931 1693 in
1960 1655 2074 1693 ere-

2167 451 2476 516 exstiterat,
2511 459 2616 504 tam
2666 466 2764 520 per
2812 451 2960 505 illum
3005 465 3167 519 quam
3207 459 3384 519 et-per
3413 449 3749 503 Fridericum

2168 549 2294 596 tunc
2315 543 2726 608 cancellarium,
2771 543 2946 597 eidem
2979 557 3128 611 papae
3157 551 3316 597 nutus
3335 551 3392 596 et
3410 541 3566 595 valde
3594 538 3754 594 fimi-

2167 632 2319 688 liaris
2349 633 2600 701 eflicitnr,
2656 634 2793 688 adeo
2849 642 2909 688 ut
2968 633 3044 687 illi
3103 634 3418 702 frequenter
3464 632 3518 687 in
3563 631 3754 686 altaris

2167 724 2346 780 oflicio
2377 725 2681 780 adlucrerct
2709 733 2764 780 et
2797 723 3160 796 Evangelium
3203 725 3269 777 ad
3293 724 3412 793 ejus
3436 723 3631 777 missas
3657 735 3756 776 sa:-

2168 815 2290 884 pius
2335 815 2562 884 legeret.
2610 815 2713 872 Per
2761 815 2901 870 idem
2953 822 3181 884 tempus.
3210 811 3465 882 praefatus
3514 809 3756 881 pontifex

2171 906 2452 967 descendit
2474 907 2528 960 in
2555 907 2808 976 Apuliam
2849 923 2974 961 cum
3006 905 3335 960 Normannis
3363 902 3752 965 dimicaturus;

2171 997 2264 1052 sed
2311 995 2404 1050 Dei
2439 995 2649 1064 judicio
2688 999 2756 1052 ab
2805 997 2890 1051 his
2938 1000 3244 1064 superatus,
3279 1009 3352 1050 ae.
3393 994 3756 1047 Beneventum

2173 1102 2477 1158 regressus,
2508 1090 2758 1143 ordinato
2806 1088 3095 1144 Vodclrico
3142 1087 3552 1157 archiepiscopo
3599 1098 3758 1152 quem

2173 1196 2358 1236 secum
2381 1184 2697 1247 adduxerat,
2749 1192 2870 1253 post
2915 1199 3109 1241 novem
3158 1182 3378 1238 circiter
3407 1193 3621 1234 menses
3656 1177 3762 1230 Ro-

2177 1289 2318 1327 mam
2343 1289 2594 1329 reversus
2625 1284 2789 1344 atque
2816 1274 3103 1330 defunctus
3149 1282 3253 1328 est.
3301 1273 3511 1328 Interea
3537 1269 3762 1324 Deside-

2179 1370 2309 1431 rius,
2346 1370 2416 1424 ob
2443 1369 2664 1423 nimiam
2691 1369 3078 1424 abstinentiam
3124 1367 3428 1437 multasque
3465 1365 3680 1435 vigilias
3707 1362 3762 1415 in

2177 1461 2488 1532 languorem
2521 1476 2626 1516 non
2666 1462 2935 1516 modicum
2964 1461 3238 1525 decidens,
3293 1456 3549 1513 medendi
3589 1454 3767 1526 gratia

2179 1553 2466 1608 Salernum
2501 1552 2761 1622 perrexit.
2797 1553 2872 1607 lbi
2903 1552 3086 1621 itaque
3118 1549 3208 1605 illo
3240 1547 3553 1618 aliquandiu
3586 1559 3768 1601 remo-

2180 1653 2353 1714 rante.
2410 1643 2658 1710 Alfanus,
2711 1643 3186 1714 qui-postmodum
3235 1639 3476 1708 ejusdem
3528 1637 3768 1692 civitatis

493 1744 660 1780 mum.
703 1725 924 1797 Cogitur
953 1728 1141 1782 redire.
1170 1758 1240 1768 —-
1275 1728 1349 1783 lbi
1381 1744 1512 1798 ergo
1537 1729 1627 1782 illo
1657 1745 1751 1798 per
1779 1745 1949 1784 annos
1976 1729 2077 1782 ali-
2106 1711 2704 1806 “archiepiscopatum
2728 1711 2962 1807 adeptus
2985 1731 3565 1803 est,prudentissintus
3583 1738 3642 1784 et
3667 1744 3766 1782 no-

494 1831 629 1890 qnot
672 1819 774 1875 sub
809 1821 915 1874 vita
958 1820 1364 1889 religiosissima
1406 1831 1802 1884 commorante,
1844 1831 1899 1875 et
1937 1837 2085 1892 sanie

496 1928 682 1967 secum
708 1920 994 1981 reputante
1023 1913 1347 1968 monachum
1374 1913 1428 1965 in
1456 1927 1555 1967 sua
1580 1913 1760 1982 patria,
1781 1910 2079 1982 perfectum

497 2021 622 2062 esse
664 2021 769 2061 non
800 2021 980 2077 posse,
1017 2007 1265 2077 pervenit
1305 2006 1525 2061 interim
1559 2007 1626 2061 ad
1656 2005 1902 2064 notitiam
1935 2005 2084 2061 illius

501 2099 648 2169 fama
707 2100 1019 2156 monasterii
1071 2099 1482 2166 Tremittensis,
1535 2100 1679 2168 quod
1731 2098 1984 2153 videlicet
2028 2097 2082 2152 in

505 2189 786 2244 Adriatico
832 2189 967 2243 mari
1014 2189 1154 2258 apud
1199 2189 1454 2254 insulam,
1502 2189 1778 2244 Diomedis
1813 2188 2082 2258 quondam

500 2279 720 2337 nmuine
749 2279 1064 2345 vocitatam,
1096 2279 1323 2350 triginta
1372 2280 1593 2335 circiter
1623 2280 1844 2336 milibus
1873 2295 1901 2336 tt
1937 2287 2082 2334 terra

499 2369 733 2437 distans,
779 2371 946 2426 situm
1001 2386 1122 2428 esse
1170 2372 1524 2444 dignoscitur.
1571 2373 1636 2427 Et
1687 2373 1938 2440 quoniam
1971 2373 2084 2439 jam

507 2460 712 2516 dudum
765 2463 906 2532 apud
964 2461 1328 2518 Beneventum
1381 2462 1812 2519 familiaritatem
1872 2463 2086 2519 abbatis

502 2553 748 2622 praedicti
779 2553 881 2610 loci
913 2556 1141 2626 adeptus
1174 2555 1370 2621 fuerat,
1407 2556 1518 2622 vix,
1539 2557 1664 2611 licet
1693 2557 1978 2626 impetrata
2017 2556 2088 2610 li~

502 2644 707 2707 centia,
753 2644 882 2702 illuc
921 2646 1190 2715 perrexit;
1223 2647 1404 2716 ibique
1435 2647 1572 2702 satis
1605 2656 1835 2702 mistera:
1865 2662 2090 2704 conver-

504 2736 703 2790 sationi
739 2751 800 2792 se
833 2738 1077 2802 tradens,
1108 2754 1215 2793 non
1252 2753 1478 2807 parvum
1513 2749 1722 2808 tempus
1751 2740 1950 2810 exegit.
1981 2736 2088 2796 Sed

505 2842 630 2880 cum
666 2827 734 2881 ab
773 2828 965 2882 eodem
995 2830 1191 2885 abbate
1225 2820 1363 2885 adeo
1391 2831 1706 2901 diligeretur
1747 2841 1804 2885 nt
1844 2833 2090 2888 eamdem

506 2916 554 2970 ei
586 2911 884 2982 abbatiam,
909 2933 968 2974 se
998 2935 1212 2989 quoque
1233 2922 1470 2986 vivente,
1496 2923 1819 2978 contradere
1848 2932 2088 2995 cuperet,

508 3007 609 3062 ille.
623 3023 755 3064 vero
781 3011 1103 3080 subjectioui
1129 3012 1307 3081 potius
1336 3029 1497 3083 quam
1528 3013 1825 3083 praelationi
1855 3026 2089 3072 mentem

509 3101 970 3166 accommodaret,
1005 3117 1070 3156 ac
1099 3115 1385 3173 propterea
1415 3105 1716 3160 cedendum
1750 3105 1868 3160 loco
1897 3105 1970 3159 illi
2007 3107 2093 3160 de-

507 3201 782 3269 cerneret,
822 3194 1057 3264 quodam
1093 3204 1334 3267 tempore
1376 3197 1519 3252 idem
1559 3197 1728 3254 abbas
1763 3200 1830 3254 ad
1860 3214 1947 3253 res
1975 3213 2094 3253 mo-

510 3281 734 3336 nasterii
760 3283 1139 3354 disquirendas
1161 3287 1732 3356 egrediens,eumdcm
1756 3289 1969 3344 Desidet
1985 3288 2094 3343 ium

509 3387 696 3430 secum
727 3375 805 3434 ire
836 3378 1066 3449 rogavit.
1099 3378 1271 3446 Quam
1314 3381 1403 3436 ille
1443 3381 1776 3449 egressionis
1831 3391 2089 3451 opportu-

511 3466 738 3523 nitatem
794 3468 1026 3524 libenter
1083 3473 1393 3542 amplexus,
1454 3474 1680 3529 minime
1743 3472 2098 3528 differendam

510 3557 743 3626 putavit.
797 3558 1042 3630 Cumque
1091 3564 1297 3630 pariter
1342 3566 1412 3619 ad
1458 3564 1820 3619 'l‘ransmundi
1857 3563 2097 3628 comitis,

512 3649 770 3714 quoniam
801 3664 890 3705 res
911 3650 983 3704 ita
1008 3653 1284 3720 poscebat,
1308 3655 1515 3708 curiam
1542 3655 1933 3724 perrexissent,
1963 3668 2102 3706 uxor

512 3737 758 3808 ejusdem
799 3740 1016 3818 comitis
1055 3756 1217 3810 super
1261 3743 1495 3798 adventu
1547 3743 1832 3810 Desiderii,
1878 3753 2099 3813 pr0pter

515 3830 660 3897 quod
683 3828 802 3898 ejus
825 3829 1002 3885 afﬁnis
1041 3841 1205 3898 esset,
1235 3833 1391 3887 valde
1432 3835 1761 3900 exbilarata,
1803 3851 1833 3887 a
1859 3834 1975 3888 viro
2001 3849 2100 3888 suo

515 3927 577 3972 ut
607 3934 792 3975 secum
830 3920 978 3974 illum
1029 3921 1343 3991 aliquandiu
1392 3924 1675 3986 retineret,
1719 3924 1884 3978 etiam
1931 3923 2099 3977 invito

517 4007 736 4074 abbate,
766 4008 1040 4078 obtinuit;
1095 4012 1248 4081 cujus
1288 4012 1538 4068 videlicet
1569 4013 1889 4068 retentionis
1913 4023 2100 4068 auctor

453 4164 465 4172 _
519 4101 768 4169 ipsemet,
816 4112 875 4158 ut
902 4105 1052 4170 dicit,
1081 4105 1310 4162 exstitit.
1363 4107 1602 4162 Audiens
1650 4116 1831 4162 autem
1881 4106 2101 4161 celebre

521 4203 645 4249 tunc
690 4210 888 4252 nomen
942 4199 1293 4254 eretuitarum
1339 4180 1565 4272 Majcllae
1603 4201 1933 4272 degentium,
1974 4200 2100 4254 illuc

520 4300 814 4357 properare
841 4303 904 4344 ac
935 4288 1048 4344 Deo
1079 4292 1345 4346 secretius
1373 4293 1578 4348 servire
1606 4293 1941 4356 desiderans,
1970 4307 2102 4363 prae-

2120 3060 2165 3122 C

2181 1826 2482 1883 bilissimns
2537 1826 2771 1891 clericus
2800 1866 2816 1891 ,
2863 1826 3099 1880 maxima
3138 1823 3211 1878 illi
3259 1830 3344 1878 est
3399 1820 3771 1875 familiaritate

2184 1918 2527 1987 conjunctus,
2558 1920 2712 1988 cujus
2743 1918 2984 1974 animam
3016 1916 3390 1988 frequentibus
3437 1912 3661 1968 monitis
3701 1911 3770 1963 ad

2185 2010 2368 2066 mundi
2420 2020 2789 2080 contemptum
2836 2009 3156 2073 exhortans,
3203 2007 3284 2062 sic
3329 2004 3546 2059 tandem
3574 2003 3644 2058 ab
3681 2001 3772 2056 illo

2184 2101 2362 2170 exegit
2385 2109 2444 2154 ut
2471 2101 2766 2155 monaclms
2807 2099 2982 2164 ﬁeret,
3028 2099 3075 2153 si
3131 2095 3302 2167 prius,
3349 2104 3409 2150 ut
3451 2093 3772 2165 jamdudum

2185 2201 2366 2248 mente
2390 2200 2750 2261 conceperat,
2781 2189 3173 2262 Jerosolymam
3209 2189 3286 2243 ire
3305 2185 3613 2257 permissus
3641 2183 3774 2240 fuis-

2187 2295 2290 2342 set.
2327 2284 2445 2340 Hac
2479 2284 2622 2342 inter
2648 2285 2766 2340 illos
2790 2286 3080 2352 sponsione
3129 2282 3374 2344 firmata,
3405 2279 3778 2334 Beneventum

2189 2391 2445 2432 reversus
2478 2375 2790 2431 Desiderius
2817 2383 2922 2439 est,
2951 2383 3116 2444 atque
3151 2381 3273 2442 post
3298 2387 3404 2427 non
3431 2369 3634 2425 multos
3659 2368 3778 2422 dies

2190 2466 2413 2520 mandat
2439 2465 2614 2525 eidem
2646 2464 2841 2525 Alfano
2872 2474 2930 2518 ut
2957 2465 3024 2518 ad
3053 2479 3113 2518 se
3145 2463 3351 2518 veniat.
3380 2461 3664 2516 Renueute
3686 2456 3775 2512 illo

2191 2573 2256 2612 ac
2279 2557 2464 2629 potius
2500 2559 2778 2626 pavitaute
2824 2556 3112 2611 Salernum
3153 2554 3360 2624 egredi,
3393 2553 3594 2608 iterum
3624 2551 3775 2604 Desi-

2191 2649 2375 2704 derius
2396 2649 2463 2702 ad
2495 2648 2643 2702 illum
2686 2649 2838 2707 abiit.
2870 2661 3126 2715 cultique,
3157 2650 3380 2715 prepter
3417 2638 3781 2712 quorumdam

2192 2739 2588 2796 iuimicantium
2642 2738 2715 2794 illi
2773 2738 3050 2800 timorem,
3102 2735 3315 2791 cuculla
3373 2748 3470 2789 sua
3530 2731 3786 2785 indutum.

2198 2841 2363 2887 noctu
2400 2833 2466 2886 de
2503 2831 2724 2885 civitate
2767 2830 3028 2895 edocens,
3071 2842 3255 2882 secum
3284 2826 3653 2880 Beneventum
3679 2820 3773 2874 ad-

2195 2921 2368 2976 duxit.
2402 2921 2536 2976 Cum
2561 2934 2688 2975 vero
2711 2919 3004 2990 coepissent
3039 2917 3291 2974 Alfanum
3342 2913 3551 2970 nobiles
3578 2912 3786 2982 quiquo

2196 3018 2299 3071 viri
2346 3032 2409 3072 ac
2458 3015 2642 3071 clerici
2695 3015 3045 3085 frequentare
3069 3053 3085 3078 ,
3121 3025 3355 3080 eumque
3383 3008 3454 3062 ob
3483 3007 3782 3062 maximam

2198 3109 2317 3178 ejus
2343 3109 2682 3179 prudentiam
2714 3109 2970 3162 decenter
2999 3105 3268 3168 excolere,
3313 3101 3650 3173 propositum
3687 3113 3780 3152 au-

2201 3211 2306 3256 tem
2326 3199 2792 3270 Jerosolymitanaa
2812 3199 2912 3254 vite
2940 3196 3198 3267 paulatim
3231 3195 3484 3263 coepisset
3511 3202 3566 3246 et
3589 3193 3645 3245 in
3665 3189 3788 3258 ejus

2200 3301 2381 3348 mente
2437 3301 2757 3361 tepescere,
2809 3304 2974 3358 seque
3021 3305 3050 3342 a
3090 3286 3354 3343 Desiderii
3411 3285 3580 3340 latere
3636 3279 3780 3336 nullo

2198 3400 2436 3454 unquam
2490 3385 2688 3448 modo,
2745 3382 2892 3436 nullo
2933 3397 3170 3450 unquam
3220 3390 3464 3449 tempore
3516 3380 3788 3432 assereret-

2197 3477 2334 3531 velle
2359 3475 2620 3540 dividere,
2659 3483 2868 3544 tempus
2919 3475 2986 3528 ab
3017 3473 3102 3528 his
3132 3472 3461 3542 aliquantum
3493 3468 3634 3539 apud
3665 3483 3778 3521 mo-

2199 3567 2496 3622 nasterium
2523 3567 2735 3620 Sancta:
2760 3565 2978 3634 Sophia:
3011 3572 3263 3620 exactum
3287 3573 3388 3617 est.

2284 3656 2536 3712 Victorem
2585 3674 2774 3727 papam
2817 3657 3030 3722 invisit,
3079 3665 3127 3710 et
3176 3653 3454 3708 Cassinum
3483 3650 3785 3704 secedit.—

2201 3747 2333 3804 Cum
2386 3761 2513 3803 ecce
2568 3746 2709 3800 fama
2764 3745 3105 3814 percrebruit
3154 3742 3431 3798 Victorem
3483 3755 3676 3810 papant
3715 3739 3781 3792 ab

2203 3839 2622 3895 ultramontanis
2655 3839 2902 3908 partibus
2934 3836 3158 3891 Romam
3191 3834 3427 3895 venisse,
3456 3846 3689 3899 ctunque
3717 3830 3790 3881 ad

2202 3937 2385 4000 partes
2434 3929 2566 3982 istas
2617 3928 2672 3982 in
2727 3927 2977 3998 proximo
3015 3933 3299 3981 venturum
3352 3923 3487 3977 fore.
3539 3920 3787 3975 Territus

2201 4018 2426 4074 Alfanus
2455 4017 2760 4088 hujusmodi
2791 4018 2999 4080 nuntio,
3053 4015 3196 4086 quod
3245 4014 3443 4068 fratres
3475 4027 3602 4067 suos
3623 4024 3787 4079 super

2202 4110 2501 4166 Guaimarii
2546 4110 2808 4181 principis
2853 4109 3128 4164 occisione
3181 4105 3571 4161 insimulamlos
3602 4099 3786 4172 procul

2203 4201 2366 4255 dubio
2415 4210 2640 4265 nosset,
2693 4214 3071 4268 praeoccupare
3135 4187 3329 4252 statuit
3384 4194 3784 4263 apostolicum,

2203 4308 2496 4362 secumque
2526 4292 2607 4347 ire
2646 4300 2768 4347 orat
2818 4291 3131 4361 suppliciter
3173 4287 3528 4342 Desideriuni.
3567 4285 3634 4337 Et
3663 4296 3788 4350 quo-

517 4377 720 4432 dictum
747 4380 1004 4434 comitem
1036 4390 1095 4435 ut
1145 4382 1345 4436 ibidem
1379 4384 1840 4440 transmitteretur
1887 4384 2096 4450 oravit;
2133 4406 2178 4459 ι)
2206 4385 2350 4438 niam
2403 4384 2597 4439 mitam
2635 4382 2893 4439 cantandi
2943 4382 3194 4452 peritiam
3242 4387 3297 4434 et
3342 4377 3624 4432 medicina:
3653 4373 3786 4427 artis

518 4473 664 4539 quod
697 4481 751 4527 ct
781 4473 981 4528 factum
1015 4484 1117 4529 est.
1154 4475 1252 4531 Ubi
1281 4492 1407 4532 cum
1435 4479 1607 4534 tribus
1637 4479 1858 4535 circiter
1891 4480 2116 4535 mensi-.

517 4561 644 4630 lius,
669 4579 696 4616 a
729 4565 993 4636 principio
1021 4567 1266 4623 videlicet
1287 4568 1571 4624 Februarii
1596 4587 1767 4642 usque
1797 4572 1848 4626 in
1882 4574 2097 4627 tertiam

521 4660 642 4720 post
689 4653 898 4710 Pascua
949 4656 1308 4724 Dominicam,
1359 4661 1461 4716 sub
1509 4661 1714 4732 ingenti
1767 4663 2099 4716 continentia

522 4753 826 4798 remoratus
857 4747 1068 4813 fuisset,
1116 4751 1468 4806 transmissus
1496 4760 1580 4805 est
1626 4751 1752 4807 illuc
1787 4769 1949 4822 supra
2000 4768 2098 4808 no-

524 4835 760 4888 minatus
788 4835 1076 4906 Jaquintus
1105 4856 1228 4895 cum
1257 4842 1454 4898 litteris
1495 4857 1565 4896 ex
1619 4851 1771 4912 parte
1819 4843 2100 4913 apostolici

522 4928 588 4980 ad
618 4929 785 4982 crcnti
817 4929 984 4999 ipsius
1012 4933 1280 4998 l'rierem,
1318 4950 1549 5006 quarum
1582 4943 1773 4990 tenore
1802 4935 1968 5004 priori
2001 4937 2130 4990 sub'

525 5018 968 5081 interininatione
1013 5023 1239 5091 jubcbat
1279 5040 1346 5079 ne
1390 5026 1536 5080 illum
1581 5025 1814 5095 amplius
1867 5026 2103 5080 retinere

522 5119 910 5177 praesumeret;
949 5121 1003 5168 et
1035 5112 1108 5165 illi
1138 5114 1489 5171 nihilominus
1522 5117 1746 5171 mandat
1790 5133 1856 5171 ne
1891 5116 1976 5170 vel
2005 5117 2104 5170 ali-

526 5209 760 5266 quantas
804 5200 936 5254 inibi
969 5216 1152 5254 moras
1194 5203 1464 5262 innectere
1494 5209 1736 5264 auderet.
1777 5208 1854 5261 lta
1885 5222 2101 5276 regres-

527 5307 620 5354 sus
647 5293 712 5348 ad
745 5291 959 5348 Sancta:
995 5293 1212 5360 Sophia:
1238 5301 1625 5354 monasterium
1653 5309 1755 5354 est.

2203 4475 2482 4530 scientiam
2540 4490 2646 4530 non
2692 4489 2918 4544 parvam
2963 4473 3218 4537 habebat,
3258 4469 3614 4539 ejusdemque
3650 4466 3787 4520 artis

2203 4569 2414 4624 codices
2455 4568 2740 4627 nonnullos
2787 4582 2972 4622 secum
3002 4581 3030 4620 a
3062 4566 3222 4620 domo
3265 4564 3565 4622 detulerat.
3605 4558 3782 4628 magni

2203 4657 2406 4726 aliquid
2444 4674 2505 4713 se
2530 4658 2836 4712 habendum
2864 4657 2916 4710 in
2948 4656 3145 4710 summi
3179 4653 3453 4724 pontificis
3481 4651 3633 4706 curia
3672 4664 3786 4703 om-

2205 4747 2441 4802 nimodis
2469 4747 2798 4803 confidebat.
2851 4745 3127 4801 Confectis
3177 4745 3340 4814 igi.ur
3383 4752 3547 4811 atque
3588 4741 3800 4810 aptatis

2204 4849 2470 4911 quotquot
2510 4842 2686 4911 potuit
2734 4839 3208 4902 medicaminibus,
3251 4853 3355 4890 una
3401 4852 3524 4891 cum
3554 4834 3788 4888 civitatis

2206 4935 2374 5004 ipsius
2429 4933 2842 5004 archiepiscopo
2896 4933 2961 4986 ad
3009 4934 3310 4987 [lonianum
3364 4929 3675 4998 pontificem
3735 4929 3784 4981 in

2207 5028 2460 5082 Tusciam
2512 5027 2946 5095 proﬁciscuntur,
3002 5038 3232 5092 etnnque
3275 5024 3415 5092 apud
3457 5023 3785 5077 Florentiam

2207 5127 2572 5175 remorantetn
2610 5118 2906 5186 reperiunt.
2962 5117 3018 5169 In
3066 5115 3214 5170 brevi
3259 5114 3443 5184 itaque
3490 5116 3785 5169 maximam

2206 5209 2348 5278 apud
2381 5207 2528 5261 illum
2557 5205 2980 5261 fainiliaritatem
3024 5206 3224 5274 adepti,
3255 5214 3309 5258 et
3330 5205 3465 5259 satis
3489 5203 3788 5258 honorifice

2211 5298 2380 5354 ltabiti
2407 5308 2552 5349 sunt.
2579 5296 2684 5350 Sed
2714 5313 2835 5351 cum
2861 5295 2973 5360 jam
2999 5296 3068 5350 ibi
3098 5310 3193 5360 per
3212 5303 3424 5360 tempus
3454 5293 3808 5360 aliquantum
