4044 5360
287 369 399 425 αξξ

1363 369 1795 429 Ροετωοιιυκ
1831 367 2154 427 VICTORIS
2189 369 2256 426 ιιι
2295 369 2519 428 ΡΑΡᾸΞ.

3457 365 3562 429 926

289 483 568 552 pontiﬁcis
595 483 746 539 curia
777 482 1248 540 conversationem
1273 523 1289 545 .
1333 485 1504 552 cmpit
1546 485 1874 539 omnimodis
1903 492 1943 547 Α
1976 483 2182 554 scriptis
2237 484 2520 540 observavit
2580 485 2767 540 Marus
2819 487 2892 540 in;
2927 486 3064 541 notis
3109 486 3181 539 ad
3231 486 3370 539 hunc
3417 484 3564 540 Petri

291 574 500 629 instare
537 573 730 629 Alfano
773 584 832 629 ut
884 577 996 646 jam
1037 573 1262 644 jamque
1303 585 1513 645 peteret
1538 576 1606 627 ab
1631 592 1695 629 eo
1718 576 1879 630 licens

291 666 424 718 tiam
458 667 784 721 revertendi.
816 667 1006 721 Petrus
1047 677 1177 724 ante
1227 682 1334 720 non
1381 667 1582 720 multos
1610 668 1725 720 dies
1754 668 1878 722 huic

290 760 625 812 monasterio
671 757 878 813 electus
929 757 1109 812 fuerat
1153 775 1183 812 a
1231 757 1488 812 fratribus
1519 758 1570 812 in
1603 759 1876 823 abbatem,

289 850 382 915 qui
415 864 512 916 pro
538 865 634 903 sua
667 849 780 918 ipsa
808 849 1154 904 ordinatione
1198 849 1521 904 insinuanda
1557 850 1691 904 duos
1721 850 1879 919 hujus

293 939 398 992 loci
424 941 491 992 ad
521 954 714 1012 papam
746 949 872 994 tunc
919 939 1120 996 fratres
1149 941 1544 998 transmiserat.
1581 941 1747 1012 Igitur
1778 941 1880 996 Deo

291 1031 529 1086 siderius
590 1041 772 1101 optata
817 1031 1134 1101 jamdudum
1186 1034 1592 1103 cppoi'tuuitate
1643 1045 1875 1102 reperta,

292 1125 508 1180 accedit
556 1126 763 1192 pariter
802 1139 924 1178 cum
985 1123 1181 1178 Alfano
1210 1125 1278 1178 ad
1308 1123 1614 1178 lltnuanum
1661 1125 1880 1194 ροηιίίί-

291 1231 432 1277 cem,
466 1215 734 1284 simulque
759 1216 986 1285 pedibus
1010 1216 1152 1270 illius
1179 1232 1237 1270 se
1260 1225 1687 1285 prosternentes,
1721 1226 1882 1271 orant

293 1308 580 1361 recedendi
631 1307 928 1370 licentiam,
967 1307 1280 1378 adduntque
1325 1319 1570 1377 petentes
1606 1319 1664 1363 ut
1706 1311 1877 1379 gratia

292 1398 605 1468 religiosius
627 1397 864 1459 vivendi.
885 1414 981 1468 per
1012 1401 1309 1454 monachos
1330 1400 1421 1470 qui
1448 1401 1514 1453 ad
1538 1417 1662 1454 eum
1692 1417 1720 1454 a
1748 1401 1882 1454 Cas-e

293 1492 530 1544 sinensis
567 1493 896 1546 tuouasterio
921 1502 1200 1559 venerant,
1236 1494 1360 1549 illuc
1387 1510 1482 1548 eos
1514 1495 1880 1548 transmittere

294 1581 520 1649 suisque
539 1580 740 1634 litteris
770 1580 887 1634 illos
931 1581 1114 1635 abbati
1147 1583 1466 1652 dignaretur
1511 1600 1576 1638 ac
1616 1583 1881 1638 fratribus

293 1671 698 1728 commendare.
752 1673 955 1727 Antiuit
994 1674 1346 1742 apostolicus,
1375 1684 1537 1744 atque
1594 1677 1691 1739 ita,
1740 1679 1880 1732 sicut

295 1773 679 1832 poposcerunt,
716 1781 836 1818 cum
869 1764 1126 1819 fratribus
1170 1767 1275 1820 illis
1313 1768 1381 1821 ad
1428 1768 1530 1821 hoc
1573 1768 1879 1822 coenobium

1979 575 2193 629 diaconi
2213 575 2407 632 locum.
2443 577 2702 632 Eumdem
2749 579 2969 633 laudant
3019 578 3355 643 Trithemius,
3389 577 3562 631 Baro-

1981 670 2118 729 nius,
2175 667 2411 736 Vossius,
2458 681 2506 726 et
2556 671 2648 724 alii
2696 673 2911 741 passim.
2962 671 3093 740 Ejus
3139 688 3260 725 rero
3308 671 3563 731 nonnulla

1980 757 2229 826 apuscula
2253 761 2463 815 edidere
2490 759 2894 831 Nartinengius,
2915 759 3187 831 Ughellus,
3213 760 3427 825 Surius,
3450 768 3558 814 etc.

1980 849 2056 900 Ab
2077 848 2310 904 Αγησιάο
2345 849 2533 903 Wione
2553 852 2749 904 dicitur
2791 853 2926 904 inter
2962 863 3170 906 sanctos
3202 850 3420 916 relatus,
3471 851 3564 905 sed

1981 941 2092 1007 ejus
2122 957 2305 996 nomen
2331 943 2387 995 in
2417 941 2540 994 ullis
2572 941 2723 1010 fastis
2765 944 2929 996 sacris
2977 943 3203 1011 reperire
3242 959 3346 997 non
3389 942 3562 997 licuit.

1982 1032 2241 1087 Ceterum
2271 1034 2574 1088 Desiderius
2595 1034 2868 1088 ecclesiam
2909 1034 3096 1089 Sancti
3123 1032 3394 1088 Benedicti
3422 1035 3564 1086 intra

1982 1119 2218 1190 Capuam
2273 1125 2558 1187 renovavit,
2596 1133 2666 1176 'ut
2701 1123 2898 1176 dicitur
2945 1125 2998 1176 in
3037 1121 3169 1176 libro
3199 1137 3249 1176 tv
3295 1106 3564 1186 Chronici,

1981 1230 2096 1282 Cap.
2127 1214 2218 1280 35,
2245 1231 2404 1284 quam
2433 1217 2527 1269 sub
2556 1215 2797 1270 Oderisio
2824 1215 3008 1269 abbate
3035 1214 3311 1268 Paschalis
3335 1213 3397 1268 11
3427 1231 3566 1284 papa

1981 1306 2322 1358 consecravit.
2350 1305 2480 1361 11αέ
2520 1306 2730 1360 abbatia
2775 1306 2869 1360 sub
2907 1305 3076 1360 Leone
3102 1303 3150 1356 Χ
3195 1307 3249 1358 in
3286 1303 3565 1374 collegium

1982 1397 2353 1450 canonicorum
2377 1407 2579 1450 mutata
2602 1407 2699 1461 est,
2726 1399 2811 1451 cui
2835 1397 3142 1466 aliquandiu
3167 1396 3379 1464 praefuit
3403 1394 3566 1448 abbas

1981 1488 2274 1542 sa'cularis.
2299 1487 2491 1542 Postea
2507 1487 2744 1542 Clemens
2775 1487 2847 1542 Vl
2856 1487 2916 1541 11
2940 1505 3054 1542 eam
3073 1485 3334 1541 cardinali
3355 1485 3567 1538 Bellar-

1981 1580 2124 1632 mino
2147 1580 2538 1649 archiepiscopo
2565 1578 2819 1648 Capuano
2849 1578 3246 1632 commendauit.
3291 1578 3408 1643 Quo
3437 1588 3564 1630 tan-

1982 1672 2096 1722 drm
2146 1679 2368 1738 agente,
2419 1679 2466 1723 et
2529 1680 2793 1724 annuente
2857 1668 3025 1722 Paulo
3091 1667 3156 1732 γ,
3207 1668 3275 1741 ad
3331 1667 3565 1720 Jesuitas

1983 1763 2218 1828 transiit,
2245 1772 2300 1816 ut
2331 1772 2514 1816 narrat
2543 1761 2774 1815 Michael
2811 1760 3096 1814 monachus
3145 1759 3200 1812 in
3249 1757 3566 1812 Sauctuario

295 1853 602 1906 transmissi
631 1863 776 1911 sunt.
805 1853 1138 1923 Receptique
1167 1855 1423 1910 decenter
1461 1855 1530 1908 ab
1573 1856 1791 1921 abbate,
1823 1866 1877 1910 et
1912 1832 1952 1890 Β
1982 1853 2258 1924 Capuano,
2283 1854 2372 1923 qui
2398 1854 2470 1906 ait
2505 1870 2618 1906 eam
2653 1851 2946 1916 ecclesiam,
2971 1861 3250 1921 antequam
3279 1849 3349 1902 ad
3371 1840 3567 1903 Patres

293 1945 557 2002 fratribus
587 1947 806 2010 sociati,
837 1947 1064 2001 honeste
1112 1946 1277 2002 nimis
1305 1955 1468 2016 atque
1493 1948 1768 2003 humiliter
1797 1948 1879 2002 in-

295 2048 380 2097 ter
409 2040 528 2094 illos
559 2041 878 2110 aliquandiu
907 2041 1211 2095 conversati
1248 2050 1398 2106 sunt,
1429 2049 1484 2094 et
1518 2041 1587 2095 ab
1610 2041 1880 2095 universis

294 2143 349 2184 tn
378 2131 667 2186 dilectione
694 2131 924 2198 plurima
956 2131 1144 2194 habiti,
1194 2147 1401 2184 necnon
1435 2139 1491 2184 et
1524 2131 1877 2184 monasticam

295 2224 364 2275 ah
393 2225 582 2278 eodem
613 2223 806 2279 abbate
843 2223 1306 2278 consecrationem
1353 2223 1554 2292 adepti,
1601 2221 1880 2277 Friderico

297 2331 463 2384 super
514 2330 704 2371 eorum
753 2316 987 2370 adventu
1047 2314 1332 2386 plusquam
1384 2314 1520 2370 satis
1567 2322 1649 2368 est
1695 2322 1880 2383 gratu-

296 2412 466 2464 tante.

379 2498 547 2554 Visio.
613 2498 934 2554 Monasterio
981 2497 1178 2569 Capua:
1237 2499 1578 2568 prteponitur.
1631 2498 1878 2568 Alfenus.

296 2619 370 2634 -
397 2590 617 2646 Viderat
660 2607 757 2661 per
795 2593 894 2647 hos
945 2591 1063 2647 dies
1108 2591 1418 2646 Desiderius
1463 2592 1724 2646 visionem
1775 2607 1881 2645 non

298 2682 793 2748 contemnendam,
834 2699 997 2752 quam
1047 2683 1181 2737 satis
1225 2683 1468 2751 proxime
1505 2683 1582 2736 rei
1609 2697 1885 2736 commen-

299 2773 450 2829 davit
475 2772 714 2829 effectus.
739 2774 1009 2829 Cernebat
1032 2774 1300 2845 siquidem
1329 2789 1387 2830 se
1413 2789 1516 2828 una
1545 2789 1668 2828 cum
1687 2774 1884 2829 Allano

301 2885 357 2922 In
387 2871 617 2937 quadam
649 2869 866 2924 excelsa
894 2886 954 2924 ac
990 2869 1145 2924 valde
1173 2869 1532 2938 pulcherrima
1570 2877 1734 2931 turre.
1765 2883 1886 2937 qua:

301 2960 456 3029 juxta
500 2961 793 3031 capitulum
845 2961 1077 3014 fratrum
1125 2961 1227 3014 sita
1263 2970 1424 3026 esset,
1477 2960 1798 3023 consistere,
1833 2961 1884 3013 in

303 3069 412 3121 qua
456 3055 711 3108 nimirum
743 3054 903 3108 Pater
950 3053 1273 3109 Benedictus
1319 3052 1604 3107 videbatur
1633 3055 1760 3108 sede
1788 3054 1886 3106 de-

1979 1948 2261 2004 Societatis
2310 1950 2600 2019 perveniret
2628 1987 2643 2013 ,
2699 1947 2918 2017 picturis
2974 1946 3206 2015 antiquis
3251 1954 3300 1998 et
3351 1944 3567 1998 musicis

1979 2051 2222 2095 ornatam
2251 2040 2446 2111 fuisse;
2480 2041 2536 2094 in
2563 2039 2728 2108 .cujus
2776 2037 2956 2092 obside
2992 2037 3048 2090 hi
3091 2047 3196 2092 tres
3229 2051 3400 2091 versus
3429 2034 3568 2105 lege-

1980 2130 2194 2185 bantur.

1981 2221 2099 2276 Iloc
2127 2221 2457 2286 Desiderius,
2481 2223 2572 2291 qui
2593 2231 2640 2275 et
2677 2220 2874 2286 Victor,
2897 2219 3094 2290 presul
3119 2229 3166 2274 et
3199 2219 3382 2285 abbas,

1982 2314 2143 2382 prit
2174 2331 2319 2383 opus,
2343 2314 2482 2380 quod
2515 2311 2798 2366 Oderesius
2828 2312 3055 2380 Optimus
3077 2310 3238 2364 abbas

1982 2405 2288 2475 Complevit,
2310 2404 2608 2468 Benedicte,
2639 2414 2788 2456 tuum
2813 2403 3068 2474 decoratis
3089 2401 3156 2455 ad
3187 2402 3460 2454 honorem.

2055 2497 2352 2568 Stephanus
2414 2495 2466 2548 Χ
2529 2511 2684 2564 papa.
2760 2493 3066 2547 Desiderius
3129 2492 3290 2546 abbas
3353 2489 3564 2544 Cassini

1982 2590 2212 2658 eligitur.
2235 2587 2280 2640 Α
2301 2603 2437 2656 papa
2460 2586 2687 2639 mittitur
2701 2584 2804 2639 ΟΡ.
2830 2583 3061 2638 Moritur
3077 2579 3562 2653 papa.—-—Dehinc,

1985 2696 2107 2736 cum
2139 2679 2430 2749 praedictus
2485 2677 2817 2742 Fridericus,
2870 2677 2924 2731 in
2975 2675 3223 2731 abbatem
3271 2672 3433 2740 hujus
3461 2672 3568 2727 loci

1986 2771 2216 2835 electus,
2251 2770 2466 2824 demum
2493 2783 2622 2824 vero
2662 2767 2717 2822 in
2743 2766 3049 2840 Romanum
3081 2764 3387 2836 pontiﬁcem
3419 2761 3570 2816 ordi-

1987 2875 2148 2920 natus
2174 2863 2380 2924 fuisset,
2413 2861 2644 2917 Romam
2669 2861 2736 2916 ad
2775 2860 2921 2913 illum
2953 2873 3139 2914 mense
3165 2857 3406 2926 Augusto
3439 2868 3564 2910 eum
3621 2861 3631 2871 ‘

1988 2956 2270 3012 duodecim
2290 2954 2410 3010 aliis
2438 2954 2543 3010 loci
2595 2952 2754 3023 hujus
2805 2951 3082 3012 fratribus,
3135 2947 3454 3004 nominatim
3499 2945 3570 2999 ab

1990 3048 2106 3118 ipso
2146 3050 2391 3112 vocatus,
2440 3046 2701 3115 perrexit,
2753 3043 2934 3112 ibique
2974 3041 3218 3096 Romana
3267 3038 3419 3093 febre
3449 3051 3573 3106 per-

304 3147 620 3201 centissima
671 3147 929 3202 residere.
995 3147 1240 3215 Cumque
1300 3145 1366 3200 ad
1422 3145 1566 3199 illius
1622 3143 1882 3198 visionem
1913 3177 1958 3238 Ο
1991 3139 2197 3204 culsus,
2252 3147 2375 3208 post
2433 3152 2635 3208 paucos
2673 3137 2789 3192 dies
2817 3137 2923 3190 huc
2967 3134 3146 3190 rediit.
3199 3131 3334 3187 Cum
3387 3139 3571 3184 autem

304 3237 591 3306 stupefacti
621 3247 898 3307 paverent,
924 3246 978 3291 et
1008 3238 1264 3291 accedere
1295 3237 1514 3305 propius
1544 3250 1886 3303 nequaquam

306 3340 718 3400 pra-sumerent,
753 3332 942 3385 beatus
968 3330 1292 3385 Benedictus
1323 3329 1598 3384 Desiderio
1643 3328 1888 3381 hilariter

308 3421 596 3486 immebat,
637 3437 870 3491 eumque
892 3420 1046 3488 juxta
1098 3437 1157 3476 se
1201 3419 1391 3474 sedere
1440 3435 1601 3473 tuanu
1638 3428 1884 3488 porrecta

304 3511 550 3581 jubebat.
576 3511 804 3566 Alfanus
849 3526 999 3573 vero,
1047 3510 1304 3579 quoniam
1344 3517 1570 3563 vocatus
1597 3508 1664 3560 ab
1690 3523 1755 3561 eo
1784 3523 1888 3560 non

308 3606 514 3670 fuerat,
546 3604 700 3674 quasi
747 3603 962 3673 indigne
1006 3601 1203 3662 ferens,
1254 3600 1318 3654 de
1362 3599 1523 3654 domo
1546 3596 1636 3652 illa
1668 3597 1886 3661 exibat;

310 3711 433 3766 qua:
460 3695 714 3748 nimirum
764 3694 900 3748 visio
945 3690 1392 3748 manifestissime
1423 3689 1744 3758 portendere
1776 3687 1888 3740 visa

311 3798 398 3844 est
426 3797 482 3842 et
506 3787 760 3842 Alfanum
788 3788 841 3842 in
869 3786 987 3842 loco
1027 3787 1129 3841 hoc
1160 3800 1266 3839 non
1294 3783 1384 3838 diu
1417 3789 1812 3836 remoraturum
1835 3788 1892 3834 et

312 3881 652 3935 Desiderium
675 3880 951 3934 Benedicti
980 3878 1148 3949 patris
1178 3877 1349 3930 vicem
1384 3875 1436 3928 in
1468 3874 1573 3929 hoc
1615 3879 1890 3926 monaste-

312 3971 396 4025 rio
425 3979 822 4039 suscepturum.
875 3967 990 4023 Non
1030 3967 1196 4022 multo
1239 3951 1364 4036 post
1413 3965 1578 4036 igitur
1617 3979 1646 4017 a
1685 3963 1892 4018 Gisulfo

309 4063 558 4133 principe
580 4061 806 4116 Alfanus
825 4059 1216 4129 expostulatus,
1249 4057 1423 4128 primo
1443 4059 1582 4124 apud
1606 4054 1891 4109 Salernum

311 4157 368 4209 in
415 4155 745 4209 monasterio
791 4153 973 4208 Sancti
1016 4151 1290 4205 Benedicti
1331 4150 1498 4203 abbas
1528 4147 1774 4212 effectus,
1801 4147 1893 4200 de-

311 4249 440 4302 hinc
493 4246 730 4314 ejusdem
787 4245 1026 4300 civitatis
1075 4242 1591 4310 archiepiscopatum
1646 4238 1894 4306 indeptus

313 4349 398 4395 est
424 4357 438 4404 ;
468 4339 784 4394 Desiderius
812 4353 940 4392 vero
967 4336 1030 4389 ad
1057 4335 1370 4402 Capuanum
1395 4329 1780 4384 monasterium
1810 4337 1895 4381 cst

316 4431 670 4484 transmissus
719 4428 1058 4498 praepesitus.
1115 4423 1418 4478 Richardus
1467 4431 1591 4476 tunc
1620 4422 1893 4475 Versanus

1990 3231 2132 3285 idem
2162 3229 2488 3300 apostolicus
2515 3228 2581 3284 ad
2627 3226 3017 3280 monasterium
3046 3223 3150 3277 hoc
3187 3230 3310 3290 post
3338 3227 3571 3289 quatuor

1989 3324 2206 3378 circiter
2227 3335 2445 3376 menses
2473 3319 2729 3384 venisset,
2776 3333 2882 3372 non
2929 3315 3098 3370 multo
3128 3323 3248 3383 post
3278 3312 3427 3382 gravi
3460 3310 3576 3364 lau-

1989 3429 2158 3482 guore
2186 3408 2462 3477 detentus,
2510 3420 2672 3480 atque
2726 3409 2792 3462 ad
2824 3415 3069 3462 extrema
3117 3404 3233 3458 fere
3278 3401 3576 3470 perductus

1990 3518 2094 3558 ess.
2123 3501 2422 3558 Accersitis
2471 3500 2656 3568 itaque
2697 3495 3125 3563 ctenobii-hujus
3161 3492 3453 3563 prioribus,
3481 3490 3578 3544 dat

1990 3595 2266 3663 cptionem
2303 3592 2410 3646 illis
2455 3590 2507 3644 in
2563 3589 2816 3643 abbatem
2863 3586 3094 3657 eligendi
3148 3598 3308 3655 quem
3351 3580 3572 3635 vellent.

1992 3687 2236 3752 Quicum
2271 3682 2458 3738 habito
2501 3680 2566 3735 ad
2620 3681 2851 3736 invicem
2899 3677 3148 3744 consilio,
3201 3689 3344 3730 nunc
3394 3672 3570 3735 illum,

1993 3792 2136 3832 nunc
2163 3775 2348 3840 alium,
2375 3784 2432 3829 ut
2457 3772 2510 3827 in
2544 3771 2739 3826 talibus
2769 3769 3104 3825 consuetudo
3131 3775 3233 3830 est,
3264 3763 3574 3834 eligendum

1994 3875 2302 3932 censerent,
2333 3865 2641 3921 communis
2689 3863 2904 3916 tandem
2931 3861 3308 3914 universorum
3344 3866 3576 3908 consen-

1994 3975 2087 4013 sus
2118 3959 2169 4011 in
2223 3956 2558 4011 Desiderium
2600 3951 2963 4023 expetendum
2999 3949 3224 4018 aspirat,
3257 3955 3312 4001 et
3359 3952 3418 3998 ut
3460 3942 3577 4012 ipse

1995 4047 2100 4101 illis
2136 4046 2187 4101 in
2219 4045 2436 4100 Patrem
2467 4043 2862 4100 concederetur
2890 4039 3268 4096 communibus
3306 4035 3447 4090 votis
3475 4048 3576 4103 pa-

1996 4153 2119 4206 pam
2152 4143 2403 4191 exorant.
2457 4134 2702 4203 Cumque
2730 4133 2864 4186 satis
2921 4131 3022 4185 sibi
3074 4129 3287 4198 placere
3332 4121 3580 4176 eamdrm

1995 4228 2312 4283 electionem
2372 4225 2700 4296 apostolicus
2747 4222 3090 4283 asseruisset,
3132 4233 3254 4272 nam
3307 4223 3362 4268 et
3389 4212 3516 4266 olim
3547 4225 3582 4264 a

1999 4330 2241 4391 tempore
2270 4320 2466 4375 Leonis
2504 4334 2656 4388 papa:
2682 4317 2886 4386 Optime
2935 4315 3009 4368 illi
3039 4313 3180 4382 apud
3208 4311 3576 4364 Beneventum

1997 4424 2158 4469 notus
2203 4413 2507 4476 exstiterat,
2541 4418 2678 4464 etex
2729 4424 2837 4478 quo
2883 4407 3075 4461 Petrus
3104 4404 3271 4458 abbas
3327 4397 3580 4454 eumdem

317 4521 670 4593 [Aversanus]
708 4497 888 4575 comes
932 4519 1168 4585 Capuam
1197 4514 1572 4583 expugnabat;
1618 4513 1734 4574 sed,
1767 4527 1889 4565 cum
1923 4515 1969 4573 D
1997 4505 2332 4560 Desiderium
2363 4510 2488 4556 ante
2541 4517 2644 4555 non
2695 4500 2916 4570 plenum
2960 4497 3236 4553 biennium
3273 4502 3576 4563 receperat,

317 4608 630 4670 l‘audulfus,
648 4608 815 4677 ipsius
840 4603 1077 4660 civitatis
1093 4602 1364 4670 princeps,
1398 4601 1616 4669 indigna
1645 4599 1892 4668 quoniam

316 4710 371 4754 et
394 4698 688 4770 superflua,
713 4699 866 4767 juxta
895 4697 1134 4767 priorum
1190 4702 1489 4761 temporum
1549 4689 1896 4744 consuetudi-

318 4808 462 4856 nem,
495 4790 777 4845 Desiderio
822 4789 981 4842 vellet
1034 4785 1337 4855 injungere,
1385 4784 1474 4837 ille
1519 4781 1811 4846 constanti,
1838 4789 1899 4835 ut

319 4894 457 4949 erat,
509 4893 732 4952 pectore
778 4895 1114 4949 nequaquam
1153 4881 1206 4932 in
1261 4877 1344 4930 his
1386 4876 1434 4929 ei
1473 4889 1772 4942 congruum
1799 4872 1899 4926 du-

319 4987 464 5032 ceret
509 4975 763 5032 assentiri
792 5015 805 5037 ,
857 4973 1094 5040 Capuam
1141 4984 1392 5040 egressus
1445 4968 1512 5022 ad
1569 4965 1896 5020 lticbardum

872 5081 918 5090 ..ς
955 5079 1070 5090 ι-ηηη
1101 5071 1250 5090 ,ινα-ιη
1285 5062 1562 5090 ηζυέοι-ιιηηι
1594 5067 1744 5090 ess-nul
1785 5072 1900 5090 mn.

1999 4595 2166 4650 multa
2193 4608 2251 4648 se
2277 4593 2348 4646 illi
2394 4591 2760 4650 latuiliaritate
2789 4590 3126 4654 devinxerat,
3159 4589 3230 4641 ita
3257 4586 3476 4657 quidem
3519 4593 3582 4638 ut

1997 4687 2052 4742 iu
2095 4701 2309 4741 camera
2360 4693 2500 4749 erat,
2558 4685 2788 4736 fratrum
2843 4680 3166 4735 electionem
3211 4675 3584 4735 confirmavit,

1999 4780 2186 4834 dicens
2215 4779 2379 4848 quod,
2409 4776 2654 4847 quamvis
2690 4776 2870 4846 plures
2914 4788 2980 4828 eo
3027 4782 3272 4841 tempore
3297 4769 3583 4838 religiosos

2001 4887 2065 4925 ac
2096 4871 2406 4941 spirituales
2438 4870 2600 4934 viros,
2631 4868 2907 4938 multaque
2935 4867 3223 4923 honestate
3251 4875 3306 4920 et
3346 4861 3588 4934 pruden-

2001 4965 2074 5020 tia
2105 4965 2374 5035 prazditos,
2424 4961 2812 5016 monasterium
2866 4961 2970 5014 hoc
3019 4958 3274 5024 haberet,
3314 4953 3588 5012 nemiuem

2005 5063 2183 5090 Ισιηιηη
2224 5053 2394 5090 ηυδε-τίς
2421 5051 2671 5090 irinnmlm
2704 5051 2905 5090 aliam-9
2941 5052 3006 5090 sul
3053 5049 3105 5090 it‘
3137 5044 3377 5090 “mf-'39.!!!
3406 5042 3474 5090 de
3501 5054 3600 5090 suo
