4044 5360
498 341 607 397 9η

1516 345 1741 402 GESTA
1776 345 2121 402 DESIDERH'
2152 347 2448 405 ABBATIS‘
2483 350 2729 416 CASIN.,

3656 351 3758 407 928

495 471 606 524 qua
643 455 1077 518 contradictione
1099 456 1150 516 in
1174 457 1424 511 abbatem
1449 457 1798 529 congregatio
1821 459 2069 541 universa
2100 464 2154 522 Α
2173 471 2228 518 et
2251 471 2361 519 tres
2386 465 2667 521 Desiderio
2693 479 2884 535 equos,
2908 466 3104 535 quibus
3127 468 3301 524 adhuc
3327 468 3623 541 indigebat,
3651 471 3756 528 lar-

498 547 788 617 reciperet.
814 547 1148 618 Stephanum
1179 549 1362 618 itaque
1389 550 1741 617 cardiualem,
1767 562 1823 608 et
1849 537 2078 610 Mainar-

494 641 650 706 dum,
681 640 1023 710 postmodum
1053 640 1214 696 Silva:
1241 640 1494 702 Candidas
1519 644 1850 714 episcopum.
1881 647 1956 702 illi
1987 663 2075 704 so-

491 733 613 788 cios
638 731 852 788 itineris
877 732 1108 797 donans,
1135 742 1205 787 et.
1231 733 1284 787 in
1325 733 1566 804 epistolis
1594 753 1731 806 quas
1755 738 2075 809 imperatori

495 822 791 878 mandabat
837 823 1180 880 Cassineosis
1229 823 1460 881 abbatite
1489 826 1641 882 illum
1667 828 1899 884 electum
1925 846 2077 886 com—

495 929 826 981 memorans,
851 917 1031 972 emisit
1065 933 1100 972 a-
1139 932 1227 984 se,
1246 918 1565 988 praecipiens
1601 929 1659 974 ut
1689 921 2077 994 expiata—lega-

495 1007 640 1062 tione
664 1006 862 1061 reverti
909 1021 1070 1075 quam
1101 1017 1286 1078 posset
1335 1010 1498 1065 citius
1522 1010 1824 1068 festinaret.
1857 1015 2076 1071 Deside-

491 1099 608 1154 rius
635 1098 821 1170 igitur,
850 1098 1151 1167 iniunctum
1209 1103 1308 1156 sibi
1354 1102 1593 1159 officium
1633 1107 1896 1175 perﬁcere
1928 1119 2074 1164 sata-

490 1206 646 1260 gens,
694 1195 989 1263 assumptis
1014 1211 1243 1265 qua-que
1279 1206 1463 1252 essent
1489 1208 1643 1254 tanto
1672 1200 1852 1256 itineri
1881 1218 2073 1258 neces—

493 1283 682 1352 sariis,
705 1285 868 1340 simul
912 1303 1041 1340 cum
1076 1288 1178 1342 sibi
1207 1290 1420 1344 traditis
1449 1291 1613 1347 sociis
1643 1293 1745 1349 iter
1765 1307 2070 1364 aggressus,

494 1374 565 1427 ad
621 1377 1012 1430 monasterium
1067 1380 1240 1434 sancti
1288 1380 1541 1446 Joannis,
1585 1384 1728 1452 quod
1773 1385 2073 1455 appellatur

489 1464 544 1517 in
573 1463 818 1533 Veneris,
852 1476 912 1521 ut
955 1468 1027 1523 ibi
1059 1485 1210 1526 mare
1237 1471 1632 1542 ingrederetur,
1661 1475 1938 1545 profectus
1965 1489 2069 1534 est.

489 1553 624 1608 Cum
652 1564 834 1620 autem
882 1573 981 1628 per
1031 1559 1150 1615 dies
1199 1560 1406 1632 aliquot
1433 1563 1504 1619 ibi
1535 1565 1735 1625 frustra
1765 1580 2072 1625 remoratus

487 1645 699 1712 fuisset,
731 1656 788 1704 et
829 1660 1054 1721 propter
1079 1652 1223 1709 aeris
1255 1654 1654 1714 inclementiam
1681 1677 1832 1716 mare
1860 1663 2077 1732 ingredi

488 1753 833 1809 nequaquam
865 1755 1240 1812 praesumeret,
1281 1747 1565 1817 Sipontum
1598 1751 1719 1807 inde
1747 1756 2063 1820 contendit;

488 1828 560 1882 ibi
600 1844 814 1896 navem,
870 1848 975 1903 qua
1027 1835 1212 1892 Barint
1274 1840 1573 1912 navigaret,
1624 1843 1922 1914 ingressus,
1971 1863 2068 1917 per

487 1921 774 1986 quemdam
815 1923 1147 1996 episcopum,
1187 1931 1280 1999 qui
1321 1933 1582 1990 orationis
1619 1938 1791 2006 gratia
1826 1950 2075 1996 montem

486 2010 802 2082 Garganum
825 2016 1058 2082 adierat,
1106 2021 1364 2080 fratribus
1396 2041 1455 2082 se
1481 2031 1850 2085 commendari
1900 2048 2068 2104 seque

493 2117 641 2156 mare
697 2104 994 2175 ingressum
1030 2111 1135 2167 illis
1163 2115 1457 2185 signiﬁcari
1508 2122 1744 2188 rogavit;
1800 2125 1893 2178 sed
1943 2139 2064 2178 cum

489 2193 630 2261 apud
663 2193 840 2264 Barim
887 2213 1101 2272 quoque
1135 2219 1300 2260 causa
1361 2211 1702 2278 tempestatis
1752 2208 2064 2282 aliquandiu

485 2282 794 2353 restitisset,
820 2288 980 2344 alium
1007 2293 1134 2348 item
1167 2297 1415 2352 nuntium
1443 2300 1548 2354 huc
1573 2301 1809 2372 dirigere
1837 2307 2064 2370 studuit,

485 2390 755 2446 perquem
784 2381 1032 2440 videlicet
1075 2387 1434 2457 signiﬁcando
1462 2395 1774 2458 mandabat,
1805 2398 1876 2451 ob
1919 2407 2064 2451 tctu-

480 2467 629 2536 poris
656 2468 1032 2541 intemperiem
1065 2491 1236 2547 usque
1264 2482 1332 2535 ad
1362 2481 1510 2537 illam
1542 2485 1683 2539 diem
1713 2489 1854 2554 apud
1883 2487 2064 2544 Barim

483 2560 704 2651 morari.
761 2561 1001 2636 Contigit
1044 2579 1225 2626 autem
1278 2573 1632 2644 dispositione
1701 2578 1884 2634 divina
1943 2597 2064 2651 qua:

482 2645 633 2703 illum
659 2651 729 2706 ad
774 2651 878 2710 loci
917 2655 1080 2726 hujus
1110 2661 1477 2732 recipiendum
1507 2666 1770 2722 honorem
1800 2645 2065 2728 hactenus

481 2743 880 2812 retardaverat,
905 2757 964 2802 ut
992 2765 1056 2803 eo
1090 2751 1176 2806 die
1205 2769 1314 2822 quo
1341 2754 1482 2810 idem
1511 2759 1734 2814 nuntius
1759 2761 1863 2817 huc
1892 2763 2064 2833 appli-

481 2830 617 2925 cuit,
642 2847 706 2887 eo
733 2849 948 2925 quoque
1003 2837 1091 2894 die
1141 2840 1342 2898 fratres
1385 2847 1582 2910 nostri,
1619 2850 1710 2917 qui
1759 2865 1883 2905 cum
1923 2830 2063 2925 papa

481 2921 707 2988 profecti
752 2924 986 2992 fuerant,
1023 2931 1114 2989 illo
1149 2935 1288 3004 apud
1335 2937 1665 2996 Florentiam
1693 2921 1946 3001 defuncto
1981 2921 2065 3002 at-

480 3029 586 3080 que
626 3017 857 3087 sepulto,
887 3023 1194 3080 rediissent.
1239 3027 1362 3084 Mox
1394 3031 1577 3101 itaque
1631 3037 1798 3091 nostri
1835 3041 2064 3096 consilio

2177 555 2322 626 gitus
2349 566 2451 611 est.
2477 557 2574 622 Ita,
2605 557 2716 613 Deo
2740 558 2794 614 in
2821 559 3074 615 omnibus
3097 571 3474 632 prosperante,
3505 564 3626 619 sine
3656 564 3778 620 ali-.

2177 660 2284 716 quo
2318 648 2702 719 impedimento
2723 651 2950 718 reversi,
2978 653 3093 722 ipso
3119 654 3358 722 paschali
3388 655 3625 712 Sabbato
3639 658 3769 727 jam.

2177 739 2510 796 tardiuscule
2541 742 2610 797 ad
2649 741 2924 798 civitatem
2967 743 3155 799 Sancti
3194 745 3453 802 Germani
3479 747 3750 818 applicuea

2176 844 2320 888 runt.
2358 835 2639 890 Dominica
2669 851 2802 892 vero
2831 836 3008 892 sancti
3052 837 3275 892 Paschae
3316 838 3473 894 valde
3519 839 3753 898 diluculo

2175 925 2282 980 huc
2315 927 2694 994 ascendentes,
2751 928 2819 984 de
2879 944 3030 984 more
3084 931 3417 985 monasterii.
3457 932 3750 1001 capitulum

2177 1015 2405 1070 fratrum
2460 1018 2688 1089 ingressi
2748 1029 2914 1082 sunt,
2989 1021 3403 1089 przesidentihus
3452 1021 3752 1078 Humherto

2176 1107 2391 1163 Sancta:
2420 1109 2648 1172 Ruﬁna),
2681 1120 2739 1166 et
2767 1111 2928 1166 Petro
2959 1112 3350 1169 Tusculancnsi
3381 1115 3673 1185 episc0pis,
3697 1126 3752 1170 et

2177 1200 2452 1271 Stephano
2477 1203 2762 1270 cardinali,
2812 1219 2878 1259 ac
2930 1203 3208 1260 Mainardo
3253 1206 3514 1261 Desiderii
3563 1209 3744 1262 sociis.

2175 1291 2307 1346 Nam
2335 1294 2578 1362 prtcdicti
2632 1278 2893 1364 episcopi,
2944 1295 3273 1350 Humbertus
3325 1303 3384 1350 et
3425 1291 3663 1360 Petrus,’
3693 1307 3767 1351 ut.

2174 1384 2331 1456 longe
2347 1384 2462 1452 jam
2481 1401 2646 1456 supra
2678 1386 3088 1458 retulimus.(lib.
3117 1404 3178 1453 lt,
3202 1404 3318 1456 cap.
3345 1387 3490 1457 101),
3523 1403 3552 1440 a
3575 1387 3765 1442 Roma.

2176 1491 2303 1537 tunc
2354 1481 2535 1538 Mincii
2590 1483 2987 1538 ordinationem
3038 1484 3336 1555 fugientes,
3382 1483 3765 1538 Beneventum

2172 1572 2382 1629 Pascha
2405 1573 2732 1628 celebraturi
2771 1573 3096 1643 pergebant;
3143 1573 3258 1638 sed,
3291 1573 3402 1627 Deo
3440 1570 3766 1635 ordinantc,.

2173 1664 2346 1734 gratia
2369 1671 2530 1717 tanta:
2550 1664 2862 1719 festivitatis
2887 1679 2918 1718 a
2967 1663 3171 1719 nostris
3208 1661 3489 1732 prioribus
3537 1660 3749 1715 invitati

2172 1763 2335 1824 auiae
2388 1755 2586 1810 retenti
2625 1755 2864 1811 fuerant.
2913 1755 3041 1812 Post
3086 1755 3383 1811 solemnem
3414 1755 3600 1822 itaque
3642 1753 3746 1807 diei

2175 1846 2308 1900 tanti
2335 1861 2676 1911 sermonem,
2697 1861 2823 1903 mox
2854 1847 3184 1904 Humbertus
3224 1848 3392 1902 totius
3434 1847 3578 1902 illius
3611 1846 3752 1902 ordi-

2171 1938 2408 1993 nationis
2473 1939 2676 2007 optime
2746 1939 3032 2004 conscius,
3087 1938 3422 1993 Desiderium
3498 1938 3742 1999 advocat,

2170 2028 2346 2096 eique,
2363 2030 2815 2097 quemadmodum
2842 2029 2969 2084 olim
2993 2029 3170 2084 fuerat
3190 2044 3220 2083 a
3247 2043 3383 2098 papa
3404 2029 3741 2098 dispositum,

2169 2120 2534 2174 obedientiam
2565 2121 2798 2176 abbatize
2821 2123 3162 2192 reciperegex
3188 2131 3343 2193 parte
3370 2121 3601 2178 fratrum
3628 2137 3744 2176 om-

2169 2211 2318 2264 nium
2353 2210 2604 2281 imperat.
2633 2211 2786 2266 Nulla
2827 2213 2878 2267 in
2907 2214 3153 2268 medium.
3181 2230 3355 2279 mora,
3385 2214 3530 2268 nulla
3556 2228 3746 2282 exspe-

2168 2303 2334 2358 ctatio
2389 2306 2790 2372 responsionis,
2859 2301 3105 2375 protinus
3154 2307 3392 2361 universi
3461 2315 3747 2376 surgentes

2169 2396 2416 2451 eumdem
2449 2397 2783 2452 Desiderium
2831 2406 3172 2466 acceperunt,
3205 2408 3368 2469 atque
3406 2413 3532 2454 cum
3577 2399 3747 2452 maxi-

2169 2489 2273 2542 mis
2292 2489 2540 2544 laudibus
2559 2491 2626 2544 ad
2651 2491 2936 2546 ecclesiam
2969 2491 3334 2561 deportantes,
3360 2491 3414 2545 in
3437 2489 3564 2546 sede
3596 2489 3758 2544 illum;

2168 2578 2380 2633 abbatis
2425 2581 2724 2636 honoriﬁce
2773 2581 3110 2648 locaverunt,
3142 2582 3431 2648 universis,
3482 2592 3594 2637 tum
3645 2596 3754 2650 pro.

2167 2668 2508 2725 solemnitate
2561 2671 2825 2740 paschali.
2875 2681 2986 2727 tum
3034 2689 3129 2742 pro
3178 2673 3349 2742 ipsius
3377 2673 3741 2738 ordinatione,

2168 2761 2431 2816 immensa
2459 2761 2644 2817 laetitia
2669 2773 2724 2817 et
2739 2763 3076 2832 jocunditate
3099 2765 3333 2834 repletis.
3359 2764 3517 2818 Anno
3539 2764 3746 2818 scilicet

2169 2851 2462 2906 Dominica:
2490 2853 2884 2909 lncarnationis
2909 2853 3065 2910 1058.

2239 2944 2548 2998 Μοηαιιειτὶἕ
2575 2945 2799 3012 α’άξιῖσίσ
2836 2956 3065 3014 reparat.
3101 2977 3166 2986 -μ-
3196 2946 3363 3016 Igitur
3392 2946 3610 3001 abbatis
3652 2960 3743 2999 su-

2167 3044 2349 3105 scepta
2398 3033 2712 3089 Desiderius
2765 3036 2929 3104 erepit
2979 3037 3153 3091 modis
3207 3039 3461 3119 omnibus
3520 3037 3744 3090 studere

482 3103 690 3172 Ιιειὺὶιο.
723 3107 856 3165 duos
915 3112 1131 3180 fratres,
1159 3117 1252 3187 qui
1279 3118 1614 3178 Desiderium
1642 3139 1896 3185 revocare
1923 3146 2062 3187 nun-
2089 3146 2134 3206 ρ
2167 3103 2328 3194 atque
2347 3133 2594 3193 satagere
2621 3127 2830 3194 utquod
2855 3103 3165 3194 dicebatur,
3189 3128 3294 3182 dici
3327 3103 3596 3181 veraciter
3619 3141 3746 3195 pos-

482 3196 612 3251 tiata
659 3202 938 3270 apostolici
986 3215 1163 3265 morte
1213 3209 1502 3282 deberent,
1533 3215 1858 3275 festinanter
1888 3229 2065 3279 trans-

480 3290 725 3346 mittunt.
1102 3345 1105 3349 .
1335 3347 1340 3350 .

553 3380 764 3438 Mortuo
783 3402 942 3458 papa,
969 3389 1161 3458 infecto
1191 3395 1375 3452 itinere
1397 3397 1673 3458 Caecinam
1702 3405 1854 3462 redit.
1893 3409 2064 3466 Abba:

479 3476 830 3534 constituitur.
865 3510 937 3520 -—
981 3481 1098 3539 Jam
1133 3489 1350 3544 tandem
1399 3492 1708 3552 Desiderius
1731 3500 2066 3557 sufﬁcienter

477 3568 780 3664 necessaria
793 3585 1023 3643 quaeque
1037 3577 1214 3633 itineri
1227 3590 1407 3650 empto
1419 3597 1721 3654 paraverat,
1733 3590 2064 3664 jamjamque

479 3655 637 3712 simul
667 3675 790 3716 cum
820 3662 1018 3733 Argiro
1041 3665 1361 3727 Barensium
1392 3677 1654 3746 magistro
1689 3655 1942 3754 navigare

477 3751 764 3818 spouebat,
791 3770 917 3810 cum
948 3773 1078 3814 ecce
1109 3763 1226 3830 ipso
1254 3765 1565 3824 Palmarom
1597 3751 1879 3831 Dominieo
1915 3780 2060 3833 circa

477 3851 760 3939 vesperam
787 3847 1005 3901 eosdem
1036 3855 1251 3910 nuntios
1283 3873 1312 3909 a
1355 3861 1555 3916 nostris
1578 3863 1814 3921 directos
1833 3872 2060 3939 accepit,

479 3927 793 3986 defunctum
822 3940 1197 4009 apostolicum,
1239 3955 1294 3999 et
1323 3963 1382 4002 se
1409 3951 1475 4004 ad
1521 3957 1880 4011 revocandum
1914 3927 2058 4014 illuni

480 4017 806 4078 festinanter
836 4031 1184 4088 transmissos
1214 4036 1282 4090 ab
1313 4039 1578 4096 universis
1629 4043 1890 4103 fratribus
1914 4065 2061 4106 asse-

478 4121 692 4179 rentes;
729 4116 929 4172 rediret
973 4135 1104 4191 ergo
1134 4129 1476 4196 quantocius,
1509 4143 1564 4186 et
1595 4135 1832 4204 regimen
1877 4154 2061 4192 mona-

477 4205 654 4268 sterii,
680 4219 834 4275 prout
880 4211 1140 4270 Dominus
1171 4220 1538 4288 ordinaverat,
1573 4229 1781 4280 cunctis
1819 4243 1878 4282 se
1920 4233 2062 4286 desi-

477 4293 792 4353 derabiliter
833 4303 1294 4372 prmstolautibus,
1331 4322 1602 4369 sumeret.
1633 4315 1882 4387 Obriguit
1911 4320 2059 4376 Desi-

473 4387 661 4444 dei-ius
681 4397 793 4447 tam
811 4394 987 4448 subita
1007 4400 1288 4467 apostolici
1309 4414 1484 4459 morte
1501 4409 1801 4477 perculsus;
1824 4428 2058 4485 moxque

2168 3232 2271 3277 set.
2305 3223 2552 3278 Gemens
2599 3223 2782 3292 itaque
2823 3224 2989 3278 totius
3033 3223 3344 3279 monasterii
3393 3222 3643 3276 ofﬁcinas
3688 3229 3750 3275 et.

2166 3323 2426 3386 angustas
2443 3315 2644 3369 ambitu
2660 3324 2714 3370 et
2739 3315 2912 3370 forma
2935 3316 3229 3383 deformes,
3256 3325 3449 3372 etcum
3476 3323 3742 3369 vetustate

2168 3416 2279 3462 tum
2309 3408 2501 3462 inertia
2528 3408 2800 3472 ruinosos,
2819 3407 2954 3462 adeo
2981 3417 3039 3462 ut
3065 3417 3120 3462 et
3141 3407 3396 3478 contigue
3431 3405 3740 3460 viderentur

2164 3515 2354 3555 Omnes
2374 3501 2592 3556 domate
2617 3510 2910 3571 coopertaa,
2935 3509 2988 3555 et
3011 3513 3265 3570 egressus
3293 3500 3454 3554 unius
3473 3497 3739 3568 ingressui

2166 3608 2443 3646 connexus
2467 3600 2612 3647 esset
2643 3591 2888 3658 alterius,
2921 3591 3252 3650 incitabatur
3299 3591 3514 3659 quidem
3558 3589 3756 3641 animo.

2164 3684 2283 3740 illas
2311 3685 2527 3756 aggredi
2559 3685 2630 3739 ad.
2659 3685 3165 3750 renovandnm;sed
3195 3685 3495 3755 angebatur
3522 3683 3740 3744 itertnn,

2164 3776 2310 3845 quia,
2364 3785 2422 3830 ut
2470 3784 2578 3830 tam
2635 3777 2866 3831 arduum
2913 3776 3174 3846 inciperet
3225 3789 3379 3843 Opus,
3447 3770 3579 3825 nihil
3630 3771 3742 3831 fere

2165 3869 2314 3939 pensi
2341 3870 2591 3924 habebat.
2618 3869 2801 3924 Primo
2832 3870 3011 3939 itaque
3040 3869 3194 3938 quasi
3224 3867 3458 3935 experiri
3490 3864 3737 3933 cupiens,

2163 3962 2205 4014 si
2238 3961 2366 4030 quid
2396 3960 2618 4028 valeret,
2647 3960 2949 4030 'palatimn,
2998 3960 3142 4028 quod
3195 3959 3395 4012 dudum
3453 3954 3751 4010 Richerius.

2164 4051 2332 4105 abtms
2361 4051 2429 4104 ab
2479 4050 2726 4104 orientali
2775 4058 2927 4120 parte
2973 4049 3290 4104 monasterii
3324 4049 3633 4101 inchoatum
3676 4043 3740 4098 ad

2164 4142 2418 4196 solarium
2478 4157 2650 4210 usque
2702 4142 3049 4210 perduxerat,
3106 4155 3270 4210 opere
3325 4141 3458 4193 satis
3518 4139 3742 4192 decente

2165 4231 2411 4300 perfecit,
2432 4233 2696 4301 juxtaque
2719 4231 2891 4299 ipsmn
2914 4245 3102 4285 versus
3124 4230 3435 4292 ecclesiam,
3462 4229 3741 4299 parvulam

2163 4323 2400 4390 quidem,
2435 4323 2530 4376 sed
2563 4329 2960 4391 compctentem
2992 4321 3174 4390 plane,
3225 4322 3278 4374 iu
3333 4335 3438 4388 qua
3478 4320 3600 4373 libri
3652 4333 3740 4372 re-

2165 4413 2545 4477 conderentur,
2600 4411 2884 4466 aediculam
2929 4411 3233 4465 fabricavit.
3281 4410 3435 4477 Quod
3479 4425 3602 4464 cum
3640 4409 3744 4462 sibi

473 4481 638 4537 sociis
689 4485 988 4554 advocatis,
1040 4494 1253 4562 aperuit
1300 4496 1430 4563 quid
1471 4501 1646 4555 nuntii
1701 4481 2052 4572 detulissent;
2087 4493 2135 4551 D
2163 4518 2422 4574 prospero
2461 4510 2658 4558 eventu
2694 4510 2947 4558 cerneret
2973 4502 3281 4568 obvenisse,
3327 4501 3546 4556 domum
3575 4501 3740 4555 etiam

471 4587 867 4648 coeperuntque
903 4582 1107 4651 pariter
1135 4599 1258 4638 cum
1299 4587 1496 4658 Argiro
1518 4601 1767 4661 satagere
1800 4597 2053 4668 qualiter,

475 4673 766 4734 antequam
797 4683 944 4725 mors
960 4685 1114 4742 papa:
1135 4674 1523 4747 divulgaretur,
1558 4687 1756 4740 reverti
1788 4687 2053 4746 valerent.

475 4754 592 4809 Non
626 4757 769 4812 enim
808 4760 1130 4820 dubitabant
1155 4782 1234 4832 se,
1267 4771 1486 4838 cognito
1511 4772 1626 4842 ejus
1646 4777 1820 4843 obitu,
1850 4797 1879 4834 a
1912 4780 2053 4835 Nor-

474 4849 692 4904 mannis
724 4850 805 4903 vel
829 4855 1121 4923 capiendos
1163 4859 1251 4914 vel
1288 4862 1695 4922 disturbandos.
1736 4869 2054 4942 Redemptis

469 4939 642 5011 igitur
667 4944 937 5011 protinus,
987 4962 1082 5003 seu
1130 4953 1380 5010 annisitis
1411 4971 1511 5012 nro
1555 4974 1616 5012 se
1653 4977 1717 5012 ac
1752 4964 1917 5012 sociis
1947 4939 2054 5012 an-

2162 4595 2215 4648 in
2270 4609 2374 4663 qua
2415 4593 2639 4648 abbates
2671 4607 2894 4649 manere
2925 4603 3341 4658 consueverant,
3386 4609 3506 4663 quae
3556 4592 3741 4647 videli-

2161 4696 2246 4740 cet
2291 4702 2320 4739 a
2351 4685 2764 4754 septentrionali
2816 4695 2970 4754 parte
3023 4687 3308 4740 adhaerens
3373 4685 3638 4750 ecclesiae,
3687 4696 3740 4738 et

2159 4777 2433 4831 vilissimis
2471 4776 2600 4846 ligni
2635 4777 2860 4832 furculis
2886 4777 2955 4831 ab
2985 4778 3229 4832 inferiori
3261 4786 3414 4847 parte
3435 4786 3740 4832 sustentata

2158 4879 2213 4923 et
2241 4869 2534 4924 viminibus
2558 4883 2622 4923 ex
2649 4879 2804 4938 parte
2827 4871 3060 4924 maxima
3092 4871 3375 4924 videbatur
3401 4879 3736 4932 constructa,

2157 4975 2187 5012 a
2221 4961 2582 5012 fundamentis
2619 4962 2889 5012 mdiﬁcare
2921 4962 3174 5012 instituit.
3202 4962 3457 5012 adiuncto
3483 4962 3556 5012 illi
3591 4961 3740 5012 Dalao
