4044 5360
253 253 358 310 929

1321 238 1751 296 POSTMODUM
1796 236 2114 294 VICTORIS
2149 239 2219 297 ill
2257 240 2483 296 PAPIE.

3409 245 3518 304 930

254 369 344 421 vix
369 366 425 419 in
450 365 550 418 hoc
580 362 698 416 loco
719 356 1024 429 parvissimi
1049 354 1276 410 claustri
1306 353 1542 421 speciem
1565 351 1717 420 juxta
1741 348 1833 402 ab-
1868 367 1910 421 Λ
1939 347 2023 402 rio
2048 348 2262 404 Sanctm
2286 349 2465 404 Maria!
2503 351 2557 405 in
2603 350 2800 406 Calena
2847 366 2971 407 cum
3017 353 3356 424 pertinentiis
3385 361 3520 416 suis.

253 457 428 511 sidunt
445 451 694 508 ecclesiae
724 450 932 518 priores
953 445 1266 501 effecerant.
1295 442 1542 497 Perfecta
1563 441 1832 510 estigitur

253 548 447 602 eadem
476 544 668 597 domus
695 541 748 594 in
778 538 1108 608 longitudine
1142 537 1448 590 cubitorum
1477 532 1752 602 sexaginta
1776 538 1834 584 et

252 645 496 698 centum,
531 635 582 688 in
615 631 896 685 latitudine
919 643 1048 682 vero
1075 628 1383 684 cubitorum
1406 624 1595 693 viginti
1625 631 1676 677 et
1699 635 1833 690 qna-

255 737 404 788 tuor,
476 724 529 776 in
578 721 860 775 altitudine
911 728 1114 782 autem,
1153 725 1375 786 propter
1403 715 1572 783 ipsius
1634 711 1833 765 montis

254 815 701 886 inaequalitatem,
725 812 1044 881 quantitatis
1068 809 1314 872 diverszc,
1349 807 1594 861 maxima:
1620 817 1827 867 tamen;

249 924 489 980 eamque
525 906 780 962 abietinis
815 903 1060 958 trabibus
1085 902 1219 955 satis
1242 899 1467 971 pulchre
1487 897 1833 966 contignans,

252 1000 520 1053 lateribus
546 995 847 1065 coeperuit,
881 992 1219 1061 diversisque
1245 990 1520 1045 coloribus
1537 986 1829 1042 decoravit.

255 1091 512 1161 Nihilque
543 1098 806 1151 moratus,
838 1087 955 1156 pari
991 1094 1180 1140 tenore
1205 1092 1360 1138 vetus
1387 1079 1682 1152 capitulum
1714 1078 1835 1132 fune

255 1183 404 1236 ditus
431 1182 676 1242 diruens,
702 1177 1004 1242 renovavit,
1047 1176 1282 1245 illudque
1336 1188 1535 1245 gypsea
1595 1185 1730 1227 urna
1781 1170 1834 1224 in

249 1288 416 1344 gyro,
456 1272 755 1341 vitreisque
821 1269 1116 1334 fenestris,
1172 1281 1238 1322 ac
1281 1266 1510 1338 pulchro
1557 1264 1832 1317 variorum

245 1376 590 1420 marmorum
619 1366 925 1436 pavimento
947 1364 1235 1425 decoram,
1263 1360 1459 1429 tegulis
1485 1356 1837 1412 nihilominus

247 1458 564 1527 cooperuit,
595 1466 651 1512 et
701 1455 862 1510 nimis
893 1461 1119 1509 venusta
1161 1451 1406 1508 colorum
1454 1450 1711 1506 varietate
1741 1447 1836 1501 de-

257 1551 457 1620 pinxit.

329 1641 612 1698 Castellum
657 1657 842 1696 novum
897 1641 1108 1710 fundat.
1142 1669 1214 1680 --
1251 1636 1368 1693 Hoc
1415 1637 1470 1690 in
1522 1635 1688 1706 rapite
1741 1633 1838 1687 De-

1937 441 2266 510 Praeceptum
2296 444 2380 496 hic
2407 444 2906 498 laudatumexltibet
2936 446 3162 515 Angelus
3191 448 3256 501 de
3288 447 3438 504 Nuce
3465 452 3518 505 in

1935 533 2094 597 notis,
2126 532 2310 586 datum
2344 548 2398 587 x.
2441 533 2560 588 Kal.
2619 534 2976 604 Septembris,
2997 551 3141 590 anno
3194 536 3528 610 principatus

1936 626 2197 680 Richardi
2249 629 2508 682 secundo.
2558 627 2704 681 Illud
2755 644 2913 698 porro
2959 630 3329 684 monasterium
3367 632 3530 700 juxta

1946 717 2175 771 Vestiam
2202 719 2458 772 civitatem
2475 720 2634 774 situnt
2659 717 2930 789 Engenius
2949 719 2975 772 I
2995 717 3056 786 V,
3079 737 3219 775 anno
3243 721 3399 786 1446,
3422 721 3524 776 La-

1936 815 2194 867 teranensi
2225 815 2595 867 eanonicornm
2625 812 2944 883 regularium
2992 814 3378 884 congregationi
3413 815 3528 868 uni-

1937 907 2032 968 uit,
2073 917 2127 958 ut
2164 905 2400 962 observat
2429 905 2686 975 _Lubinus
2715 907 2771 960 in
2807 907 2992 960 notitia
3035 906 3365 961 abbatiarum
3414 905 3532 961 Ita-

1941 996 2052 1050 lite.

2013 1088 2336 1143 Monasteria
2384 1089 2617 1146 Salerni.
2659 1117 2732 1134 --
2777 1089 2934 1145 Tunc
2981 1089 3242 1160 temporis
3290 1082 3536 1146 Gistdt‘tts

1939 1179 2309 1235 Salernitanus
2343 1181 2621 1251 princeps,
2652 1181 2935 1237 Desiderio
2957 1183 3131 1252 jsuper
3159 1181 3263 1236 hoc
3292 1194 3533 1249 conque-

1938 1275 2100 1337 renti,
2132 1273 2364 1328 reddidit
2393 1274 2518 1327 hnic
2549 1282 2742 1328 sancto
2772 1273 2890 1328 loco
2919 1273 3109 1327 cellam
3135 1271 3320 1330 Sanct‘l
3359 1271 3533 1328 Bene-

1941 1368 2068 1424 dicti
2097 1368 2163 1422 de
2192 1366 2440 1431 Saleruo,
2472 1366 2614 1437 quod
2645 1383 2672 1419 a
2699 1367 2821 1436 jure
2868 1365 3038 1420 nostri
3067 1365 3300 1421 ρωποι)ίί
3345 1363 3531 1421 Saler-

1942 1464 2249 1518 nitanorum
2277 1470 2503 1516 eatenus
2529 1460 2782 1514 violentia
2813 1458 3174 1513 subtraxerat.
3217 1457 3324 1514 Sed
3382 1472 3531 1524 cum,

1938 1554 2134 1609 exinde
2193 1553 2457 1606 subducto
2517 1553 2750 1615 abbate,
2808 1550 3152 1620 prscpositum
3228 1549 3300 1604 ibi
3373 1549 3529 1619 juxta

1943 1663 2144 1703 morem
2173 1646 2430 1700 cellarum
2453 1663 2464 1698 l
2487 1655 2759 1699 esti-arum
2777 1643 3168 1707 constituisset,
3183 1641 3535 1705 Salernitani,

255 1736 482 1789 siderins
527 1734 721 1786 dicitur
745 1734 1017 1787 castellum
1061 1747 1271 1797 novum,
1315 1728 1561 1785 Adenulﬁ
1597 1727 1838 1795 Cajetani

1954 1740 2108 1794 nimis
2144 1739 2259 1791 haec
2304 1737 2519 1805 indigne
2556 1736 2813 1799 ferentes,
2843 1733 3017 1788 cidem
3059 1730 3285 1801 principi
3333 1731 3541 1784 instare

255 1830 414 1884 ducis
434 1845 528 1894 ape
550 1829 902 1881 construxisse
916 1830 1165 1881 adversus
1188 1825 1484 1894 oppidanos
1508 1820 1839 1884 Frattenses,

248 1925 344 1990 qui
381 1921 836 1975 Minturnensibus
869 1931 916 1972 et
952 1919 1130 1973 t-ieinis
1159 1917 1364 1986 oppidis
1397 1913 1726 1967 Cassineusis
1761 1913 1846 1964 di-

241 2018 414 2069 tionis
465 2015 643 2082 infesti
689 2023 860 2078 erant,
909 2030 1027 2066 cum
1080 2013 1278 2081 frustra
1315 2023 1412 2064 eos
1449 2006 1745 2062 rationibus
1779 2020 1844 2060 ac

255 2108 538 2166 beneﬁciis
565 2107 757 2160 sedare
789 2115 1055 2159 tentasset.

329 2198 418 2251 Fit
478 2196 764 2252 cartlittalis
819 2197 1130 2266 presbyter;
1183 2196 1408 2250 vicarius
1477 2193 1616 2247 sedis
1671 2201 1841 2259 apost.

247 2289 460 2344 Concil.
481 2289 912 2358 Mel/itanunt.——
930 2289 1006 2343 De
1033 2287 1084 2340 Ν
1088 2289 1243 2342 icolai
1270 2303 1438 2356 papas,
1463 2286 1552 2356 qui
1581 2283 1845 2354 Stephano

254 2395 614 2448 successerat,
681 2384 1010 2436 ordinatione
1057 2384 1184 2449 agit.
1242 2380 1342 2434 Ille
1384 2390 1558 2433 autem
1607 2379 1846 2450 pontifex

251 2478 478 2532 mandat
503 2477 569 2530 ad
620 2477 719 2529 hoc
767 2476 1191 2538 monasterium,
1235 2475 1310 2526 uti
1346 2473 1680 2542 prosequitur
1714 2471 1842 2540 Leo,

253 2579 527 2638 quatenus
560 2568 789 2624 domnus
822 2566 990 2622 abbas
1017 2566 1120 2621 sibi
1166 2566 1219 2621 in
1273 2565 1572 2620 marchiatn
1621 2565 1844 2633 profici-

249 2661 431 2715 scenti
481 2675 642 2729 quam
692 2661 852 2714 citius
901 2669 1078 2731 potest
1126 2667 1416 2722 occurrat,
1479 2657 1735 2712 videlicet
1785 2667 1844 2713 ut

253 2753 507 2821 proximo
531 2752 709 2808 Martii
732 2754 936 2808 mensis
956 2754 1184 2824 jejunio,
1206 2762 1260 2807 et
1285 2751 1585 2821 presbyteri
1616 2751 1842 2820 gradum

255 2861 312 2907 et
337 2850 704 2906 cardinalatus
729 2854 934 2920 pariter
962 2849 1194 2904 officium
1224 2848 1463 2916 recipere
1499 2846 1710 2901 debeat.
1741 2847 1846 2902 Do-

255 2946 460 2999 minica
493 2944 656 3015 igitur
685 2946 855 3014 prima
879 2943 1336 3014 Quadragesimm,
1365 2940 1569 3011 paratis
1594 2941 1846 2996 omnibus

249 3040 604 3104 necessariis,
633 3040 736 3093 iter
765 3040 1051 3108 arripiens,
1101 3039 1238 3109 apud
1286 3037 1544 3092 Farfensc
1573 3045 1840 3091 monaste-

253 3131 401 3186 rium
430 3133 726 3204 apostolico
760 3148 817 3188 se
861 3131 1163 3200 conjunxit,
1196 3132 1284 3186 ubi
1321 3131 1483 3186 nimis
1513 3130 1582 3186 ab
1618 3147 1682 3186 eo
1717 3134 1850 3188 anni-

255 3230 508 3285 cabiliter
559 3229 964 3298 houorifieeque
1025 3235 1300 3297 receptus,
1347 3226 1638 3280 Auximum
1691 3229 1853 3282 simul

251 3341 383 3380 cum
415 3326 536 3396 ipso
555 3323 829 3398 profectus
855 3331 958 3378 cst.
1000 3321 1201 3375 Ibidem
1240 3320 1418 3386 itaque
1449 3320 1685 3372 secumlo
1715 3320 1854 3386 Qua-

257 3417 582 3489 dragesimte
610 3417 868 3482 Sabbato,
905 3414 1046 3486 quod
1089 3423 1214 3467 tunc
1259 3411 1434 3480 pridie
1463 3410 1644 3465 Nonas
1673 3401 1851 3467 Martii

261 3513 484 3580 evenit,
531 3511 824 3568 cardinalis
875 3509 1158 3580 presbyter
1198 3504 1266 3558 ab
1316 3503 1504 3558 eodem
1557 3505 1854 3574 apostolico

260 3608 562 3668 ordinatus,
604 3615 656 3659 et
695 3604 939 3675 sequenti
981 3601 1257 3656 Dominica
1309 3598 1536 3652 abbatis:
1564 3614 1849 3653 consecra-

261 3699 469 3754 tionem
500 3700 745 3770 adeptus,
770 3697 1108 3770 privilegium
1137 3695 1202 3747 ab
1225 3709 1288 3747 eo
1310 3693 1445 3750 satis
1472 3693 1856 3758 honorificum,

258 3793 416 3860 juxta
442 3794 886 3850 consuetudinem
902 3789 1359 3861 prdecessorum
1384 3802 1606 3842 suorum
1629 3789 1851 3858 recepit.

261 3884 383 3952 Quo
415 3888 654 3956 insuper,
688 3886 754 3940 ad
789 3883 1158 3940 cardinalatus
1198 3880 1447 3936 videlicet
1474 3878 1590 3950 ejus
1620 3880 1853 3950 dignita-

267 3989 380 4036 tem
408 3990 461 4036 et
488 3978 955 4036 honorificentiam
987 3975 1166 4030 Patris
1197 3973 1524 4030 sanctissimi
1553 3973 1852 4040 Benedicti,

264 4089 364 4143 per
422 4082 588 4129 totam
641 4071 990 4142 Campaniam
1044 4077 1099 4122 et
1149 4065 1555 4137 Principatum,
1606 4065 1854 4135 Apuliam

266 4181 485 4237 quoque
537 4176 697 4238 atque
742 4164 1045 4222 Calabriam
1074 4203 1089 4228 ,
1127 4163 1193 4216 ab
1243 4161 1357 4230 ipso
1395 4159 1555 4213 fluvio
1590 4157 1853 4226 Piscaria,

267 4261 412 4315 sicut
447 4259 566 4316 fluit
607 4261 661 4314 in
705 4275 874 4324 mare,
922 4257 1093 4313 vicem
1151 4271 1303 4310 suam
1341 4253 1481 4308 idem
1529 4250 1856 4321 apostolicus

269 4353 344 4407 illi
378 4354 665 4408 concessit.
699 4351 825 4408 Post
860 4353 997 4417 hare,
1042 4358 1269 4419 accepta
1301 4346 1516 4403 licentia
1553 4345 1853 4410 remeandi,

271 4447 498 4501 Romam
527 4448 772 4515 veniens,
799 4446 1042 4518 proxima
1083 4445 1362 4499 Dominica
1397 4441 1684 4499 mediantis
1713 4442 1857 4506 Qna-
1887 4448 1934 4507 ι)

269 4542 593 4610 dragesimae
631 4543 770 4611 apud
806 4541 1094 4597 ecclesiam
1122 4541 1264 4594 beati
1304 4540 1447 4595 Petri
1499 4539 1719 4593 missam
1759 4554 1859 4592 so-

272 4635 524 4691 letnnitcr
545 4636 861 4699 celebravit.
895 4645 1058 4704 atque
1089 4634 1454 4688 Romanorum
1504 4633 1660 4688 turba
1703 4633 1860 4688 innu-

271 4746 422 4786 mera
478 4733 770 4786 comitatus
812 4733 877 4786 ad
921 4732 1134 4786 titulum
1183 4729 1396 4785 Sancta:
1441 4730 1668 4785 Cmcilia:
1713 4740 1862 4786 trans

272 4822 516 4878 Tiberim
549 4825 784 4878 maxima
814 4839 936 4878 cum
968 4823 1127 4878 laude
1153 4824 1415 4879 deductus
1440 4831 1553 4886 cst;
1584 4823 1770 4890 sicque
1795 4825 1863 4878 ad

273 4915 377 4970 hoc
409 4917 800 4970 monasterimn
848 4918 900 4970 in
946 4917 1090 4972 beati
1143 4916 1419 4972 Benedicti
1453 4924 1538 4971 est
1571 4914 1867 4974 festivitate

272 5025 552 5066 reversus.
589 5010 659 5064 Et
697 5009 956 5078 quoniam
988 5009 1056 5064 ab
1091 5009 1280 5064 eodem
1314 5008 1570 5077 pontifice
1593 5009 1869 5077 paschalis

271 5101 593 5158 festivitatis
621 5103 793 5172 gratia
825 5103 1082 5157 invitatus
1107 5101 1306 5164 fuerat,
1334 5101 1560 5158 Romam
1593 5118 1866 5171 reversus,

269 5209 394 5268 post
417 5199 617 5254 festum
649 5197 846 5252 Urbem
887 5196 1190 5265 egrediens,
1241 5193 1474 5252 Melfiam
1521 5198 1730 5266 Apulia:
1776 5217 1868 5254 nr-

271 5292 394 5324 ιω...
433 5305 630 5324 τιον-εον
639 5291 650 5324 ἶ
660 5299 673 5324 1

740 5289 829 5324 “In:
875 5298 1000 5324 Iuno
1037 5289 1179 5324 ἷιῖοπη
1222 5292 1550 5324 anhelanti“:
1577 5293 1863 5324 ηΛιιηῖΙῖι--νι

1947 1839 2230 1900 carpet-unt
2282 1838 2340 1882 ut
2393 1823 2780 1881 monasterium
2829 1823 2961 1878 illud
3009 1823 3315 1877 ordinatum
3396 1819 3539 1874 sicut

1947 1931 2104 1975 antea
2139 1920 2312 1972 fuerat
2367 1933 2486 1973 esse
2516 1916 2877 1987 permitteret.
2909 1915 3146 1968 Coactus
3185 1913 3366 1982 itaque
3393 1914 3541 1983 prin-

1947 2027 2075 2080 ceps
2103 2013 2318 2064 illorum
2351 2017 2565 2077 rogatu,
2598 2018 2985 2062 monastermm
3011 2005 3196 2058 Sancti
3237 2003 3540 2066 Laurentii,

1949 2103 2092 2156 intra
2149 2101 2437 2156 civitatem
2495 2098 2896 2153 Salernitanam
2963 2103 3374 2160 constructum,
3435 2094 3540 2151 sibi

1949 2193 2293 2249 haereditario
2339 2192 2464 2261 jure
2515 2191 2899 2262 pertinentem,
2950 2188 3004 2243 in
3058 2189 3159 2243 hoc
3209 2189 3543 2244 monasterio

1947 2303 2015 2341 ex
2055 2288 2267 2354 integro
2299 2284 2518 2346 obtulit,
2551 2297 2650 2336 nec
2693 2291 2873 2335 tamen
2919 2280 3338 2345 restitutionem,
3377 2294 3538 2356 quam

1949 2388 2106 2434 antea
2138 2379 2203 2433 de
2235 2376 2544 2449 supradicta
2576 2373 2708 2429 cella
2743 2371 2966 2435 fecerat,
2997 2371 3205 2426 irritam
3249 2371 3402 2436 fecit,
3429 2380 3540 2427 ctc.

1951 2467 2124 2523 Multa
2170 2468 2504 2539 prosequitur
2544 2465 2608 2519 de
2646 2465 2841 2518 chartis
2876 2463 3182 2516 monasterii
3222 2462 3542 2518 Salernitani

1950 2561 2020 2613 ad
2045 2559 2380 2614 Cassinenses
2409 2555 2800 2626 pertinentibus,
2831 2570 2950 2625 qua:
2972 2554 3197 2620 primum
3224 2554 3545 2608 abscondita:

1949 2668 2012 2704 ac
2059 2652 2269 2705 tandem
2328 2649 2563 2702 discissw
2626 2647 2859 2716 fuerant.
2923 2643 3304 2698 Monasterium
3356 2629 3544 2698 Sancti

1950 2742 2245 2805 Benedicti,
2274 2751 2386 2810 post
2415 2739 2588 2794 varias
2619 2737 2884 2806 fortunas,
2923 2735 3104 2789 datum
3138 2736 3347 2790 tandem
3376 2735 3476 2805 fuit
3511 2726 3545 2788 ιι

1950 2835 2213 2889 Clemente
2246 2831 2413 2897 VIII,
2446 2847 2586 2884 anno
2626 2829 2776 2894 1591,
2811 2828 3081 2883 monachis
3113 2828 3418 2883 Oliretanis.
3515 2817 3520 2824 ⁴

2029 2923 2275 2978 Monachi
2309 2923 2377 2974 ad
2406 2921 2686 2989 dignitates
2727 2923 2904 2973 erecti.
2949 2917 3203 2972 Robertus
3242 2928 3289 2970 et
3328 2916 3547 2970 Richar-

1951 3017 2053 3069 rlus
2104 3015 2364 3086 principes
2421 3014 2596 3066 amici.
2639 3042 2710 3052 —
2753 3009 3011 3080 Sequenti
3076 3019 3316 3081 tempore
3358 3024 3549 3081 supra-

1903 3107 2131 3162 )dictus
2184 3104 2428 3176 pontifex
2479 3104 2670 3158 iterum
2723 3103 2788 3157 ad
2839 3104 2938 3157 bas
2987 3111 3170 3171 partes
3219 3101 3548 3163 deveniens,

1959 3200 2214 3254 domuum
2259 3195 2598 3258 Oderisium,
2649 3191 2914 3258 Oderisii,
2968 3189 3266 3246 Marsorum
3313 3191 3554 3254 comitis,

1958 3293 2147 3357 tilium,
2176 3299 2231 3344 ct
2260 3289 2358 3343 loci
2393 3287 2553 3355 hujus
2582 3301 2610 3339 a
2646 3301 2810 3356 puero
2861 3285 3218 3350 monachum,
3261 3283 3551 3337 diaconum

1959 3385 2010 3437 in
2043 3379 2391 3436 Lateranensi
2427 3377 2658 3432 ecclesia
2698 3375 2837 3443 apud
2871 3376 3106 3429 Acerras
3150 3367 3359 3444 positus
3397 3369 3548 3425 ordi-

1958 3475 2123 3528 navit.
2177 3468 2524 3526 Postmodum
2583 3475 2765 3520 autem
2816 3464 2869 3519 in
2933 3463 3233 3532 Aquincnsi
3287 3462 3552 3540 civitate,

1957 3565 2199 3636 deposito
2225 3564 2498 3634 episcopo,
2522 3560 2740 3614 nomine
2764 3556 2988 3628 Angelo,
3017 3571 3082 3611 eo
3127 3555 3269 3625 quod
3312 3555 3551 3626 neophy-

1959 3667 2045 3713 tus
2087 3666 2143 3712 et
2185 3670 2364 3710 rerum
2412 3649 2900 3708 ecclesiasticarum
2942 3647 3082 3702 male
3124 3645 3378 3716 prodigus
3424 3643 3550 3697 erat

1958 3764 2165 3806 necnon
2201 3757 2254 3801 et
2282 3744 2600 3815 quibusdam
2634 3740 2890 3810 nequitiis
2922 3739 3034 3793 suis
3057 3754 3084 3792 a
3111 3738 3313 3792 san’ctze
3347 3727 3552 3789 memo-

1958 3843 2054 3896 rite
2082 3855 2216 3912 papa
2244 3837 2425 3892 Leone
2449 3834 2764 3906 jamdudum
2794 3831 3295 3887 exeommunicatus
3323 3829 3554 3883 exstite-

1959 3944 2067 4000 rat,
2099 3935 2350 3984 tfomnum
2397 3927 2706 3990 Martinam,
2745 3923 3117 3979 Florentinnn't
3168 3936 3388 3992 genere,
3422 3920 3552 3973 reii-

1959 4027 2169 4098 giosum
2203 4023 2358 4092 plane
2394 4005 2557 4091 atque
2582 4018 2898 4089 punientem
2929 4018 2993 4070 de
3024 4015 3180 4084 hujus
3221 4013 3324 4068 loci
3351 4012 3552 4082 priori-

1960 4121 2061 4174 bus
2115 4115 2482 4178 monachum,
2541 4113 2852 4183 cpisc0pum
2921 4108 3284 4164 consecravit.
3357 4105 3555 4160 Petrus

1959 4210 2121 4262 etiam
2169 4201 2484 4258 Benefrana:
2533 4210 2588 4255 et
2642 4199 3005 4255 llisernicnsis
3044 4195 3187 4251 sedis
3239 4194 3552 4265 episcopus,

1960 4304 2249 4357 Ravennae
2276 4297 2516 4359 natione,
2549 4305 2734 4348 noster
2781 4292 3104 4353 monachus,
3147 4297 3392 4358 tempore
3432 4286 3553 4360 ipso

1961 4400 2210 4447 sacratus
2230 4399 2332 4444 est.
2355 4385 2552 4441 Iisdem
2576 4399 2791 4452 quoque
2813 4381 3004 4436 diebus
3034 4391 3088 4434 et
3118 4377 3390 4433 Richarth
3414 4378 3557 4443 prin-

1962 4487 2197 4554 cipatum
2227 4479 2563 4549 Capuanum,
2601 4485 2655 4530 et
2691 4475 2928 4528 Boberto
2958 4473 3213 4527 ducatum
3263 4467 3468 4537 Apulia:
3499 4476 3555 4520 ct

1963 4572 2225 4632 Calabriae
2252 4579 2414 4640 atque
2430 4569 2627 4623 Sicilia:
2647 4565 3010 4627 confirmavit,
3038 4577 3158 4616 cum
3189 4565 3554 4617 sacramento.

1967 4665 2224 4720 fidelitate
2270 4661 2527 4716 Romana:
2553 4657 2810 4714 Ecclesia:
2850 4656 2918 4708 ab
2967 4655 3046 4708 eis
3089 4652 3266 4722 primo
3313 4649 3555 4717 recepta.

1967 4771 2175 4812 necnon
2223 4751 2565 4808 investitione
2613 4761 2807 4803 census
2856 4760 2951 4816 per
2998 4742 3240 4815 singulos
3289 4753 3556 4795 annos....

1967 4847 2076 4903 Sed
2107 4846 2362 4917 quoniam
2410 4844 2606 4897 borum
2653 4840 2880 4894 duorum
2930 4835 3292 4910 magnatium,
3335 4832 3560 4889 Roberti

1967 4936 2173 4991 scilicet
2203 4945 2364 5004 atque
2395 4929 2675 4991 Richardi,
2708 4927 2798 4997 qui
2831 4942 2943 4996 pra:
2970 4926 3189 4983 caeteris
3223 4923 3307 4978 sui
3346 4925 3564 4990 tempo-

1969 5028 2046 5081 ris
2077 5027 2397 5081 mortalibus
2426 5021 2601 5077 locum
2629 5020 2776 5075 hunc
2803 5019 3137 5084 dilexerunt,
3163 5015 3470 5072 d’taverunt
3500 5025 3573 5069 a‘c

1967 5123 2319 5188 protexerunt
2344 5154 2359 5180 ,
2390 5112 2592 5182 quique
2635 5111 2762 5165 huic
2795 5123 2984 5168 nostro
3021 5106 3303 5166 Desiderio
3340 5103 3574 5161 nimium

1970 5206 2171 5268 devoti,
2197 5205 2382 5260 tideles
2403 5210 2458 5255 et
2480 5200 2802 5256 amicissimi
2828 5202 2882 5258 in
2908 5204 3055 5259 omni
3079 5201 3192 5256 vita
3218 5197 3573 5253 exstiterunt.

1973 5300 2269 5324 ..Λίδη-..ιι-ςι.
2299 5293 2533 5324 ιιξηιηιιῖο
2555 5293 2732 5324 ,ιη-ιη.
2763 5295 3090 5324 ηιηηιξθικιιιη.
3118 5309 3133 5323 ο
3172 5289 3390 5324 Αἰηηιιηὶ
3418 5284 3576 5324 νίδρο
