4044 5360
509 209 621 266 031

1560 185 1782 246 GESTA
1825 171 2168 240 DESIHEllII
2205 179 2500 237 ABBATIS
2537 179 2786 243 CASIN..

3691 175 3802 234 932

514 318 698 374 omnia
745 313 932 380 valde;
981 316 1204 381 rogatus
1230 305 1273 376 ξε
1313 301 1622 360 senioribus
1665 298 1734 353 de
1780 296 1884 352 loci
1925 292 2114 358 tutela,
2145 306 2191 362 Α
2221 289 2350 381 fecit
2377 299 2433 346 et
2460 292 2526 346 de
2551 289 3006 346 Sacramentoriis
3029 289 3240 345 altat-iis
3271 305 3378 344 uno
3415 299 3472 345 et
3509 291 3712 357 sltem,
3745 304 3806 346 et

515 409 860 469 devotissime
909 403 1178 477 promittit
1227 411 1288 454 se
1341 395 1508 452 totius
1557 388 1875 446 monasterii
1919 395 2109 477 contra

515 517 709 561 omnes
742 513 880 572 quos
905 475 1108 568 posset,
1140 489 1518 546 fidelissimum
1547 484 1614 538 de
1639 490 1836 572 cretei-0
1859 475 2112 572 defetisc—

515 609 656 658 rem,
683 567 788 646 etc.
819 589 876 643 In
907 567 1162 642 onmibus
1195 588 1376 635 autem
1403 577 1489 631 his
1527 568 1978 644 prosperitatibus
2001 567 2112 620 Deo

517 695 576 742 et
602 683 749 738 Patri
778 678 1070 736 Benedicto
1099 687 1315 743 semper
1347 669 1547 740 gratias
1591 661 1879 728 referebat,
1908 659 2024 729 ejus
2054 673 2113 712 se

521 774 734 830 meritis
759 768 1021 840 adjuvari,
1057 763 1174 833 ejus
1201 759 1540 818 orationibus
1585 753 1758 809 attolli
1807 749 2112 840 certissime

522 865 804 936 profitens.
827 839 950 914 iam
979 871 1109 911 vero
1133 853 1394 910 domuum
1421 848 1698 912 abbatem,
1749 843 1876 936 licet
1911 839 2112 936 dudum

523 929 664 1029 apud
693 955 933 1025 Capuam
989 948 1391 1020 prmsideutem,
1433 951 1494 996 ut
1531 953 1691 1029 supra
1732 935 1986 1029 diximus,
2013 929 2116 984 sibi

505 1023 912 1106 amicissimum
949 1040 1165 1103 fecerit,
1199 1051 1266 1091 ex
1307 1049 1374 1090 eo
1424 1043 1602 1086 tamen
1639 1028 1788 1083 illum
1825 1041 1890 1080 ac
1933 1023 1980 1078 si
2017 1039 2114 1091 pa-

521 1151 692 1204 trem,
743 1135 916 1192 modis
957 1133 1210 1187 omnibus
1259 1125 1541 1189 venerari,
1595 1120 1715 1192 ejus
1767 1115 2008 1174 consiliis
2057 1129 2116 1170 se

519 1230 862 1290 committere
884 1267 900 1296 ,
939 1225 1066 1297 ipsi,
1101 1221 1259 1294 quasi
1307 1217 1528 1275 domino
1563 1213 1794 1270 libenter
1837 1209 2117 1276 obtempe-

521 1333 668 1380 rare.

596 1435 942 1507 Prteceptum,
984 1441 1102 1486 acta
1140 1439 1188 1485 et
1234 1425 1542 1482 donationes
1593 1419 1911 1476 monasterio
1939 1415 2116 1471 Cassi-

521 1529 668 1584 ne'nsi
686 1569 702 1595 ,
734 1529 817 1582 hic
846 1523 1173 1581 solummodo
1201 1521 1522 1574 indicantur.
1563 1515 1742 1570 Primo
1785 1511 1946 1581 igitur
1974 1522 2118 1563 anno

517 1635 630 1692 quo
661 1621 910 1690 princeps
961 1615 1118 1672 simul
1172 1623 1295 1669 cum
1343 1611 1579 1665 Jordane
1623 1607 1734 1661 lilio
1783 1603 1960 1659 factus
2008 1610 2113 1664 est,

519 1697 668 1766 iuxta
721 1725 924 1765 morem
964 1709 1206 1777 priorum
1251 1703 1579 1774 principum,
1615 1697 1872 1770 generale
1913 1709 2117 1764 praece—

519 1813 672 1873 ptum
705 1801 848 1856 fecit
881 1801 1008 1855 huic
1062 1795 1421 1860 monasterio,
1464 1803 1594 1856 etc.,
1643 1798 1848 1853 narrat,
1889 1787 2021 1841 sicut
2068 1793 2115 1838 et

522 1895 693 1965 capite
735 1894 987 1966 sequenti,
1033 1890 1200 1944 multa
1251 1903 1368 1959 qua:
1417 1888 1473 1939 in
1529 1885 1760 1954 favorem
1813 1875 2118 1933 monasterii

522 1965 850 2041 Cassinensis
874 1980 1172 2036 Hic/tardus
1196 1979 1317 2048 egit.
1347 1975 1414 2029 In
1438 1973 1605 2044 capite
1632 1980 1805 2024 autent
1831 1969 1914 2022 l9.
1941 1965 2118 2020 varias

523 2075 830 2130 donationes
875 2091 907 2126 (ι
952 2071 1235 2142 Gregorio.
1266 2066 1488 2122 consule
1537 2065 1805 2126 llomano,
1837 2059 2115 2122 Baldoino,

501 2167 718 2223 '{comite
740 2167 804 2221 de
825 2165 976 2219 Valle
1001 2164 1234 2226 Sorana,
1249 2157 1536 2223 Pandull‘o,
1553 2153 1866 2210 Venafrano
1894 2150 2114 2217 comite,

521 2255 807 2321 Landult'o,
837 2255 1036 2311 comite
1066 2250 1414 2314 Minianensi,
1457 2248 1523 2302 ad
1561 2243 1977 2301 conversionem
2019 2253 2115 2294 ve—

523 2346 728 2412 niente,
767 2357 813 2401 et
861 2347 990 2400 aliis
1017 2345 1144 2399 viris
1178 2343 1280 2413 piis
1315 2351 1362 2396 et
1393 2339 1686 2394 illustribus
1732 2337 1926 2407 factas,
1986 2349 2117 2404 quas

523 2438 608 2493 hic
632 2437 945 2509 singillatim
975 2451 1240 2491 recensere
1268 2433 1398 2488 niltit
1421 2433 1594 2503 juvat.

613 2551 866 2608 Ecclesia:
895 2561 1202 2606 ornamenta
1249 2548 1469 2619 confert.
1498 2577 1566 2586 --
1593 2541 1882 2599 Aisluabat
1913 2541 1991 2595 int
2013 2553 2118 2594 ~rea

531 2643 739 2718 ingenti
772 2645 1040 2716 desiderio
1087 2639 1397 2697 Desiderius
1437 2637 1810 2694 ecclesiastica
1844 2633 2005 2687 etiam
2031 2647 2120 2686 or-

515 2735 806 2803 namenta,
833 2740 898 2792 de
929 2735 1126 2806 quibus
1148 2750 1318 2806 usque
1347 2733 1414 2787 ad
1461 2731 1513 2785 id
1562 2727 1821 2799 temporis
1854 2741 2118 2794 pauperes

529 2831 824 2886 admodum
851 2827 1169 2882 videbamur
1194 2868 1209 2890 ,
1239 2823 1600 2892 undecunque
1631 2820 1952 2889 conquirere
1977 2833 1990 2883 ;
2025 2818 2117 2871 scil

524 2920 730 2980 bonum
752 2919 1103 2984 desiderium,
1127 2919 1364 2972 donante
1389 2915 1521 2979 Deo,
1546 2930 1654 2968 non
1686 2910 1860 2982 putuit
1886 2911 1939 2964 in
1969 2917 2118 2963 tanto

2213 380 2424 436 duobus
2449 380 2804 436 nihilominus
2839 380 3164 452 Evangeliis,
3209 392 3266 436 et
3307 381 3638 452 Epistolario
3667 399 3798 438 uno.

2213 470 2349 526 Nam
2373 487 2544 541 usque
2571 473 2640 526 ad
2663 472 2792 527 illud
2819 480 3034 541 tempus
3075 474 3128 528 in
3179 473 3425 542 plenario
3459 473 3662 528 Missali
3689 483 3800 529 tam

2215 560 2506 629 Evangelia
2539 577 2702 632 quam
2731 562 2988 632 Epistulae
3035 562 3386 634 legebantur;
3443 563 3588 634 quod
3635 579 3800 634 quam

2209 661 2356 706 esset
2411 662 2540 708 tunc
2593 655 2934 708 inhonestum
2969 693 2986 720 ,
3043 654 3206 708 modo
3259 655 3396 710 satis
3464 655 3792 708 advertitur.

2213 741 2448 812 ldipsum
2477 743 2603 799 fecit
2631 753 2686 799 et
2711 745 2776 800 de
2797 744 2904 798 alio
2939 744 3122 800 libello
3167 745 3220 798 in
3245 759 3354 814 quo
3375 753 3502 798 sunt
3523 745 3802 800 orationes

2213 835 2664 902 processionales.
2697 835 2852 890 Fecit
2877 845 2934 892 et
2957 835 3194 890 libellum
3221 837 3290 890 ad
3325 837 3650 890 cantandum
3673 843 3801 890 ante

2214 922 2406 988 altare,
2435 926 2552 980 sive
2580 926 2634 980 in
2659 927 2850 997 gradu,
2877 941 3110 996 eumque
3141 927 3344 982 tabulis
3369 927 3624 982 eburneis
3649 927 3802 982 miri-

2217 1013 2317 1068 fice
2355 1015 2581 1085 sculptis
2625 1026 2686 1071 et
2727 1029 2954 1086 argento
2981 1018 3188 1072 ornatis
3235 1019 3512 1073 annexuit.
3543 1017 3796 1074 Codicem

2215 1121 2432 1176 quoque
2457 1109 2534 1164 De
2552 1109 2662 1164 vita
2691 1110 2868 1164 sancti
2889 1108 3166 1164 Benedicti
3213 1117 3269 1162 et
3319 1109 3494 1164 sancti
3517 1107 3712 1172 Mauri,
3741 1116 3796 1161 et

2213 1208 2420 1256 salicta:
2449 1200 2799 1258 Scholasticze
2815 1201 3048 1258 describi
3063 1201 3458 1258 studiosissime
3483 1201 3634 1256 fecit.
3651 1199 3800 1255 Fecit

2215 1299 2272 1346 et
2291 1293 2548 1362 portellas
2585 1303 2874 1366 argenteas
2913 1295 2982 1349 ad
3011 1295 3312 1363 ingressum
3345 1293 3498 1348 chori
3529 1292 3794 1346 librarum

2214 1386 2436 1442 circiter
2457 1388 2700 1458 triginta.
2729 1387 2884 1442 Fecit
2929 1395 2988 1442 et
3021 1387 3210 1442 sedilia
3243 1387 3418 1457 lignea
3461 1387 3518 1442 in
3567 1386 3796 1441 circuitu

2217 1478 2370 1534 chori
2418 1495 2540 1536 cum
2603 1480 2908 1536 dossalibus
2955 1495 3164 1544 eorum,
3211 1479 3484 1549 scalptura
3531 1478 3696 1532 simul
3745 1487 3803 1532 et

2219 1573 2432 1640 pictura
2467 1579 2826 1642 praestantes;
2861 1573 2955 1628 sed
2985 1583 3042 1627 et
3067 1572 3294 1642 gradum
3337 1570 3694 1626 nihilominus
3733 1570 3802 1624 li-

2151 1669 2193 1724 B
2219 1679 2414 1734 gneum
2467 1663 2705 1732 ejusdem
2762 1665 2944 1735 operis
2983 1675 3136 1720 extra
3175 1665 3425 1730 chorum,
3455 1663 3508 1718 in
3531 1653 3804 1718 ammonis

2218 1752 2512 1825 [umbonis]
2538 1756 2776 1820 modum,
2809 1755 2944 1810 satis
2974 1753 3256 1826 pulchrum
3285 1754 3586 1816 constituit,
3619 1752 3672 1806 in
3697 1767 3804 1820 quo

2219 1844 2474 1900 videlicet
2505 1854 2612 1900 tam
2639 1845 2906 1900 lectiones
2932 1846 2984 1899 in
3019 1855 3178 1900 nocte
3207 1859 3368 1915 quam
3391 1845 3558 1898 etiam
3591 1841 3808 1912 Episto-

2218 1935 2285 1992 lte
2305 1947 2360 1992 et
2375 1937 2666 2007 Evangelia
2695 1938 2766 1992 ad
2797 1938 2992 1992 missas
3019 1937 3416 2007 praecipuarum
3443 1934 3803 1990 festivitatem

2220 2029 2552 2098 legerentur.
2581 2029 2687 2084 Per
2707 2045 2800 2086 eos
2822 2030 2986 2084 etiam
3011 2030 3128 2084 dies
3153 2069 3169 2094 ,
3199 2043 3324 2084 cum
3382 2041 3570 2081 rumor
3623 2025 3804 2080 iocre-

2220 2121 2428 2176 buisset
2441 2137 2622 2192 regem
2641 2123 2708 2178 ad
2725 2122 2936 2176 Italiam
2959 2131 3269 2186 venturum,
3285 2133 3632 2190 nequaquam
3649 2118 3806 2171 seni:

2217 2211 2344 2285 [al.,
2369 2211 2574 2285 segnis]
2591 2215 2836 2282 perrexit
2861 2213 3113 2269 Atnallim
3134 2230 3150 2278 ;
3174 2213 3354 2282 ibique
3379 2209 3570 2282 viginti
3593 2225 3806 2278 patrnos

2217 2304 2448 2369 sericos,
2480 2319 2618 2372 quos
2648 2304 2896 2360 triblatos
2925 2312 3156 2369 vocant,
3187 2303 3385 2358 coemit
3407 2340 3423 2367 ,
3457 2309 3538 2366 ut,
3564 2299 3612 2354 si
3665 2299 3808 2352 forte

2213 2397 2592 2468 necessarium
2623 2405 2792 2461 esset,
2820 2397 3047 2452 haberet
3071 2405 3220 2450 certe
3243 2395 3386 2464 quod
3415 2393 3527 2464 regi
3555 2393 3803 2450 donaret.

2219 2500 2319 2556 pro
2343 2485 2510 2541 tutela
2541 2484 2794 2540 videlicet
2823 2493 2878 2542 et
2906 2487 3112 2540 honore
3140 2483 3458 2539 monasterii
3488 2482 3672 2552 hujus.
3695 2481 3806 2550 Hy-

2219 2576 2395 2632 driam
2426 2591 2644 2646 quoque
2669 2585 2984 2646 argenteam
3033 2575 3296 2630 librarum
3351 2583 3560 2644 septem
3604 2572 3804 2626 ibidem

2221 2673 2352 2722 tunc
2377 2666 2688 2736 acquisivit,
2727 2682 2885 2736 quam
2915 2667 2982 2722 ad
3011 2665 3374 2720 ministerium
3409 2678 3566 2734 aquae
3601 2663 3806 2718 sancti-

2219 2757 2394 2812 ﬁcata:
2419 2757 2472 2812 in
2504 2757 2850 2828 processione
2871 2757 3080 2812 dierum
3104 2757 3526 2820 Dominicarum,
3551 2771 3677 2814 cum
3699 2755 3800 2808 alia

2219 2847 2459 2916 ejusdem
2491 2848 2694 2902 metalli
2721 2857 2776 2902 et
2797 2849 3119 2918 quantitatis
3145 2848 3337 2918 hydria
3361 2847 3704 2917 postmodum
3731 2845 3804 2898 illi

2218 2942 2440 3006 donata,
2482 2955 2604 2996 esse
2645 2939 2946 2997 constituit.
2997 2943 3070 2996 Dc
3107 2941 3338 2996 triblatis
3363 2955 3492 2994 vero
3525 2940 3800 3002 omnibus,

527 3014 752 3070 homine
782 3009 1030 3068 meme“
1062 3026 1206 3078 esset
1239 3009 1378 3065 Sicut
1404 3007 1458 3061 in
1489 3006 1842 3102 _S_°‘1“_°'““"'s
1874 3001 2119 3102 pcr"i‘_lc'
2149 3022 2190 3084 C
2223 3001 2480 3102 quoniam
2508 3047 2599 3086 rex
2626 3033 2692 3086 dc
2719 3033 2803 3086 via
2833 3047 3086 3087 reversus
3125 3031 3320 3095 fuerat,
3347 3021 3610 3101 pluviales
3637 3031 3803 3100 proti-

523 3106 695 3162 bitur.
725 3104 930 3159 Partim
981 3103 1166 3174 itaque
1214 3103 1282 3157 de
1323 3099 1558 3170 propriis
1597 3099 1873 3162 deferens,
1915 3096 2115 3167 partim

526 3213 660 3254 vero
703 3215 731 3252 a
777 3197 1038 3253 Romanis
1086 3193 1439 3251 amicissimis
1488 3202 1767 3256 mutuans,
1801 3203 2018 3249 centum
2063 3204 2119 3250 et

525 3291 800 3361 octoginta
823 3289 1082 3345 librarum
1108 3288 1283 3358 pretio
1315 3295 1594 3358 congesto,
1618 3286 1798 3340 omnia
1823 3283 1936 3341 fere
1959 3302 2119 3340 orna-

529 3392 712 3439 menta
743 3398 892 3453 papa:
920 3381 1177 3442 Victoris,
1210 3395 1328 3450 quat
1355 3381 1459 3434 hac
1491 3377 1721 3446 illacque
1776 3391 1873 3448 per
1917 3375 2116 3432 Urbem

527 3470 744 3526 fuerant
769 3471 1053 3542 pignerata
1085 3471 1332 3534 redemit,
1361 3485 1482 3540 qua:
1511 3467 1763 3523 videlicet
1800 3476 1928 3522 sunt
1961 3469 2074 3524 lucc
2101 3486 2114 3522 :

527 3561 774 3620 Pluvialc
801 3564 1156 3620 diarodauum
1193 3578 1466 3632 magnum.
1519 3569 1690 3615 totunt
1719 3561 1956 3631 undique
1986 3578 2120 3616 auro

530 3667 868 3718 contextum,
901 3673 1022 3710 cum
1056 3653 1281 3710 fimbriis
1305 3656 1660 3710 nihilominus
1685 3651 1901 3718 aureis;
1933 3649 2120 3726 planc-

532 3755 646 3800 tam
671 3743 1014 3800 diacitriuam
1045 3759 1320 3816 magnam,
1348 3745 1528 3800 aureis
1582 3743 1720 3799 listis
1763 3740 2000 3810 tmdique
2024 3741 2118 3792 de-

531 3845 721 3892 center
750 3846 997 3890 ornatam
1025 3853 1038 3900 ;
1072 3835 1231 3890 aliam
1263 3852 1476 3908 quoque
1505 3845 1808 3892 examctam
1830 3875 1842 3895 .
1873 3831 2005 3886 friso
2034 3835 2117 3886 ui-

533 3927 824 3986 hilominus
843 3929 896 3982 in
911 3943 1042 3999 gyro
1063 3928 1482 3994 circumdatam;
1504 3923 1850 3982 dalmatieam
1875 3925 2124 3979 similiter

533 4030 862 4086 exametam,
900 4035 1036 4076 auro
1067 4029 1124 4076 et
1153 4019 1261 4075 alb.
1285 4036 1314 4075 a
1338 4021 1514 4092 capite
1543 4029 1598 4075 et
1629 4022 1855 4090 pedibus
1905 4034 1970 4073 ac
2011 4033 2123 4074 ma-

535 4113 700 4170 nibus
728 4111 1042 4184 insignitum
1069 4131 1082 4168 :
1113 4113 1351 4170 tunicam
1384 4114 1658 4186 diapystin
1684 4129 1806 4168 cum
1837 4127 1970 4167 urna
2005 4129 2124 4166 am-

535 4209 806 4281 plissima,
837 4224 867 4262 a
902 4205 1132 4279 pedibus
1178 4217 1232 4263 et
1275 4209 1528 4262 manibus
1559 4224 1622 4264 ac
1654 4207 1895 4278 scapulis
1925 4223 2118 4270 aurea;

525 4287 700 4358 rstolas
729 4316 863 4358 auro
914 4311 1091 4356 textas
1137 4317 1258 4356 cmn
1313 4297 1621 4370 manipulis,
1665 4311 1721 4356 et
1771 4297 2126 4358 semicinctiis

534 4413 768 4454 numero
821 4411 1013 4451 novem
1059 4413 1070 4448 :
1115 4411 1352 4464 pannum
1402 4395 1754 4450 diarodanum
1811 4410 1932 4449 cum
1983 4393 2121 4446 lislis
2157 4380 2198 4436 υ

532 4490 717 4544 aureis
741 4506 840 4560 pro
878 4487 1199 4543 faldistorio.
1239 4487 1394 4542 Libet
1443 4497 1706 4558 praeterea
1761 4489 1865 4543 hoc
1907 4489 1958 4540 in
2001 4487 2120 4542 loco

533 4583 823 4652 designare
865 4581 1079 4652 singula
1137 4596 1288 4654 quae,
1336 4596 1402 4634 ex
1447 4595 1513 4635 eo
1556 4595 1663 4650 quo
1713 4582 1998 4635 ordinatus
2041 4589 2124 4634 est

534 4682 783 4744 tempore
818 4689 990 4744 usque
1018 4674 1084 4728 ad
1129 4671 1534 4728 renovationem
1584 4667 1825 4726 basilicae.
1872 4670 2116 4740 majoris,

535 4766 590 4822 in
618 4766 861 4822 ecclesia:
889 4767 1210 4822 utensilibus
1245 4767 1360 4820 sive
1395 4764 1585 4819 fecerit
1632 4765 1747 4818 sive
1779 4764 2121 4838 acquisierit;

535 4874 660 4912 nam
693 4843 892 4914 caetera
917 4859 1170 4928 deinceps
1203 4858 1416 4928 plenius
1453 4870 1837 4926 exsequemur.
1871 4855 2124 4909 Pastora-

535 4949 642 5004 lem
674 4952 884 5020 virgam
913 4959 1142 5020 argento
1176 4951 1391 5006 vestivit
1415 4961 1471 5005 et
1491 4950 1778 5006 deauravit
1801 4966 1816 5012 ',
1843 4948 1972 5004 fecit
1999 4957 2124 5002 ante

536 5043 734 5098 faciem
755 5042 944 5098 altaris
961 5041 1198 5100 tabulam
1222 5059 1440 5098 auream
1467 5059 1588 5100 cum
1609 5044 1840 5113 gemmis
1863 5042 2122 5098 librarum

536 5138 760 5194 circiter
787 5137 996 5198 decem.
1027 5151 1234 5190 necnon
1269 5147 1324 5192 et
1347 5138 1678 5194 thurib‘nlum
1711 5139 1777 5194 dc
1819 5153 1954 5193 auro
1998 5151 2120 5192 eum

537 5231 770 5303 gemmis
804 5236 860 5284 et
881 5227 1108 5282 smaldis
1145 5227 1406 5284 librarum
1449 5231 1699 5284 duarum.
1731 5230 1954 5286 Librum
1985 5245 2120 5298 quo-

541 5337 647 5360 nnn
671 5319 1034 5360 Rnictnlnrnnt
1061 5319 1125 5360 ml
1157 5320 1374 5360 miserim
1407 5321 1635 5360 αἰραρπ-ἰιιί
1675 5321 1876 5360 faninnc
1923 5319 2117 5360 talitali:

2224 3135 2324 3176 nus
2347 3122 2461 3177 fieri
2481 3121 2664 3191 jussit.
2701 3119 2894 3178 Videns
2925 3133 3104 3177 autem
3139 3132 3267 3177 tunc
3287 3130 3470 3192 portas
3491 3135 3666 3175 aereas
3685 3121 3800 3192 epi-

2225 3214 2398 3285 sc0pii
2423 3213 2756 3278 Amallitani.
2780 3229 2904 3270 cum
2933 3215 3066 3270 satis
3097 3214 3423 3284 placuissent
3466 3211 3640 3267 oculis
3666 3211 3800 3280 ejus,

2223 3321 2348 3362 mox
2387 3323 2694 3362 mensuram
2725 3317 3004 3378 portarmn
3037 3305 3236 3362 veteris
3267 3304 3512 3361 ecclesia:
3541 3303 3802 3360 Constan-

2223 3398 2501 3468 tinopolim
2533 3400 2700 3464 misit,
2719 3399 2898 3468 ibique
2917 3397 3035 3454 illas
3059 3397 3210 3452 valde
3227 3395 3478 3468 pulchras
3504 3393 3623 3450 ﬁeri
3651 3394 3796 3450 fecit.

2223 3493 2354 3548 Nam
2388 3498 2624 3550 nondum
2646 3497 2982 3566 disposuerat
3019 3497 3304 3552 ecclesiam
3344 3511 3630 3560 renovare,
3659 3505 3713 3548 et
3736 3493 3804 3547 ob

2225 3582 2364 3641 hanc
2412 3602 2633 3644 causam
2683 3598 2854 3660 porta:
2901 3589 3031 3659 ipsa:
3073 3589 3154 3644 sic
3185 3589 3378 3644 breves
3407 3587 3614 3643 clfecta:
3659 3597 3802 3652 sunt,

2221 3681 2360 3736 sicut
2381 3679 2644 3737 hactenus
2673 3691 3014 3752 permanent.

2295 3770 2496 3826 Electio
2516 3783 2563 3826 et
2586 3773 2810 3826 schisma
2835 3771 3062 3826 (Σητίαιοὶ
3086 3783 3291 3826 tantum
3317 3767 3810 3825 iudicantum—ln-

2227 3873 2374 3918 terea
2413 3865 2670 3919 defuncto
2697 3866 2836 3933 apud
2870 3863 3202 3918 Florentiam
3230 3863 3544 3934 apostolico,
3570 3874 3670 3918 etc.
3695 3861 3802 3933 agit

2225 3957 2288 4012 de
2310 3956 2601 4030 Alegeantlri
2631 3955 2695 4009 II
2718 3955 2965 4010 electione
2987 3967 3032 4010 et
3063 3957 3341 4010 schismate
3370 3955 3610 4010 Cadaloi.

2299 4047 2459 4103 Sacer
2487 4065 2634 4103 mons
2661 4048 2881 4118 fulmine
2915 4051 3070 4103 ictus.
3121 4080 3194 4089 —
3237 4043 3494 4115 Quintum
3533 4047 3647 4118 jam
3699 4047 3808 4102 fere

2228 4138 2590 4196 ordinationis
2613 4155 2723 4193 suae
2747 4139 3054 4208 complebat
3099 4137 3411 4194 Desiderius
3437 4148 3666 4200 annum,
3691 4153 3806 4191 cum

2230 4229 2527 4284 terribilius
2559 4229 2739 4294 solito,
2775 4230 3132 4299 permissione
3168 4231 3346 4284 divina
3369 4272 3383 4296 ,
3429 4229 3656 4304 fulittiite
3695 4245 3806 4282 mo-

2233 4321 2526 4376 nasterium
2559 4321 2702 4375 istud
2727 4330 2989 4376 attactmn
3012 4329 3114 4376 est.
3156 4321 3289 4376 Cum
3339 4321 3482 4374 enim
3519 4317 3721 4372 fratres
3757 4315 3808 4370 in

2227 4413 2460 4468 ecclesia
2499 4413 2584 4466 die
2616 4414 2849 4482 quodam
2873 4413 2939 4468 de
2976 4427 3125 4468 more
3155 4413 3344 4483 primae
3369 4414 3516 4466 horae
3547 4411 3806 4465 solemnia

2228 4515 2470 4574 agerent,
2509 4505 2687 4558 subito
2711 4505 2929 4559 cazlittts
2955 4505 3154 4559 fulmen
3188 4505 3428 4574 elapsum
3464 4506 3640 4574 ipsum
3675 4503 3806 4558 help

2229 4596 2604 4650 domadarium
2631 4595 2990 4663 sacerdotem,
3008 4597 3090 4650 cui
3117 4594 3310 4650 Manno
3331 4603 3450 4650 erat
3467 4589 3808 4658 vocabulum,

2233 4687 2476 4740 honestae
2527 4685 2685 4738 fama:
2737 4685 2953 4750 virum,
3011 4686 3064 4739 in
3107 4685 3276 4740 choro
3324 4693 3560 4739 stantem
3609 4683 3810 4737 feriens

2231 4775 2772 4836 exstinxitzcmeros
2821 4789 2954 4830 vero
3005 4775 3424 4830 circumstantes
3457 4774 3604 4828 velut
3627 4771 3813 4826 exani-

2229 4881 2342 4920 mes
2370 4866 2438 4920 ad
2487 4875 2686 4920 terram
2719 4867 3053 4937 prostravit;
3103 4867 3366 4920 novitium
3417 4866 3582 4920 etiam
3625 4877 3810 4932 quem-

2227 4958 2349 5012 dam
2379 4967 2534 5012 extra
2561 4961 2790 5013 chorum
2833 4969 3090 5021 stantem,
3138 4969 3262 5013 ante
3323 4961 3492 5028 ipsam
3547 4955 3806 5023 majorem

2217 5065 2472 5116 .crucem,
2501 5052 2809 5121 percutiens
2835 5051 3064 5116 occidit;
3093 5051 3143 5103 in
3171 5050 3412 5118 capitulo
3437 5048 3652 5104 tabulas
3693 5043 3808 5101 olli-

2227 5141 2392 5196 ciales
2413 5145 2638 5208 excidit,
2667 5145 2950 5214 ipsumque
2979 5141 3302 5198 tabularium
3341 5155 3406 5195 ac
3452 5140 3496 5194 si
3539 5149 3808 5193 mortuum

2229 5235 2492 5301 reddidit;
2523 5237 2727 5290 vultum
2753 5237 3003 5307 imaginis
3032 5235 3244 5290 abbatis
3277 5231 3516 5288 Richerii
3541 5232 3596 5284 in
3621 5230 3806 5285 eodem

2225 5327 2468 5360 ηιιιὶῖΙιιΙΔ
2499 5329 2550 5360 :n
2585 5329 2776 5360 οισιΙυιΙΙη
2807 5329 3078 5360 ,Ιηηῖηιηιει
3108 5327 3268 5360 οηῖιηιι
3301 5325 3509 5360 norilnr
3537 5337 3602 5360 an
3649 5333 3806 5360 IIan
