4044 5360
258 276 365 331 935

1303 269 1730 328 POSTMODUM
1771 270 2089 328 VICTORIS
2127 272 2192 328 ΙΙΙ
2233 273 2458 330 ΡΑΡᾸΞ.

3426 279 3534 336 υεςι

256 387 588 446 venerabilis
617 387 829 451 habito,
855 386 919 440 ad
952 386 1089 441 iram
1140 385 1234 440 Dei
1270 385 1618 454 placandam,
1648 386 1844 440 statuit
1871 393 1918 451 Α
1944 387 2252 457 porrigente
2275 429 2292 456 ,
2339 389 2588 458 protinus
2629 390 2916 448 induisset.
2967 391 3098 448 Post
3152 393 3267 450 hinc
3307 393 3529 453 incensa

257 493 389 537 tunc
419 496 514 550 per
535 495 724 535 omnes
752 493 968 534 menses
987 477 1220 547 primam
1244 487 1454 532 sextam
1479 477 1670 531 feriam
1696 491 1847 532 com-

257 574 498 627 muniter
553 571 622 624 ab
677 569 930 626 omnibus
991 569 1043 623 in
1099 567 1428 623 abstinentia
1491 567 1722 637 peragi,
1775 583 1842 622 ac

256 665 605 720 discalceatis
643 664 871 733 pedibus
925 660 1268 732 procedemlo
1339 660 1558 715 missam
1619 661 1846 730 proinde

254 757 571 825 specialiter
620 754 914 816 celebrari,
967 768 1177 809 necnon
1223 761 1281 807 et
1315 752 1568 808 omnibus
1604 767 1700 821 per
1746 768 1845 807 ano

256 863 387 900 num
428 845 762 916 quotidianis
797 844 984 898 diebus
1012 843 1313 897 orationem
1371 857 1468 911 pro
1511 841 1722 912 fulgure
1774 843 1843 896 ad

256 939 484 992 missam
539 935 809 1006 publicam
863 945 918 990 et
962 936 1029 990 ad
1084 935 1320 1007 psalmos
1373 934 1633 1004 speciales
1681 935 1840 988 edici.

251 1027 430 1084 Porro
493 1038 670 1082 autem
727 1029 981 1082 dominus
1033 1026 1226 1082 Petrus
1299 1027 1544 1080 Damiani
1615 1027 1682 1080 ad
1741 1027 1844 1081 hoc

257 1125 654 1178 monasterium
700 1122 948 1187 veniens,
997 1138 1118 1176 cum
1171 1119 1336 1174 verbo
1362 1121 1564 1190 pariter
1587 1128 1640 1172 et
1661 1134 1845 1189 exem-

255 1217 347 1286 ple
403 1218 469 1272 ad
531 1217 624 1272 Dei
681 1215 961 1271 servitium
1029 1213 1255 1267 ferventi
1320 1212 1437 1266 zelo
1491 1227 1842 1281 quoscunque

255 1317 445 1377 posset
508 1307 880 1368 accenderet,
935 1304 1149 1357 tandem
1216 1301 1574 1372 permissione
1639 1299 1841 1354 domini

257 1400 506 1462 abbatis,
558 1415 587 1453 a
633 1408 824 1452 cuncta
884 1395 1300 1466 congregatione
1333 1391 1644 1463 voluntaria
1693 1391 1843 1446 obla-

256 1491 407 1544 tione
457 1489 509 1543 in
563 1489 936 1542 remissionem
986 1486 1227 1540 omnitun
1289 1494 1637 1554 peccatorum
1700 1482 1840 1537 obti-

256 1584 379 1637 nuit
419 1591 478 1635 ut
507 1597 604 1652 per
633 1582 797 1636 totius
826 1579 955 1634 anni
1004 1590 1188 1635 sertas
1232 1579 1394 1632 ferias
1444 1591 1582 1648 pane
1630 1585 1838 1630 tantum

253 1684 312 1730 et
358 1689 496 1744 aqua
545 1674 785 1729 contenti
835 1682 1052 1737 essent,
1104 1688 1169 1726 ac
1217 1687 1314 1742 per
1363 1670 1602 1740 singulas
1643 1667 1836 1738 singuli

1946 478 2091 543 navi,
2121 486 2177 534 et
2202 481 2526 536 vestimenta
2555 482 2895 538 solummodo
2921 486 3119 540 nostris
3154 486 3524 553 restituentes,

1945 569 2156 625 caeteris
2185 571 2438 628 omnibus
2462 573 2640 629 onusti
2672 583 2724 630 et
2757 573 2956 630 hilares
2978 577 3044 630 ad
3075 579 3290 646 propria
3316 593 3527 633 remea-

1943 668 2093 712 runt.
2123 658 2350 715 Nostros
2379 671 2558 717 autem
2587 679 2685 733 per
2713 665 2931 720 diversa
2959 666 3028 720 ab
3061 670 3141 722 eis
3165 667 3286 722 loca
3315 668 3525 738 disper-

1945 764 2034 806 sos
2061 750 2260 806 fratres
2289 754 2457 807 nostri
2488 755 2554 808 de
2586 757 2918 810 monasterio
2957 756 3186 812 Luccusi
3219 759 3307 828 pio
3348 761 3530 815 studio

1943 841 2314 910 disquireutcs
2341 847 2644 914 reperiunt,
2680 862 3014 918 omnesque,
3040 860 3237 919 praeter
3271 862 3526 920 quatuor,

1943 931 2035 1000 qui
2065 931 2172 1000 jam
2219 933 2285 986 ad
2319 933 2594 989 Christum
2623 937 3009 1008 migraverant,
3043 941 3108 994 ad
3136 943 3523 996 monasterium

1943 1035 2100 1106 suum
2132 1021 2416 1077 conductis
2439 1027 2702 1082 vehiculis
2732 1029 3030 1094 revehunt;
3059 1031 3260 1100 quique
3289 1044 3524 1100 postmo-

1923 1109 2092 1194 Idum,
2121 1110 2247 1166 licet
2281 1114 2513 1170 diversis
2542 1118 2893 1187 temporibus,
2924 1121 3111 1176 eodem
3141 1131 3317 1176 tamen
3355 1140 3518 1188 anno,

1923 1195 2010 1255 ad
2040 1219 2138 1257 nos
2166 1204 2405 1259 universi
2444 1206 2558 1260 fere
2589 1209 2792 1264 reversi
2819 1220 2965 1275 sunt,
3001 1221 3107 1266 etc.
3140 1211 3335 1266 Piratze
3359 1213 3524 1282 igitur

1945 1291 2018 1344 illi
2051 1304 2229 1347 cetera
2253 1295 2434 1348 oninia
2459 1296 2602 1350 inter
2638 1313 2696 1351 se
2749 1299 3054 1354 dividentes
3103 1302 3364 1356 scrinium
3401 1301 3524 1356 reli-

1943 1384 2194 1453 quiarum
2219 1386 2430 1440 cuidam
2446 1402 2632 1441 corum
2650 1391 2994 1445 contradunt.
3103 1395 3192 1461 qui
3214 1393 3522 1461 aliquando,

1943 1476 1995 1529 in
2026 1477 2323 1530 cubiculum
2373 1479 2425 1532 in
2457 1497 2557 1550 quo
2581 1492 2725 1534 erant
2755 1481 3067 1552 ingressus,
3097 1484 3277 1539 subito
3321 1485 3526 1538 corruit

1941 1575 1996 1620 et
2045 1568 2367 1637 exspiravit.
2414 1570 2565 1636 Quod
2616 1572 2704 1624 ubi
2761 1573 3015 1636 innotuit,
3053 1591 3283 1646 magnus
3331 1576 3529 1630 horror

1943 1659 2193 1727 protinus
2227 1661 2511 1716 universos
2543 1663 2758 1728 invasit,
2786 1674 2839 1718 et
2872 1667 2963 1723 die
2987 1667 3154 1722 altera
3185 1668 3528 1724 discalceatis

255 1767 575 1836 disciplinas
630 1767 754 1820 data
811 1765 1157 1821 confessione
1219 1764 1564 1832 reciperent;
1619 1761 1840 1829 insuper
1875 1753 1912 1808 Β
1945 1751 2170 1820 pedibus
2195 1753 2493 1818 venientes,
2518 1769 2637 1807 cum
2664 1755 2864 1826 ingenti
2897 1756 3197 1811 reverentia
3228 1766 3281 1812 et
3314 1758 3524 1811 honore

255 1863 314 1907 et
359 1855 665 1907 triduanum
697 1852 964 1922 jejunium
1003 1854 1054 1907 in
1087 1861 1246 1921 caput
1275 1849 1714 1920 Quadragcsima:
1744 1865 1841 1920 per

257 1960 433 2000 annos
478 1944 718 2015 singulos
763 1954 1006 2014 agerent.
1060 1942 1329 1997 Multosies
1364 1958 1492 1997 vero
1528 1942 1838 2006 Desiderio,

248 2036 518 2106 cogitanti
545 2047 598 2088 et
632 2032 860 2090 revelari
891 2035 993 2090 sibi
1025 2034 1200 2090 oranti
1229 2034 1487 2104 quidnam
1527 2049 1649 2088 esse
1678 2031 1840 2087 vellet

254 2128 401 2199 quod
429 2129 506 2182 sic
533 2129 842 2198 frequenter
883 2128 1025 2181 lmnc
1078 2126 1252 2182 locum
1301 2124 1620 2195 praedictum
1654 2123 1838 2195 ﬂagel-

253 2216 369 2273 lum
407 2203 687 2284 attereret,
726 2218 957 2288 quadam
994 2225 1151 2270 nocte
1181 2231 1275 2286 per
1310 2216 1483 2270 visum
1519 2214 1840 2268 Benedictus

253 2308 422 2364 Pater
447 2310 717 2380 apparuit,
748 2310 906 2379 eique
933 2310 1074 2363 inter
1097 2307 1202 2362 alia
1229 2309 1294 2363 de
1324 2308 1425 2362 hoc
1456 2307 1685 2362 sollicite
1719 2321 1840 2378 per-

256 2400 502 2453 contanti
537 2399 667 2452 nihil
691 2401 833 2453 aliud
871 2416 1032 2469 qttam
1063 2399 1357 2454 diabolicas
1381 2397 1606 2452 insidias
1627 2406 1683 2451 et
1704 2398 1840 2452 anti-

255 2504 423 2560 quam
451 2506 547 2560 pro
570 2489 687 2544 loco
720 2491 974 2544 invid‘am
1000 2506 1118 2544 esse
1143 2489 1443 2558 perdocuit.
1471 2487 1838 2559 Egometipse,

252 2595 380 2636 cum
407 2582 582 2636 adhuc
629 2580 684 2636 in
738 2582 921 2636 sclmla
972 2581 1285 2637 monasterii
1341 2581 1625 2650 degerem,
1672 2579 1837 2634 remi-

253 2674 442 2728 niscor
471 2689 574 2728 una
598 2683 756 2728 nocte
809 2674 876 2729 ad
898 2675 1194 2729 secundum
1218 2673 1485 2728 duntaxat
1512 2679 1838 2727 nocturnum

253 2766 439 2821 sexies
471 2765 530 2822 in
573 2765 801 2823 ecclesia
849 2775 906 2823 et
955 2766 1306 2838 campanario
1359 2763 1562 2820 fulmen
1613 2779 1839 2835 porcus.

255 2858 416 2917 sissc.
451 2867 560 2912 etc.

233 2945 238 2948 ’
331 2949 516 3004 Missio
551 2949 605 3004 in
645 2947 950 3004 Sardiniam
975 2949 1336 3020 impedita.-—
1359 2943 1464 3004 Per
1502 2946 1646 3004 idem
1698 2955 1838 3002 tem-

254 3055 359 3112 pus
401 3039 562 3109 legati
593 3054 658 3094 ex
691 3049 845 3110 parte
877 3039 1163 3094 Baresonis
1192 3039 1332 3110 regis
1363 3039 1624 3094 Sardinia:
1647 3037 1715 3094 ad
1739 3039 1839 3092 hoc

1943 1845 2197 1915 pra-{atas
2229 1846 2488 1916 reliquias
2515 1848 2709 1904 exinde
2735 1849 3093 1912 abstulerunt,
3133 1861 3296 1920 atque
3323 1851 3388 1902 ad
3417 1849 3528 1918 cpi-

1943 1937 2158 2007 c0pium
2210 1954 2334 1992 cum
2391 1939 2602 2009 magnis
2654 1940 2748 1996 Dei
2812 1939 3060 1994 laudibus
3113 1940 3521 2004 trzmsferentes,

1943 2027 2141 2082 ibidem
2196 2028 2313 2087 illas
2359 2029 2540 2086 debita
2588 2034 2897 2088 tractandas
2951 2033 3361 2088 honoriﬁcentia
3425 2047 3520 2102 po-

1940 2137 2121 2178 suere.

2011 2214 2335 2270 Monasteria
2360 2217 2414 2271 in
2442 2215 2690 2272 Sardinia
2720 2228 2910 2272 erecta.
2961 2245 3032 2260 -η
3083 2217 3380 2273 Sardorum
3426 2217 3512 2271 in-

1943 2315 2090 2360 terea
2123 2322 2241 2372 rex,
2274 2308 2432 2378 digna
2474 2323 2572 2378 pro
2619 2309 2786 2363 tantis
2842 2307 3052 2376 injuriis
3091 2308 3458 2368 satisfactione
3490 2322 3521 2361 a

1940 2393 2156 2448 Pisanis
2204 2404 2439 2464 recepta,
2500 2411 2622 2457 eum
2661 2411 2852 2450 rursus
2892 2397 2957 2450 ad
3007 2397 3108 2451 hoc
3139 2399 3525 2451 monasterium

1941 2486 2253 2542 mandasset
2273 2501 2330 2540 se
2359 2487 2574 2555 quidem
2617 2487 2786 2541 multo
2821 2487 3096 2543 ardentius
3139 2489 3190 2541 in
3224 2487 3396 2557 priori
3428 2485 3524 2539 dc~

1941 2574 2160 2629 votione
2187 2576 2502 2645 persistere,
2536 2591 2632 2631 nos
2659 2592 2786 2630 vero
2825 2587 3044 2647 pr0pter
3067 2577 3117 2630 id
3151 2579 3293 2647 quod
3326 2592 3526 2630 evene-

1939 2673 2029 2719 rat
2063 2680 2404 2734 nequaquam
2430 2666 2626 2720 debere
2654 2666 2945 2738 negligere,
2972 2668 3107 2722 duos
3138 2667 3352 2721 tandem
3399 2668 3528 2722 illnc

1925 2754 2158 2819 'fratres,
2195 2754 2307 2822 jam
2357 2765 2480 2827 post
2529 2757 2806 2811 biennium
2857 2757 2971 2812 fere
3019 2759 3384 2822 transmissos,
3432 2775 3525 2812 rex

1941 2846 2084 2902 idem
2114 2847 2368 2901 alacriter
2391 2847 2550 2900 nimis
2581 2847 2806 2917 recepit,
2833 2849 3018 2918 eisque
3043 2849 3324 2904 ecclesiam
3346 2849 3524 2904 Beata:

1943 2936 2124 2990 Marim
2149 2938 2201 2990 in
2231 2937 2351 2992 loco
2396 2936 2488 3005 qni
2532 2937 2730 2991 dicitur
2758 2937 2994 2998 Buhalis.
3029 2951 3236 2992 necnon
3282 2949 3334 2993 et
3381 2938 3524 2993 San-

1943 3037 2086 3083 ctum
2117 3029 2286 3083 Eliam
2318 3032 2382 3084 de
2402 3028 2577 3083 Monte
2593 3028 2794 3084 Sancto
2825 3045 2943 3084 cum
2973 3031 3181 3102 integro
3208 3031 3322 3101 ipso
3349 3044 3531 3087 monte

257 3151 459 3190 venere
486 3133 816 3199 οωηουῖυηι,
849 3150 944 3205 ρει-
987 3150 1122 3204 quos
1171 3133 1330 3188 beato
1380 3132 1672 3187 Benedicto
1731 3132 1839 3186 duo
1867 3118 1909 3177 C
1945 3120 2011 3174 ad
2039 3120 2425 3174 monasterium
2455 3121 2890 3176 constituendum
2927 3136 3024 3191 per
3047 3134 3369 3193 prreceptum
3395 3140 3531 3178 coa-

257 3244 457 3296 magna
487 3239 540 3281 et
564 3227 764 3298 optima
798 3226 956 3295 pallia
988 3239 1083 3280 rex
1114 3225 1256 3278 idem
1292 3223 1689 3289 transmittens,
1721 3231 1844 3277 orat

255 3321 359 3374 sibi
394 3321 601 3391 aliquot
631 3335 698 3374 ex
731 3329 912 3373 nostra
944 3319 1361 3388 congregatione
1400 3316 1596 3371 fratres
1633 3315 1699 3368 ad
1730 3330 1838 3369 mo-

257 3413 557 3463 nasterium
599 3411 1033 3464 constituendum
1081 3407 1415 3470 transmitti,
1470 3407 1742 3476 spondens
1790 3414 1844 3459 et

256 3503 524 3572 pollicens
547 3502 842 3557 maximum
869 3497 924 3558 iu
958 3517 1122 3573 regno
1153 3517 1252 3556 suo
1295 3501 1496 3555 nostris
1520 3499 1842 3553 utilitatibus

257 3597 522 3649 honorem
549 3605 606 3650 et
635 3596 973 3651 commodum
1000 3603 1411 3664 proventurum,
1447 3593 1492 3646 si
1530 3591 1843 3646 monasticze

258 3685 541 3756 religionis
575 3684 832 3752 studium,
859 3686 1119 3741 hactenus
1160 3685 1408 3756 partibus
1457 3683 1562 3738 illis
1600 3682 1843 3753 incogni-

258 3787 398 3841 tum,
424 3777 659 3847 qualiter
687 3779 826 3847 apud
857 3794 954 3832 nos
977 3789 1104 3833 tunc
1126 3777 1307 3846 vigere
1335 3787 1670 3847 perceperat,
1701 3774 1844 3845 apud

259 3879 358 3920 eos
385 3866 637 3935 deinceps
667 3867 821 3922 nobis
845 3867 1185 3922 studentibus
1209 3875 1569 3922 assuesceret.
1609 3865 1726 3920 Mox
1753 3881 1846 3920 ve—

261 3956 527 4011 nerabilis
556 3955 742 4023 Pater,
795 3957 1092 4012 deliberato
1141 3959 1392 4023 consilio,
1447 3958 1732 4013 duodecim
1779 3957 1846 4012 de

262 4047 583 4102 melioribus
627 4048 787 4118 hujus
839 4048 1067 4103 coenobii
1117 4047 1377 4104 fratribus
1425 4049 1620 4120 elegit,
1659 4050 1846 4118 eisque

240 4134 374 4194 'tam
407 4140 716 4196 divinarum
743 4140 1152 4211 Seripturarum
1183 4143 1399 4196 codices
1419 4183 1434 4207 ,
1459 4159 1581 4197 cum
1613 4143 1846 4197 diversis

264 4228 623 4284 ecclesiastici
669 4231 960 4284 ministerii
1019 4231 1368 4300 apparatibus
1419 4246 1484 4285 ac
1531 4239 1844 4285 sanctorum

260 4320 585 4389 patrociniis
605 4321 877 4391 plurimis,
911 4337 1072 4393 quant
1103 4332 1160 4377 et
1185 4322 1521 4378 diversarum
1547 4339 1728 4377 rerum
1753 4339 1846 4377 su-

264 4408 588 4476 pellectilem
617 4411 958 4467 abundanter
979 4412 1242 4484 praebens,
1268 4426 1475 4468 necnon
1498 4423 1551 4469 et
1573 4414 1844 4479 abbatem,

1946 3213 2114 3267 cessit
2158 3228 2284 3266 cum
2333 3211 2538 3266 colonis
2577 3223 2629 3266 ct
2680 3213 2852 3270 servis
2882 3214 3292 3282 quamplurimts
3322 3225 3375 3268 et
3405 3233 3528 3269 cum

1943 3303 2263 3358 substantiis
2293 3319 2354 3358 ac
2382 3303 2816 3372 possessionibus
2846 3304 3074 3375 magnis.
3120 3304 3273 3358 Hunc
3312 3307 3532 3360 aemula-

1947 3402 2032 3449 tus
2062 3395 2127 3447 ad
2160 3394 2360 3448 bonum
2406 3393 2542 3448 alter
2571 3409 2665 3447 rex
2711 3393 2950 3462 ejusdem
2987 3392 3276 3458 δειγάίιιίτυ,
3309 3395 3526 3450 nomine

1945 3486 2358 3556 Torchytorius,
2383 3485 2510 3540 fecit
2530 3495 2583 3540 et
2607 3485 2720 3556 ipse
2740 3486 3040 3540 chartulam
3072 3486 3360 3541 oblationis
3395 3501 3528 3552 sum,

1931 3581 1998 3631 ’et
2027 3576 2327 3630 transmisit
2352 3575 2416 3629 ad
2443 3575 2546 3630 hoc
2573 3577 2983 3640 monasterium,
3011 3580 3074 3630 de
3103 3576 3301 3629 Sancto
3322 3575 3532 3630 scilicet

1948 3667 2230 3723 Vincentio
2299 3667 2364 3720 de
2423 3664 2692 3731 Taberna,
2745 3675 2849 3722 etc.
2910 3667 2975 3721 ad
3036 3666 3419 3720 monasterium
3463 3683 3531 3722 ex

1945 3763 2024 3816 eis
2060 3759 2568 3814 constituemlum...
2591 3757 2673 3813 Ad
2703 3757 2926 3813 Pisanos
2953 3769 3211 3829 prieterea
3235 3757 3443 3829 legatus
3464 3761 3531 3813 ab

1947 3853 2257 3908 Alexandro
2293 3868 2430 3924 papa
2454 3852 2613 3907 simul
2641 3868 2760 3908 cum
2795 3852 3060 3906 monacho
3083 3861 3270 3907 nostro
3293 3853 3535 3908 direcuts

1945 3954 2048 4006 est,
2080 3953 2161 4010 tit,
2194 3943 2296 3998 nisi
2328 3949 2615 3999 anathema
2653 3943 2848 3997 vellent
2878 3943 3230 4014 aposto'icutn
3285 3944 3534 4012 protinus

1947 4035 2209 4105 experiri,
2263 4049 2482 4089 causam
2532 4034 2678 4089 Beati
2728 4033 3024 4098 Benedicti,
3080 4049 3239 4103 quant
3283 4035 3535 4104 nequiter

1948 4127 2322 4198 abripuerant,
2368 4141 2437 4183 ex
2473 4127 2682 4197 integro
2734 4127 3114 4181 redderent....
3163 4125 3256 4195 qui
3316 4127 3533 4181 satiata-

1947 4220 2248 4273 cientes....
2278 4218 2335 4270 in
2367 4216 2625 4271 Desiderii
2657 4218 2886 4285 gratiam
2911 4217 3197 4268 redierunt.

2032 4307 2142 4361 Viri
2181 4308 2412 4361 illustres
2437 4305 2885 4360 Cassinenses.—
2927 4305 3032 4359 Sed
3079 4321 3202 4360 cum
3245 4305 3533 4374 praedictus

1949 4399 2274 4468 apostolicus
2299 4413 2507 4466 magnae
2533 4395 2819 4449 admodum
2841 4395 2983 4449 circa
3018 4395 3120 4449 hoc
3143 4395 3530 4450 ntouaSterittm

264 4499 356 4566 qui
383 4499 492 4553 illis
520 4515 753 4569 przcesse
779 4502 1022 4569 deberet,
1063 4502 1370 4570 instituens,
1401 4504 1563 4558 nimis
1605 4520 1700 4560 eos
1748 4505 1842 4558 ho-

1951 4489 2252 4543 devotionis
2278 4487 2557 4550 existeret,
2587 4498 2907 4556 suggerente
2933 4493 3137 4554 pariter
3161 4494 3214 4542 et
3244 4487 3533 4558 instigante

267 4590 493 4644 norifice
526 4591 652 4646 illuc
703 4607 825 4647 cum
876 4593 1256 4662 Cajetanorum
1313 4610 1450 4650 nave
1496 4595 1714 4650 direxit.
1749 4593 1849 4650 Ve-

267 4691 575 4737 tumtanien
614 4683 723 4738 Deo
750 4686 1120 4753 permittente,
1160 4695 1215 4740 et
1266 4685 1466 4740 Satana
1498 4687 1846 4757 impediente,

266 4786 358 4825 res
388 4770 578 4826 eadem
624 4775 812 4829 eodem
862 4784 1102 4845 tempore
1144 4774 1209 4828 ad
1265 4775 1513 4830 effectum
1564 4776 1851 4845 pervenire

268 4877 374 4914 non
409 4863 606 4932 potuit.
638 4862 820 4918 Pisoni
866 4865 1132 4935 siquidem
1169 4867 1404 4920 maxima
1438 4865 1733 4922 Sardorum
1771 4868 1852 4920 in-

269 4955 410 5009 vidia
444 4956 612 5019 ducti,
643 4972 764 5010 cum
791 4956 905 5024 iam
929 4959 1098 5013 nostri
1125 4959 1192 5013 ad
1218 4957 1451 5013 insulam
1511 4973 1632 5028 quze
1653 4959 1852 5015 Lilium

265 5052 499 5066 —---‘--_
541 5059 701 5066 ...ι-α-.-

1955 4579 2323 4636 llildebrando
2351 4577 2756 4642 archidiacono,
2814 4577 2858 4630 si
2908 4593 3043 4646 quos
3098 4595 3163 4632 ex
3219 4579 3322 4632 hac
3375 4579 3535 4631 domo

1953 4670 2150 4725 fratres
2199 4686 2229 4724 a
2259 4671 2461 4725 domno
2505 4669 2700 4724 abbate
2732 4669 3015 4738 acquirere
3058 4680 3290 4740 poterat,
3317 4669 3398 4724 vel
3437 4684 3535 4722 suo

1953 4763 2108 4817 lateri
2158 4762 2225 4816 ad
2273 4761 2700 4818 ecclesiasticum
2745 4762 3103 4815 ministerium
3160 4765 3421 4826 sociabat,
3452 4761 3538 4816 vel

1956 4867 2104 4911 certe
2131 4857 2184 4911 in
2213 4857 2494 4926 episcopos
2528 4855 2644 4907 sive
2675 4851 2899 4906 abbates
2931 4854 3230 4910 honoritiee
3251 4868 3541 4926 promove-

1945 4947 2342 5003 'hat.'l‘odinum
2358 4947 2520 5018 igitur
2541 4943 2762 5000 Berardi
2790 4945 3090 5002 Marsorum
3114 4949 3332 5004 comitis
3351 4945 3544 5006 lilium,

1962 5040 2180 5066 οη--.--..
2217 5041 2278 5064 ειη.
2333 5055 2386 5062 -Α
2429 5037 2750 5062 ΑΑΑλριιξ..-ομ-
2827 5038 2839 5060 ξ
2867 5056 2873 5057 κ
2922 5039 2943 5058 '
3005 5052 3016 5058 ι
3260 5043 3272 5055 ο
3368 5036 3524 5056 --κομη

2429 5048 2750 5062 ΑΑΑλρηι..--μ-
