4044 5360
517 296 628 352 9'55

1554 277 1779 337 GESTA
1821 272 2162 333 DESIDEBII
2205 272 2500 328 ABBATIS
2541 271 2787 337 C.\SIN.,

3684 279 3792 336 956

520 404 820 476 appellatur
853 400 1218 465 Forismuros,
1261 393 1589 450 earl'rnalem
1638 390 1799 446 simul
1841 398 1895 444 ct
1934 390 2099 443 abba—
2125 391 2178 449 Α
2200 402 2319 441 eam
2341 387 2637 442 sustinetur
2658 395 2933 451 venturus,
2959 402 3020 442 ac
3045 386 3196 456 juxta
3223 391 3394 463 culpas
3420 394 3639 449 modum
3667 412 3795 451 scn-

502 508 631 551 ‘tem
660 493 922 559 sacravit;
968 491 1063 545 sed
1115 500 1171 543 et
1218 483 1565 541 Ambrosium
1623 478 2101 543 Mediolanenscm,

497 590 843 661 'prudentem
869 582 1218 640 nihilominus
1239 588 1295 634 et
1318 572 1590 633 eruditum
1626 589 1731 628 non
1760 572 2106 628 mediocriter

501 680 819 743 hominem,
859 678 912 731 in
942 670 1321 729 Terracinensi
1351 667 1592 724 Ecclesia
1619 666 1932 736 episcopum
1962 665 2108 719 ordi-

520 772 694 828 navit.
755 768 1048 827 Geraldum
1101 766 1266 820 etiam
1332 761 1705 818 doctissimum
1764 774 1862 828 per
1922 756 2106 812 omnia

522 866 803 927 clericum,
858 859 1212 916 Teutonicum
1263 870 1479 925 genere,
1540 852 1593 907 in
1638 850 2107 920 archiepiscopum

524 958 782 1013 Ecclesia:
812 953 1109 1024 Sipontiuzn
1129 948 1390 1021 prtefecit.
1428 946 1533 1001 Per
1562 946 1702 1001 idem
1735 956 1950 1013 quoque
1971 951 2108 995 tem-

432 1106 435 1107 .
508 1062 621 1120 pus
688 1058 741 1103 et
798 1046 959 1111 Milo,
1000 1043 1243 1114 Capuani
1297 1038 1612 1095 monasterii
1661 1035 2001 1106 praepositus,
2052 1032 2107 1088 in

525 1141 796 1195 Suessana
844 1135 1087 1192 Ecclesia
1133 1132 1421 1205 episcopus
1451 1128 1627 1184 factus
1652 1136 1765 1192 est;
1812 1124 2106 1189 etPctrus,

523 1232 617 1302 qui
644 1231 925 1285 dicebatur
959 1224 1255 1292 Allienulfi,
1291 1222 1463 1293 patris
1502 1217 1807 1291 agnomine,
1852 1216 1918 1271 dc
1951 1214 2107 1270 nobi-

523 1324 666 1379 libus
702 1322 995 1393 Capuanis,
1042 1318 1131 1388 qui
1177 1315 1519 1388 postmodum
1560 1311 1746 1366 Romae
1804 1308 1980 1363 factus
2028 1314 2112 1362 est

525 1412 840 1481 cardinalis,
859 1413 926 1469 ad
956 1412 1230 1467 abbatiam
1260 1408 1444 1464 Sancti
1460 1405 1735 1461 Benedicti
1763 1404 1829 1459 de
1857 1402 2107 1467 Saleruo,

528 1506 682 1575 cujus
698 1507 811 1576 jam
842 1520 1007 1574 supra
1030 1503 1258 1558 fecimus
1296 1499 1651 1562 mentionem,
1693 1504 1884 1567 rogatu
1933 1494 2112 1549 Saler-

526 1599 696 1654 nitani
751 1596 1010 1668 principis
1060 1605 1144 1649 est
1191 1591 1561 1647 transmissus.
1618 1589 1820 1644 Eodem
1870 1596 2111 1657 tempore

526 1692 767 1747 solemne
812 1689 1087 1745 Desiderio
1145 1684 1484 1757 privilegium
1545 1682 1686 1738 idem
1735 1680 2108 1752 apostolicus,

525 1792 727 1853 przeter
785 1790 1014 1844 caetera,
1074 1794 1239 1851 super
1300 1776 1613 1831 omnimoda
1669 1774 1829 1845 hujus
1877 1771 2109 1829 emnobii

528 1873 781 1928 libertate
802 1872 1093 1936 concessit,
1121 1885 1189 1924 ne
1214 1866 1468 1924 videlicet
1504 1865 1700 1937 aliquis
1734 1863 1962 1934 alicujus
2010 1864 2113 1919 Ec-

529 1964 711 2019 clesiae
731 1964 1040 2035 episeOpus,
1077 1969 1276 2033 prteter
1307 1962 1609 2016 llomanuin
1640 1957 1972 2028 pontificem,
2005 1973 2113 2012 non

529 2053 703 2109 solum
735 2053 788 2108 in
821 2063 1008 2110 nostra
1033 2068 1096 2107 ac
1126 2051 1409 2124 principali
1438 2050 1695 2116 ecclesia,
1719 2064 1907 2104 verum
1944 2048 2113 2131 etiam

529 2145 587 2200 in
634 2145 883 2199 omnibus
936 2144 1134 2213 ubique
1192 2143 1431 2199 locorum
1503 2142 1662 2197 nobis
1716 2140 2116 2215 pertinentibus

531 2234 684 2289 cellis
730 2233 1025 2304 quamlibet
1063 2232 1325 2288 ditionem
1365 2245 1625 2301 usurpare
1673 2228 1913 2300 qualibet
1958 2227 2119 2283 modo

531 2332 909 2392 praesumeret,
944 2323 1267 2379 auctoritate
1302 2322 1599 2394 apostolica
1622 2319 1974 2376 interdicens.
2001 2319 2119 2386 Quo

530 2415 695 2470 etiam
726 2426 968 2486 tempore
1006 2431 1131 2472 cum
1172 2415 1570 2473 llildcbrandus
1612 2414 1901 2484 Capuanus
1942 2413 2120 2468 archi-

531 2508 841 2578 episcopus,
876 2508 1110 2564 elatione
1149 2508 1384 2578 quadam
1433 2508 1699 2578 turgidus,
1745 2514 1936 2562 contra
1982 2507 2121 2560 hanc

533 2603 911 2655 auctoritatem
938 2600 1129 2657 fuisset
1156 2602 1602 2656 submurtnurare
1628 2608 1876 2665 conatus,
1907 2599 2122 2670 publice

532 2690 589 2746 in
621 2692 861 2746 Romana
889 2694 1114 2763 synodo,
1139 2692 1293 2747 nobis
1319 2708 1481 2762 super
1502 2693 1604 2746 hoc
1634 2691 2119 2760 proclamantilms,

536 2782 834 2854 privilegiis
863 2785 1008 2839 sedis
1039 2781 1348 2854 apostolica:
1404 2783 1705 2847 convictus,
1759 2796 1816 2836 se
1870 2796 2123 2851 peccasse

539 2875 821 2930 confessus
848 2884 953 2940 est,
983 2885 1092 2929 etc.

611 2966 845 3020 Monast.
882 2964 1243 3019 Trcmiuense.
1283 2992 1353 3005 -—
1377 2963 1650 3020 Praeterea
1696 2980 1817 3019 cum
1851 2965 1917 3020 de
1945 2976 2122 3019 recto-

538 3056 693 3111 ribus
720 3055 1102 3111 Tretnittensis
1152 3056 1410 3121 emnobii,
1439 3057 1582 3127 quod
1617 3057 1770 3112 nobis
1822 3056 2121 3128 antiquitus

536 3147 865 3215 pertinuisse
912 3145 1280 3203 Romanorum
1312 3164 1530 3221 quoque
1583 3149 1900 3220 pontificum
1953 3152 2120 3220 privi-

537 3236 677 3308 legia
713 3239 971 3309 pleraque
1022 3246 1307 3305 testantur,
1359 3239 1526 3294 multa
1576 3255 1640 3294 eo
1692 3250 1932 3310 tempore
1967 3241 2123 3296 iulio--

522 3334 695 3385 'nesta
722 3339 777 3386 et
805 3330 1034 3386 nefanda
1062 3331 1491 3402 divulgarcntur,
1521 3332 1695 3386 eidem
1728 3331 2008 3388 Desiderio
2052 3333 2119 3389 ad

540 3422 950 3492 disquirendum
976 3432 1029 3478 et
1064 3424 1453 3494 disponendum
1487 3426 1640 3490 illud,
1667 3437 1823 3497 prout
1849 3427 1950 3482 sibi
1978 3428 2119 3497 opti—

538 3527 687 3565 mum
720 3512 1020 3578 videretur,
1050 3514 1173 3568 data
1221 3514 1288 3568 ab
1337 3516 1632 3585 apostolico
1671 3518 1968 3572 auctoritas
2016 3526 2120 3573 est.

541 3604 794 3670 Quicum
845 3604 1093 3660 abbatem
1143 3606 1381 3677 ejusdem
1436 3608 1537 3663 loci
1583 3609 1781 3675 Adam,
1832 3610 2121 3665 multorum

542 3696 847 3749 facinorum
906 3712 1057 3750 reum
1113 3697 1451 3765 convictum,
1506 3700 1700 3755 exinde
1756 3701 2121 3766 subduxisset,

540 3785 784 3839 Boberto
815 3784 881 3838 de
906 3785 1214 3842 Laurotello
1234 3798 1288 3843 et
1316 3790 1549 3845 Petrone
1572 3791 1637 3845 dc
1666 3791 1865 3846 Lesina
1909 3793 2124 3847 corniti-

542 3875 669 3940 bus,
694 3881 749 3929 et
776 3875 1044 3946 episcopis
1083 3878 1339 3945 Trojano,
1376 3881 1788 3939 Draconarieusi
1834 3898 1899 3939 ac
1926 3883 2127 3939 Civita-

545 3964 705 4029 tcnsi,
738 3981 946 4020 necnon
973 3974 1029 4022 et
1064 3966 1257 4023 abbate
1286 3969 1470 4025 Terrae
1504 3971 1721 4040 Majoris
1763 3988 1823 4027 se
1860 3975 2124 4029 comitan-

544 4052 711 4120 tibus,
745 4056 973 4113 insulam
1014 4058 1297 4128 prtefatam
1344 4061 1637 4133 ingressus.
1691 4064 2124 4121 Trausmundum

546 4143 703 4210 inibi,
729 4144 898 4200 filium
925 4147 1158 4203 Oderisii
1191 4148 1490 4206 Marsorum
1523 4153 1771 4221 comitis,
1819 4157 1980 4212 nimis
2032 4158 2130 4212 bo-

548 4237 774 4292 norifice
792 4238 1008 4294 ordinat
1033 4240 1086 4295 in
1115 4242 1388 4309 abbatem,
1412 4245 1643 4318 egregia:
1664 4262 1795 4303 sane
1823 4256 1951 4304 tunc
1978 4250 2130 4303 indo-

546 4327 613 4384 lis
640 4330 1059 4398 adolescentem,
1102 4335 1381 4404 prudentia
1430 4348 1485 4392 et
1533 4338 1728 4394 litteris
1781 4358 1885 4396 non
1938 4359 2127 4411 parum

543 4420 842 4483 valentem,
876 4420 1118 4476 honestis
1154 4440 1366 4495 quoque
1409 4430 1651 4485 moribus
1695 4431 1798 4486 hoc
1848 4433 1899 4486 in
1950 4432 2065 4489 loco
2095 4451 2125 4489 a

545 4523 717 4579 puero
773 4510 1103 4578 institutum,
1177 4516 1281 4571 nisi
1339 4519 1552 4574 demum
1604 4523 1962 4591 pessimorum
2022 4526 2124 4582 loci

547 4600 716 4667 ipsius
754 4600 981 4659 fratrum
1012 4605 1250 4660 consiliis
1276 4622 1531 4664 assensus
1552 4610 1763 4679 fuisset,
1790 4616 1883 4670 sed
1912 4616 2125 4671 illorqu

546 4689 725 4757 plane,
759 4708 895 4761 quos
929 4694 1003 4750 illi
1033 4696 1200 4751 etiam
1242 4711 1429 4755 noster
1474 4702 1640 4757 abbas
1682 4704 1986 4775 iniunxerat
2033 4726 2128 4764 an-

548 4780 879 4837 scultandos.
908 4784 1067 4852 Nam,
1116 4789 1467 4847 redeuntibus
1506 4796 1730 4862 nostris,
1778 4814 1978 4868 paucos
2005 4811 2128 4870 post

547 4866 667 4921 dies
694 4871 868 4926 tribus
892 4873 958 4927 de
983 4877 1255 4943 prioribus
1275 4878 1515 4949 ejusdem
1549 4883 1649 4939 loci
1688 4866 1968 4943 monachis
1998 4866 2128 4945 ocu-

550 4953 633 5008 los
674 4958 841 5023 eruit,
882 4962 973 5015 uni
1002 4979 1130 5019 vero
1162 4965 1401 5036 linguam
1447 4971 1713 5039 abscidit;
1746 4975 1958 5031 fuerant
1983 4979 2127 5034 enim

552 5047 694 5112 apud
721 5060 843 5101 eum
871 5049 939 5103 de
969 5052 1323 5112 rebellatioue
1355 5060 1547 5116 insula:
1576 5078 1604 5115 a
1626 5065 1785 5119 sociis
1814 5066 2124 5122 insimulati.

551 5133 705 5199 Quod
730 5136 819 5226 ubi
847 5138 1124 5195 Desiderio
1147 5155 1333 5203 nostro
1357 5151 1585 5206 relatum
1608 5164 1710 5220 est,
1727 5155 1943 5226 indigne
1969 5160 2129 5214 nimis

548 5233 603 5276 et
637 5225 871 5314 graviter
901 5230 1134 5297 excepit,
1182 5241 1236 5285 et
1281 5239 1518 5296 maximo
1543 5251 1628 5297 est
1656 5259 1816 5314 super
1845 5225 1946 5301 ista
1993 5265 2129 5305 mce-

553 5326 680 5360 ΙὊΙῊ
711 5313 1008 5360 confectus-
1047 5326 1156 5360 111111
1190 5336 1288 5360 nm
1317 5341 1594 5360 nonan-num
1624 5313 1837 5360 maius-
1900 5343 2007 5360 ιη...
2034 5354 2125 5360 _-..-

2208 478 2432 532 tentiam
2462 488 2817 548 excepturus:
2859 494 3040 549 quem,
3074 489 3196 535 eum
3228 486 3486 553 venisset,
3540 488 3593 542 in
3625 489 3794 545 torius

2207 569 2524 624 monasterii
2551 580 2821 624 conventu
2848 586 3036 642 aspera
3070 570 3235 629 nimis
3271 585 3325 632 et
3353 578 3511 648 digna
3544 580 3786 651 castiga-

2209 658 2355 714 tione
2383 670 2691 731 correptnm
2723 664 2957 733 graviori
2986 668 3313 736 poenitentia‘
3343 671 3602 736 subdidit,
3632 690 3752 728 eam
3772 701 3791 714 ο

2207 767 2312 821 que
2338 751 2463 807 illuc
2492 766 2740 808 remeare
2772 755 2997 812 ulterius
3028 774 3135 813 non
3176 762 3439 830 permisit.
3474 763 3796 820 HilJebraiv

2208 843 2307 898 dus
2337 852 2517 899 autem
2578 842 2993 904 archidiaconus
3063 866 3126 906 ea
3202 868 3320 923 quae
3377 848 3793 914 Transmundus

2208 947 2390 1006 egerat
2418 939 2745 994 omnimodis
2774 944 3099 1011 approbatis,
3148 956 3202 1001 et
3252 964 3594 1020 nequaquam
3644 951 3791 1005 illum

2208 1028 2312 1084 hoc
2338 1031 2648 1096 crudeliter,
2676 1036 2769 1088 sed
2799 1043 3019 1091 strenue
3044 1053 3109 1092 ac
3139 1038 3298 1110 digne
3324 1041 3376 1095 in
3403 1042 3668 1111 malignos
3691 1044 3791 1097 ho-

2208 1120 2382 1175 mines
2427 1122 2618 1178 fecisse
2644 1125 2993 1191 confirmans,
3039 1129 3275 1184 nondum
3325 1146 3469 1187 anno
3501 1128 3789 1202 completo,

2209 1226 2332 1267 eum
2362 1228 2391 1266 a
2420 1215 2617 1268 domno
2648 1216 2845 1271 abbate
2889 1217 3179 1287 aliquando
3221 1220 3507 1277 difﬁculter
3534 1225 3793 1283 extorsit.

2210 1314 2371 1374 atque
2391 1306 2662 1362 abbatiam
2695 1310 2878 1363 Sancti
2908 1308 3200 1367 Clemenlis
3222 1312 3288 1368 de
3310 1310 3484 1370 Insula
3509 1314 3792 1373 Balvcnsis

2212 1394 2337 1469 [al.,
2381 1397 2702 1472 Penneusis]
2734 1401 3027 1456 comitatus
3075 1403 3252 1473 primo
3302 1405 3375 1460 illi
3428 1407 3790 1473 committens,

2209 1486 2372 1557 paulo
2390 1497 2510 1557 post
2531 1490 2707 1545 eidem
2738 1491 3014 1549 Balvensis
3037 1494 3375 1567 episcopatus
3390 1497 3596 1553 addidit
3622 1499 3796 1569 digni-

2212 1589 2398 1646 tatem,
2423 1592 2529 1637 CIC.

2286 1672 2489 1728 Novam
2522 1674 2793 1730 basilicam
2849 1678 3100 1747 redi/icui.
3140 1672 3274 1749 Eius
3319 1679 3621 1752 descriptio.
3648 1714 3719 1724 —
3743 1682 3799 1738 In

2215 1765 2359 1819 omni
2410 1765 2570 1836 igitur
2621 1768 2788 1822 abbas
2844 1771 3163 1827 venerabilis
3209 1775 3567 1844 prosperitate
3626 1787 3790 1846 atque

2215 1856 2396 1925 quiete
2444 1858 2651 1913 meritis
2700 1860 2996 1916 beatissimi
3054 1862 3232 1919 Patris
3286 1866 3455 1921 nostri
3518 1863 3798 1923 Benedicti

2215 1947 2473 2003 divinitus
2500 1950 2844 2013 constitutus,
2901 1961 2956 2007 et
2996 1955 3046 2007 in
3102 1962 3249 2010 tanta
3311 1957 3379 2011 ab
3434 1958 3706 2012 universis
3747 1959 3801 2013 in

2216 2037 2444 2093 circuitu
2469 2039 2884 2097 honorificentia
2916 2043 3157 2105 habitus.
3191 2055 3375 2103 utnon
3404 2052 3562 2104 modo
3596 2053 3805 2107 medios

2216 2146 2338 2188 cres
2365 2132 2583 2202 quique,
2608 2148 2795 2189 verum
2842 2136 3004 2190 etiam
3052 2138 3151 2208 ipsi
3199 2154 3388 2195 eorum
3433 2138 3705 2212 principes
3741 2155 3808 2197 ac

2219 2224 2383 2278 duces
2402 2223 2645 2278 libenter
2667 2226 2715 2281 ci
2750 2227 2972 2283 obedire
2996 2228 3221 2301 ejusque
3235 2231 3496 2287 voluntati
3522 2248 3628 2289 non
3652 2233 3809 2287 aliter

2219 2330 2379 2383 quam
2406 2315 2486 2369 sui
2519 2316 2689 2386 patris
2716 2332 2778 2371 ac
2803 2318 3007 2372 domini
3033 2318 3084 2373 in
3109 2321 3363 2377 omnibus
3392 2337 3583 2393 parere
3619 2324 3805 2378 studeo

2221 2415 2359 2466 rent.
2410 2405 2477 2458 ad
2507 2415 2742 2461 veterem
2788 2408 3105 2465 diruendam
3156 2412 3460 2482 ecclesiam,
3504 2425 3560 2470 et
3609 2429 3807 2470 novam

2219 2497 2497 2568 pulchrius
2525 2509 2687 2570 atque
2713 2503 2995 2573 augustius
3019 2504 3413 2574 aedificandam,
3443 2522 3548 2561 non
3580 2506 3699 2562 sine
3724 2507 3808 2562 di-

2221 2590 2347 2645 vino
2388 2590 2670 2657 instinctu,
2699 2594 2939 2648 animum
2983 2596 3219 2667 appulit;
3260 2598 3505 2669 quamvis
3534 2598 3808 2669 plerisque

2223 2690 2352 2737 tunc
2381 2682 2448 2738 de
2477 2683 2678 2738 nostris
2705 2685 2974 2754 prioribus
3003 2701 3167 2757 grave
3202 2687 3426 2742 nimium
3467 2688 3520 2744 id
3549 2696 3605 2744 et
3636 2688 3809 2743 inten-

2226 2771 2393 2827 tabile
2441 2772 2735 2840 videretur,
2789 2774 3190 2847 plurimumque
3237 2776 3305 2832 ab
3353 2779 3456 2834 hac
3508 2778 3807 2834 intentione

2224 2875 2461 2922 mentem
2494 2866 2638 2921 illius
2665 2876 2914 2924 avertere
2967 2878 3081 2924 tum
3117 2870 3388 2941 precibus,
3430 2880 3543 2926 tum
3577 2872 3805 2926 rationi-

2222 2956 2345 3023 bus,
2369 2958 2652 3027 modisque
2676 2959 2927 3016 omnibus
2957 2962 3067 3016 sint
3092 2962 3294 3029 conati,
3324 2963 3522 3035 quippe
3552 2978 3584 3018 a
3611 2964 3805 3035 quibus

2223 3050 2371 3105 omni
2399 3050 2518 3105 vitae
2544 3066 2656 3106 suae
2684 3060 2925 3122 tempore
2956 3062 3165 3109 tantum
3194 3070 3328 3126 opus
3360 3072 3465 3112 non
3490 3070 3650 3128 posse
3681 3073 3803 3127 per-

2149 3111 2192 3172 C
2226 3139 2311 3196 fici
2355 3143 2737 3207 aestimaretur,
2785 3159 2909 3198 cum
2947 3143 3060 3211 ille,
3094 3143 3205 3200 Deo
3230 3111 3448 3212 'fidens,
3490 3111 3577 3202 'ad
3627 3111 3805 3202 omnia

2222 3248 2342 3303 qua:
2380 3249 2477 3303 pro
2520 3233 2630 3289 Deo
2682 3234 2819 3290 fiunt
2862 3235 2955 3291 Dei
2998 3236 3098 3292 sibi
3144 3238 3311 3294 solius
3341 3239 3690 3310 polliceretur
3739 3256 3801 3296 ac

2221 3327 2623 3397 pratstolaretur
2665 3327 2943 3384 auxilium.
2990 3329 3146 3385 Anno
3189 3330 3374 3402 itaque
3426 3332 3795 3388 ordinationis

2223 3435 2334 3475 sure
2380 3436 2541 3484 nouo,
2589 3421 2781 3476 divina:
2829 3430 3009 3478 autem
3065 3423 3455 3481 incarnationis
3508 3425 3798 3482 millesimo

2225 3514 2561 3581 sexagesimo
2589 3524 2762 3579 sexto,
2791 3530 2977 3570 mense
3014 3514 3225 3583 Martio,
3262 3519 3552 3574 indictione
3583 3528 3799 3588 quarta.

2224 3616 2535 3661 cmistructa
2589 3607 2738 3676 prius
2779 3605 2935 3676 juxta
2974 3607 3367 3664 infirmantium
3413 3612 3630 3665 domum
3697 3627 3803 3666 non

2224 3698 2357 3753 satis
2386 3713 2579 3769 magna
2620 3698 2768 3753 Beati
2812 3698 2957 3754 Petri
3000 3699 3247 3767 basilica,
3303 3703 3355 3757 in
3409 3719 3515 3773 qua
3560 3703 3810 3757 videlicet

2225 3788 2425 3845 fratres
2454 3791 2521 3843 ad
2548 3789 2728 3844 divina
2752 3788 2927 3845 oﬂicia
2954 3790 3169 3846 interim
3201 3792 3576 3858 convenirent,
3622 3807 3809 3862 supra-

2226 3882 2425 3937 dictam
2438 3881 2586 3937 Beati
2610 3881 2884 3938 Benedicti
2907 3884 3214 3951 ecclesiam,
3233 3878 3340 3940 tam
3366 3887 3633 3957 parvitate
3646 3900 3808 3957 quam

2228 3972 2569 4027 deformitate
2597 3973 2851 4029 thesauro
2874 3982 3023 4028 tanto
3038 3983 3308 4045 tantzeque
3334 3975 3559 4030 fratrum
3581 3990 3808 4044 congre-

2228 4063 2431 4135 gationi
2458 4064 2831 4133 incongruam,
2856 4073 3102 4120 evertere
3129 4080 3161 4119 a
3192 4064 3556 4121 fundamentis
3588 4080 3809 4137 aggreso

2228 4171 2322 4210 sus
2343 4163 2442 4211 est.
2462 4156 2815 4227 thuoniam,
2834 4158 2887 4212 in
2901 4157 3017 4226 ipso
3040 4159 3239 4214 montis
3253 4160 3456 4214 vertice
3476 4170 3809 4222 constructa,

2229 4258 2286 4303 et
2338 4258 2623 4303 ventorum
2679 4250 3092 4305 vehementibus
3145 4250 3329 4305 flabris
3378 4265 3810 4320 quaquaversum

2232 4348 2501 4409 patuerat,
2529 4348 2584 4393 et
2616 4340 2786 4409 igneis
2818 4339 3132 4409 frequenter
3161 4338 3341 4393 fuerat
3386 4347 3589 4394 attacta
3637 4338 3811 4393 fulmi-

2235 4431 2411 4494 nibus,
2452 4430 2661 4494 statuit,
2692 4429 2760 4484 dc
2796 4429 2909 4484 solo
2939 4428 3033 4485 Dei
3080 4428 3281 4483 auxilio
3331 4428 3522 4494 fidens,
3570 4428 3810 4499 ejusdem

2232 4523 2427 4576 montis
2451 4535 2667 4574 saxeam
2695 4521 2916 4575 cristam
2947 4520 3068 4590 igne
3093 4520 3345 4589 ferroque
3384 4520 3696 4585 excindere,
3738 4528 3808 4581 et,

2228 4622 2487 4682 quantum
2501 4612 2676 4680 spatio
2691 4609 2973 4664 fundandae
2994 4610 3227 4665 basilica:
3248 4618 3428 4681 posset
3450 4609 3716 4676 sufﬁcere,
3739 4610 3812 4663 ιυ.

2229 4720 2352 4758 cum
2381 4704 2434 4757 in
2468 4703 2576 4765 imo
2596 4702 2892 4762 defossum,
2913 4718 3020 4772 quo
3044 4702 3393 4758 fundamenta
3409 4701 3643 4771 iaceret,
3674 4718 3815 4757 eom-

2230 4793 2471 4863 planare.
2494 4793 2771 4848 Ordinatis
2786 4794 2951 4865 igitur
2970 4794 3063 4863 qui
3078 4794 3193 4848 haec
3213 4802 3325 4848 toto
3347 4794 3467 4848 nisu
3487 4803 3542 4847 et
3557 4793 3812 4848 instantia

2230 4901 2436 4939 suuuua
2462 4886 2807 4956 perficerent,
2834 4887 2945 4956 ipse
2961 4887 3165 4942 interea
3186 4886 3412 4942 Romam
3428 4886 3813 4957 profectnsest,

2235 4986 2289 5031 et
2314 4977 2676 5031 amicissimos
2703 4994 2947 5048 quosque
2974 4979 3333 5043 conveniens,
3365 4978 3635 5047 simulque
3665 4979 3813 5048 larga

2236 5081 2397 5121 manu
2450 5068 2707 5137 pecunias
2754 5078 3055 5140 opportune
3108 5071 3450 5139 dispensans,
3513 5070 3812 5137 columnas,

2236 5158 2394 5215 bases
2430 5175 2493 5214 ac
2521 5160 2655 5225 lilia,
2685 5177 2896 5218 necnon
2928 5171 2985 5216 et
3006 5162 3346 5220 diversorum
3394 5162 3638 5216 colorum
3668 5177 3815 5215 mar-

2238 5264 2388 5303 mora
2412 5250 2753 5305 abundanter
2775 5252 2995 5318 coernit,
3024 5252 3222 5322 illaque
3245 5253 3429 5307 omnia
3458 5251 3527 5306 ab
3564 5251 3711 5307 Urbe
3750 5252 3815 5305 ad

2215 5339 2271 5360 ἠ
2344 5350 2373 5360 ι.
2444 5358 2449 5360 .
2580 5343 2615 5360 “
2690 5354 2699 5360 ι
2868 5354 2878 5360 Α
3026 5345 3063 5360 η
