4044 5360
241 253 348 310 937

1301 240 1722 302 POSTMODUM
1769 237 2086 295 VICTORIS
2123 239 2186 296 Ill
2224 241 2450 298 ΡΑΡᾸΞ.

3382 237 3485 293 958

232 369 360 432 lium
385 365 802 436 obsequentium
825 361 1135 427 admireris,
1185 361 1417 433 primam
1468 360 1556 416 hic
1606 357 1816 414 colum-
1845 359 1889 417 Α
1921 333 2226 411 venerabile
2256 357 2389 412 satis
2433 357 2584 414 Beati
2633 358 3013 418 Bartholomrei
3065 361 3293 432 apostoli
3324 374 3510 420 orato-

232 473 354 514 nam
384 458 454 513 ab
486 458 606 526 ipso
634 455 836 512 mentis
869 455 1026 509 initio
1051 453 1163 508 sola
1208 452 1410 507 civium
1459 447 1836 504 numerositas-

233 548 353 604 collt
378 547 704 616 brachiiquc
735 546 938 600 virtute
968 542 1246 613 imposuit.
1292 540 1538 610 Namque
1574 537 1641 592 ad
1689 550 1823 606 nugs

237 651 477 698 ruentum
511 640 736 710 fastigii,
763 637 962 692 montis
992 635 1151 703 hujus
1179 647 1440 689 ascensus
1488 630 1653 686 nimis
1697 639 1836 684 tunc-

234 745 347 789 erat
371 733 630 797 clivosus,
663 739 847 786 arctus
875 739 931 783 et
961 727 1251 793 horridus;
1297 726 1526 781 necdum
1577 722 1724 779 enim
1768 721 1823 776 in”

238 844 330 884 cor
352 827 474 896 ejus
516 827 837 882 ascenderat
870 824 1118 880 eamdem
1171 823 1316 877 viam
1362 821 1712 890 complanare
1759 831 1825 871 ac

237 919 486 987 spatiare.
527 917 987 987 quemadmodum
1016 924 1202 986 postea
1235 914 1384 969 fecit.
1431 911 1670 966 Tandem
1724 910 1824 980 ipi-

236 1020 323 1065 tur
349 1012 515 1065 totius
549 1011 805 1074 basilicm,
849 1018 1050 1078 prmter
1091 1008 1333 1078 adytum.
1365 1004 1824 1076 cumjdiﬂicultate

235 1118 337 1156 non
378 1115 546 1171 parva
575 1104 754 1172 spatio
785 1101 1146 1170 complanato,
1181 1107 1236 1153 et
1266 1097 1592 1152 necessariis
1646 1097 1823 1150 omni-

239 1192 334 1248 bus
371 1191 844 1247 abundantissime
891 1190 1191 1261 apparatis,
1243 1189 1527 1244 conductis
1576 1188 1823 1258 protinus

236 1281 588 1352 peritissimis
633 1281 960 1347 artificibus,
1002 1289 1111 1335 tam
1179 1277 1524 1334 Amaltltanis
1565 1293 1727 1347 quam
1768 1285 1824 1330 et

237 1370 576 1436 anbardis,
602 1382 658 1426 et
680 1372 847 1441 jactis
877 1372 928 1425 in
954 1369 1157 1425 Christi
1185 1369 1405 1423 nomine
1429 1367 1818 1428 fundamentis.

240 1467 398 1536 cmpit
422 1463 668 1532 ejusdem
700 1463 940 1518 basilica:
968 1463 1229 1518 fabricam
1264 1463 1315 1516 in
1346 1460 1686 1532 longitudine
1727 1467 1826 1514 eu-

238 1555 469 1611 bitorum
493 1564 718 1610 centum
741 1563 800 1609 et
833 1554 1098 1624 quinque,
1131 1553 1186 1606 in
1219 1551 1506 1606 latitudine
1554 1563 1684 1604 vero
1727 1559 1828 1603 c‘u-‘

236 1645 466 1699 biturum
517 1644 886 1715 quadraginta
914 1653 970 1699 et
1023 1653 1154 1707 tres,
1211 1642 1266 1697 in
1297 1641 1587 1697 altitudine
1636 1645 1820 1695 autem

1930 448 2068 502 rium
2097 461 2262 518 opere
2291 451 2406 519 pari
2440 451 2704 520 porrexit.
2733 451 2789 506 lu
2814 450 2932 521 ejus
2952 452 3118 508 etiam
3141 451 3319 510 fronte
3343 470 3512 526 prope

1931 540 2111 595 valvas
2164 541 2384 612 majoris
2435 543 2680 599 ecclesia:
2721 545 2788 600 d‘c
2833 544 3110 615 quadratis
3157 555 3213 602 et
3259 548 3516 606 maximis

1929 632 2079 686 saxis
2115 632 2401 688 mirificam
2457 647 2664 701 arcem,
2719 646 2840 704 qute
2893 635 3052 710 vulgo
3100 638 3511 708 campanarium

1927 734 2292 794 nuncupatur,
2323 726 2516 780 erexit.
2551 724 2698 782 Fecit
2729 736 2783 780 et
2813 726 3011 782 atrium
3042 737 3168 784 ante
3194 729 3508 794 ecclesiam,

1926 818 2068 886 quod
2094 809 2192 872 nos
2221 816 2462 873 Romana
2493 819 2888 874 consuetudine
2938 819 3255 876 Paradisum
3303 823 3512 878 vocita-

1927 918 2070 967 mus,
2101 902 2439 973 longitudine
2469 906 2778 961 cubitorum
2819 908 3161 978 septuaginta
3208 918 3417 978 septem
3448 924 3515 966 ac

1925 997 2426 1062 semis,-latitudine
2455 999 2850 1078 quinquaginta
2881 1010 3086 1070 septem
3114 1010 3166 1057 et
3207 1003 3395 1066 semis,
3430 1002 3512 1057 al-

1928 1089 2162 1145 titudiue
2192 1105 2322 1144 vero
2349 1092 2662 1160 quindecim
2710 1102 2761 1148 et
2793 1095 2990 1160 semis;
3024 1106 3259 1164 quatuor
3284 1106 3339 1151 et
3390 1097 3516 1154 toti-

1928 1184 2052 1236 dem
2087 1181 2139 1235 in
2177 1181 2410 1250 geminis
2434 1180 2729 1248 frontibus,
2765 1192 2890 1237 ueto
2928 1196 3108 1238 autem
3153 1195 3210 1239 ct
3254 1195 3377 1241 octo
3418 1201 3517 1257 per

1925 1272 2093 1328 latera
2119 1272 2330 1344 singula
2354 1287 2517 1342 super
2545 1275 2877 1343 quadrifidas
2900 1276 3056 1331 bases
3079 1277 3285 1332 habens
3311 1278 3516 1334 colum-

1925 1379 2044 1420 nas.
2073 1363 2130 1418 ln
2159 1361 2313 1433 cujus
2341 1366 2506 1420 etiam
2538 1365 2840 1421 meridiano
2877 1366 3046 1422 latere
3072 1367 3367 1423 cisternam
3400 1385 3518 1424 ma-

1925 1454 2150 1520 ximam,
2185 1458 2518 1513 tantumdem
2556 1457 2910 1529 longitudinis
2937 1460 3260 1526 habentem,
3292 1471 3516 1517 arcuato

1924 1539 2089 1618 opere
2121 1549 2220 1603 sub
2246 1547 2489 1616 ejusdem
2531 1551 2845 1619 pavimento
2876 1551 3003 1606 atrii
3045 1551 3349 1608 fabricavit.
3380 1554 3519 1609 Ante

1921 1636 2231 1709 ingressum
2260 1654 2388 1694 vero
2419 1641 2681 1705 basilicae,
2711 1641 2812 1696 nec
2839 1657 2946 1697 non
2973 1651 3027 1699 et
3066 1652 3194 1698 ante
3233 1644 3516 1698 introitum

235 1736 541 1790 cubitorum
588 1735 779 1806 viginti
822 1743 878 1789 et
925 1743 1082 1798 ueto,
1123 1733 1448 1803 basibusquc
1496 1730 1824 1803 suppositis,
1854 1730 1904 1791 B
1932 1730 2054 1784 atrii
2083 1728 2323 1800 quinque
2358 1731 2590 1800 desuper
2618 1720 2876 1796 fornices,
2907 1749 3044 1803 quos
3084 1731 3333 1805 Spiculos
3380 1734 3517 1788 dici-

236 1826 512 1882 columnas
539 1826 780 1896 desuper
832 1827 1082 1882 decem‘a
1114 1825 1289 1882 latere
1336 1830 1462 1880 uno'
1491 1824 1826 1894 totidemque

237 1918 505 1974 ex-altero
531 1918 590 1973 in
615 1919 816 1974 cubitis
852 1931 1045 1973 novem
1075 1919 1280 1982 erexit;
1314 1915 1584 1973 fenestras
1611 1905 1840 1986 quoque

238 2009 286 2063 in
315 2011 692 2080 superioribus
721 2011 854 2067 satis
897 2011 1130 2080 amplasa
1160 2011 1211 2064 in
1244 2008 1368 2064 navi
1391 2009 1611 2078 quidem
1636 2006 1837 2078 viginti

240 2111 294 2156 ct
310 2101 490 2167 unum,
512 2102 566 2156 in
583 2101 738 2157 titulo
753 2107 985 2158 v'crose'x
1001 2102 1209 2171 longas;
1226 2109 1278 2155 et
1298 2101 1560 2156 rotundas
1572 2103 1825 2170 quatuor,

239 2207 300 2247 ac
327 2192 459 2248 duas
487 2193 542 2248 in
572 2194 760 2249 absida
789 2194 1040 2249 mediana
1065 2192 1317 2247 iusti-luit.
1363 2189 1622 2246 Porticus
1660 2189 1826 2246 etiam

241 2285 514 2356 utriusque
541 2287 850 2357 parietesin
872 2285 1157 2341 altitudine
1183 2283 1492 2341 cubitorum
1518 2284 1826 2357 quindecim

243 2378 541 2446 subrigens,
596 2377 850 2434 fenestris
893 2378 1022 2432 hinc
1065 2377 1272 2442 decent,
1328 2376 1662 2446 tutidemque
1705 2375 1828 2430 inde

246 2466 504 2521 distinxit.
541 2461 776 2538 Adytum
820 2469 1025 2523 interea
1079 2483 1220 2523 cum
1263 2466 1507 2537 planitiei
1563 2464 1824 2528 basiliem,

247 2573 359 2626 qua:
389 2561 699 2616 cubitorum
727 2561 898 2617 ferme
922 2562 1028 2617 sex"
1063 2561 1380 2632 putabatur,
1430 2565 1828 2629 consequenter

248 2656 551 2725 disponeret
607 2669 912 2726 cumquare,
947 2653 1057 2712 tres
1107 2670 1212 2710 non
1261 2655 1504 2725 integras
1547 2652 1704 2707 ulnas
1747 2650 1826 2707 fo-

247 2749 412 2812 diens,
443 2751 627 2806 subito
656 2749 930 2805 liencdicti
961 2743 1826 2803 Patris‘venerabilem'tumulum

248 2841 471 2908 reperit;
507 2854 765 2909 tuosque,
800 2855 922 2894 cum
956 2838 1227 2907 religiosis
1251 2837 1386 2891 viris
1427 2833 1854 2890 communicato"

246 2931 482 2998 consilio,
516 2948 586 2985 nc
614 2931 760 2985 illum
793 2931 1140 3000 aliquatenus
1189 2936 1400 2983 mutare
1455 2936 1826 2996 przcsumrrt-t.

246 3020 547 3088 confestim,
579 3038 644 3077 ne
675 3022 795 3092 quis
825 3021 1026 3091 aliquid
1052 3021 1116 3074 de
1155 3029 1305 3073 tanto
1343 3027 1527 3088 posset
1579 3015 1831 3072 thesauro

1927 1835 2070 1887 ntus,
2103 1818 2292 1874 voluit.
2321 1817 2378 1872 lu
2409 1820 2729 1876 occidentali
2754 1836 2918 1892 porro
2941 1817 3063 1878 atrii
3108 1832 3282 1893 parte,
3320 1824 3370 1877 in
3405 1823 3518 1879 sin-

1927 1910 2067 1978 gulis
2115 1910 2372 1966 cornibus
2425 1910 2667 1983 singulas
2718 1913 3004 1981 basilicas,
3054 1917 3215 1970 modo
3263 1915 3518 1982 turrium,

1928 2000 2086 2056 valde
2109 2000 2366 2071 pulchras
2394 2005 2590 2068 erexit,
2625 2005 2679 2058 in
2713 2004 2906 2060 dextro
2930 1997 3170 2076 quidem,
3207 2005 3390 2061 Sancti
3431 2023 3522 2060 ar-

1929 2093 2176 2164 changeli
2210 2093 2514 2161 Michaelis,
2543 2096 2596 2150 in
2638 2096 2772 2152 Ιιυνο
2819 2108 3022 2164 autem,
3051 2091 3198 2154 Beati
3241 2099 3520 2168 apostolo-

1931 2199 2047 2238 rum
2083 2184 2348 2256 principis
2374 2183 2552 2253 Petri;
2590 2187 2657 2242 ad
2698 2203 2835 2258 quas
2878 2189 3130 2245 videlicet
3177 2190 3409 2245 interius
3451 2189 3521 2245 ab

1930 2275 2071 2330 atrio
2129 2277 2372 2348 quinque
2411 2277 2670 2347 gradibus
2728 2287 2812 2334 est
2869 2295 3148 2335 ascensus.
3205 2279 3326 2335 Jam
3388 2295 3520 2336 vero

1928 2375 2085 2421 extra
2121 2367 2249 2421 atrii
2276 2369 2594 2425 vestibulum
2617 2372 2942 2444 easdemque
2965 2373 3237 2435 basilicas.
3263 2374 3520 2444 quoniam

1931 2452 2350 2534 cliv'osusv'altle
2388 2463 2456 2518 ad
2486 2464 2772 2520 ecclesiam
2805 2477 2924 2522 erat
2973 2477 3521 2534 ascensus.tnontem

1933 2552 2108 2640 ipsu‘ln
2143 2557 2426 2627 sexaginta
2457 2566 2512 2612 et
2537 2571 2630 2612 sex
2662 2574 2760 2629 per
2795 2558 3035 2630 Iungunt,
3060 2561 3394 2631 totidemque
3423 2575 3522 2633 per

1931 2648 2124 2715 latum,
2159 2659 2367 2720 septem
2400 2645 2528 2706 vero
2555 2652 2752 2707 cubitis
2779 2653 2832 2708 in
2857 2651 3022 2707 altum
3050 2655 3355 2720 excavavit,
3387 2658 3524 2710 adeo

1933 2752 1993 2797 ut
2024 2743 2093 2798 ab
2121 2743 2230 2798 imo
2259 2759 2429 2815 usque
2456 2745 2524 2800 ad
2553 2744 2742 2816 ipsum
2765 2747 3091 2802 vestibulum
3134 2750 3257 2802 atrii
3289 2758 3524 2819 qualus:

1933 2845 1988 2892 et
2018 2836 2205 2908 viginti
2248 2837 2572 2893 marmoreis
2621 2837 2898 2908 gradibus,
2931 2853 3068 2908 quos
3100 2839 3172 2894 ibi
3213 2839 3517 2904 constituit,

1935 2928 2282 2993 ascendatur,
2313 2929 2641 2986 habentibus
2664 2931 2718 2985 in
2753 2929 2930 3000 Spatio‘
2957 2931 3258 2987 latitudinis
3310 2931 3527 2987 cubitus

1934 3034 2027 3075 sex
2065 3029 2120 3074 et
2145 3020 2383 3091 triginta.

249 3110 546 3179 subripere,
603 3112 855 3166 eumdem
903 3110 1192 3174 tumulum,
1263 3109 1454 3164 eodem
1529 3124 1636 3178 quo
1697 3109 1904 3184 situsc
2009 3113 2942 3186 Ornamenta.—chatosiutcrea
2995 3111 3519 3188 Constantinopolim

250 3196 416 3254 fuerat
444 3200 586 3266 loco,
617 3200 872 3270 pretiosis
900 3198 1166 3270 lapidibus
1194 3198 1487 3268 reaper-uit,
1516 3213 1577 3251 ac
1601 3199 1835 3266 desuper

251 3306 424 3345 arcam
451 3292 517 3348 de
542 3292 705 3346 Pario
738 3307 1011 3346 marmore
1050 3292 1103 3345 in
1153 3301 1522 3346 transversum
1575 3291 1832 3357 basilicae,

253 3381 397 3439 idest
427 3402 454 3439 a
484 3383 860 3454 septentrione
888 3383 944 3438 in
967 3383 1277 3449 meridiem,
1308 3383 1545 3454 quinque
1585 3397 1681 3452 per
1721 3383 1836 3436 lon—

253 3487 370 3543 gum
395 3475 595 3532 cubitis
643 3491 808 3547 opere
854 3477 1017 3531 nimis
1061 3475 1290 3546 pulchro
1341 3476 1669 3530 construxit.
1723 3474 1837 3530 lluc

254 3567 424 3636 itaque
453 3570 614 3626 modo
633 3572 836 3642 adytus
865 3570 917 3624 in
950 3569 1245 3625 eminentia
1301 3567 1470 3638 priori
1515 3565 1865 3637 permansit,‘

256 3657 326 3712 ita
354 3670 460 3715 uta
491 3655 805 3732 pavimento
835 3661 1006 3732 ipsius
1037 3673 1210 3730 usque
1234 3658 1300 3713 ad
1330 3658 1706 3728 pavimentum
1742 3660 1866 3712 h'a-"

254 3748 414 3804 silIc-r.
445 3763 572 3808 octo
603 3753 862 3824 gradibus
885 3751 1268 3814 descendatur,
1299 3750 1399 3804 sub
1436 3749 1645 3805 fornice
1693 3749 1862 3826 scilio'

257 3843 337 3898 cet
392 3848 655 3914 maximo,
706 3846 798 3916 qui
847 3846 1038 3902 eidem'
1092 3844 1252 3915 adyto
1312 3843 1588 3909 imminet,
1645 3843 1866 3914 praeter~

260 3932 401 3990 illum
435 3939 620 4008 utique
650 3935 896 4012 gradum,
920 3952 1025 4007 qua
1050 3923 1289 4004 titulique
1315 3934 1382 3989 ad
1412 3933 1584 3989 altare
1606 3933 1839 3989 siibitur.

268 4389 352 4444 Dei
431 4392 746 4460 GeuitriCis’,
800 4411 829 4448 a
884 4391 1296 4464 septentrionali
1358 4397 1540 4447 autem
1592 4394 1862 4448 altarium

1939 3204 2008 3257 ad
2034 3203 2291 3258 locandus
2328 3203 2568 3260 artifices
2589 3206 2845 3273 destinat,
2887 3208 3092 3276 peritos
3121 3209 3305 3279 utique
3328 3210 3380 3262 in
3402 3219 3524 3264 arte

1941 3295 2197 3354 tnusiaria
2225 3304 2281 3348 et
2303 3295 2675 3366 quadrataria,
2697 3311 2764 3350 ex
2796 3298 2992 3367 quibus
3021 3299 3269 3354 videlicet
3305 3299 3398 3354 alii
3437 3299 3530 3354 ab-

1940 3389 2140 3458 sidam,
2167 3397 2222 3444 et
2249 3403 2434 3444 arcum
2467 3396 2631 3453 atque
2669 3389 2994 3444 vestibulum
3027 3390 3250 3460 majoris
3291 3390 3530 3446 basilicae

1941 3484 2153 3538 musivo
2179 3491 2488 3549 comercnt;
2516 3482 2604 3538 alii
2627 3498 2757 3540 vero
2788 3485 2951 3539 totius
2972 3484 3217 3540 ecclesiae
3239 3486 3527 3554 pavimen-

1943 3583 2056 3629 tum
2101 3575 2441 3630 diversorum
2489 3573 2726 3645 lapidum
2780 3575 3040 3630 varietate
3088 3586 3528 3632 consternerent.

1943 3665 2186 3732 Quarum
2245 3667 2442 3725 artium
2496 3675 2624 3720 tunc
2652 3667 2701 3720 ei
2751 3666 3005 3720 destinati
3059 3667 3324 3737 magistri,
3377 3666 3532 3737 cujus

1942 3758 2296 3832 perfectionis
2317 3758 2649 3823 exstiterint,
2678 3759 2734 3812 in
2761 3773 2946 3816 eorum
2979 3767 3062 3815 est
3101 3741 3358 3829 operibus
3387 3763 3540 3816 ωδιίο.

1943 3852 2102 3917 mari,
2136 3867 2258 3906 cum
2286 3859 2340 3905 et
2363 3851 2417 3906 in
2468 3852 2679 3907 musivo
2706 3853 2976 3908 animatas
3021 3852 3135 3931 fere
3177 3863 3419 3908 autumet
3473 3839 3537 3912 su

1863 4005 1867 4008 λ
1944 3944 2176 4014 quisque
2231 3941 2430 4014 figuras
2462 3952 2773 4014 etquteque
2827 3945 3058 3999 virentia
3110 3959 3354 4008 cernere,
3387 3945 3524 4008 etin

259 4021 421 4080 Purro
449 4028 502 4082 in
539 4030 727 4083 absida
753 4028 945 4097 majori
976 4029 1042 4082 ad
1065 4027 1384 4082 orientalem
1410 4027 1620 4098 plagam
1652 4027 1866 4084 statuit’

259 4115 503 4184 altaiiuu‘i
549 4120 701 4176 Beati
755 4121 1028 4192 Baptista:~
1058 4120 1316 4185 Joannis,
1371 4121 1423 4174 in
1475 4137 1540 4176 eo
1590 4113 1866 4195 videlicet:

261 4204 374 4263 luco
413 4201 499 4266 ubi
532 4209 937 4279 eju'sdcm'olini
969 4212 1266 4266 oratorium
1317 4210 1642 4266 Benedictus
1680 4201 1867 4265 Pater"

260 4307 675 4370 elstruxeratw
696 4309 855 4374 parte
886 4309 1014 4358 vero
1049 4301 1346 4356 meridiana
1378 4301 1631 4356 altarium
1670 4299 1866 4356 Bcattc'

1947 4033 2696 4103 marmoribusomnigenum
2728 4034 2970 4088 colorum
3004 4033 3164 4087 ﬂores
3192 4033 3410 4102 pulchra
3437 4047 3533 4102 pu-

1948 4133 2028 4182 tet
2049 4125 2368 4181 diversitate
2397 4141 2648 4180 vernare.
2691 4127 2754 4180 Ει
2781 4126 3038 4196 quoniam
3068 4125 3267 4179 artium
3302 4107 3532 4195 istarum

1947 4218 2224 4289 ingenium
2249 4233 2284 4272 'a
2312 4219 2622 4288 quingentis
2649 4226 2704 4272 et
2729 4219 2871 4273 ultra
2909 4217 3021 4285 jam
3053 4219 3210 4276 annis
3263 4218 3522 4287 magistra

1947 4308 2214 4363 Latin-itas
2259 4309 2696 4363 interiniseratet
2725 4295 2904 4362 studio
2930 4308 3441 4378 hujus,inspirante
3475 4315 3530 4361 et

1949 4410 2275 4470 cooperante
2297 4401 2428 4465 Deo,
2458 4409 2644 4456 nostro
2665 4401 2767 4456 hoc
2793 4409 3034 4470 tempore
3056 4413 3380 4469 recuperare
3411 4412 3538 4466 pro.

267 4480 402 4539 Beati
433 4479 581 4556 papae
602 4486 890 4557 ’Gregurii,
917 4487 1073 4557 juxta
1106 4485 1261 4556 cujus
1304 4486 1552 4540 absidam
1602 4487 1925 4573 bieame-‘D
1953 4492 2168 4552 meruit,
2205 4506 2274 4546 ne
2307 4507 2439 4548 sane
2474 4493 2525 4548 id
2577 4491 2716 4548 ultra
2762 4491 2943 4546 llalim‘
2975 4492 3294 4560 deperiret,
3323 4489 3537 4546 studuit

269 4585 431 4630 ratam
462 4567 679 4635 domum
713 4579 778 4634 ad
808 4579 1121 4633 th‘eSau'rum
1153 4578 1508 4634 ecclesiastici
1552 4567 1841 4635 ministerii

271 4671 686 4725 réeo'ndcuduni'
745 4670 1038 4736 exstruxit,
1128 4685 1247 4740 quae
1318 4669 1862 4741 νίἀοιίοει·,ὰοιιιιιε’

271 4759 614 4817 secretarium
641 4757 1162 4820 consuetudinalitcr
1183 4759 1674 4832 appellatur,eique
1701 4756 1869 4832 ejus?

273 4850 382 4906 dem
435 4855 787 4912 nihilominus
818 4853 1002 4924 operis
1043 4855 1296 4920 alteram,
1333 4854 1400 4908 in
1451 4868 1557 4923 qua
1607 4839 1866 4908 ministri:

276 4941 452 5021 altaris
482 4949 775 5023 praeparari
802 4945 1060 5012 debeant,
1093 4946 1382 5017 cupulavit.
1409 4945 1555 5002 Sane
1586 4939 1868 5018 quonian

276 5038 826 5112 spatiandteeeclcsize
851 5040 1023 5110 gratia
1063 5048 1273 5108 partem
1305 5054 1410 5095 non
1457 5033 1731 5096 modicam
1758 5029 1868 5100 εει-ί

280 5123 430 5182 merae
481 5127 987 5201 smesubtraxcrat,
1020 5142 1414 5200 consequenter
1454 5129 1621 5186 etiam
1655 5119 1864 5200 praedi?

275 5227 365 5284 ctu
383 5233 582 5288 secreta
593 5211 1297 5295 riu.eoujunctameamdem
1320 5214 1597 5281 cameram
1627 5212 1868 5297 amplio-j

278 5300 383 5360 τέξιιι
447 5321 612 5360 τις-ἰηισῖ
668 5319 944 5360 ηηιίιιςειη
995 5317 1355 5360 nulnhrinrnm
1409 5315 1634 5360 ρίτηρὶι·
1696 5335 1856 5360 contra

1953 4587 2038 4642 vir
2069 4588 2236 4642 totius
2264 4587 2568 4658 prudentiae
2597 4586 2885 4656 plerosque
2914 4586 2980 4640 de
3008 4587 3318 4663 monasterii
3353 4587 3539 4656 pueris

1953 4676 2472 4754 diligenter-eisdem
2503 4678 2711 4733 artibus
2740 4677 2967 4733 erudiri.
3000 4676 3116 4732 Non
3143 4687 3322 4736 autent
3356 4679 3424 4731 de
3453 4677 3542 4731 his

1956 4775 2183 4832 tantum,
2217 4768 2310 4824 sed
2341 4769 2485 4824 etde
2508 4768 2761 4824 omnibus
2801 4755 3050 4824 artificiis
3089 4779 3430 4839 quaecunque
3475 4781 3544 4820 ex

1956 4874 2109 4924 auro,
2139 4860 2220 4915 vel
2251 4867 2476 4928 argento
2501 4899 2514 4924 ,
2542 4872 2674 4922 tere,
2700 4858 2868 4921 ferro,
2919 4858 3084 4924 vitro,
3128 4859 3325 4926 ebore,
3377 4855 3550 4926 ligno,

1959 4965 2145 5020 gypso,
2195 4949 2278 5006 vel
2339 4947 2519 5016 lapide
2577 4950 2787 5016 patrari
2835 4958 3080 5016 possunt,
3121 4945 3554 5008 studiosissimus

1961 5058 2183 5112 prorsus
2212 5040 2454 5098 artiﬁces
2475 5040 2676 5095 de'suis
2713 5040 2818 5097 sibi
2835 5042 3080 5108 paravit;
3111 5042 3206 5096 sed
3239 5043 3354 5098 haec
3393 5037 3552 5092 alias.

1964 5137 2116 5194 Nunt:
2143 5150 2270 5192 vero
2295 5143 2673 5190 constructam
2694 5136 2997 5194 basilicam
3021 5137 3257 5208 qualiter
3286 5141 3370 5194 ex'
3398 5149 3432 5203 p
3451 5144 3556 5188 trta

1963 5227 2320 5289 decorat/erit.
2354 5225 2685 5296 demuiuque
2709 5229 3028 5294 sacraverit,
3047 5233 3216 5299 prout
3238 5238 3556 5302 possumus.

1967 5321 2330 5360 rh-eiahmnn'c.
2348 5315 2636 5360 -pfnn\lwric
2659 5321 2828 5360 initur
2856 5321 3164 5360 ﬂhmurihn:
3180 5323 3344 5360 ﬁll-am
3383 5322 3556 5360 tntum
