4044 5360
504 338 608 396 939
643 364 646 366 ν

507 449 596 517 Ut,
627 452 756 506 duce
779 457 846 513 te,
873 445 1045 518 patria
1063 441 1222 513 justis
1251 438 1482 509 potiatur
1507 433 1719 503 adepta,

507 543 645 598 "inc
679 537 994 600 Desiderius,
1025 533 1203 598 Pater,
1236 531 1370 583 hanc
1399 526 1491 580 tibi
1521 523 1754 578 condidit
1781 519 1980 574 aulam.

503 636 561 691 In
600 632 785 689 absida
839 643 968 684 vero
993 626 1121 681 hinc
1175 621 1302 676 inde
1336 618 1436 674 sub
1480 615 1708 686 pedibus
1758 619 2071 666 sanctorum

506 723 759 795 Baptistae
787 728 843 775 et
874 713 1214 786 evangelista
1244 709 1469 764 Joannis
1493 719 1679 762 versus
1701 703 1834 756 istos
1861 720 1873 756 :

448 842 454 849 ε
507 817 638 873 llam
663 816 846 869 domus
867 819 940 865 est
964 806 1147 863 similis
1169 803 1319 859 Sinai
1349 818 1501 856 sacra
1517 799 1645 868 jura
1674 795 1907 866 ferentis,

505 908 577 964 Ut
608 907 715 962 Lex
733 904 1054 957 demonstrat
1078 898 1165 950 hic
1191 911 1309 966 quw
1331 893 1429 963 fuit
1474 891 1614 945 edita
1645 886 1930 958 quondam,

503 997 614 1052 Lex
641 995 760 1049 hinc
781 991 953 1052 exivit,
983 996 1176 1043 mentes
1199 1001 1315 1056 qua:
1341 982 1481 1036 ducit
1511 979 1575 1033 ab
1605 979 1745 1041 imis,

504 1089 570 1144 Et
597 1084 807 1155 vulgata
835 1082 977 1136 dedit
999 1080 1176 1132 lumen
1198 1092 1290 1146 per
1315 1074 1526 1128 climata
1554 1069 1718 1126 saecli.

502 1198 794 1254 Fenestras
813 1206 1023 1255 omnes,
1069 1197 1180 1243 tam
1228 1185 1380 1240 navis
1425 1196 1586 1252 quam
1636 1177 1800 1243 tituli,
1855 1175 2072 1247 plumbo

502 1287 661 1344 simul
693 1302 755 1342 ac
782 1286 923 1340 vitro
952 1278 1249 1350 compactis
1297 1275 1490 1330 tabulis
1519 1272 1770 1340 ferroque
1812 1268 2071 1324 connexis

503 1383 738 1440 inclusit.
773 1379 882 1435 Has
908 1392 1037 1432 vero
1061 1389 1182 1446 qua:
1217 1373 1271 1428 in
1306 1369 1564 1424 lateribus
1597 1365 1879 1434 utriusque
1899 1361 2072 1432 porti-

503 1490 598 1530 cus
626 1475 743 1530 sita:
770 1479 918 1535 sunt,
941 1480 1165 1541 gypseas
1201 1463 1437 1534 quidem,
1484 1459 1577 1513 scd
1619 1456 1811 1511 similis
1844 1454 1955 1508 fere
1981 1451 2073 1506 de-

503 1562 967 1631 coris,exstruxit.
991 1557 1194 1613 Dehinc
1222 1550 1499 1623 supposito
1532 1545 1774 1602 trabibus
1807 1542 2066 1614 laqueari,

503 1661 778 1720 coloribus
823 1655 1117 1728 ligurisque
1164 1647 1390 1706 diversis
1431 1641 1748 1699 mirabiliter
1795 1636 2068 1707 insignito,

503 1755 740 1824 parietes
784 1761 998 1819 quoque
1027 1755 1217 1799 omnes
1242 1737 1468 1810 pulchra
1500 1733 1634 1791 satis
1677 1730 1922 1786 colorum
1949 1742 2068 1782 om-

505 1821 654 1901 nium
679 1843 946 1898 varietate
968 1833 1231 1906 depinxit,
1269 1831 1636 1902 pavimentum
1667 1825 1830 1879 etiam
1854 1821 2072 1877 univer-

503 1953 624 1992 sum
679 1933 845 1989 totius
898 1927 1144 1985 ecclesia:
1191 1938 1313 1979 cum
1365 1917 1764 1975 adhaerentibus
1818 1912 2072 1970 oratoriis

504 2027 657 2083 Beati
685 2018 1064 2080 Bartholommi
1093 2025 1147 2074 et
1193 2014 1344 2072 Beati
1380 2010 1608 2075 Nicolai,
1639 2005 1798 2064 simul
1827 2005 1989 2061 etiam
2021 2009 2074 2059 ct

504 2133 736 2175 camera:
790 2129 919 2179 suae,
967 2113 1106 2168 inira
1149 2120 1370 2180 prorsus
1411 2112 1466 2160 et
1501 2104 1763 2158 hactenus
1828 2097 2073 2168 partibus

506 2209 625 2263 istis
665 2205 955 2278 incognita,
988 2214 1249 2257 caesorum
1273 2195 1506 2267 lapidum
1528 2189 1923 2261 multiplicitate
1946 2201 2078 2242 con-

505 2303 696 2361 stravit
720 2318 735 2368 ;
785 2300 878 2357 sed
903 2297 1029 2353 illud
1069 2294 1334 2366 prtecipue
1360 2292 1500 2361 quod
1531 2302 1688 2344 secus
1717 2284 1967 2340 altarium
1991 2289 2076 2336 est

516 2405 557 2450 tt
577 2396 629 2449 in
654 2395 842 2458 choro,
870 2385 1254 2460 gradibus’illis
1279 2383 1474 2454 quibus
1497 2380 1562 2435 ad
1582 2379 1726 2434 idem
1754 2377 1924 2431 altare
1947 2388 2076 2428 con-

525 2485 781 2541 cenditur
811 2479 1012 2538 crustis
1061 2477 1420 2549 pretiosorum
1477 2483 1808 2527 marmorum
1861 2465 2076 2522 decenti

525 2577 826 2633 liversitatc
851 2573 1143 2630 distinctis.
1170 2569 1429 2625 Frontem
1455 2579 1668 2635 quoque
1691 2560 1868 2626 c’bori,
1913 2574 2075 2629 quem

515 2667 618 2722 bro
645 2666 698 2720 in
727 2664 902 2720 medio
929 2660 1165 2718 basilicae
1195 2657 1403 2721 statuit,
1435 2664 1667 2724 quatuor
1687 2649 1897 2721 magnis
1929 2663 2076 2723 mar-

507 2772 718 2813 morum
762 2753 960 2810 tabulis
1002 2751 1190 2821 sepsit,
1222 2763 1252 2804 e
1301 2747 1496 2819 quibus
1539 2741 1917 2813 porphyretica
1948 2753 2076 2803 una,

508 2850 700 2904 viridis
751 2847 945 2910 altera,
977 2843 1198 2912 reliquae
1257 2843 1373 2895 dine
1423 2853 1486 2892 ac
1537 2845 1744 2891 extera:
1792 2847 1981 2888 omnes
2025 2832 2079 2886 in

509 2943 663 2997 chori
686 2939 914 2996 circuitu
949 2935 1245 3006 simplices.
1295 2929 1637 2986 Vestibulum
1695 2928 1871 2982 autem
1902 2924 2077 2980 eccle-

508 3036 621 3097 siae,
651 3033 881 3100 desuper
901 3027 1128 3104 quidem
1148 3024 1355 3079 musivo
1400 3021 1533 3078 fecit
1568 3017 1932 3090 pulcherrimo
1954 3031 2077 3071 cum

513 3121 916 3196 superlimineis
943 3116 1178 3173 arcubus
1205 3113 1451 3170 decorari
1477 3129 1492 3180 ;
1526 3110 1721 3166 abinde
1757 3124 1886 3164 vero
1911 3123 2080 3178 usque

510 3219 579 3274 ad
623 3217 788 3271 imum
845 3209 1157 3284 pavimenti,
1192 3216 1354 3263 totam
1401 3202 1640 3260 basilica:
1673 3200 1880 3256 'laciem
1912 3213 2080 3271 gypso

516 3306 697 3364 vestiri
730 3321 744 3371 ;
774 3317 935 3358 arcus
959 3300 1122 3356 etiam
1154 3297 1395 3368 ejusdem
1426 3291 1676 3349 vestibuli
1709 3289 1775 3346 de
1807 3288 1937 3344 loris
1965 3303 2081 3341 tnu-

511 3398 626 3454 sivo
648 3391 996 3450 nihilominus
1020 3389 1279 3451 vestiens,
1305 3397 1493 3439 versus
1537 3379 1700 3435 Marci
1754 3387 1925 3450 poetae
1952 3374 2080 3430 inibi

512 3488 696 3545 aureis
717 3485 915 3540 litteris
937 3480 1174 3551 scripsit.
1216 3477 1471 3546 Reliquas
1500 3487 1630 3530 vero
1660 3481 1769 3527 tres
1799 3469 1922 3524 atrii
1968 3483 2085 3538 par-

513 3591 595 3638 tes
630 3577 881 3643 diversis,
933 3585 1039 3629 tam
1075 3570 1286 3627 Veteris
1339 3583 1497 3639 quam
1552 3565 1683 3620 Novi
1730 3560 2081 3626 Testamenti,

513 3671 762 3728 historiis
811 3669 878 3725 ab
920 3668 1066 3723 intus
1111 3679 1174 3721 ac
1219 3662 1423 3719 deforis
1472 3657 1688 3732 depingi
1738 3655 2083 3728 praecipiens,

524 3773 822 3816 marmoreo
893 3766 1062 3811 totum
1111 3753 1422 3824 pavimento
1471 3749 1804 3813 constravit;
1855 3748 2088 3814 desuper

524 3861 696 3906 tutem
739 3846 1088 3917 laquearibus
1119 3859 1180 3899 ac
1229 3843 1425 3912 tegulis
1447 3842 1771 3911 adopcruit;
1818 3835 2087 3892 vestibulo

515 3956 731 4015 quoque
778 3939 1019 4009 ejusdem
1066 3936 1191 3990 atrii
1251 3951 1372 3990 cum
1426 3934 1657 4004 geminis
1692 3931 1930 3988 turribus
1967 3929 2086 4000 pari

517 4033 679 4089 modo
709 4031 943 4101 depicto,
982 4036 1170 4098 operto
1191 4041 1254 4081 ac
1280 4033 1624 4080 marmorato.

589 4124 881 4179 Dedicatur
924 4138 955 4174 a
995 4136 1153 4190 papa.
1192 4148 1261 4192 έ-
1308 4115 1405 4171 His
1447 4115 1611 4186 igitur
1650 4113 1899 4168 omnibus
1947 4111 2089 4166 intra

517 4214 872 4289 quinquennii
902 4212 1157 4284 spatium,
1186 4211 1296 4265 Deo
1321 4214 1676 4279 prosperante
1693 4211 1747 4259 et
1775 4201 2088 4267 auxiliante,

518 4307 776 4379 peractis,
799 4304 1054 4360 dedicare
1079 4299 1356 4356 basilicam
1389 4296 1730 4352 solemnitate
1759 4293 1993 4349 maxima
2036 4298 2093 4346 et

522 4399 735 4472 ingenti
761 4396 1000 4467 tripudio
1052 4395 1119 4449 ad
1171 4393 1558 4463 sempiternatn
1595 4387 1912 4444 memoriam
1942 4385 2093 4442 Desi-

1440 323 1528 377 DE
1564 317 1805 379 GESTIS
1845 310 2178 370 DESIDERII
2214 307 2504 367 ABBATIS
2541 305 2761 363 CASIN.

2099 427 2149 483 Α
2177 419 2375 475 dictam
2406 415 2690 480 n'uititudo
2711 412 2989 479 conﬂuxit,
3037 420 3095 467 ut
3137 413 3413 469 stellarum
3454 414 3575 472 fere
3595 417 3743 482 catli,

3640 307 3744 364 946

2175 527 2338 580 quam
2365 509 2578 563 illorum
2601 506 2840 562 omnium
2868 504 3308 560 numerositatem
3341 504 3559 561 cuilibet
3583 507 3636 562 fu
3649 510 3751 566 erit

2175 599 2450 654 aestimare
2475 595 2707 651 facilius.
2744 594 2822 649 Ita
2850 595 3117 650 universas
3159 595 3472 650 monasterii
3497 594 3750 661 'otlicinte,

2173 696 2230 743 et
2251 689 2368 758 ipsa
2392 700 2607 758 quoque
2635 683 2969 741 ofﬁcinarum
3000 685 3242 740 omnium
3264 693 3438 752 tecta,
3473 686 3549 740 ita
3581 688 3753 742 totius

2175 777 2244 831 ab
2263 777 2371 830 imo
2399 791 2568 845 usque
2597 775 2666 830 ad
2718 789 2988 829 summum
3020 775 3225 829 montis
3261 774 3475 840 itinera,
3504 784 3578 837 et,
3614 777 3750 846 quid

2174 865 2388 920 dicam?
2412 865 2604 920 domus
2654 862 2891 919 civitatis
2939 877 3150 929 omnes,
3191 876 3487 932 omnesque
3537 862 3754 933 platea,

2173 958 2352 1012 omnia
2399 957 2563 1011 etiam
2593 955 2754 1028 longe
2794 956 3009 1026 lateque
3038 971 3352 1027 camporum
3381 956 3745 1026 adiacentium

2178 1049 2354 1118 spatia
2411 1057 2866 1121 congregatorum
2930 1048 2998 1104 ad
3043 1057 3200 1104 tanta
3251 1048 3513 1105 solemnia
3564 1049 3751 1104 cuneis

2173 1139 2368 1207 stipata
2393 1148 2554 1192 erant
2583 1147 2744 1208 atque
2773 1136 3038 1192 conferta.
3055 1138 3360 1207 Apparatus
3387 1137 3614 1204 interea,
3645 1152 3752 1208 per

2174 1235 2285 1284 tres
2313 1228 2435 1283 illos
2458 1228 2747 1282 continuos
2775 1227 2890 1282 dies
2917 1229 3281 1296 prwcedentes
3302 1243 3366 1281 ac
3412 1227 3748 1297 subsequen-

2173 1327 2256 1374 tes
2280 1319 2524 1374 eamdem
2547 1317 2972 1383 solemnitatem,
3007 1318 3059 1371 in
3085 1333 3222 1386 pane
3251 1317 3501 1373 videlicet
3521 1333 3584 1372 ac
3605 1319 3747 1383 vino,

2179 1408 2539 1477 carniumque
2588 1407 2923 1463 diversarum
2972 1423 3035 1462 ac
3075 1407 3302 1477 piscium
3352 1408 3752 1478 multiplicitate

2173 1501 2307 1556 adeo
2332 1509 2415 1556 est
2443 1501 2696 1570 copiosus
2724 1500 3017 1563 exhibitas,
3045 1511 3102 1554 ut
3128 1499 3305 1555 nullus
3335 1498 3447 1555 fere
3467 1499 3668 1570 aliquis
3693 1500 3749 1553 in

2175 1603 2283 1647 tam
2309 1593 2591 1648 innumera
2619 1591 2982 1655 multitudine,
3028 1592 3118 1661 qui
3166 1607 3272 1646 non
3319 1607 3376 1646 se
3418 1590 3750 1646 suﬂicienter

2175 1679 2290 1735 haec
2315 1681 2589 1751 accepisse
2625 1681 2843 1744 dixerit,
2887 1681 3124 1748 potuerit
3160 1681 3403 1752 reperiri.
3456 1681 3754 1737 lulerfuerc

2099 1784 2144 1843 Β
2174 1771 2354 1842 itaque
2385 1781 2547 1827 tanta:
2575 1781 2700 1827 tunc
2745 1772 3046 1828 celebritati
3092 1773 3481 1843 archiepiscOpi
3538 1773 3754 1836 decem,

2173 1863 2228 1918 id
2249 1874 2350 1928 est,
2384 1863 2776 1918 Hildebrandus
2805 1863 3113 1933 Capuanus,
3145 1863 3416 1934 Alphanus
3443 1862 3745 1918 Salernita-

2174 1969 2299 2018 nus,
2349 1952 2583 2008 Joannes
2641 1953 3048 2024 Neapolitanus,
3097 1952 3328 2008 Joannes
3373 1953 3752 2021 Surrentinus,

2174 2045 2558 2110 Amallitanus,
2584 2042 2843 2098 Girardus
2886 2043 3222 2115 Sipontinus,
3272 2043 3544 2098 Bisantius
3585 2043 3755 2098 Tran-

2177 2135 2308 2190 disis
2346 2132 2703 2206 (Tranensis),
2755 2133 3022 2188 Arualdus
3067 2133 3423 2189 Acerentinus
3450 2133 3753 2203 (Acherun-

2179 2228 2368 2299 tinus),
2406 2227 2518 2299 Ugo
2555 2225 2914 2288 Ydruntinus,
2944 2225 3231 2282 Oiretauus
3259 2225 3345 2298 [[2,
3394 2225 3668 2294 Oristagni
3700 2225 3751 2280 in

2153 2315 2472 2389 Sardinia].
2520 2315 2772 2386 Episcopi
2825 2322 3008 2371 autem
3043 2315 3400 2386 quadraginta
3428 2322 3485 2369 et
3535 2323 3669 2378 tres,
3703 2314 3752 2366 ί‹Ι

2175 2419 2294 2475 est,
2348 2407 2580 2462 Joannes
2627 2406 2961 2486 Portuen‘sis,
3018 2405 3251 2461 Joannes
3309 2405 3749 2466 Tusculanensis.

2181 2499 2418 2554 Ubaldus
2490 2497 2837 2562 Savinensis,
2897 2496 3152 2552 Erasmus
3210 2496 3499 2567 Segninus,
3558 2495 3754 2550 Petrus

2178 2591 2520 2662 Anagninus,
2569 2589 2839 2644 Honestas
2863 2588 3188 2653 Berulanus,
3231 2589 3534 2643 Ambrosius
3562 2587 3752 2644 Terra-

2179 2681 2434 2746 cinensis,
2467 2679 2571 2752 Leo
2597 2677 2912 2748 .Cajetanus,
2938 2677 3205 2733 Martinus
3250 2677 3600 2747 Aquinensis,
3649 2675 3757 2729 Pa-

2181 2771 2386 2825 lumbus
2414 2769 2674 2834 Soranus,
2716 2766 3020 2837 Pandulfus
3070 2767 3424 2834 Marsicanus,
3456 2767 3754 2832 Balvensis,

2181 2861 2500 2926 Pennensis,
2524 2858 2836 2915 Guillelmus
2872 2857 3190 2922 Teanensis,
3227 2857 3460 2912 Joannes
3490 2857 3753 2919 Cascnus,

2170 2951 2524 3016 .Rosellanus,
2580 2948 2850 3019 Coﬂ'ridus
2904 2950 3235 3015 Aversanus,
3289 2948 3550 3014 Nolanus,
3599 2947 3758 3003 Avel-

2184 3043 2428 3107 linensis,
2483 3042 2761 3098 Maraldus
2801 3041 3090 3104 Pestanus,
3139 3040 3433 3112 Stephanus
3469 3040 3755 3111 Trojanus,

2108 3128 2154 3192 C
2187 3132 2446 3187 Robertus
2514 3131 2968 3200 Florentinensis,
3024 3130 3369 3197 Meltitanus,
3411 3130 3754 3192 Lucerinus,

2183 3223 2378 3295 Cantpo
2407 3223 2872 3288 Draconaricnsis,
2911 3223 3164 3294 Ilogerius
3193 3222 3560 3287 Civitateusis,
3593 3221 3758 3275 Nico-

2191 3317 2310 3371 taus
2355 3315 2747 3382 Termulensis,
2801 3311 2992 3368 Petrus
3039 3312 3409 3375 Guardiensis,
3448 3311 3761 3368 Guillebnus

2184 3403 2870 3475 Larinensis,Maynardus
2891 3402 3229 3467 Arianensis,
3281 3401 3611 3464 Seruiensis,
3663 3401 3758 3453 Αι-

2187 3495 2362 3551 bertus
2385 3494 2762 3558 Boviaueusis,
2785 3492 3118 3563 Salpitanus,
3153 3491 3386 3546 Joannes
3435 3491 3761 3559 Cannensis,

2187 3585 2498 3643 Cuillclmus
2521 3603 2614 3641 seu
2663 3583 2940 3639 Guibertus
2976 3582 3346 3649 Rubessanus,
3372 3581 3635 3637 Constans
3663 3581 3765 3636 Ve-

2187 3680 2432 3743 nusinus,
2469 3678 2722 3733 Innacius
2747 3675 3201 3741 Monorbinensis,
3244 3674 3480 3730 Joannes
3511 3674 3766 3745 Yigilien-

2188 3767 2288 3834 sis,
2344 3766 2646 3823 Balduiuus
2693 3765 3016 3831 Millltensis,
3066 3765 3299 3820 Joannes
3351 3763 3763 3829 Juvenazensis,

2189 3857 2381 3914 Petrus
2425 3855 2880 3928 Monopolitanus,
2916 3857 3072 3910 Datto
3103 3853 3411 3909 Ostanensis
3457 3853 3763 3920 Stunensis,

2186 3947 2368 4020 Drogo
2418 3946 2771 4012 Tarentinus,
2827 3941 3103 4014 Coﬁ'ridus
3145 3943 3462 4008 Perusinus,
3496 3950 3549 3997 et
3604 3940 3768 3994 Theo-

2107 4047 2110 4050 ’
2191 4038 2379 4094 balatus
2402 4037 2748 4094 Castellanus
2778 4036 3004 4101 electus,
3029 4034 3122 4104 qui
3166 4033 3418 4088 videlicet
3463 4031 3518 4086 itt
3556 4031 3768 4102 episco—

2191 4146 2319 4202 pum
2349 4130 2526 4188 altero
2543 4139 2675 4202 post
2704 4128 3096 4185 dedicationem
3121 4126 3211 4182 die
3241 4135 3486 4180 sacratus
3513 4133 3621 4179 est.
3656 4122 3767 4176 Ho-

2193 4239 2310 4278 rum
2345 4223 2709 4294 episcoporum
2752 4220 2974 4275 nomina
3027 4218 3269 4290 propria,
3299 4231 3415 4284 qua
3447 4215 3587 4284 apud
3633 4211 3769 4267 Leo—

2192 4331 2306 4369 nem
2334 4331 2438 4368 non
2464 4313 2744 4377 habentur,
2781 4311 2885 4366 alio
2929 4311 3230 4365 charactere
3266 4308 3582 4362 iuseruimus
3618 4322 3684 4360 ea:
3708 4304 3772 4357 li-

2195 4407 2328 4462 bello
2361 4407 2426 4460 tle
2474 4407 2571 4460 hac
2617 4403 2958 4459 Dedicatione
3001 4419 3100 4456 ms.
3157 4416 3310 4472 quem
3358 4415 3424 4454 ex
3464 4398 3771 4453 bibliotheca

521 4495 706 4550 derius
735 4490 948 4554 statuit,
989 4487 1286 4556 adiensque
1339 4498 1562 4540 summac
1611 4482 1756 4539 sedis
1780 4479 2079 4553 pontiﬁcem

2196 4497 2496 4554 Cassiuensi
2550 4496 2810 4551 Antonius
2864 4493 3201 4549 Caracciolus
3254 4492 3450 4563 publici
3472 4491 3618 4562 juris
3652 4490 3771 4559 fecit

521 4584 909 4647 Alexandrum,
929 4580 997 4636 ad
1034 4577 1278 4633 eamdem
1309 4576 1462 4630 illum
1490 4573 1882 4630 dedicationem
1906 4571 2092 4626 venire

525 4674 877 4732 devotissime
909 4669 1182 4726 invitavit.
1221 4667 1337 4734 Quo
1367 4665 1629 4720 libentius
1655 4671 1946 4726 annuente,
1975 4659 2088 4714 Hil-

526 4763 857 4820 debrandum
889 4772 1102 4832 quoque
1129 4757 1566 4812 archidiaconum
1599 4752 1734 4821 ejus,
1763 4759 2096 4818 emterosque

529 4855 837 4912 cardinales
885 4869 948 4909 ac
977 4853 1252 4908 Romanos
1296 4849 1603 4920 episcopos,
1648 4848 1823 4916 deque
1870 4840 2096 4898 urbanis

2196 4589 2444 4662 Neapoli,
2481 4606 2618 4644 anno
2643 4587 2800 4654 1626,
2826 4603 2944 4641 cum
2989 4585 3280 4657 Eremperti
3314 4586 3535 4655 epitome
3561 4593 3608 4638 et
3649 4583 3770 4636 aliis

2195 4683 2425 4755 antiquis
2454 4680 2820 4737 monumentis.
2853 4677 2960 4734 Sed
2990 4676 3093 4733 Leo
3141 4679 3306 4731 multo
3331 4675 3507 4746 plures
3546 4681 3771 4728 recenset

2195 4789 2356 4843 quam
2410 4771 2571 4842 hujus
2631 4768 2792 4823 libelli
2839 4777 3066 4832 auctor,
3118 4765 3526 4835 archiepiscopos
3577 4762 3773 4816 scilicet

2198 4859 2579 4929 Amalﬁtanum
2610 4867 2656 4912 et
2689 4857 3022 4923 Oiretanum,
3049 4865 3095 4909 et
3151 4855 3421 4924 episcopos
3445 4851 3774 4915 Baltvensem,

527 4945 744 5001 clericis
777 4955 842 4997 ac
871 4941 1140 4997 nobilibus
1163 4939 1422 5010 plurimos
1450 4936 1644 4992 all'eclu
1676 4933 2079 4989 lamiliariss’mt

2200 4948 2548 5014 Pennensem,
2593 4946 2960 5011 Rosellanum,
3009 4943 3305 5010 Nolanum,
3353 4941 3774 5006 Avellinieusem,

533 5033 844 5064 --.ιιηυηηνὲι
906 5032 1002 5064 ῐὶῖο
1020 5040 1180 5064 Innlm
1197 5029 1553 5064 cnlamnilnlic

1605 5041 1668 5064 ιη
1700 5025 1945 5064 nnncnltn
1972 5035 2101 5064 ann.

2210 5038 2514 5064 r-.--_:.--.-..
2593 5038 2914 5064 o--..:-..--...
2976 5036 3302 5064 c-t...:..........
3330 5045 3372 5064 ,ο
3429 5031 3750 5064 νηιειη.....-
