  <div class='ocr_page' id='page_1' title='image "/cluster/home/n/w/nwhite01/storage/ocr_20150623/149/hvd.32044015473770/476.png"; bbox 0 0 4044 5360; ppageno 0'>
   <div class='ocr_carea' id='block_1_1' title="bbox 186 308 2388 369">
    <p class='ocr_par' dir='ltr' id='par_1_1' title="bbox 186 308 2388 369">
     <span class='ocr_line' id='line_1_1' title="bbox 186 308 2388 369; baseline 0.003 -6"><span class='ocrx_word' id='word_1_1' title='bbox 186 309 277 364; x_wconf 75' lang='lat' dir='ltr'><strong>9H</strong></span> <span class='ocrx_word' id='word_1_2' title='bbox 1238 308 1665 366; x_wconf 79' lang='lat' dir='ltr'><strong>POSTMODUM</strong></span> <span class='ocrx_word' id='word_1_3' title='bbox 1709 308 2024 368; x_wconf 72' lang='lat' dir='ltr'><strong>VICTORIS</strong></span> <span class='ocrx_word' id='word_1_4' title='bbox 2064 311 2126 368; x_wconf 88' lang='lat' dir='ltr'><strong>lll</strong></span> <span class='ocrx_word' id='word_1_5' title='bbox 2167 311 2388 369; x_wconf 56' lang='lat' dir='ltr'><strong>PAPE.</strong></span> 
     </span>
    </p>
   </div>
   <div class='ocr_carea' id='block_1_2' title="bbox 3335 324 3439 382">
    <p class='ocr_par' dir='ltr' id='par_1_2' title="bbox 3335 324 3439 382">
     <span class='ocr_line' id='line_1_2' title="bbox 3335 324 3439 382; baseline 0.019 -2"><span class='ocrx_word' id='word_1_6' title='bbox 3335 324 3439 382; x_wconf 59' lang='lat'><strong>9&amp;2</strong></span> 
     </span>
    </p>
   </div>
   <div class='ocr_carea' id='block_1_3' title="bbox 185 415 3364 506">
    <p class='ocr_par' dir='ltr' id='par_1_3' title="bbox 185 415 3364 506">
     <span class='ocr_line' id='line_1_3' title="bbox 185 415 3364 506; baseline 0.006 -32"><span class='ocrx_word' id='word_1_7' title='bbox 185 415 480 474; x_wconf 81' lang='lat' dir='ltr'><strong>Landulfus</strong></span> <span class='ocrx_word' id='word_1_8' title='bbox 502 415 648 474; x_wconf 85' lang='lat' dir='ltr'><strong>card.</strong></span> <span class='ocrx_word' id='word_1_9' title='bbox 674 417 976 490; x_wconf 86' lang='lat' dir='ltr'><strong>presbyter,</strong></span> <span class='ocrx_word' id='word_1_10' title='bbox 1005 417 1118 474; x_wconf 87' lang='lat' dir='ltr'><strong>Leo</strong></span> <span class='ocrx_word' id='word_1_11' title='bbox 1145 422 1296 476; x_wconf 83' lang='lat' dir='ltr'><strong>card.</strong></span> <span class='ocrx_word' id='word_1_12' title='bbox 1331 420 1630 492; x_wconf 87' lang='lat' dir='ltr'><strong>presbyter,</strong></span> <span class='ocrx_word' id='word_1_13' title='bbox 1665 436 1760 492; x_wconf 89' lang='lat' dir='ltr'><strong>pro</strong></span> <span class='ocrx_word' id='word_1_14' title='bbox 1791 431 1833 486; x_wconf 70' lang='grc' dir='ltr'><strong>Α</strong></span> <span class='ocrx_word' id='word_1_15' title='bbox 1866 423 1978 480; x_wconf 79' lang='lat' dir='ltr'><strong>Nec</strong></span> <span class='ocrx_word' id='word_1_16' title='bbox 2007 427 2197 483; x_wconf 81' lang='lat' dir='ltr'><strong>modus</strong></span> <span class='ocrx_word' id='word_1_17' title='bbox 2223 437 2307 483; x_wconf 88' lang='lat' dir='ltr'><strong>est</strong></span> <span class='ocrx_word' id='word_1_18' title='bbox 2342 429 2554 500; x_wconf 86' lang='lat' dir='ltr'><strong>p0pulis</strong></span> <span class='ocrx_word' id='word_1_19' title='bbox 2585 431 2904 487; x_wconf 85' lang='lat' dir='ltr'><strong>coeuntibus</strong></span> <span class='ocrx_word' id='word_1_20' title='bbox 2936 427 3146 506; x_wconf 78' lang='lat' dir='ltr'><strong>agmine</strong></span> <span class='ocrx_word' id='word_1_21' title='bbox 3176 437 3364 505; x_wconf 86' lang='lat' dir='ltr'><strong>denso,</strong></span> 
     </span>
    </p>
   </div>
   <div class='ocr_carea' id='block_1_4' title="bbox 183 508 1761 580">
    <p class='ocr_par' dir='ltr' id='par_1_4' title="bbox 183 508 1761 580">
     <span class='ocr_line' id='line_1_4' title="bbox 183 508 1761 580; baseline 0.001 -16"><span class='ocrx_word' id='word_1_22' title='bbox 183 509 436 564; x_wconf 81' lang='lat' dir='ltr'><strong>omnibus</strong></span> <span class='ocrx_word' id='word_1_23' title='bbox 488 508 822 580; x_wconf 67' lang='lat' dir='ltr'><strong>presbyteris</strong></span> <span class='ocrx_word' id='word_1_24' title='bbox 871 509 1286 577; x_wconf 86' lang='lat' dir='ltr'><strong>cardinalibns,</strong></span> <span class='ocrx_word' id='word_1_25' title='bbox 1335 512 1655 566; x_wconf 89' lang='lat' dir='ltr'><strong>diaconibus</strong></span> <span class='ocrx_word' id='word_1_26' title='bbox 1706 520 1761 565; x_wconf 91' lang='lat' dir='ltr'><strong>et</strong></span> 
     </span>
    </p>
   </div>
   <div class='ocr_carea' id='block_1_5' title="bbox 187 596 1760 670">
    <p class='ocr_par' dir='ltr' id='par_1_5' title="bbox 187 596 1760 670">
     <span class='ocr_line' id='line_1_5' title="bbox 187 596 1760 670; baseline 0.001 -17"><span class='ocrx_word' id='word_1_27' title='bbox 187 598 396 654; x_wconf 72' lang='lat' dir='ltr'><strong>clericis</strong></span> <span class='ocrx_word' id='word_1_28' title='bbox 437 597 493 652; x_wconf 91' lang='lat' dir='ltr'><strong>S.</strong></span> <span class='ocrx_word' id='word_1_29' title='bbox 527 597 594 651; x_wconf 83' lang='lat' dir='ltr'><strong>R.</strong></span> <span class='ocrx_word' id='word_1_30' title='bbox 621 597 679 652; x_wconf 87' lang='lat' dir='ltr'><strong>E.</strong></span> <span class='ocrx_word' id='word_1_31' title='bbox 716 596 790 652; x_wconf 91' lang='lat' dir='ltr'><strong>De</strong></span> <span class='ocrx_word' id='word_1_32' title='bbox 817 597 1160 669; x_wconf 84' lang='lat' dir='ltr'><strong>maguatibus</strong></span> <span class='ocrx_word' id='word_1_33' title='bbox 1195 610 1400 664; x_wconf 88' lang='lat' dir='ltr'><strong>autem,</strong></span> <span class='ocrx_word' id='word_1_34' title='bbox 1424 609 1479 654; x_wconf 81' lang='lat' dir='ltr'><strong>ut</strong></span> <span class='ocrx_word' id='word_1_35' title='bbox 1505 599 1608 654; x_wconf 91' lang='lat' dir='ltr'><strong>Leo</strong></span> <span class='ocrx_word' id='word_1_36' title='bbox 1634 617 1760 670; x_wconf 86' lang='lat' dir='ltr'><strong>pro-</strong></span> 
     </span>
    </p>
   </div>
   <div class='ocr_carea' id='block_1_6' title="bbox 191 689 1758 763">
    <p class='ocr_par' dir='ltr' id='par_1_6' title="bbox 191 689 1758 763">
     <span class='ocr_line' id='line_1_6' title="bbox 191 689 1758 763; baseline 0.001 -18"><span class='ocrx_word' id='word_1_37' title='bbox 191 690 441 760; x_wconf 74' lang='lat' dir='ltr'><strong>sequitur,</strong></span> <span class='ocrx_word' id='word_1_38' title='bbox 473 689 780 744; x_wconf 79' lang='lat' dir='ltr'><strong>Richardus</strong></span> <span class='ocrx_word' id='word_1_39' title='bbox 828 690 1081 762; x_wconf 82' lang='lat' dir='ltr'><strong>princeps</strong></span> <span class='ocrx_word' id='word_1_40' title='bbox 1123 689 1441 763; x_wconf 84' lang='lat' dir='ltr'><strong>Capuanus,</strong></span> <span class='ocrx_word' id='word_1_41' title='bbox 1474 709 1597 748; x_wconf 91' lang='lat' dir='ltr'><strong>cum</strong></span> <span class='ocrx_word' id='word_1_42' title='bbox 1635 691 1758 748; x_wconf 85' lang='lat' dir='ltr'><strong>Jor-</strong></span> 
     </span>
    </p>
   </div>
   <div class='ocr_carea' id='block_1_7' title="bbox 188 780 1758 857">
    <p class='ocr_par' dir='ltr' id='par_1_7' title="bbox 188 780 1758 857">
     <span class='ocr_line' id='line_1_7' title="bbox 188 780 1758 857; baseline 0.001 -21"><span class='ocrx_word' id='word_1_43' title='bbox 188 780 318 836; x_wconf 71' lang='lat' dir='ltr'><strong>1ane</strong></span> <span class='ocrx_word' id='word_1_44' title='bbox 348 780 461 834; x_wconf 87' lang='lat' dir='ltr'><strong>lilio</strong></span> <span class='ocrx_word' id='word_1_45' title='bbox 487 789 541 836; x_wconf 91' lang='lat' dir='ltr'><strong>et</strong></span> <span class='ocrx_word' id='word_1_46' title='bbox 571 780 740 835; x_wconf 86' lang='lat' dir='ltr'><strong>fratre</strong></span> <span class='ocrx_word' id='word_1_47' title='bbox 788 780 1064 846; x_wconf 77' lang='lat' dir='ltr'><strong>Rainullo,</strong></span> <span class='ocrx_word' id='word_1_48' title='bbox 1109 782 1349 839; x_wconf 87' lang='lat' dir='ltr'><strong>Gisulfus</strong></span> <span class='ocrx_word' id='word_1_49' title='bbox 1377 785 1626 857; x_wconf 80' lang='lat' dir='ltr'><strong>princeps</strong></span> <span class='ocrx_word' id='word_1_50' title='bbox 1654 784 1758 840; x_wconf 84' lang='lat' dir='ltr'><strong>Sa-</strong></span> 
     </span>
    </p>
   </div>
   <div class='ocr_carea' id='block_1_8' title="bbox 184 869 1761 947">
    <p class='ocr_par' dir='ltr' id='par_1_8' title="bbox 184 869 1761 947">
     <span class='ocr_line' id='line_1_8' title="bbox 184 869 1761 947; baseline 0.004 -23"><span class='ocrx_word' id='word_1_51' title='bbox 184 869 480 925; x_wconf 85' lang='lat' dir='ltr'><strong>lernitanus</strong></span> <span class='ocrx_word' id='word_1_52' title='bbox 523 886 645 925; x_wconf 90' lang='lat' dir='ltr'><strong>cum</strong></span> <span class='ocrx_word' id='word_1_53' title='bbox 691 870 955 927; x_wconf 78' lang='lat' dir='ltr'><strong>fratribus</strong></span> <span class='ocrx_word' id='word_1_54' title='bbox 1013 874 1144 939; x_wconf 89' lang='lat' dir='ltr'><strong>suis,</strong></span> <span class='ocrx_word' id='word_1_55' title='bbox 1195 875 1496 932; x_wconf 86' lang='lat' dir='ltr'><strong>Landulfus</strong></span> <span class='ocrx_word' id='word_1_56' title='bbox 1545 892 1761 947; x_wconf 88' lang='lat' dir='ltr'><strong>quoque</strong></span> 
     </span>
    </p>
   </div>
   <div class='ocr_carea' id='block_1_9' title="bbox 182 958 1761 1036">
    <p class='ocr_par' dir='ltr' id='par_1_9' title="bbox 182 958 1761 1036">
     <span class='ocr_line' id='line_1_9' title="bbox 182 958 1761 1036; baseline 0.004 -23"><span class='ocrx_word' id='word_1_57' title='bbox 182 959 436 1030; x_wconf 81' lang='lat' dir='ltr'><strong>princeps</strong></span> <span class='ocrx_word' id='word_1_58' title='bbox 476 958 916 1024; x_wconf 88' lang='lat' dir='ltr'><strong>Beneventanus,</strong></span> <span class='ocrx_word' id='word_1_59' title='bbox 945 970 999 1017; x_wconf 90' lang='lat' dir='ltr'><strong>et</strong></span> <span class='ocrx_word' id='word_1_60' title='bbox 1044 961 1266 1032; x_wconf 81' lang='lat' dir='ltr'><strong>Sergius</strong></span> <span class='ocrx_word' id='word_1_61' title='bbox 1311 966 1415 1019; x_wconf 80' lang='lat' dir='ltr'><strong>dux</strong></span> <span class='ocrx_word' id='word_1_62' title='bbox 1450 965 1761 1036; x_wconf 81' lang='lat' dir='ltr'><strong>Neapolita-</strong></span> 
     </span>
    </p>
   </div>
   <div class='ocr_carea' id='block_1_10' title="bbox 187 1049 1762 1122">
    <p class='ocr_par' dir='ltr' id='par_1_10' title="bbox 187 1049 1762 1122">
     <span class='ocr_line' id='line_1_10' title="bbox 187 1049 1762 1122; baseline 0.006 -20"><span class='ocrx_word' id='word_1_63' title='bbox 187 1063 304 1113; x_wconf 85' lang='lat' dir='ltr'><strong>nus,</strong></span> <span class='ocrx_word' id='word_1_64' title='bbox 356 1049 688 1120; x_wconf 83' lang='lat' dir='ltr'><strong>Sergiusque</strong></span> <span class='ocrx_word' id='word_1_65' title='bbox 742 1052 848 1106; x_wconf 68' lang='lat' dir='ltr'><strong>dux</strong></span> <span class='ocrx_word' id='word_1_66' title='bbox 901 1050 1299 1122; x_wconf 90' lang='lat' dir='ltr'><strong>Surrcntinus;</strong></span> <span class='ocrx_word' id='word_1_67' title='bbox 1354 1071 1475 1110; x_wconf 89' lang='lat' dir='ltr'><strong>nam</strong></span> <span class='ocrx_word' id='word_1_68' title='bbox 1515 1058 1620 1111; x_wconf 81' lang='lat' dir='ltr'><strong>dux</strong></span> <span class='ocrx_word' id='word_1_69' title='bbox 1652 1055 1762 1112; x_wconf 75' lang='lat' dir='ltr'><strong>R0-</strong></span> 
     </span>
    </p>
   </div>
   <div class='ocr_carea' id='block_1_11' title="bbox 184 1138 1762 1219">
    <p class='ocr_par' dir='ltr' id='par_1_11' title="bbox 184 1138 1762 1219">
     <span class='ocr_line' id='line_1_11' title="bbox 184 1138 1762 1219; baseline 0.006 -27"><span class='ocrx_word' id='word_1_70' title='bbox 184 1139 366 1192; x_wconf 87' lang='lat' dir='ltr'><strong>bertus</strong></span> <span class='ocrx_word' id='word_1_71' title='bbox 400 1138 734 1195; x_wconf 84' lang='lat' dir='ltr'><strong>Panormum</strong></span> <span class='ocrx_word' id='word_1_72' title='bbox 767 1156 834 1197; x_wconf 88' lang='lat' dir='ltr'><strong>eo</strong></span> <span class='ocrx_word' id='word_1_73' title='bbox 871 1152 1113 1212; x_wconf 88' lang='lat' dir='ltr'><strong>tempore</strong></span> <span class='ocrx_word' id='word_1_74' title='bbox 1141 1148 1508 1218; x_wconf 86' lang='lat' dir='ltr'><strong>oppugnabat,</strong></span> <span class='ocrx_word' id='word_1_75' title='bbox 1536 1148 1762 1219; x_wconf 83' lang='lat' dir='ltr'><strong>ideoque</strong></span> 
     </span>
    </p>
   </div>
   <div class='ocr_carea' id='block_1_12' title="bbox 187 1231 1762 1308">
    <p class='ocr_par' dir='ltr' id='par_1_12' title="bbox 187 1231 1762 1308">
     <span class='ocr_line' id='line_1_12' title="bbox 187 1231 1762 1308; baseline 0.007 -27"><span class='ocrx_word' id='word_1_76' title='bbox 187 1238 342 1282; x_wconf 73' lang='lat' dir='ltr'><strong>tanta:</strong></span> <span class='ocrx_word' id='word_1_77' title='bbox 372 1231 705 1285; x_wconf 69' lang='lat' dir='ltr'><strong>solemnitati</strong></span> <span class='ocrx_word' id='word_1_78' title='bbox 731 1240 860 1286; x_wconf 91' lang='lat' dir='ltr'><strong>tunc</strong></span> <span class='ocrx_word' id='word_1_79' title='bbox 899 1233 1164 1290; x_wconf 88' lang='lat' dir='ltr'><strong>interesse</strong></span> <span class='ocrx_word' id='word_1_80' title='bbox 1203 1252 1307 1291; x_wconf 90' lang='lat' dir='ltr'><strong>non</strong></span> <span class='ocrx_word' id='word_1_81' title='bbox 1341 1240 1534 1308; x_wconf 90' lang='lat' dir='ltr'><strong>potuit.</strong></span> <span class='ocrx_word' id='word_1_82' title='bbox 1571 1238 1674 1295; x_wconf 87' lang='lat' dir='ltr'><strong>Sed</strong></span> <span class='ocrx_word' id='word_1_83' title='bbox 1709 1248 1762 1294; x_wconf 90' lang='lat' dir='ltr'><strong>ct</strong></span> 
     </span>
    </p>
   </div>
   <div class='ocr_carea' id='block_1_13' title="bbox 185 1319 1759 1400">
    <p class='ocr_par' dir='ltr' id='par_1_13' title="bbox 185 1319 1759 1400">
     <span class='ocr_line' id='line_1_13' title="bbox 185 1319 1759 1400; baseline 0.006 -25"><span class='ocrx_word' id='word_1_84' title='bbox 185 1319 480 1376; x_wconf 72' lang='lat' dir='ltr'><strong>Marsorum</strong></span> <span class='ocrx_word' id='word_1_85' title='bbox 504 1323 763 1377; x_wconf 87' lang='lat' dir='ltr'><strong>comitum</strong></span> <span class='ocrx_word' id='word_1_86' title='bbox 795 1339 854 1377; x_wconf 74' lang='lat' dir='ltr'><strong>ar</strong></span> <span class='ocrx_word' id='word_1_87' title='bbox 884 1322 1255 1392; x_wconf 84' lang='lat' dir='ltr'><strong>Balvensium,</strong></span> <span class='ocrx_word' id='word_1_88' title='bbox 1283 1329 1628 1400; x_wconf 83' lang='lat' dir='ltr'><strong>filiorumque</strong></span> <span class='ocrx_word' id='word_1_89' title='bbox 1655 1330 1759 1384; x_wconf 88' lang='lat' dir='ltr'><strong>Bo-</strong></span> 
     </span>
    </p>
   </div>
   <div class='ocr_carea' id='block_1_14' title="bbox 185 1414 1758 1492">
    <p class='ocr_par' dir='ltr' id='par_1_14' title="bbox 185 1414 1758 1492">
     <span class='ocr_line' id='line_1_14' title="bbox 185 1414 1758 1492; baseline 0.006 -24"><span class='ocrx_word' id='word_1_90' title='bbox 185 1415 294 1470; x_wconf 88' lang='lat' dir='ltr'><strong>relli</strong></span> <span class='ocrx_word' id='word_1_91' title='bbox 327 1415 519 1484; x_wconf 85' lang='lat' dir='ltr'><strong>ingens</strong></span> <span class='ocrx_word' id='word_1_92' title='bbox 560 1414 889 1488; x_wconf 73' lang='lat' dir='ltr'><strong>frequentia.</strong></span> <span class='ocrx_word' id='word_1_93' title='bbox 917 1419 1245 1476; x_wconf 73' lang='lat' dir='ltr'><strong>Cmterorum</strong></span> <span class='ocrx_word' id='word_1_94' title='bbox 1292 1437 1422 1477; x_wconf 88' lang='lat' dir='ltr'><strong>vero</strong></span> <span class='ocrx_word' id='word_1_95' title='bbox 1453 1421 1758 1492; x_wconf 87' lang='lat' dir='ltr'><strong>potentium</strong></span> 
     </span>
    </p>
   </div>
   <div class='ocr_carea' id='block_1_15' title="bbox 185 1507 1759 1582">
    <p class='ocr_par' dir='ltr' id='par_1_15' title="bbox 185 1507 1759 1582">
     <span class='ocr_line' id='line_1_15' title="bbox 185 1507 1759 1582; baseline 0.005 -22"><span class='ocrx_word' id='word_1_96' title='bbox 185 1521 272 1560; x_wconf 87' lang='lat' dir='ltr'><strong>seu</strong></span> <span class='ocrx_word' id='word_1_97' title='bbox 302 1507 589 1571; x_wconf 83' lang='lat' dir='ltr'><strong>nobilium,</strong></span> <span class='ocrx_word' id='word_1_98' title='bbox 619 1517 729 1563; x_wconf 91' lang='lat' dir='ltr'><strong>tam</strong></span> <span class='ocrx_word' id='word_1_99' title='bbox 755 1513 1076 1566; x_wconf 88' lang='lat' dir='ltr'><strong>nostratium</strong></span> <span class='ocrx_word' id='word_1_100' title='bbox 1109 1528 1267 1582; x_wconf 87' lang='lat' dir='ltr'><strong>quam</strong></span> <span class='ocrx_word' id='word_1_101' title='bbox 1302 1512 1759 1579; x_wconf 82' lang='lat' dir='ltr'><strong>Normannorum,</strong></span> 
     </span>
    </p>
   </div>
   <div class='ocr_carea' id='block_1_16' title="bbox 187 1599 1763 1672">
    <p class='ocr_par' dir='ltr' id='par_1_16' title="bbox 187 1599 1763 1672">
     <span class='ocr_line' id='line_1_16' title="bbox 187 1599 1763 1672; baseline 0.007 -23"><span class='ocrx_word' id='word_1_102' title='bbox 187 1599 420 1652; x_wconf 89' lang='lat' dir='ltr'><strong>omnium</strong></span> <span class='ocrx_word' id='word_1_103' title='bbox 467 1600 896 1672; x_wconf 87' lang='lat' dir='ltr'><strong>circumquaque</strong></span> <span class='ocrx_word' id='word_1_104' title='bbox 941 1612 1207 1658; x_wconf 90' lang='lat' dir='ltr'><strong>terrarum</strong></span> <span class='ocrx_word' id='word_1_105' title='bbox 1264 1604 1348 1658; x_wconf 89' lang='lat' dir='ltr'><strong>vel</strong></span> <span class='ocrx_word' id='word_1_106' title='bbox 1399 1605 1646 1672; x_wconf 90' lang='lat' dir='ltr'><strong>nomina,</strong></span> <span class='ocrx_word' id='word_1_107' title='bbox 1677 1607 1763 1662; x_wconf 82' lang='lat' dir='ltr'><strong>vel</strong></span> 
     </span>
    </p>
   </div>
   <div class='ocr_carea' id='block_1_17' title="bbox 187 1687 1764 1764">
    <p class='ocr_par' dir='ltr' id='par_1_17' title="bbox 187 1687 1764 1764">
     <span class='ocr_line' id='line_1_17' title="bbox 187 1687 1764 1764; baseline 0.006 -25"><span class='ocrx_word' id='word_1_108' title='bbox 187 1687 844 1746; x_wconf 69' lang='lat' dir='ltr'><strong>numerum’innumerum</strong></span> <span class='ocrx_word' id='word_1_109' title='bbox 874 1692 1017 1746; x_wconf 90' lang='lat' dir='ltr'><strong>nulla</strong></span> <span class='ocrx_word' id='word_1_110' title='bbox 1072 1693 1174 1747; x_wconf 86' lang='lat' dir='ltr'><strong>fuit</strong></span> <span class='ocrx_word' id='word_1_111' title='bbox 1218 1707 1440 1762; x_wconf 87' lang='lat' dir='ltr'><strong>prorsus</strong></span> <span class='ocrx_word' id='word_1_112' title='bbox 1489 1695 1764 1764; x_wconf 77' lang='lat' dir='ltr'><strong>possibili-</strong></span> 
     </span>
    </p>
   </div>
   <div class='ocr_carea' id='block_1_18' title="bbox 188 1777 1838 1870">
    <p class='ocr_par' dir='ltr' id='par_1_18' title="bbox 188 1777 1838 1870">
     <span class='ocr_line' id='line_1_18' title="bbox 188 1777 1838 1870; baseline 0.007 -41"><span class='ocrx_word' id='word_1_113' title='bbox 188 1785 264 1831; x_wconf 87' lang='lat' dir='ltr'><strong>tas</strong></span> <span class='ocrx_word' id='word_1_114' title='bbox 312 1777 392 1830; x_wconf 90' lang='lat' dir='ltr'><strong>vel</strong></span> <span class='ocrx_word' id='word_1_115' title='bbox 434 1779 726 1834; x_wconf 76' lang='lat' dir='ltr'><strong>consilium</strong></span> <span class='ocrx_word' id='word_1_116' title='bbox 778 1783 1118 1838; x_wconf 79' lang='lat' dir='ltr'><strong>recensendi.</strong></span> <span class='ocrx_word' id='word_1_117' title='bbox 1180 1783 1382 1840; x_wconf 86' lang='lat' dir='ltr'><strong>llorum</strong></span> <span class='ocrx_word' id='word_1_118' title='bbox 1437 1785 1599 1855; x_wconf 80' lang='lat' dir='ltr'><strong>igitur</strong></span> <span class='ocrx_word' id='word_1_119' title='bbox 1647 1803 1838 1870; x_wconf 74' lang='lat' dir='ltr'><strong>om-B</strong></span> 
     </span>
    </p>
   </div>
   <div class='ocr_carea' id='block_1_19' title="bbox 187 1870 1763 1948">
    <p class='ocr_par' dir='ltr' id='par_1_19' title="bbox 187 1870 1763 1948">
     <span class='ocr_line' id='line_1_19' title="bbox 187 1870 1763 1948; baseline 0.006 -25"><span class='ocrx_word' id='word_1_120' title='bbox 187 1870 327 1925; x_wconf 85' lang='lat' dir='ltr'><strong>nium</strong></span> <span class='ocrx_word' id='word_1_121' title='bbox 357 1887 572 1927; x_wconf 88' lang='lat' dir='ltr'><strong>summa</strong></span> <span class='ocrx_word' id='word_1_122' title='bbox 603 1873 888 1930; x_wconf 76' lang='lat' dir='ltr'><strong>devotione</strong></span> <span class='ocrx_word' id='word_1_123' title='bbox 934 1885 987 1930; x_wconf 94' lang='lat' dir='ltr'><strong>ct</strong></span> <span class='ocrx_word' id='word_1_124' title='bbox 1038 1877 1238 1948; x_wconf 86' lang='lat' dir='ltr'><strong>ingenti</strong></span> <span class='ocrx_word' id='word_1_125' title='bbox 1285 1876 1492 1943; x_wconf 68' lang='lat' dir='ltr'><strong>laetitia,</strong></span> <span class='ocrx_word' id='word_1_126' title='bbox 1525 1879 1763 1933; x_wconf 76' lang='lat' dir='ltr'><strong>maximo</strong></span> 
     </span>
    </p>
   </div>
   <div class='ocr_carea' id='block_1_20' title="bbox 188 1961 1760 2034">
    <p class='ocr_par' dir='ltr' id='par_1_20' title="bbox 188 1961 1760 2034">
     <span class='ocr_line' id='line_1_20' title="bbox 188 1961 1760 2034; baseline 0.006 -21"><span class='ocrx_word' id='word_1_127' title='bbox 188 1961 383 2015; x_wconf 84' lang='lat' dir='ltr'><strong>honore</strong></span> <span class='ocrx_word' id='word_1_128' title='bbox 410 1977 478 2016; x_wconf 89' lang='lat' dir='ltr'><strong>ac</strong></span> <span class='ocrx_word' id='word_1_129' title='bbox 510 1964 780 2034; x_wconf 67' lang='lat' dir='ltr'><strong>prmcipua</strong></span> <span class='ocrx_word' id='word_1_130' title='bbox 813 1964 982 2034; x_wconf 79' lang='lat' dir='ltr'><strong>gloria</strong></span> <span class='ocrx_word' id='word_1_131' title='bbox 1008 1965 1255 2021; x_wconf 89' lang='lat' dir='ltr'><strong>dedicata</strong></span> <span class='ocrx_word' id='word_1_132' title='bbox 1285 1975 1368 2022; x_wconf 91' lang='lat' dir='ltr'><strong>est</strong></span> <span class='ocrx_word' id='word_1_133' title='bbox 1389 1968 1577 2022; x_wconf 90' lang='lat' dir='ltr'><strong>eadem</strong></span> <span class='ocrx_word' id='word_1_134' title='bbox 1613 1969 1760 2023; x_wconf 83' lang='lat' dir='ltr'><strong>Beati</strong></span> 
     </span>
    </p>
   </div>
   <div class='ocr_carea' id='block_1_21' title="bbox 188 2049 1761 2127">
    <p class='ocr_par' dir='ltr' id='par_1_21' title="bbox 188 2049 1761 2127">
     <span class='ocr_line' id='line_1_21' title="bbox 188 2049 1761 2127; baseline 0.005 -25"><span class='ocrx_word' id='word_1_135' title='bbox 188 2049 454 2108; x_wconf 86' lang='lat' dir='ltr'><strong>Benedicti</strong></span> <span class='ocrx_word' id='word_1_136' title='bbox 494 2053 715 2108; x_wconf 77' lang='lat' dir='ltr'><strong>basilica</strong></span> <span class='ocrx_word' id='word_1_137' title='bbox 774 2069 896 2109; x_wconf 88' lang='lat' dir='ltr'><strong>cum</strong></span> <span class='ocrx_word' id='word_1_138' title='bbox 946 2056 1186 2125; x_wconf 87' lang='lat' dir='ltr'><strong>quinque</strong></span> <span class='ocrx_word' id='word_1_139' title='bbox 1221 2056 1484 2110; x_wconf 86' lang='lat' dir='ltr'><strong>altaribus</strong></span> <span class='ocrx_word' id='word_1_140' title='bbox 1509 2059 1622 2112; x_wconf 87' lang='lat' dir='ltr'><strong>suis</strong></span> <span class='ocrx_word' id='word_1_141' title='bbox 1650 2058 1761 2127; x_wconf 82' lang='lat' dir='ltr'><strong>ipsa</strong></span> 
     </span>
    </p>
   </div>
   <div class='ocr_carea' id='block_1_22' title="bbox 189 2140 1764 2211">
    <p class='ocr_par' dir='ltr' id='par_1_22' title="bbox 189 2140 1764 2211">
     <span class='ocr_line' id='line_1_22' title="bbox 189 2140 1764 2211; baseline 0.005 -18"><span class='ocrx_word' id='word_1_142' title='bbox 189 2140 267 2194; x_wconf 88' lang='lat' dir='ltr'><strong>die</strong></span> <span class='ocrx_word' id='word_1_143' title='bbox 295 2141 663 2198; x_wconf 79' lang='lat' dir='ltr'><strong>Kalendarum</strong></span> <span class='ocrx_word' id='word_1_144' title='bbox 707 2141 1052 2211; x_wconf 86' lang='lat' dir='ltr'><strong>Octobrium,</strong></span> <span class='ocrx_word' id='word_1_145' title='bbox 1087 2161 1229 2199; x_wconf 89' lang='lat' dir='ltr'><strong>anno</strong></span> <span class='ocrx_word' id='word_1_146' title='bbox 1257 2146 1654 2203; x_wconf 83' lang='lat' dir='ltr'><strong>lncarnationis</strong></span> <span class='ocrx_word' id='word_1_147' title='bbox 1687 2147 1764 2201; x_wconf 85' lang='lat' dir='ltr'><strong>di-</strong></span> 
     </span>
    </p>
   </div>
   <div class='ocr_carea' id='block_1_23' title="bbox 193 2231 1764 2306">
    <p class='ocr_par' dir='ltr' id='par_1_23' title="bbox 193 2231 1764 2306">
     <span class='ocr_line' id='line_1_23' title="bbox 193 2231 1764 2306; baseline 0.006 -24"><span class='ocrx_word' id='word_1_148' title='bbox 193 2231 320 2286; x_wconf 67' lang='lat' dir='ltr'><strong>vinae</strong></span> <span class='ocrx_word' id='word_1_149' title='bbox 346 2232 642 2287; x_wconf 85' lang='lat' dir='ltr'><strong>millesimo</strong></span> <span class='ocrx_word' id='word_1_150' title='bbox 670 2236 1073 2306; x_wconf 83' lang='lat' dir='ltr'><strong>septuagesimo</strong></span> <span class='ocrx_word' id='word_1_151' title='bbox 1118 2236 1315 2305; x_wconf 90' lang='lat' dir='ltr'><strong>primo,</strong></span> <span class='ocrx_word' id='word_1_152' title='bbox 1351 2237 1642 2292; x_wconf 89' lang='lat' dir='ltr'><strong>indictione</strong></span> <span class='ocrx_word' id='word_1_153' title='bbox 1669 2253 1764 2291; x_wconf 84' lang='lat' dir='ltr'><strong>no-</strong></span> 
     </span>
    </p>
   </div>
   <div class='ocr_carea' id='block_1_24' title="bbox 189 2322 1761 2397">
    <p class='ocr_par' dir='ltr' id='par_1_24' title="bbox 189 2322 1761 2397">
     <span class='ocr_line' id='line_1_24' title="bbox 189 2322 1761 2397; baseline 0.005 -21"><span class='ocrx_word' id='word_1_154' title='bbox 189 2337 268 2386; x_wconf 82' lang='lat' dir='ltr'><strong>na,</strong></span> <span class='ocrx_word' id='word_1_155' title='bbox 292 2322 377 2378; x_wconf 89' lang='lat' dir='ltr'><strong>die</strong></span> <span class='ocrx_word' id='word_1_156' title='bbox 416 2322 645 2380; x_wconf 85' lang='lat' dir='ltr'><strong>Sabbati</strong></span> <span class='ocrx_word' id='word_1_157' title='bbox 673 2341 688 2390; x_wconf 87' lang='lat'><strong>;</strong></span> <span class='ocrx_word' id='word_1_158' title='bbox 720 2335 775 2381; x_wconf 91' lang='lat' dir='ltr'><strong>et</strong></span> <span class='ocrx_word' id='word_1_159' title='bbox 806 2325 999 2381; x_wconf 87' lang='lat' dir='ltr'><strong>altaria</strong></span> <span class='ocrx_word' id='word_1_160' title='bbox 1041 2329 1260 2397; x_wconf 82' lang='lat' dir='ltr'><strong>quidem</strong></span> <span class='ocrx_word' id='word_1_161' title='bbox 1307 2327 1579 2394; x_wconf 89' lang='lat' dir='ltr'><strong>mediana,</strong></span> <span class='ocrx_word' id='word_1_162' title='bbox 1617 2329 1761 2384; x_wconf 85' lang='lat' dir='ltr'><strong>beati</strong></span> 
     </span>
    </p>
   </div>
   <div class='ocr_carea' id='block_1_25' title="bbox 189 2419 1759 2487">
    <p class='ocr_par' dir='ltr' id='par_1_25' title="bbox 189 2419 1759 2487">
     <span class='ocr_line' id='line_1_25' title="bbox 189 2419 1759 2487; baseline 0.003 -15"><span class='ocrx_word' id='word_1_163' title='bbox 189 2419 421 2477; x_wconf 80' lang='lat' dir='ltr'><strong>videlicet</strong></span> <span class='ocrx_word' id='word_1_164' title='bbox 449 2421 759 2487; x_wconf 82' lang='lat' dir='ltr'><strong>Benedicti,</strong></span> <span class='ocrx_word' id='word_1_165' title='bbox 785 2431 840 2477; x_wconf 90' lang='lat' dir='ltr'><strong>et</strong></span> <span class='ocrx_word' id='word_1_166' title='bbox 861 2425 1035 2478; x_wconf 86' lang='lat' dir='ltr'><strong>sancti</strong></span> <span class='ocrx_word' id='word_1_167' title='bbox 1064 2421 1288 2479; x_wconf 82' lang='lat' dir='ltr'><strong>Joannis</strong></span> <span class='ocrx_word' id='word_1_168' title='bbox 1332 2424 1611 2479; x_wconf 72' lang='lat' dir='ltr'><strong>vocabulis</strong></span> <span class='ocrx_word' id='word_1_169' title='bbox 1634 2423 1759 2477; x_wconf 89' lang='lat' dir='ltr'><strong>insi-</strong></span> 
     </span>
    </p>
   </div>
   <div class='ocr_carea' id='block_1_26' title="bbox 189 2511 1766 2585">
    <p class='ocr_par' dir='ltr' id='par_1_26' title="bbox 189 2511 1766 2585">
     <span class='ocr_line' id='line_1_26' title="bbox 189 2511 1766 2585; baseline 0.003 -21"><span class='ocrx_word' id='word_1_170' title='bbox 189 2511 346 2581; x_wconf 84' lang='lat' dir='ltr'><strong>gnita,</strong></span> <span class='ocrx_word' id='word_1_171' title='bbox 384 2528 556 2566; x_wconf 83' lang='lat' dir='ltr'><strong>manu</strong></span> <span class='ocrx_word' id='word_1_172' title='bbox 589 2513 807 2584; x_wconf 89' lang='lat' dir='ltr'><strong>propria</strong></span> <span class='ocrx_word' id='word_1_173' title='bbox 847 2514 1140 2585; x_wconf 75' lang='lat' dir='ltr'><strong>przedictus</strong></span> <span class='ocrx_word' id='word_1_174' title='bbox 1186 2514 1513 2585; x_wconf 90' lang='lat' dir='ltr'><strong>apostolicus</strong></span> <span class='ocrx_word' id='word_1_175' title='bbox 1541 2514 1766 2569; x_wconf 85' lang='lat' dir='ltr'><strong>benedi-</strong></span> 
     </span>
    </p>
   </div>
   <div class='ocr_carea' id='block_1_27' title="bbox 192 2603 1760 2678">
    <p class='ocr_par' dir='ltr' id='par_1_27' title="bbox 192 2603 1760 2678">
     <span class='ocr_line' id='line_1_27' title="bbox 192 2603 1760 2678; baseline 0.003 -23"><span class='ocrx_word' id='word_1_176' title='bbox 192 2603 299 2670; x_wconf 84' lang='lat' dir='ltr'><strong>xit;</strong></span> <span class='ocrx_word' id='word_1_177' title='bbox 323 2603 491 2661; x_wconf 88' lang='lat' dir='ltr'><strong>altare</strong></span> <span class='ocrx_word' id='word_1_178' title='bbox 516 2621 667 2670; x_wconf 90' lang='lat' dir='ltr'><strong>vero,</strong></span> <span class='ocrx_word' id='word_1_179' title='bbox 694 2607 838 2677; x_wconf 89' lang='lat' dir='ltr'><strong>quod</strong></span> <span class='ocrx_word' id='word_1_180' title='bbox 881 2607 934 2660; x_wconf 91' lang='lat' dir='ltr'><strong>in</strong></span> <span class='ocrx_word' id='word_1_181' title='bbox 965 2608 1191 2662; x_wconf 84' lang='lat' dir='ltr'><strong>australi</strong></span> <span class='ocrx_word' id='word_1_182' title='bbox 1222 2616 1374 2678; x_wconf 85' lang='lat' dir='ltr'><strong>parte</strong></span> <span class='ocrx_word' id='word_1_183' title='bbox 1401 2607 1468 2662; x_wconf 85' lang='lat' dir='ltr'><strong>ad</strong></span> <span class='ocrx_word' id='word_1_184' title='bbox 1499 2609 1760 2662; x_wconf 90' lang='lat' dir='ltr'><strong>honorem</strong></span> 
     </span>
    </p>
   </div>
   <div class='ocr_carea' id='block_1_28' title="bbox 195 2698 1766 2771">
    <p class='ocr_par' dir='ltr' id='par_1_28' title="bbox 195 2698 1766 2771">
     <span class='ocr_line' id='line_1_28' title="bbox 195 2698 1766 2771; baseline 0.003 -22"><span class='ocrx_word' id='word_1_185' title='bbox 195 2708 380 2753; x_wconf 71' lang='lat' dir='ltr'><strong>sancta:</strong></span> <span class='ocrx_word' id='word_1_186' title='bbox 414 2699 508 2754; x_wconf 87' lang='lat' dir='ltr'><strong>Dei</strong></span> <span class='ocrx_word' id='word_1_187' title='bbox 543 2698 821 2769; x_wconf 77' lang='lat' dir='ltr'><strong>genitricis</strong></span> <span class='ocrx_word' id='word_1_188' title='bbox 847 2711 931 2754; x_wconf 80' lang='lat' dir='ltr'><strong>est</strong></span> <span class='ocrx_word' id='word_1_189' title='bbox 977 2700 1164 2765; x_wconf 91' lang='lat' dir='ltr'><strong>situm,</strong></span> <span class='ocrx_word' id='word_1_190' title='bbox 1195 2698 1431 2756; x_wconf 82' lang='lat' dir='ltr'><strong>Joannes</strong></span> <span class='ocrx_word' id='word_1_191' title='bbox 1481 2700 1766 2771; x_wconf 86' lang='lat' dir='ltr'><strong>episcopus</strong></span> 
     </span>
    </p>
   </div>
   <div class='ocr_carea' id='block_1_29' title="bbox 195 2784 1763 2859">
    <p class='ocr_par' dir='ltr' id='par_1_29' title="bbox 195 2784 1763 2859">
     <span class='ocr_line' id='line_1_29' title="bbox 195 2784 1763 2859; baseline 0.001 -20"><span class='ocrx_word' id='word_1_192' title='bbox 195 2784 644 2852; x_wconf 79' lang='lat' dir='ltr'><strong>Tusculanensis;</strong></span> <span class='ocrx_word' id='word_1_193' title='bbox 675 2789 816 2858; x_wconf 90' lang='lat' dir='ltr'><strong>quod</strong></span> <span class='ocrx_word' id='word_1_194' title='bbox 853 2797 1036 2842; x_wconf 87' lang='lat' dir='ltr'><strong>autem</strong></span> <span class='ocrx_word' id='word_1_195' title='bbox 1085 2789 1136 2842; x_wconf 91' lang='lat' dir='ltr'><strong>in</strong></span> <span class='ocrx_word' id='word_1_196' title='bbox 1181 2799 1332 2859; x_wconf 90' lang='lat' dir='ltr'><strong>parte</strong></span> <span class='ocrx_word' id='word_1_197' title='bbox 1362 2789 1664 2859; x_wconf 89' lang='lat' dir='ltr'><strong>aquilonari</strong></span> <span class='ocrx_word' id='word_1_198' title='bbox 1698 2788 1763 2842; x_wconf 90' lang='lat' dir='ltr'><strong>ad</strong></span> 
     </span>
    </p>
   </div>
   <div class='ocr_carea' id='block_1_30' title="bbox 196 2877 1763 2950">
    <p class='ocr_par' dir='ltr' id='par_1_30' title="bbox 196 2877 1763 2950">
     <span class='ocr_line' id='line_1_30' title="bbox 196 2877 1763 2950; baseline 0.003 -21"><span class='ocrx_word' id='word_1_199' title='bbox 196 2891 374 2932; x_wconf 84' lang='lat' dir='ltr'><strong>nomen</strong></span> <span class='ocrx_word' id='word_1_200' title='bbox 397 2877 542 2933; x_wconf 84' lang='lat' dir='ltr'><strong>beati</strong></span> <span class='ocrx_word' id='word_1_201' title='bbox 571 2877 820 2950; x_wconf 78' lang='lat' dir='ltr'><strong>Gregorii</strong></span> <span class='ocrx_word' id='word_1_202' title='bbox 867 2879 1144 2935; x_wconf 88' lang='lat' dir='ltr'><strong>llubaldus</strong></span> <span class='ocrx_word' id='word_1_203' title='bbox 1180 2881 1467 2950; x_wconf 91' lang='lat' dir='ltr'><strong>episcopus</strong></span> <span class='ocrx_word' id='word_1_204' title='bbox 1496 2879 1763 2935; x_wconf 82' lang='lat' dir='ltr'><strong>Savinen-</strong></span> 
     </span>
    </p>
   </div>
   <div class='ocr_carea' id='block_1_31' title="bbox 195 2967 1764 3043">
    <p class='ocr_par' dir='ltr' id='par_1_31' title="bbox 195 2967 1764 3043">
     <span class='ocr_line' id='line_1_31' title="bbox 195 2967 1764 3043; baseline 0.004 -24"><span class='ocrx_word' id='word_1_205' title='bbox 195 2967 299 3033; x_wconf 88' lang='lat' dir='ltr'><strong>sis;</strong></span> <span class='ocrx_word' id='word_1_206' title='bbox 340 2969 526 3024; x_wconf 89' lang='lat' dir='ltr'><strong>Sancti</strong></span> <span class='ocrx_word' id='word_1_207' title='bbox 554 2985 684 3026; x_wconf 88' lang='lat' dir='ltr'><strong>vero</strong></span> <span class='ocrx_word' id='word_1_208' title='bbox 713 2970 919 3027; x_wconf 80' lang='lat' dir='ltr'><strong>Nicolai</strong></span> <span class='ocrx_word' id='word_1_209' title='bbox 952 2972 1214 3027; x_wconf 89' lang='lat' dir='ltr'><strong>Erasmus</strong></span> <span class='ocrx_word' id='word_1_210' title='bbox 1243 2974 1532 3043; x_wconf 87' lang='lat' dir='ltr'><strong>cpiscopus</strong></span> <span class='ocrx_word' id='word_1_211' title='bbox 1571 2970 1764 3043; x_wconf 86' lang='lat' dir='ltr'><strong>Segni-</strong></span> 
     </span>
    </p>
   </div>
   <div class='ocr_carea' id='block_1_32' title="bbox 196 3059 1765 3130">
    <p class='ocr_par' dir='ltr' id='par_1_32' title="bbox 196 3059 1765 3130">
     <span class='ocr_line' id='line_1_32' title="bbox 196 3059 1765 3130; baseline 0.005 -20"><span class='ocrx_word' id='word_1_212' title='bbox 196 3071 287 3112; x_wconf 84' lang='lat' dir='ltr'><strong>nus</strong></span> <span class='ocrx_word' id='word_1_213' title='bbox 331 3059 649 3114; x_wconf 85' lang='lat' dir='ltr'><strong>solemniter</strong></span> <span class='ocrx_word' id='word_1_214' title='bbox 705 3062 1047 3117; x_wconf 88' lang='lat' dir='ltr'><strong>dedicarunt.</strong></span> <span class='ocrx_word' id='word_1_215' title='bbox 1107 3065 1349 3130; x_wconf 86' lang='lat' dir='ltr'><strong>Quorum</strong></span> <span class='ocrx_word' id='word_1_216' title='bbox 1382 3079 1516 3118; x_wconf 87' lang='lat' dir='ltr'><strong>sane</strong></span> <span class='ocrx_word' id='word_1_217' title='bbox 1550 3071 1765 3118; x_wconf 82' lang='lat' dir='ltr'><strong>sancto-</strong></span> 
     </span>
    </p>
   </div>
   <div class='ocr_carea' id='block_1_33' title="bbox 199 3151 1836 3226">
    <p class='ocr_par' dir='ltr' id='par_1_33' title="bbox 199 3151 1836 3226">
     <span class='ocr_line' id='line_1_33' title="bbox 199 3151 1836 3226; baseline 0.006 -27"><span class='ocrx_word' id='word_1_218' title='bbox 199 3162 305 3202; x_wconf 91' lang='lat' dir='ltr'><strong>rum</strong></span> <span class='ocrx_word' id='word_1_219' title='bbox 338 3151 583 3221; x_wconf 65' lang='lat' dir='ltr'><strong>reliquiae</strong></span> <span class='ocrx_word' id='word_1_220' title='bbox 615 3159 742 3208; x_wconf 91' lang='lat' dir='ltr'><strong>tunc</strong></span> <span class='ocrx_word' id='word_1_221' title='bbox 767 3152 818 3206; x_wconf 93' lang='lat' dir='ltr'><strong>in</strong></span> <span class='ocrx_word' id='word_1_222' title='bbox 846 3153 1076 3224; x_wconf 77' lang='lat' dir='ltr'><strong>singulis</strong></span> <span class='ocrx_word' id='word_1_223' title='bbox 1106 3154 1370 3210; x_wconf 86' lang='lat' dir='ltr'><strong>altaribus</strong></span> <span class='ocrx_word' id='word_1_224' title='bbox 1410 3164 1537 3210; x_wconf 89' lang='lat' dir='ltr'><strong>sunt</strong></span> <span class='ocrx_word' id='word_1_225' title='bbox 1565 3169 1760 3210; x_wconf 91' lang='lat' dir='ltr'><strong>recon-</strong></span> <span class='ocrx_word' id='word_1_226' title='bbox 1789 3163 1836 3226; x_wconf 76' lang='grc' dir='ltr'>ο</span> 
     </span>
    </p>
   </div>
   <div class='ocr_carea' id='block_1_34' title="bbox 197 3239 1763 3312">
    <p class='ocr_par' dir='ltr' id='par_1_34' title="bbox 197 3239 1763 3312">
     <span class='ocr_line' id='line_1_34' title="bbox 197 3239 1763 3312; baseline 0.005 -21"><span class='ocrx_word' id='word_1_227' title='bbox 197 3239 332 3305; x_wconf 67' lang='lat' dir='ltr'><strong>ditm;</strong></span> <span class='ocrx_word' id='word_1_228' title='bbox 360 3251 727 3312; x_wconf 90' lang='lat' dir='ltr'><strong>opportunum</strong></span> <span class='ocrx_word' id='word_1_229' title='bbox 759 3242 937 3298; x_wconf 87' lang='lat' dir='ltr'><strong>hocin</strong></span> <span class='ocrx_word' id='word_1_230' title='bbox 968 3243 1088 3299; x_wconf 90' lang='lat' dir='ltr'><strong>loco</strong></span> <span class='ocrx_word' id='word_1_231' title='bbox 1137 3245 1378 3300; x_wconf 90' lang='lat' dir='ltr'><strong>inserere</strong></span> <span class='ocrx_word' id='word_1_232' title='bbox 1405 3245 1674 3300; x_wconf 79' lang='lat' dir='ltr'><strong>duximus.</strong></span> <span class='ocrx_word' id='word_1_233' title='bbox 1707 3244 1763 3299; x_wconf 92' lang='lat' dir='ltr'><strong>ln</strong></span> 
     </span>
    </p>
   </div>
   <div class='ocr_carea' id='block_1_35' title="bbox 198 3332 1756 3408">
    <p class='ocr_par' dir='ltr' id='par_1_35' title="bbox 198 3332 1756 3408">
     <span class='ocr_line' id='line_1_35' title="bbox 198 3332 1756 3408; baseline 0.005 -24"><span class='ocrx_word' id='word_1_234' title='bbox 198 3332 352 3388; x_wconf 87' lang='lat' dir='ltr'><strong>altare</strong></span> <span class='ocrx_word' id='word_1_235' title='bbox 403 3335 590 3406; x_wconf 84' lang='lat' dir='ltr'><strong>itaque</strong></span> <span class='ocrx_word' id='word_1_236' title='bbox 647 3335 800 3390; x_wconf 89' lang='lat' dir='ltr'><strong>Beati</strong></span> <span class='ocrx_word' id='word_1_237' title='bbox 859 3335 1136 3392; x_wconf 87' lang='lat' dir='ltr'><strong>Benedicti</strong></span> <span class='ocrx_word' id='word_1_238' title='bbox 1189 3339 1461 3393; x_wconf 87' lang='lat' dir='ltr'><strong>habentur</strong></span> <span class='ocrx_word' id='word_1_239' title='bbox 1514 3338 1756 3408; x_wconf 69' lang='lat' dir='ltr'><strong>reliquiae</strong></span> 
     </span>
    </p>
   </div>
   <div class='ocr_carea' id='block_1_36' title="bbox 198 3429 1766 3500">
    <p class='ocr_par' dir='ltr' id='par_1_36' title="bbox 198 3429 1766 3500">
     <span class='ocr_line' id='line_1_36' title="bbox 198 3429 1766 3500; baseline 0.007 -26"><span class='ocrx_word' id='word_1_240' title='bbox 198 3435 490 3482; x_wconf 86' lang='lat' dir='ltr'><strong>sanctorum</strong></span> <span class='ocrx_word' id='word_1_241' title='bbox 523 3429 892 3499; x_wconf 88' lang='lat' dir='ltr'><strong>apostolorum</strong></span> <span class='ocrx_word' id='word_1_242' title='bbox 941 3429 1174 3500; x_wconf 86' lang='lat' dir='ltr'><strong>Philippi</strong></span> <span class='ocrx_word' id='word_1_243' title='bbox 1226 3440 1283 3486; x_wconf 91' lang='lat' dir='ltr'><strong>et</strong></span> <span class='ocrx_word' id='word_1_244' title='bbox 1323 3429 1531 3497; x_wconf 84' lang='lat' dir='ltr'><strong>Jacobi,</strong></span> <span class='ocrx_word' id='word_1_245' title='bbox 1559 3441 1667 3486; x_wconf 91' lang='lat' dir='ltr'><strong>etc.</strong></span> <span class='ocrx_word' id='word_1_246' title='bbox 1707 3429 1766 3485; x_wconf 90' lang='lat' dir='ltr'><strong>ln</strong></span> 
     </span>
    </p>
   </div>
   <div class='ocr_carea' id='block_1_37' title="bbox 201 3514 1763 3579">
    <p class='ocr_par' dir='ltr' id='par_1_37' title="bbox 201 3514 1763 3579">
     <span class='ocr_line' id='line_1_37' title="bbox 201 3514 1763 3579; baseline 0.007 -14"><span class='ocrx_word' id='word_1_247' title='bbox 201 3514 358 3573; x_wconf 86' lang='lat' dir='ltr'><strong>altare</strong></span> <span class='ocrx_word' id='word_1_248' title='bbox 408 3519 600 3576; x_wconf 83' lang='lat' dir='ltr'><strong>Sancti</strong></span> <span class='ocrx_word' id='word_1_249' title='bbox 652 3519 935 3578; x_wconf 83' lang='lat' dir='ltr'><strong>Johannis.</strong></span> <span class='ocrx_word' id='word_1_250' title='bbox 956 3562 969 3576; x_wconf 93' lang='lat'><strong>.</strong></span> <span class='ocrx_word' id='word_1_251' title='bbox 992 3562 1005 3576; x_wconf 92' lang='lat'><strong>.</strong></span> <span class='ocrx_word' id='word_1_252' title='bbox 1028 3561 1043 3576; x_wconf 92' lang='lat'><strong>.</strong></span> <span class='ocrx_word' id='word_1_253' title='bbox 1178 3539 1242 3579; x_wconf 84' lang='lat' dir='ltr'><strong>ex</strong></span> <span class='ocrx_word' id='word_1_254' title='bbox 1282 3523 1402 3578; x_wconf 90' lang='lat' dir='ltr'><strong>oleo</strong></span> <span class='ocrx_word' id='word_1_255' title='bbox 1435 3523 1500 3578; x_wconf 90' lang='lat' dir='ltr'><strong>de</strong></span> <span class='ocrx_word' id='word_1_256' title='bbox 1539 3522 1763 3578; x_wconf 85' lang='lat' dir='ltr'><strong>candela</strong></span> 
     </span>
    </p>
   </div>
   <div class='ocr_carea' id='block_1_38' title="bbox 198 3611 1765 3685">
    <p class='ocr_par' dir='ltr' id='par_1_38' title="bbox 198 3611 1765 3685">
     <span class='ocr_line' id='line_1_38' title="bbox 198 3611 1765 3685; baseline 0.006 -27"><span class='ocrx_word' id='word_1_257' title='bbox 198 3611 358 3665; x_wconf 86' lang='lat' dir='ltr'><strong>sancti</strong></span> <span class='ocrx_word' id='word_1_258' title='bbox 408 3612 666 3684; x_wconf 89' lang='lat' dir='ltr'><strong>sepulcri,</strong></span> <span class='ocrx_word' id='word_1_259' title='bbox 698 3629 817 3682; x_wconf 82' lang='lat' dir='ltr'><strong>qua:</strong></span> <span class='ocrx_word' id='word_1_260' title='bbox 859 3614 1112 3670; x_wconf 84' lang='lat' dir='ltr'><strong>videlicet</strong></span> <span class='ocrx_word' id='word_1_261' title='bbox 1149 3630 1243 3685; x_wconf 87' lang='lat' dir='ltr'><strong>per</strong></span> <span class='ocrx_word' id='word_1_262' title='bbox 1290 3615 1531 3683; x_wconf 89' lang='lat' dir='ltr'><strong>singulos</strong></span> <span class='ocrx_word' id='word_1_263' title='bbox 1572 3630 1765 3677; x_wconf 82' lang='lat' dir='ltr'><strong>annos,</strong></span> 
     </span>
    </p>
   </div>
   <div class='ocr_carea' id='block_1_39' title="bbox 201 3702 1766 3774">
    <p class='ocr_par' dir='ltr' id='par_1_39' title="bbox 201 3702 1766 3774">
     <span class='ocr_line' id='line_1_39' title="bbox 201 3702 1766 3774; baseline 0.006 -24"><span class='ocrx_word' id='word_1_264' title='bbox 201 3702 346 3756; x_wconf 82' lang='lat' dir='ltr'><strong>modo</strong></span> <span class='ocrx_word' id='word_1_265' title='bbox 368 3703 521 3758; x_wconf 83' lang='lat' dir='ltr'><strong>valde</strong></span> <span class='ocrx_word' id='word_1_266' title='bbox 549 3705 804 3769; x_wconf 88' lang='lat' dir='ltr'><strong>mirabili,</strong></span> <span class='ocrx_word' id='word_1_267' title='bbox 837 3705 1052 3762; x_wconf 67' lang='lat' dir='ltr'><strong>coalitus</strong></span> <span class='ocrx_word' id='word_1_268' title='bbox 1075 3707 1160 3762; x_wconf 89' lang='lat' dir='ltr'><strong>die</strong></span> <span class='ocrx_word' id='word_1_269' title='bbox 1187 3707 1360 3761; x_wconf 88' lang='lat' dir='ltr'><strong>sancti</strong></span> <span class='ocrx_word' id='word_1_270' title='bbox 1411 3707 1634 3760; x_wconf 87' lang='lat' dir='ltr'><strong>Sabbati</strong></span> <span class='ocrx_word' id='word_1_271' title='bbox 1666 3721 1766 3774; x_wconf 78' lang='lat' dir='ltr'><strong>pa-</strong></span> 
     </span>
    </p>
   </div>
   <div class='ocr_carea' id='block_1_40' title="bbox 201 3792 1770 3870">
    <p class='ocr_par' dir='ltr' id='par_1_40' title="bbox 201 3792 1770 3870">
     <span class='ocr_line' id='line_1_40' title="bbox 201 3792 1770 3870; baseline 0.008 -27"><span class='ocrx_word' id='word_1_272' title='bbox 201 3792 384 3850; x_wconf 83' lang='lat' dir='ltr'><strong>schalis</strong></span> <span class='ocrx_word' id='word_1_273' title='bbox 437 3797 754 3854; x_wconf 88' lang='lat' dir='ltr'><strong>videntibus</strong></span> <span class='ocrx_word' id='word_1_274' title='bbox 796 3799 1008 3854; x_wconf 90' lang='lat' dir='ltr'><strong>cunctis</strong></span> <span class='ocrx_word' id='word_1_275' title='bbox 1056 3801 1394 3867; x_wconf 87' lang='lat' dir='ltr'><strong>accenditur,</strong></span> <span class='ocrx_word' id='word_1_276' title='bbox 1436 3810 1544 3854; x_wconf 90' lang='lat' dir='ltr'><strong>etc.</strong></span> <span class='ocrx_word' id='word_1_277' title='bbox 1595 3800 1770 3870; x_wconf 90' lang='lat' dir='ltr'><strong>Super</strong></span> 
     </span>
    </p>
   </div>
   <div class='ocr_carea' id='block_1_41' title="bbox 200 3891 1768 3986">
    <p class='ocr_par' dir='ltr' id='par_1_41' title="bbox 200 3891 1768 3986">
     <span class='ocr_line' id='line_1_41' title="bbox 200 3891 1768 3986; baseline 0.007 -46"><span class='ocrx_word' id='word_1_278' title='bbox 200 3891 364 3946; x_wconf 89' lang='lat' dir='ltr'><strong>omnia</strong></span> <span class='ocrx_word' id='word_1_279' title='bbox 395 3909 523 3950; x_wconf 88' lang='lat' dir='ltr'><strong>vero</strong></span> <span class='ocrx_word' id='word_1_280' title='bbox 555 3895 692 3961; x_wconf 69' lang='lat' dir='ltr'><strong>haec,</strong></span> <span class='ocrx_word' id='word_1_281' title='bbox 733 3895 875 3966; x_wconf 87' lang='lat' dir='ltr'><strong>quod</strong></span> <span class='ocrx_word' id='word_1_282' title='bbox 909 3895 1348 3986; x_wconf 54' lang='lat' dir='ltr'><strong>tacendum,pgn</strong></span> <span class='ocrx_word' id='word_1_283' title='bbox 1403 3895 1678 3960; x_wconf 81' lang='lat' dir='ltr'><strong>duximus,</strong></span> <span class='ocrx_word' id='word_1_284' title='bbox 1712 3895 1768 3951; x_wconf 91' lang='lat' dir='ltr'><strong>in</strong></span> 
     </span>
    </p>
   </div>
   <div class='ocr_carea' id='block_1_42' title="bbox 201 3979 1766 4058">
    <p class='ocr_par' dir='ltr' id='par_1_42' title="bbox 201 3979 1766 4058">
     <span class='ocr_line' id='line_1_42' title="bbox 201 3979 1766 4058; baseline 0.007 -27"><span class='ocrx_word' id='word_1_285' title='bbox 201 3979 520 4052; x_wconf 87' lang='lat' dir='ltr'><strong>singularum</strong></span> <span class='ocrx_word' id='word_1_286' title='bbox 553 3988 930 4043; x_wconf 88' lang='lat' dir='ltr'><strong>columnarum</strong></span> <span class='ocrx_word' id='word_1_287' title='bbox 955 3987 1196 4056; x_wconf 86' lang='lat' dir='ltr'><strong>ejusdem</strong></span> <span class='ocrx_word' id='word_1_288' title='bbox 1221 3979 1458 4044; x_wconf 67' lang='lat' dir='ltr'><strong>basilica:</strong></span> <span class='ocrx_word' id='word_1_289' title='bbox 1483 3986 1766 4058; x_wconf 81' lang='lat' dir='ltr'><strong>capitellis,</strong></span> 
     </span>
    </p>
   </div>
   <div class='ocr_carea' id='block_1_43' title="bbox 204 4079 1771 4146">
    <p class='ocr_par' dir='ltr' id='par_1_43' title="bbox 204 4079 1771 4146">
     <span class='ocr_line' id='line_1_43' title="bbox 204 4079 1771 4146; baseline 0.008 -22"><span class='ocrx_word' id='word_1_290' title='bbox 204 4079 434 4146; x_wconf 87' lang='lat' dir='ltr'><strong>tempore</strong></span> <span class='ocrx_word' id='word_1_291' title='bbox 482 4079 935 4144; x_wconf 83' lang='lat' dir='ltr'><strong>coustructionis,</strong></span> <span class='ocrx_word' id='word_1_292' title='bbox 993 4089 1306 4135; x_wconf 83' lang='lat' dir='ltr'><strong>reverenter</strong></span> <span class='ocrx_word' id='word_1_293' title='bbox 1361 4082 1495 4136; x_wconf 89' lang='lat' dir='ltr'><strong>satis</strong></span> <span class='ocrx_word' id='word_1_294' title='bbox 1528 4081 1582 4135; x_wconf 92' lang='lat' dir='ltr'><strong>in</strong></span> <span class='ocrx_word' id='word_1_295' title='bbox 1612 4082 1771 4137; x_wconf 69' lang='lat' dir='ltr'><strong>aereis</strong></span> 
     </span>
    </p>
   </div>
   <div class='ocr_carea' id='block_1_44' title="bbox 204 4169 1771 4244">
    <p class='ocr_par' dir='ltr' id='par_1_44' title="bbox 204 4169 1771 4244">
     <span class='ocr_line' id='line_1_44' title="bbox 204 4169 1771 4244; baseline 0.004 -22"><span class='ocrx_word' id='word_1_296' title='bbox 204 4169 457 4236; x_wconf 75' lang='lat' dir='ltr'><strong>pyxidulis</strong></span> <span class='ocrx_word' id='word_1_297' title='bbox 482 4173 727 4243; x_wconf 79' lang='lat' dir='ltr'><strong>reliquia:</strong></span> <span class='ocrx_word' id='word_1_298' title='bbox 750 4180 1060 4228; x_wconf 88' lang='lat' dir='ltr'><strong>sanctorum</strong></span> <span class='ocrx_word' id='word_1_299' title='bbox 1083 4171 1339 4242; x_wconf 85' lang='lat' dir='ltr'><strong>Philippi,</strong></span> <span class='ocrx_word' id='word_1_300' title='bbox 1361 4211 1375 4226; x_wconf 95' lang='lat'><strong>.</strong></span> <span class='ocrx_word' id='word_1_301' title='bbox 1394 4209 1410 4225; x_wconf 88' lang='lat'><strong>.</strong></span> <span class='ocrx_word' id='word_1_302' title='bbox 1427 4212 1443 4226; x_wconf 93' lang='lat'><strong>.</strong></span> <span class='ocrx_word' id='word_1_303' title='bbox 1470 4173 1536 4227; x_wconf 90' lang='lat' dir='ltr'><strong>de</strong></span> <span class='ocrx_word' id='word_1_304' title='bbox 1559 4173 1771 4244; x_wconf 85' lang='lat' dir='ltr'><strong>capillis</strong></span> 
     </span>
    </p>
   </div>
   <div class='ocr_carea' id='block_1_45' title="bbox 204 4264 1772 4337">
    <p class='ocr_par' dir='ltr' id='par_1_45' title="bbox 204 4264 1772 4337">
     <span class='ocr_line' id='line_1_45' title="bbox 204 4264 1772 4337; baseline 0.006 -26"><span class='ocrx_word' id='word_1_305' title='bbox 204 4265 364 4318; x_wconf 80' lang='lat' dir='ltr'><strong>sancti</strong></span> <span class='ocrx_word' id='word_1_306' title='bbox 397 4264 630 4336; x_wconf 79' lang='lat' dir='ltr'><strong>Remigii</strong></span> <span class='ocrx_word' id='word_1_307' title='bbox 687 4266 950 4337; x_wconf 89' lang='lat' dir='ltr'><strong>episcopi,</strong></span> <span class='ocrx_word' id='word_1_308' title='bbox 1008 4275 1116 4320; x_wconf 90' lang='lat' dir='ltr'><strong>etc.</strong></span> <span class='ocrx_word' id='word_1_309' title='bbox 1178 4265 1234 4320; x_wconf 93' lang='lat' dir='ltr'><strong>lu</strong></span> <span class='ocrx_word' id='word_1_310' title='bbox 1281 4273 1515 4334; x_wconf 89' lang='lat' dir='ltr'><strong>quatuor</strong></span> <span class='ocrx_word' id='word_1_311' title='bbox 1557 4266 1772 4335; x_wconf 78' lang='lat' dir='ltr'><strong>angulis</strong></span> 
     </span>
    </p>
   </div>
   <div class='ocr_carea' id='block_1_46' title="bbox 213 4357 1766 4429">
    <p class='ocr_par' dir='ltr' id='par_1_46' title="bbox 213 4357 1766 4429">
     <span class='ocr_line' id='line_1_46' title="bbox 213 4357 1766 4429; baseline 0.003 -23"><span class='ocrx_word' id='word_1_312' title='bbox 213 4361 521 4426; x_wconf 78' lang='lat' dir='ltr'><strong>3ampanarii</strong></span> <span class='ocrx_word' id='word_1_313' title='bbox 565 4361 648 4416; x_wconf 79' lang='lat' dir='ltr'><strong>ba:</strong></span> <span class='ocrx_word' id='word_1_314' title='bbox 685 4357 924 4428; x_wconf 57' lang='lat' dir='ltr'><strong>reliquiae</strong></span> <span class='ocrx_word' id='word_1_315' title='bbox 965 4366 1111 4424; x_wconf 91' lang='lat' dir='ltr'><strong>sunt,</strong></span> <span class='ocrx_word' id='word_1_316' title='bbox 1159 4358 1361 4429; x_wconf 82' lang='lat' dir='ltr'><strong>lignum</strong></span> <span class='ocrx_word' id='word_1_317' title='bbox 1394 4357 1629 4423; x_wconf 91' lang='lat' dir='ltr'><strong>Domini,</strong></span> <span class='ocrx_word' id='word_1_318' title='bbox 1661 4369 1766 4414; x_wconf 89' lang='lat' dir='ltr'><strong>etc.</strong></span> 
     </span>
    </p>
   </div>
   <div class='ocr_carea' id='block_1_47' title="bbox 208 4443 1770 4522">
    <p class='ocr_par' dir='ltr' id='par_1_47' title="bbox 208 4443 1770 4522">
     <span class='ocr_line' id='line_1_47' title="bbox 208 4443 1770 4522; baseline 0.005 -23"><span class='ocrx_word' id='word_1_319' title='bbox 208 4443 256 4498; x_wconf 91' lang='lat' dir='ltr'><strong>In</strong></span> <span class='ocrx_word' id='word_1_320' title='bbox 303 4463 461 4506; x_wconf 90' lang='lat' dir='ltr'><strong>cruce</strong></span> <span class='ocrx_word' id='word_1_321' title='bbox 505 4451 836 4521; x_wconf 86' lang='lat' dir='ltr'><strong>campanarii</strong></span> <span class='ocrx_word' id='word_1_322' title='bbox 871 4491 886 4515; x_wconf 91' lang='lat'><strong>,</strong></span> <span class='ocrx_word' id='word_1_323' title='bbox 941 4451 1144 4522; x_wconf 86' lang='lat' dir='ltr'><strong>lignum</strong></span> <span class='ocrx_word' id='word_1_324' title='bbox 1189 4450 1424 4516; x_wconf 90' lang='lat' dir='ltr'><strong>Domini,</strong></span> <span class='ocrx_word' id='word_1_325' title='bbox 1483 4451 1549 4505; x_wconf 91' lang='lat' dir='ltr'><strong>de</strong></span> <span class='ocrx_word' id='word_1_326' title='bbox 1595 4451 1770 4520; x_wconf 87' lang='lat' dir='ltr'><strong>capite</strong></span> 
     </span>
    </p>
   </div>
   <div class='ocr_carea' id='block_1_48' title="bbox 1866 514 3440 604">
    <p class='ocr_par' dir='ltr' id='par_1_48' title="bbox 1866 514 3440 604">
     <span class='ocr_line' id='line_1_48' title="bbox 1866 514 3440 604; baseline 0.01 -35"><span class='ocrx_word' id='word_1_327' title='bbox 1866 514 1974 571; x_wconf 84' lang='lat' dir='ltr'><strong>Nec</strong></span> <span class='ocrx_word' id='word_1_328' title='bbox 2007 519 2242 587; x_wconf 83' lang='lat' dir='ltr'><strong>requies,</strong></span> <span class='ocrx_word' id='word_1_329' title='bbox 2273 530 2565 592; x_wconf 88' lang='lat' dir='ltr'><strong>properant</strong></span> <span class='ocrx_word' id='word_1_330' title='bbox 2619 523 2669 576; x_wconf 91' lang='lat' dir='ltr'><strong>in</strong></span> <span class='ocrx_word' id='word_1_331' title='bbox 2703 523 2873 579; x_wconf 88' lang='lat' dir='ltr'><strong>lucem</strong></span> <span class='ocrx_word' id='word_1_332' title='bbox 2923 541 2952 578; x_wconf 89' lang='lat' dir='ltr'><strong>a</strong></span> <span class='ocrx_word' id='word_1_333' title='bbox 2984 538 3164 594; x_wconf 86' lang='lat' dir='ltr'><strong>nocte,</strong></span> <span class='ocrx_word' id='word_1_334' title='bbox 3191 529 3440 604; x_wconf 83' lang='lat' dir='ltr'><strong>diemque</strong></span> 
     </span>
    </p>
   </div>
   <div class='ocr_carea' id='block_1_49' title="bbox 1863 605 2383 684">
    <p class='ocr_par' dir='ltr' id='par_1_49' title="bbox 1863 605 2383 684">
     <span class='ocr_line' id='line_1_49' title="bbox 1863 605 2383 684; baseline 0.008 -24"><span class='ocrx_word' id='word_1_335' title='bbox 1863 605 2189 676; x_wconf 76' lang='lat' dir='ltr'><strong>Exspectare</strong></span> <span class='ocrx_word' id='word_1_336' title='bbox 2218 611 2383 684; x_wconf 82' lang='lat' dir='ltr'><strong>piget.</strong></span> 
     </span>
    </p>
   </div>
   <div class='ocr_carea' id='block_1_50' title="bbox 1863 698 3084 778">
    <p class='ocr_par' dir='ltr' id='par_1_50' title="bbox 1863 698 3084 778">
     <span class='ocr_line' id='line_1_50' title="bbox 1863 698 3084 778; baseline 0.01 -23"><span class='ocrx_word' id='word_1_337' title='bbox 1863 698 2068 755; x_wconf 88' lang='lat' dir='ltr'><strong>Lucani</strong></span> <span class='ocrx_word' id='word_1_338' title='bbox 2099 714 2293 758; x_wconf 88' lang='lat' dir='ltr'><strong>coeunt</strong></span> <span class='ocrx_word' id='word_1_339' title='bbox 2323 704 2529 778; x_wconf 87' lang='lat' dir='ltr'><strong>populi,</strong></span> <span class='ocrx_word' id='word_1_340' title='bbox 2560 706 2668 762; x_wconf 90' lang='lat' dir='ltr'><strong>coit</strong></span> <span class='ocrx_word' id='word_1_341' title='bbox 2698 706 2866 777; x_wconf 84' lang='lat' dir='ltr'><strong>Apula</strong></span> <span class='ocrx_word' id='word_1_342' title='bbox 2895 710 3084 778; x_wconf 90' lang='lat' dir='ltr'><strong>pubes,</strong></span> 
     </span>
    </p>
   </div>
   <div class='ocr_carea' id='block_1_51' title="bbox 1864 792 3330 876">
    <p class='ocr_par' dir='ltr' id='par_1_51' title="bbox 1864 792 3330 876">
     <span class='ocr_line' id='line_1_51' title="bbox 1864 792 3330 876; baseline 0.011 -29"><span class='ocrx_word' id='word_1_343' title='bbox 1864 792 1942 848; x_wconf 80' lang='lat' dir='ltr'><strong>Ac</strong></span> <span class='ocrx_word' id='word_1_344' title='bbox 1969 792 2208 861; x_wconf 88' lang='lat' dir='ltr'><strong>Calabri,</strong></span> <span class='ocrx_word' id='word_1_345' title='bbox 2237 806 2292 850; x_wconf 91' lang='lat' dir='ltr'><strong>et</strong></span> <span class='ocrx_word' id='word_1_346' title='bbox 2317 801 2498 854; x_wconf 90' lang='lat' dir='ltr'><strong>cuncti</strong></span> <span class='ocrx_word' id='word_1_347' title='bbox 2532 815 2668 870; x_wconf 86' lang='lat' dir='ltr'><strong>quos</strong></span> <span class='ocrx_word' id='word_1_348' title='bbox 2698 801 3050 859; x_wconf 72' lang='lat' dir='ltr'><strong>abluitmslus</strong></span> <span class='ocrx_word' id='word_1_349' title='bbox 3082 814 3330 876; x_wconf 88' lang='lat' dir='ltr'><strong>uterque,</strong></span> 
     </span>
    </p>
   </div>
   <div class='ocr_carea' id='block_1_52' title="bbox 1864 884 3367 968">
    <p class='ocr_par' dir='ltr' id='par_1_52' title="bbox 1864 884 3367 968">
     <span class='ocr_line' id='line_1_52' title="bbox 1864 884 3367 968; baseline 0.013 -31"><span class='ocrx_word' id='word_1_350' title='bbox 1864 884 1966 951; x_wconf 86' lang='lat' dir='ltr'><strong>Qui</strong></span> <span class='ocrx_word' id='word_1_351' title='bbox 1996 884 2127 940; x_wconf 72' lang='lat' dir='ltr'><strong>lmva</strong></span> <span class='ocrx_word' id='word_1_352' title='bbox 2164 896 2217 940; x_wconf 91' lang='lat' dir='ltr'><strong>ct</strong></span> <span class='ocrx_word' id='word_1_353' title='bbox 2253 889 2465 955; x_wconf 78' lang='lat' dir='ltr'><strong>dextra,</strong></span> <span class='ocrx_word' id='word_1_354' title='bbox 2493 891 2706 949; x_wconf 86' lang='lat' dir='ltr'><strong>Latium</strong></span> <span class='ocrx_word' id='word_1_355' title='bbox 2730 895 3132 968; x_wconf 86' lang='lat' dir='ltr'><strong>circumstrepit</strong></span> <span class='ocrx_word' id='word_1_356' title='bbox 3160 916 3321 956; x_wconf 91' lang='lat' dir='ltr'><strong>omne</strong></span> <span class='ocrx_word' id='word_1_357' title='bbox 3353 921 3367 967; x_wconf 90' lang='lat'><strong><em>;</em></strong></span> 
     </span>
    </p>
   </div>
   <div class='ocr_carea' id='block_1_53' title="bbox 1863 973 3300 1052">
    <p class='ocr_par' dir='ltr' id='par_1_53' title="bbox 1863 973 3300 1052">
     <span class='ocr_line' id='line_1_53' title="bbox 1863 973 3300 1052; baseline 0.012 -23"><span class='ocrx_word' id='word_1_358' title='bbox 1863 973 2088 1046; x_wconf 86' lang='lat' dir='ltr'><strong>Ipsaque</strong></span> <span class='ocrx_word' id='word_1_359' title='bbox 2122 979 2402 1034; x_wconf 78' lang='lat' dir='ltr'><strong>rtelestum</strong></span> <span class='ocrx_word' id='word_1_360' title='bbox 2427 983 2601 1037; x_wconf 81' lang='lat' dir='ltr'><strong>Sacris</strong></span> <span class='ocrx_word' id='word_1_361' title='bbox 2622 998 2910 1052; x_wconf 86' lang='lat' dir='ltr'><strong>procerum</strong></span> <span class='ocrx_word' id='word_1_362' title='bbox 2936 991 3300 1045; x_wconf 91' lang='lat' dir='ltr'><strong>monumentis</strong></span> 
     </span>
    </p>
   </div>
   <div class='ocr_carea' id='block_1_54' title="bbox 1863 1064 3360 1150">
    <p class='ocr_par' dir='ltr' id='par_1_54' title="bbox 1863 1064 3360 1150">
     <span class='ocr_line' id='line_1_54' title="bbox 1863 1064 3360 1150; baseline 0.011 -32"><span class='ocrx_word' id='word_1_363' title='bbox 1863 1064 2056 1130; x_wconf 78' lang='lat' dir='ltr'><strong>lloma,</strong></span> <span class='ocrx_word' id='word_1_364' title='bbox 2084 1065 2246 1123; x_wconf 88' lang='lat' dir='ltr'><strong>Petro</strong></span> <span class='ocrx_word' id='word_1_365' title='bbox 2291 1068 2565 1140; x_wconf 86' lang='lat' dir='ltr'><strong>Pauloque</strong></span> <span class='ocrx_word' id='word_1_366' title='bbox 2592 1081 2803 1142; x_wconf 90' lang='lat' dir='ltr'><strong>potens,</strong></span> <span class='ocrx_word' id='word_1_367' title='bbox 2835 1091 3114 1133; x_wconf 86' lang='lat' dir='ltr'><strong>rarescere</strong></span> <span class='ocrx_word' id='word_1_368' title='bbox 3144 1078 3360 1150; x_wconf 85' lang='lat' dir='ltr'><strong>gaudet,</strong></span> 
     </span>
    </p>
   </div>
   <div class='ocr_carea' id='block_1_55' title="bbox 1863 1152 3120 1226">
    <p class='ocr_par' dir='ltr' id='par_1_55' title="bbox 1863 1152 3120 1226">
     <span class='ocr_line' id='line_1_55' title="bbox 1863 1152 3120 1226; baseline 0.011 -18"><span class='ocrx_word' id='word_1_369' title='bbox 1863 1152 2027 1208; x_wconf 83' lang='lat' dir='ltr'><strong>Millia</strong></span> <span class='ocrx_word' id='word_1_370' title='bbox 2056 1155 2386 1226; x_wconf 84' lang='lat' dir='ltr'><strong>profundens</strong></span> <span class='ocrx_word' id='word_1_371' title='bbox 2409 1160 2476 1212; x_wconf 91' lang='lat' dir='ltr'><strong>ad</strong></span> <span class='ocrx_word' id='word_1_372' title='bbox 2509 1162 2709 1216; x_wconf 66' lang='lat' dir='ltr'><strong>muenia</strong></span> <span class='ocrx_word' id='word_1_373' title='bbox 2745 1163 2888 1218; x_wconf 89' lang='lat' dir='ltr'><strong>celsa</strong></span> <span class='ocrx_word' id='word_1_374' title='bbox 2917 1165 3120 1222; x_wconf 86' lang='lat' dir='ltr'><strong>Casini.</strong></span> 
     </span>
    </p>
   </div>
   <div class='ocr_carea' id='block_1_56' title="bbox 1875 1244 3222 1326">
    <p class='ocr_par' dir='ltr' id='par_1_56' title="bbox 1875 1244 3222 1326">
     <span class='ocr_line' id='line_1_56' title="bbox 1875 1244 3222 1326; baseline 0.016 -30"><span class='ocrx_word' id='word_1_375' title='bbox 1875 1244 2043 1300; x_wconf 71' lang='lat' dir='ltr'><strong>Vincit</strong></span> <span class='ocrx_word' id='word_1_376' title='bbox 2074 1248 2173 1302; x_wconf 78' lang='lat' dir='ltr'><strong>iter</strong></span> <span class='ocrx_word' id='word_1_377' title='bbox 2195 1250 2384 1303; x_wconf 83' lang='lat' dir='ltr'><strong>durum</strong></span> <span class='ocrx_word' id='word_1_378' title='bbox 2408 1252 2598 1320; x_wconf 78' lang='lat' dir='ltr'><strong>pietas,</strong></span> <span class='ocrx_word' id='word_1_379' title='bbox 2624 1269 2776 1308; x_wconf 89' lang='lat' dir='ltr'><strong>amor</strong></span> <span class='ocrx_word' id='word_1_380' title='bbox 2800 1265 2854 1310; x_wconf 90' lang='lat' dir='ltr'><strong>et</strong></span> <span class='ocrx_word' id='word_1_381' title='bbox 2876 1257 3149 1316; x_wconf 83' lang='lat' dir='ltr'><strong>Benedicti</strong></span> <span class='ocrx_word' id='word_1_382' title='bbox 3179 1261 3222 1326; x_wconf 86' lang='lat'><strong>;|</strong></span> 
     </span>
    </p>
   </div>
   <div class='ocr_carea' id='block_1_57' title="bbox 1873 1335 3439 1425">
    <p class='ocr_par' dir='ltr' id='par_1_57' title="bbox 1873 1335 3439 1425">
     <span class='ocr_line' id='line_1_57' title="bbox 1873 1335 3439 1425; baseline 0.013 -35"><span class='ocrx_word' id='word_1_383' title='bbox 1873 1335 2051 1392; x_wconf 72' lang='lat' dir='ltr'><strong>Vincit</strong></span> <span class='ocrx_word' id='word_1_384' title='bbox 2081 1348 2132 1394; x_wconf 83' lang='lat' dir='ltr'><strong>et</strong></span> <span class='ocrx_word' id='word_1_385' title='bbox 2177 1339 2318 1395; x_wconf 93' lang='lat' dir='ltr'><strong>alma</strong></span> <span class='ocrx_word' id='word_1_386' title='bbox 2362 1342 2496 1398; x_wconf 84' lang='lat' dir='ltr'><strong>lldes</strong></span> <span class='ocrx_word' id='word_1_387' title='bbox 2520 1358 2533 1396; x_wconf 90' lang='lat'><strong>:</strong></span> <span class='ocrx_word' id='word_1_388' title='bbox 2557 1359 2798 1414; x_wconf 87' lang='lat' dir='ltr'><strong>praesens</strong></span> <span class='ocrx_word' id='word_1_389' title='bbox 2826 1349 2968 1405; x_wconf 88' lang='lat' dir='ltr'><strong>Deus</strong></span> <span class='ocrx_word' id='word_1_390' title='bbox 2997 1349 3116 1423; x_wconf 60' lang='grc' dir='ltr'><strong>[τμη</strong></span> <span class='ocrx_word' id='word_1_391' title='bbox 3141 1351 3230 1425; x_wconf 88' lang='lat' dir='ltr'><strong>de]</strong></span> <span class='ocrx_word' id='word_1_392' title='bbox 3261 1355 3439 1410; x_wconf 78' lang='lat' dir='ltr'><strong>onuii-</strong></span> 
     </span>
    </p>
   </div>
   <div class='ocr_carea' id='block_1_58' title="bbox 3071 1445 3375 1502">
    <p class='ocr_par' dir='ltr' id='par_1_58' title="bbox 3071 1445 3375 1502">
     <span class='ocr_line' id='line_1_58' title="bbox 3071 1445 3375 1502; baseline 0.003 -1"><span class='ocrx_word' id='word_1_393' title='bbox 3071 1445 3169 1501; x_wconf 88' lang='lat' dir='ltr'><strong>bus</strong></span> <span class='ocrx_word' id='word_1_394' title='bbox 3212 1445 3375 1502; x_wconf 87' lang='lat' dir='ltr'><strong>isthic</strong></span> 
     </span>
    </p>
   </div>
   <div class='ocr_carea' id='block_1_59' title="bbox 1865 1441 3272 1605">
    <p class='ocr_par' dir='ltr' id='par_1_59' title="bbox 1865 1441 3272 1605">
     <span class='ocr_line' id='line_1_59' title="bbox 3071 1445 3272 1501; baseline -0.005 0"><span class='ocrx_word' id='word_1_395' title='bbox 3071 1445 3169 1501; x_wconf 87' lang='lat' dir='ltr'><strong>bus</strong></span> <span class='ocrx_word' id='word_1_396' title='bbox 3212 1445 3272 1500; x_wconf 83' lang='lat' dir='ltr'><strong>ist</strong></span> 
     </span>
     <span class='ocr_line' id='line_1_60' title="bbox 1865 1441 3272 1605; baseline 0.013 -29"><span class='ocrx_word' id='word_1_397' title='bbox 1865 1521 2138 1591; x_wconf 80' lang='lat' dir='ltr'><strong>Creditur,</strong></span> <span class='ocrx_word' id='word_1_398' title='bbox 2171 1534 2224 1578; x_wconf 90' lang='lat' dir='ltr'><strong>et</strong></span> <span class='ocrx_word' id='word_1_399' title='bbox 2261 1527 2456 1582; x_wconf 90' lang='lat' dir='ltr'><strong>summi</strong></span> <span class='ocrx_word' id='word_1_400' title='bbox 2481 1527 2808 1588; x_wconf 87' lang='lat' dir='ltr'><strong>Benedictus</strong></span> <span class='ocrx_word' id='word_1_401' title='bbox 2839 1533 3011 1605; x_wconf 89' lang='lat' dir='ltr'><strong>gloria</strong></span> <span class='ocrx_word' id='word_1_402' title='bbox 3042 1441 3272 1594; x_wconf 60' lang='lat' dir='ltr'><strong>[Christh</strong></span> 
     </span>
    </p>
   </div>
   <div class='ocr_carea' id='block_1_60' title="bbox 1866 1656 3444 1746">
    <p class='ocr_par' dir='ltr' id='par_1_60' title="bbox 1866 1656 3444 1746">
     <span class='ocr_line' id='line_1_61' title="bbox 1866 1656 3444 1746; baseline 0.015 -36"><span class='ocrx_word' id='word_1_403' title='bbox 1866 1656 2144 1713; x_wconf 86' lang='lat' dir='ltr'><strong>lulidelem</strong></span> <span class='ocrx_word' id='word_1_404' title='bbox 2193 1668 2345 1714; x_wconf 90' lang='lat' dir='ltr'><strong>certe</strong></span> <span class='ocrx_word' id='word_1_405' title='bbox 2381 1662 2613 1735; x_wconf 86' lang='lat' dir='ltr'><strong>quisque</strong></span> <span class='ocrx_word' id='word_1_406' title='bbox 2641 1679 2702 1720; x_wconf 88' lang='lat' dir='ltr'><strong>se</strong></span> <span class='ocrx_word' id='word_1_407' title='bbox 2731 1668 2976 1733; x_wconf 87' lang='lat' dir='ltr'><strong>credere,</strong></span> <span class='ocrx_word' id='word_1_408' title='bbox 3009 1671 3266 1729; x_wconf 88' lang='lat' dir='ltr'><strong>miserum</strong></span> <span class='ocrx_word' id='word_1_409' title='bbox 3292 1678 3444 1746; x_wconf 83' lang='lat' dir='ltr'><strong>peni-</strong></span> 
     </span>
    </p>
   </div>
   <div class='ocr_carea' id='block_1_61' title="bbox 1870 1749 3444 1823">
    <p class='ocr_par' dir='ltr' id='par_1_61' title="bbox 1870 1749 3444 1823">
     <span class='ocr_line' id='line_1_62' title="bbox 1870 1749 3444 1823; baseline 0.015 -22"><span class='ocrx_word' id='word_1_410' title='bbox 1870 1758 1956 1803; x_wconf 92' lang='lat' dir='ltr'><strong>tus</strong></span> <span class='ocrx_word' id='word_1_411' title='bbox 1977 1749 2273 1817; x_wconf 81' lang='lat' dir='ltr'><strong>:nstimare,</strong></span> <span class='ocrx_word' id='word_1_412' title='bbox 2307 1749 2351 1807; x_wconf 88' lang='lat' dir='ltr'><strong>si</strong></span> <span class='ocrx_word' id='word_1_413' title='bbox 2373 1759 2536 1808; x_wconf 69' lang='lat' dir='ltr'><strong>tantae</strong></span> <span class='ocrx_word' id='word_1_414' title='bbox 2567 1751 2932 1814; x_wconf 86' lang='lat' dir='ltr'><strong>solenmitatis</strong></span> <span class='ocrx_word' id='word_1_415' title='bbox 2963 1761 3047 1816; x_wconf 85' lang='lat' dir='ltr'><strong>vel</strong></span> <span class='ocrx_word' id='word_1_416' title='bbox 3098 1763 3193 1818; x_wconf 89' lang='lat' dir='ltr'><strong>lini</strong></span> <span class='ocrx_word' id='word_1_417' title='bbox 3228 1768 3444 1823; x_wconf 86' lang='lat' dir='ltr'><strong>tandem</strong></span> 
     </span>
    </p>
   </div>
   <div class='ocr_carea' id='block_1_62' title="bbox 1870 1843 3454 1923">
    <p class='ocr_par' dir='ltr' id='par_1_62' title="bbox 1870 1843 3454 1923">
     <span class='ocr_line' id='line_1_63' title="bbox 1870 1843 3454 1923; baseline 0.013 -29"><span class='ocrx_word' id='word_1_418' title='bbox 1870 1855 1976 1895; x_wconf 89' lang='lat' dir='ltr'><strong>non</strong></span> <span class='ocrx_word' id='word_1_419' title='bbox 2008 1850 2285 1909; x_wconf 80' lang='lat' dir='ltr'><strong>satageret</strong></span> <span class='ocrx_word' id='word_1_420' title='bbox 2310 1843 2600 1901; x_wconf 85' lang='lat' dir='ltr'><strong>interesse.</strong></span> <span class='ocrx_word' id='word_1_421' title='bbox 2633 1847 2711 1904; x_wconf 82' lang='lat' dir='ltr'><strong>Ex</strong></span> <span class='ocrx_word' id='word_1_422' title='bbox 2742 1863 2806 1905; x_wconf 91' lang='lat' dir='ltr'><strong>eo</strong></span> <span class='ocrx_word' id='word_1_423' title='bbox 2826 1851 2938 1922; x_wconf 90' lang='lat' dir='ltr'><strong>jam</strong></span> <span class='ocrx_word' id='word_1_424' title='bbox 2970 1867 3068 1923; x_wconf 90' lang='lat' dir='ltr'><strong>per</strong></span> <span class='ocrx_word' id='word_1_425' title='bbox 3091 1863 3262 1911; x_wconf 90' lang='lat' dir='ltr'><strong>totum</strong></span> <span class='ocrx_word' id='word_1_426' title='bbox 3298 1858 3454 1915; x_wconf 68' lang='lat' dir='ltr'><strong>Chrio</strong></span> 
     </span>
    </p>
   </div>
   <div class='ocr_carea' id='block_1_63' title="bbox 1868 1935 3448 2022">
    <p class='ocr_par' dir='ltr' id='par_1_63' title="bbox 1868 1935 3448 2022">
     <span class='ocr_line' id='line_1_64' title="bbox 1868 1935 3448 2022; baseline 0.013 -32"><span class='ocrx_word' id='word_1_427' title='bbox 1868 1935 2109 1992; x_wconf 90' lang='lat' dir='ltr'><strong>stianum</strong></span> <span class='ocrx_word' id='word_1_428' title='bbox 2145 1940 2336 1994; x_wconf 86' lang='lat' dir='ltr'><strong>orbem</strong></span> <span class='ocrx_word' id='word_1_429' title='bbox 2381 1943 2547 2012; x_wconf 70' lang='lat' dir='ltr'><strong>cmpit</strong></span> <span class='ocrx_word' id='word_1_430' title='bbox 2573 1943 2910 2002; x_wconf 83' lang='lat' dir='ltr'><strong>celebritatis</strong></span> <span class='ocrx_word' id='word_1_431' title='bbox 2944 1956 3108 2004; x_wconf 74' lang='lat' dir='ltr'><strong>tanta:</strong></span> <span class='ocrx_word' id='word_1_432' title='bbox 3161 1951 3333 2022; x_wconf 87' lang='lat' dir='ltr'><strong>gloria</strong></span> <span class='ocrx_word' id='word_1_433' title='bbox 3361 1954 3448 2010; x_wconf 83' lang='lat' dir='ltr'><strong>di-</strong></span> 
     </span>
    </p>
   </div>
   <div class='ocr_carea' id='block_1_64' title="bbox 1867 2028 3443 2104">
    <p class='ocr_par' dir='ltr' id='par_1_64' title="bbox 1867 2028 3443 2104">
     <span class='ocr_line' id='line_1_65' title="bbox 1867 2028 3443 2104; baseline 0.013 -24"><span class='ocrx_word' id='word_1_434' title='bbox 1867 2028 2075 2101; x_wconf 84' lang='lat' dir='ltr'><strong>vulgari</strong></span> <span class='ocrx_word' id='word_1_435' title='bbox 2122 2045 2136 2085; x_wconf 89' lang='lat'><strong>:</strong></span> <span class='ocrx_word' id='word_1_436' title='bbox 2184 2042 2390 2089; x_wconf 76' lang='lat' dir='ltr'><strong>extunc</strong></span> <span class='ocrx_word' id='word_1_437' title='bbox 2421 2035 2523 2091; x_wconf 89' lang='lat' dir='ltr'><strong>iste</strong></span> <span class='ocrx_word' id='word_1_438' title='bbox 2551 2035 2722 2104; x_wconf 90' lang='lat' dir='ltr'><strong>locus,</strong></span> <span class='ocrx_word' id='word_1_439' title='bbox 2754 2037 2884 2094; x_wconf 92' lang='lat' dir='ltr'><strong>licet</strong></span> <span class='ocrx_word' id='word_1_440' title='bbox 2911 2040 2981 2096; x_wconf 90' lang='lat' dir='ltr'><strong>ab</strong></span> <span class='ocrx_word' id='word_1_441' title='bbox 3009 2040 3138 2097; x_wconf 91' lang='lat' dir='ltr'><strong>olim</strong></span> <span class='ocrx_word' id='word_1_442' title='bbox 3164 2042 3443 2101; x_wconf 87' lang='lat' dir='ltr'><strong>Benedicti</strong></span> 
     </span>
    </p>
   </div>
   <div class='ocr_carea' id='block_1_65' title="bbox 1867 2124 3454 2204">
    <p class='ocr_par' dir='ltr' id='par_1_65' title="bbox 1867 2124 3454 2204">
     <span class='ocr_line' id='line_1_66' title="bbox 1867 2124 3454 2204; baseline 0.011 -27"><span class='ocrx_word' id='word_1_443' title='bbox 1867 2124 2049 2180; x_wconf 86' lang='lat' dir='ltr'><strong>Patris</strong></span> <span class='ocrx_word' id='word_1_444' title='bbox 2089 2127 2305 2184; x_wconf 87' lang='lat' dir='ltr'><strong>meritis</strong></span> <span class='ocrx_word' id='word_1_445' title='bbox 2352 2128 2594 2187; x_wconf 90' lang='lat' dir='ltr'><strong>famosus</strong></span> <span class='ocrx_word' id='word_1_446' title='bbox 2633 2145 2698 2187; x_wconf 86' lang='lat' dir='ltr'><strong>ac</strong></span> <span class='ocrx_word' id='word_1_447' title='bbox 2732 2131 2932 2190; x_wconf 89' lang='lat' dir='ltr'><strong>nobilis</strong></span> <span class='ocrx_word' id='word_1_448' title='bbox 2984 2135 3166 2204; x_wconf 85' lang='lat' dir='ltr'><strong>luerit,</strong></span> <span class='ocrx_word' id='word_1_449' title='bbox 3215 2141 3454 2196; x_wconf 92' lang='lat' dir='ltr'><strong>nobilior</strong></span> 
     </span>
    </p>
   </div>
   <div class='ocr_carea' id='block_1_66' title="bbox 1867 2217 3450 2299">
    <p class='ocr_par' dir='ltr' id='par_1_66' title="bbox 1867 2217 3450 2299">
     <span class='ocr_line' id='line_1_67' title="bbox 1867 2217 3450 2299; baseline 0.008 -27"><span class='ocrx_word' id='word_1_450' title='bbox 1867 2217 2038 2273; x_wconf 88' lang='lat' dir='ltr'><strong>multo</strong></span> <span class='ocrx_word' id='word_1_451' title='bbox 2071 2235 2135 2275; x_wconf 87' lang='lat' dir='ltr'><strong>ac</strong></span> <span class='ocrx_word' id='word_1_452' title='bbox 2162 2220 2449 2290; x_wconf 88' lang='lat' dir='ltr'><strong>gloriosior</strong></span> <span class='ocrx_word' id='word_1_453' title='bbox 2499 2224 2664 2293; x_wconf 66' lang='lat' dir='ltr'><strong>erepit</strong></span> <span class='ocrx_word' id='word_1_454' title='bbox 2717 2225 2932 2290; x_wconf 89' lang='lat' dir='ltr'><strong>haberi,</strong></span> <span class='ocrx_word' id='word_1_455' title='bbox 2963 2225 3248 2299; x_wconf 82' lang='lat' dir='ltr'><strong>Patrisque</strong></span> <span class='ocrx_word' id='word_1_456' title='bbox 3291 2231 3450 2287; x_wconf 87' lang='lat' dir='ltr'><strong>Desi-</strong></span> 
     </span>
    </p>
   </div>
   <div class='ocr_carea' id='block_1_67' title="bbox 1866 2307 3454 2391">
    <p class='ocr_par' dir='ltr' id='par_1_67' title="bbox 1866 2307 3454 2391">
     <span class='ocr_line' id='line_1_68' title="bbox 1866 2307 3454 2391; baseline 0.009 -28"><span class='ocrx_word' id='word_1_457' title='bbox 1866 2307 2003 2365; x_wconf 91' lang='lat' dir='ltr'><strong>derii</strong></span> <span class='ocrx_word' id='word_1_458' title='bbox 2035 2325 2254 2379; x_wconf 92' lang='lat' dir='ltr'><strong>nomen,</strong></span> <span class='ocrx_word' id='word_1_459' title='bbox 2291 2313 2431 2383; x_wconf 89' lang='lat' dir='ltr'><strong>apud</strong></span> <span class='ocrx_word' id='word_1_460' title='bbox 2460 2314 2749 2386; x_wconf 77' lang='lat' dir='ltr'><strong>plerosque</strong></span> <span class='ocrx_word' id='word_1_461' title='bbox 2769 2315 3091 2386; x_wconf 88' lang='lat' dir='ltr'><strong>jamdudum</strong></span> <span class='ocrx_word' id='word_1_462' title='bbox 3115 2335 3366 2391; x_wconf 85' lang='lat' dir='ltr'><strong>magnum</strong></span> <span class='ocrx_word' id='word_1_463' title='bbox 3397 2333 3454 2377; x_wconf 85' lang='lat' dir='ltr'><strong>et</strong></span> 
     </span>
    </p>
   </div>
   <div class='ocr_carea' id='block_1_68' title="bbox 1869 2399 3451 2478">
    <p class='ocr_par' dir='ltr' id='par_1_68' title="bbox 1869 2399 3451 2478">
     <span class='ocr_line' id='line_1_69' title="bbox 1869 2399 3451 2478; baseline 0.009 -24"><span class='ocrx_word' id='word_1_464' title='bbox 1869 2399 2109 2466; x_wconf 86' lang='lat' dir='ltr'><strong>celebre,</strong></span> <span class='ocrx_word' id='word_1_465' title='bbox 2140 2401 2419 2458; x_wconf 87' lang='lat' dir='ltr'><strong>celebrius</strong></span> <span class='ocrx_word' id='word_1_466' title='bbox 2447 2404 2704 2474; x_wconf 88' lang='lat' dir='ltr'><strong>deinceps</strong></span> <span class='ocrx_word' id='word_1_467' title='bbox 2726 2421 2790 2461; x_wconf 89' lang='lat' dir='ltr'><strong>ae</strong></span> <span class='ocrx_word' id='word_1_468' title='bbox 2815 2406 3047 2464; x_wconf 90' lang='lat' dir='ltr'><strong>nobilius</strong></span> <span class='ocrx_word' id='word_1_469' title='bbox 3072 2423 3171 2478; x_wconf 89' lang='lat' dir='ltr'><strong>per</strong></span> <span class='ocrx_word' id='word_1_470' title='bbox 3190 2408 3451 2468; x_wconf 84' lang='lat' dir='ltr'><strong>Occiden-</strong></span> 
     </span>
    </p>
   </div>
   <div class='ocr_carea' id='block_1_69' title="bbox 1871 2490 3454 2572">
    <p class='ocr_par' dir='ltr' id='par_1_69' title="bbox 1871 2490 3454 2572">
     <span class='ocr_line' id='line_1_70' title="bbox 1871 2490 3454 2572; baseline 0.009 -29"><span class='ocrx_word' id='word_1_471' title='bbox 1871 2498 1979 2544; x_wconf 85' lang='lat' dir='ltr'><strong>tem</strong></span> <span class='ocrx_word' id='word_1_472' title='bbox 2014 2499 2188 2546; x_wconf 69' lang='lat' dir='ltr'><strong>toxum</strong></span> <span class='ocrx_word' id='word_1_473' title='bbox 2214 2490 2442 2547; x_wconf 84' lang='lat' dir='ltr'><strong>diffundi</strong></span> <span class='ocrx_word' id='word_1_474' title='bbox 2473 2509 2492 2559; x_wconf 83' lang='lat'><strong>;</strong></span> <span class='ocrx_word' id='word_1_475' title='bbox 2541 2495 2844 2564; x_wconf 72' lang='lat' dir='ltr'><strong>prudentiae</strong></span> <span class='ocrx_word' id='word_1_476' title='bbox 2871 2497 3032 2553; x_wconf 92' lang='lat' dir='ltr'><strong>simul</strong></span> <span class='ocrx_word' id='word_1_477' title='bbox 3068 2513 3134 2553; x_wconf 86' lang='lat' dir='ltr'><strong>ac</strong></span> <span class='ocrx_word' id='word_1_478' title='bbox 3175 2499 3454 2572; x_wconf 87' lang='lat' dir='ltr'><strong>religionis</strong></span> 
     </span>
    </p>
   </div>
   <div class='ocr_carea' id='block_1_70' title="bbox 1869 2583 3452 2664">
    <p class='ocr_par' dir='ltr' id='par_1_70' title="bbox 1869 2583 3452 2664">
     <span class='ocr_line' id='line_1_71' title="bbox 1869 2583 3452 2664; baseline 0.009 -28"><span class='ocrx_word' id='word_1_479' title='bbox 1869 2583 2120 2638; x_wconf 67' lang='lat' dir='ltr'><strong>maxima:</strong></span> <span class='ocrx_word' id='word_1_480' title='bbox 2152 2583 2222 2639; x_wconf 87' lang='lat' dir='ltr'><strong>ab</strong></span> <span class='ocrx_word' id='word_1_481' title='bbox 2244 2584 2496 2640; x_wconf 89' lang='lat' dir='ltr'><strong>omnibus</strong></span> <span class='ocrx_word' id='word_1_482' title='bbox 2525 2587 2838 2656; x_wconf 84' lang='lat' dir='ltr'><strong>praedicari,</strong></span> <span class='ocrx_word' id='word_1_483' title='bbox 2893 2590 3255 2664; x_wconf 87' lang='lat' dir='ltr'><strong>omnibusqne</strong></span> <span class='ocrx_word' id='word_1_484' title='bbox 3281 2593 3452 2664; x_wconf 84' lang='lat' dir='ltr'><strong>ipsius</strong></span> 
     </span>
    </p>
   </div>
   <div class='ocr_carea' id='block_1_71' title="bbox 1870 2675 3452 2749">
    <p class='ocr_par' dir='ltr' id='par_1_71' title="bbox 1870 2675 3452 2749">
     <span class='ocr_line' id='line_1_72' title="bbox 1870 2675 3452 2749; baseline 0.008 -22"><span class='ocrx_word' id='word_1_485' title='bbox 1870 2675 2130 2745; x_wconf 77' lang='lat' dir='ltr'><strong>tempdris</strong></span> <span class='ocrx_word' id='word_1_486' title='bbox 2155 2675 2442 2733; x_wconf 82' lang='lat' dir='ltr'><strong>abbatibus</strong></span> <span class='ocrx_word' id='word_1_487' title='bbox 2477 2679 2678 2749; x_wconf 89' lang='lat' dir='ltr'><strong>ubique</strong></span> <span class='ocrx_word' id='word_1_488' title='bbox 2723 2678 2990 2749; x_wconf 87' lang='lat' dir='ltr'><strong>locorum,</strong></span> <span class='ocrx_word' id='word_1_489' title='bbox 3022 2697 3128 2740; x_wconf 89' lang='lat' dir='ltr'><strong>non</strong></span> <span class='ocrx_word' id='word_1_490' title='bbox 3176 2683 3350 2740; x_wconf 88' lang='lat' dir='ltr'><strong>solum</strong></span> <span class='ocrx_word' id='word_1_491' title='bbox 3395 2686 3452 2740; x_wconf 87' lang='lat' dir='ltr'><strong>in</strong></span> 
     </span>
    </p>
   </div>
   <div class='ocr_carea' id='block_1_72' title="bbox 1867 2767 3452 2846">
    <p class='ocr_par' dir='ltr' id='par_1_72' title="bbox 1867 2767 3452 2846">
     <span class='ocr_line' id='line_1_73' title="bbox 1867 2767 3452 2846; baseline 0.008 -26"><span class='ocrx_word' id='word_1_492' title='bbox 1867 2767 2296 2824; x_wconf 84' lang='lat' dir='ltr'><strong>occidentalibus</strong></span> <span class='ocrx_word' id='word_1_493' title='bbox 2325 2779 2383 2824; x_wconf 90' lang='lat' dir='ltr'><strong>et</strong></span> <span class='ocrx_word' id='word_1_494' title='bbox 2429 2771 2790 2828; x_wconf 86' lang='lat' dir='ltr'><strong>orientalibus</strong></span> <span class='ocrx_word' id='word_1_495' title='bbox 2825 2772 3091 2842; x_wconf 89' lang='lat' dir='ltr'><strong>partihus,</strong></span> <span class='ocrx_word' id='word_1_496' title='bbox 3124 2775 3219 2830; x_wconf 90' lang='lat' dir='ltr'><strong>sed</strong></span> <span class='ocrx_word' id='word_1_497' title='bbox 3272 2785 3327 2830; x_wconf 75' lang='lat' dir='ltr'><strong>et.</strong></span> <span class='ocrx_word' id='word_1_498' title='bbox 3354 2792 3452 2846; x_wconf 90' lang='lat' dir='ltr'><strong>per</strong></span> 
     </span>
    </p>
   </div>
   <div class='ocr_carea' id='block_1_73' title="bbox 1866 2860 3452 2938">
    <p class='ocr_par' dir='ltr' id='par_1_73' title="bbox 1866 2860 3452 2938">
     <span class='ocr_line' id='line_1_74' title="bbox 1866 2860 3452 2938; baseline 0.008 -27"><span class='ocrx_word' id='word_1_499' title='bbox 1866 2860 2054 2914; x_wconf 73' lang='lat' dir='ltr'><strong>orbem</strong></span> <span class='ocrx_word' id='word_1_500' title='bbox 2093 2869 2364 2916; x_wconf 88' lang='lat' dir='ltr'><strong>terrarum</strong></span> <span class='ocrx_word' id='word_1_501' title='bbox 2391 2863 2462 2917; x_wconf 89' lang='lat' dir='ltr'><strong>ab</strong></span> <span class='ocrx_word' id='word_1_502' title='bbox 2509 2863 2765 2918; x_wconf 88' lang='lat' dir='ltr'><strong>omnibus</strong></span> <span class='ocrx_word' id='word_1_503' title='bbox 2811 2865 3286 2936; x_wconf 86' lang='lat' dir='ltr'><strong>ceusebaturjure</strong></span> <span class='ocrx_word' id='word_1_504' title='bbox 3315 2882 3452 2938; x_wconf 72' lang='lat' dir='ltr'><strong>pra:-</strong></span> 
     </span>
    </p>
   </div>
   <div class='ocr_carea' id='block_1_74' title="bbox 1868 2947 3452 3028">
    <p class='ocr_par' dir='ltr' id='par_1_74' title="bbox 1868 2947 3452 3028">
     <span class='ocr_line' id='line_1_75' title="bbox 1868 2947 3452 3028; baseline 0.009 -27"><span class='ocrx_word' id='word_1_505' title='bbox 1868 2947 2020 3004; x_wconf 87' lang='lat' dir='ltr'><strong>ferri.</strong></span> <span class='ocrx_word' id='word_1_506' title='bbox 2055 2949 2260 3006; x_wconf 88' lang='lat' dir='ltr'><strong>Partim</strong></span> <span class='ocrx_word' id='word_1_507' title='bbox 2307 2952 2473 3023; x_wconf 89' lang='lat' dir='ltr'><strong>igitur</strong></span> <span class='ocrx_word' id='word_1_508' title='bbox 2519 2953 2792 3010; x_wconf 89' lang='lat' dir='ltr'><strong>desiderio</strong></span> <span class='ocrx_word' id='word_1_509' title='bbox 2821 2955 3162 3012; x_wconf 88' lang='lat' dir='ltr'><strong>Desiderium</strong></span> <span class='ocrx_word' id='word_1_510' title='bbox 3205 2959 3452 3028; x_wconf 89' lang='lat' dir='ltr'><strong>videndi,</strong></span> 
     </span>
    </p>
   </div>
   <div class='ocr_carea' id='block_1_75' title="bbox 1867 3041 3453 3118">
    <p class='ocr_par' dir='ltr' id='par_1_75' title="bbox 1867 3041 3453 3118">
     <span class='ocr_line' id='line_1_76' title="bbox 1867 3041 3453 3118; baseline 0.01 -25"><span class='ocrx_word' id='word_1_511' title='bbox 1867 3041 2068 3110; x_wconf 89' lang='lat' dir='ltr'><strong>partim</strong></span> <span class='ocrx_word' id='word_1_512' title='bbox 2102 3056 2233 3098; x_wconf 70' lang='lat' dir='ltr'><strong>vero</strong></span> <span class='ocrx_word' id='word_1_513' title='bbox 2287 3043 2473 3114; x_wconf 88' lang='lat' dir='ltr'><strong>templi</strong></span> <span class='ocrx_word' id='word_1_514' title='bbox 2527 3052 2637 3099; x_wconf 90' lang='lat' dir='ltr'><strong>tam</strong></span> <span class='ocrx_word' id='word_1_515' title='bbox 2693 3045 2894 3118; x_wconf 87' lang='lat' dir='ltr'><strong>vulgati</strong></span> <span class='ocrx_word' id='word_1_516' title='bbox 2944 3058 3001 3103; x_wconf 91' lang='lat' dir='ltr'><strong>et</strong></span> <span class='ocrx_word' id='word_1_517' title='bbox 3053 3057 3162 3104; x_wconf 87' lang='lat' dir='ltr'><strong>tam</strong></span> <span class='ocrx_word' id='word_1_518' title='bbox 3215 3051 3453 3109; x_wconf 90' lang='lat' dir='ltr'><strong>celebris</strong></span> 
     </span>
    </p>
   </div>
   <div class='ocr_carea' id='block_1_76' title="bbox 1867 3133 3457 3204">
    <p class='ocr_par' dir='ltr' id='par_1_76' title="bbox 1867 3133 3457 3204">
     <span class='ocr_line' id='line_1_77' title="bbox 1867 3133 3457 3204; baseline 0.011 -20"><span class='ocrx_word' id='word_1_519' title='bbox 1867 3133 2184 3198; x_wconf 90' lang='lat' dir='ltr'><strong>contuendi,</strong></span> <span class='ocrx_word' id='word_1_520' title='bbox 2210 3135 2408 3203; x_wconf 89' lang='lat' dir='ltr'><strong>partim</strong></span> <span class='ocrx_word' id='word_1_521' title='bbox 2441 3133 2677 3204; x_wconf 89' lang='lat' dir='ltr'><strong>denique</strong></span> <span class='ocrx_word' id='word_1_522' title='bbox 2705 3136 2758 3190; x_wconf 91' lang='lat' dir='ltr'><strong>in</strong></span> <span class='ocrx_word' id='word_1_523' title='bbox 2807 3137 2910 3193; x_wconf 89' lang='lat' dir='ltr'><strong>hoc</strong></span> <span class='ocrx_word' id='word_1_524' title='bbox 2965 3150 3318 3198; x_wconf 88' lang='lat' dir='ltr'><strong>sacrosancto</strong></span> <span class='ocrx_word' id='word_1_525' title='bbox 3342 3157 3457 3200; x_wconf 76' lang='grc' dir='ltr'><strong>οω-</strong></span> 
     </span>
    </p>
   </div>
   <div class='ocr_carea' id='block_1_77' title="bbox 1871 3220 3450 3302">
    <p class='ocr_par' dir='ltr' id='par_1_77' title="bbox 1871 3220 3450 3302">
     <span class='ocr_line' id='line_1_78' title="bbox 1871 3220 3450 3302; baseline 0.01 -29"><span class='ocrx_word' id='word_1_526' title='bbox 1871 3220 2034 3275; x_wconf 91' lang='lat' dir='ltr'><strong>nobio</strong></span> <span class='ocrx_word' id='word_1_527' title='bbox 2055 3225 2438 3290; x_wconf 88' lang='lat' dir='ltr'><strong>eouversandi,</strong></span> <span class='ocrx_word' id='word_1_528' title='bbox 2463 3234 2519 3280; x_wconf 86' lang='lat' dir='ltr'><strong>et</strong></span> <span class='ocrx_word' id='word_1_529' title='bbox 2541 3226 2652 3280; x_wconf 89' lang='lat' dir='ltr'><strong>Deo</strong></span> <span class='ocrx_word' id='word_1_530' title='bbox 2672 3230 2851 3296; x_wconf 90' lang='lat' dir='ltr'><strong>quoad</strong></span> <span class='ocrx_word' id='word_1_531' title='bbox 2881 3229 3127 3285; x_wconf 87' lang='lat' dir='ltr'><strong>viverent</strong></span> <span class='ocrx_word' id='word_1_532' title='bbox 3155 3233 3450 3302; x_wconf 88' lang='lat' dir='ltr'><strong>serviendi,</strong></span> 
     </span>
    </p>
   </div>
   <div class='ocr_carea' id='block_1_78' title="bbox 1872 3311 3452 3391">
    <p class='ocr_par' dir='ltr' id='par_1_78' title="bbox 1872 3311 3452 3391">
     <span class='ocr_line' id='line_1_79' title="bbox 1872 3311 3452 3391; baseline 0.009 -25"><span class='ocrx_word' id='word_1_533' title='bbox 1872 3311 2028 3366; x_wconf 91' lang='lat' dir='ltr'><strong>multi</strong></span> <span class='ocrx_word' id='word_1_534' title='bbox 2066 3327 2132 3367; x_wconf 81' lang='lat' dir='ltr'><strong>ex</strong></span> <span class='ocrx_word' id='word_1_535' title='bbox 2160 3313 2346 3369; x_wconf 90' lang='lat' dir='ltr'><strong>multis</strong></span> <span class='ocrx_word' id='word_1_536' title='bbox 2375 3326 2430 3369; x_wconf 88' lang='lat' dir='ltr'><strong>et</strong></span> <span class='ocrx_word' id='word_1_537' title='bbox 2479 3316 2702 3370; x_wconf 77' lang='lat' dir='ltr'><strong>extimis</strong></span> <span class='ocrx_word' id='word_1_538' title='bbox 2734 3326 3002 3372; x_wconf 89' lang='lat' dir='ltr'><strong>terrarum</strong></span> <span class='ocrx_word' id='word_1_539' title='bbox 3051 3322 3301 3391; x_wconf 89' lang='lat' dir='ltr'><strong>partibus</strong></span> <span class='ocrx_word' id='word_1_540' title='bbox 3343 3325 3452 3380; x_wconf 91' lang='lat' dir='ltr'><strong>huc</strong></span> 
     </span>
    </p>
   </div>
   <div class='ocr_carea' id='block_1_79' title="bbox 1870 3403 3446 3484">
    <p class='ocr_par' dir='ltr' id='par_1_79' title="bbox 1870 3403 3446 3484">
     <span class='ocr_line' id='line_1_80' title="bbox 1870 3403 3446 3484; baseline 0.01 -28"><span class='ocrx_word' id='word_1_541' title='bbox 1870 3416 2088 3472; x_wconf 60' lang='lat' dir='ltr'><strong>coepere</strong></span> <span class='ocrx_word' id='word_1_542' title='bbox 2114 3403 2416 3460; x_wconf 84' lang='lat' dir='ltr'><strong>conﬂuere:</strong></span> <span class='ocrx_word' id='word_1_543' title='bbox 2439 3415 2516 3472; x_wconf 91' lang='lat' dir='ltr'><strong>et,</strong></span> <span class='ocrx_word' id='word_1_544' title='bbox 2548 3406 2798 3462; x_wconf 87' lang='lat' dir='ltr'><strong>hilariter</strong></span> <span class='ocrx_word' id='word_1_545' title='bbox 2819 3408 3101 3466; x_wconf 89' lang='lat' dir='ltr'><strong>Desiderio</strong></span> <span class='ocrx_word' id='word_1_546' title='bbox 3126 3413 3446 3484; x_wconf 89' lang='lat' dir='ltr'><strong>recipiente,</strong></span> 
     </span>
    </p>
   </div>
   <div class='ocr_carea' id='block_1_80' title="bbox 1869 3494 3453 3569">
    <p class='ocr_par' dir='ltr' id='par_1_80' title="bbox 1869 3494 3453 3569">
     <span class='ocr_line' id='line_1_81' title="bbox 1869 3494 3453 3569; baseline 0.008 -21"><span class='ocrx_word' id='word_1_547' title='bbox 1869 3494 2073 3550; x_wconf 88' lang='lat' dir='ltr'><strong>factum</strong></span> <span class='ocrx_word' id='word_1_548' title='bbox 2103 3504 2188 3550; x_wconf 88' lang='lat' dir='ltr'><strong>est</strong></span> <span class='ocrx_word' id='word_1_549' title='bbox 2219 3503 2276 3550; x_wconf 85' lang='lat' dir='ltr'><strong>ut</strong></span> <span class='ocrx_word' id='word_1_550' title='bbox 2301 3497 2444 3551; x_wconf 88' lang='lat' dir='ltr'><strong>intra</strong></span> <span class='ocrx_word' id='word_1_551' title='bbox 2499 3496 2676 3566; x_wconf 86' lang='lat' dir='ltr'><strong>ipsum</strong></span> <span class='ocrx_word' id='word_1_552' title='bbox 2708 3496 2879 3554; x_wconf 82' lang='lat' dir='ltr'><strong>ferme</strong></span> <span class='ocrx_word' id='word_1_553' title='bbox 2930 3498 3236 3569; x_wconf 88' lang='lat' dir='ltr'><strong>biennium,</strong></span> <span class='ocrx_word' id='word_1_554' title='bbox 3265 3505 3334 3560; x_wconf 88' lang='lat' dir='ltr'><strong>ad</strong></span> <span class='ocrx_word' id='word_1_555' title='bbox 3360 3520 3453 3560; x_wconf 91' lang='lat' dir='ltr'><strong>se-</strong></span> 
     </span>
    </p>
   </div>
   <div class='ocr_carea' id='block_1_81' title="bbox 1870 3589 3495 3676">
    <p class='ocr_par' dir='ltr' id='par_1_81' title="bbox 1870 3589 3495 3676">
     <span class='ocr_line' id='line_1_82' title="bbox 1870 3589 3495 3676; baseline 0.006 -32"><span class='ocrx_word' id='word_1_556' title='bbox 1870 3591 2108 3644; x_wconf 90' lang='lat' dir='ltr'><strong>cundum</strong></span> <span class='ocrx_word' id='word_1_557' title='bbox 2162 3589 2384 3644; x_wconf 81' lang='lat' dir='ltr'><strong>circiter</strong></span> <span class='ocrx_word' id='word_1_558' title='bbox 2431 3591 2808 3646; x_wconf 89' lang='lat' dir='ltr'><strong>centenarium</strong></span> <span class='ocrx_word' id='word_1_559' title='bbox 2858 3595 3300 3664; x_wconf 88' lang='lat' dir='ltr'><strong>congregationis</strong></span> <span class='ocrx_word' id='word_1_560' title='bbox 3349 3597 3495 3676; x_wconf 45' lang='lat' dir='ltr'><strong>loci,</strong></span> 
     </span>
    </p>
   </div>
   <div class='ocr_carea' id='block_1_82' title="bbox 1872 3681 3454 3753">
    <p class='ocr_par' dir='ltr' id='par_1_82' title="bbox 1872 3681 3454 3753">
     <span class='ocr_line' id='line_1_83' title="bbox 1872 3681 3454 3753; baseline 0.006 -16"><span class='ocrx_word' id='word_1_561' title='bbox 1872 3681 2032 3752; x_wconf 86' lang='lat' dir='ltr'><strong>hujus</strong></span> <span class='ocrx_word' id='word_1_562' title='bbox 2055 3697 2117 3738; x_wconf 89' lang='lat' dir='ltr'><strong>se</strong></span> <span class='ocrx_word' id='word_1_563' title='bbox 2131 3697 2392 3738; x_wconf 89' lang='lat' dir='ltr'><strong>numerus</strong></span> <span class='ocrx_word' id='word_1_564' title='bbox 2411 3685 2769 3753; x_wconf 78' lang='lat' dir='ltr'><strong>perrexisset.</strong></span> <span class='ocrx_word' id='word_1_565' title='bbox 2802 3681 2923 3739; x_wconf 90' lang='lat' dir='ltr'><strong>Jam</strong></span> <span class='ocrx_word' id='word_1_566' title='bbox 2951 3701 3084 3742; x_wconf 88' lang='lat' dir='ltr'><strong>vero</strong></span> <span class='ocrx_word' id='word_1_567' title='bbox 3111 3687 3454 3747; x_wconf 87' lang='lat' dir='ltr'><strong>diversorum</strong></span> 
     </span>
    </p>
   </div>
   <div class='ocr_carea' id='block_1_83' title="bbox 1873 3777 3458 3851">
    <p class='ocr_par' dir='ltr' id='par_1_83' title="bbox 1873 3777 3458 3851">
     <span class='ocr_line' id='line_1_84' title="bbox 1873 3777 3458 3851; baseline 0.006 -22"><span class='ocrx_word' id='word_1_568' title='bbox 1873 3789 2062 3846; x_wconf 87' lang='lat' dir='ltr'><strong>regum</strong></span> <span class='ocrx_word' id='word_1_569' title='bbox 2118 3784 2282 3847; x_wconf 89' lang='lat' dir='ltr'><strong>atque</strong></span> <span class='ocrx_word' id='word_1_570' title='bbox 2335 3777 2639 3846; x_wconf 87' lang='lat' dir='ltr'><strong>potentium</strong></span> <span class='ocrx_word' id='word_1_571' title='bbox 2680 3777 2966 3848; x_wconf 85' lang='lat' dir='ltr'><strong>utriusque</strong></span> <span class='ocrx_word' id='word_1_572' title='bbox 3011 3793 3200 3847; x_wconf 80' lang='lat' dir='ltr'><strong>sexus,</strong></span> <span class='ocrx_word' id='word_1_573' title='bbox 3251 3794 3458 3851; x_wconf 87' lang='lat' dir='ltr'><strong>quanta</strong></span> 
     </span>
    </p>
   </div>
   <div class='ocr_carea' id='block_1_84' title="bbox 1871 3866 3458 3940">
    <p class='ocr_par' dir='ltr' id='par_1_84' title="bbox 1871 3866 3458 3940">
     <span class='ocr_line' id='line_1_85' title="bbox 1871 3866 3458 3940; baseline 0.006 -22"><span class='ocrx_word' id='word_1_574' title='bbox 1871 3866 2018 3919; x_wconf 84' lang='lat' dir='ltr'><strong>circa</strong></span> <span class='ocrx_word' id='word_1_575' title='bbox 2048 3866 2298 3920; x_wconf 88' lang='lat' dir='ltr'><strong>eumdem</strong></span> <span class='ocrx_word' id='word_1_576' title='bbox 2324 3866 2697 3921; x_wconf 86' lang='lat' dir='ltr'><strong>venerabilem</strong></span> <span class='ocrx_word' id='word_1_577' title='bbox 2739 3866 2958 3923; x_wconf 87' lang='lat' dir='ltr'><strong>Patrem</strong></span> <span class='ocrx_word' id='word_1_578' title='bbox 3010 3869 3240 3940; x_wconf 70' lang='lat' dir='ltr'><strong>cmperit</strong></span> <span class='ocrx_word' id='word_1_579' title='bbox 3270 3872 3458 3928; x_wconf 86' lang='lat' dir='ltr'><strong>haberi</strong></span> 
     </span>
    </p>
   </div>
   <div class='ocr_carea' id='block_1_85' title="bbox 1872 3955 3458 4027">
    <p class='ocr_par' dir='ltr' id='par_1_85' title="bbox 1872 3955 3458 4027">
     <span class='ocr_line' id='line_1_86' title="bbox 1872 3955 3458 4027; baseline 0.008 -19"><span class='ocrx_word' id='word_1_580' title='bbox 1872 3955 2112 4020; x_wconf 76' lang='lat' dir='ltr'><strong>d0\0l.i0,</strong></span> <span class='ocrx_word' id='word_1_581' title='bbox 2138 3955 2412 4027; x_wconf 89' lang='lat' dir='ltr'><strong>supplices</strong></span> <span class='ocrx_word' id='word_1_582' title='bbox 2433 3957 2501 4012; x_wconf 88' lang='lat' dir='ltr'><strong>ad</strong></span> <span class='ocrx_word' id='word_1_583' title='bbox 2524 3973 2647 4012; x_wconf 91' lang='lat' dir='ltr'><strong>eum</strong></span> <span class='ocrx_word' id='word_1_584' title='bbox 2676 3956 2872 4014; x_wconf 80' lang='lat' dir='ltr'><strong>littera:</strong></span> <span class='ocrx_word' id='word_1_585' title='bbox 2911 3968 2968 4014; x_wconf 91' lang='lat' dir='ltr'><strong>et</strong></span> <span class='ocrx_word' id='word_1_586' title='bbox 2998 3975 3226 4016; x_wconf 88' lang='lat' dir='ltr'><strong>munera</strong></span> <span class='ocrx_word' id='word_1_587' title='bbox 3258 3963 3458 4020; x_wconf 83' lang='lat' dir='ltr'><strong>decen-</strong></span> 
     </span>
    </p>
   </div>
   <div class='ocr_carea' id='block_1_86' title="bbox 1876 4045 3459 4119">
    <p class='ocr_par' dir='ltr' id='par_1_86' title="bbox 1876 4045 3459 4119">
     <span class='ocr_line' id='line_1_87' title="bbox 1876 4045 3459 4119; baseline 0.007 -20"><span class='ocrx_word' id='word_1_588' title='bbox 1876 4045 1947 4100; x_wconf 89' lang='lat' dir='ltr'><strong>tia</strong></span> <span class='ocrx_word' id='word_1_589' title='bbox 1978 4047 2571 4119; x_wconf 80' lang='lat' dir='ltr'><strong>testahantur,‘quibus</strong></span> <span class='ocrx_word' id='word_1_590' title='bbox 2607 4064 2667 4105; x_wconf 89' lang='lat' dir='ltr'><strong>se</strong></span> <span class='ocrx_word' id='word_1_591' title='bbox 2701 4064 2939 4118; x_wconf 88' lang='lat' dir='ltr'><strong>suosque</strong></span> <span class='ocrx_word' id='word_1_592' title='bbox 2978 4066 3171 4107; x_wconf 91' lang='lat' dir='ltr'><strong>omnes</strong></span> <span class='ocrx_word' id='word_1_593' title='bbox 3204 4061 3314 4107; x_wconf 87' lang='lat' dir='ltr'><strong>tam</strong></span> <span class='ocrx_word' id='word_1_594' title='bbox 3345 4056 3459 4110; x_wconf 89' lang='lat' dir='ltr'><strong>suis</strong></span> 
     </span>
    </p>
   </div>
   <div class='ocr_carea' id='block_1_87' title="bbox 1872 4139 3458 4213">
    <p class='ocr_par' dir='ltr' id='par_1_87' title="bbox 1872 4139 3458 4213">
     <span class='ocr_line' id='line_1_88' title="bbox 1872 4139 3458 4213; baseline 0.004 -20"><span class='ocrx_word' id='word_1_595' title='bbox 1872 4155 2036 4209; x_wconf 86' lang='lat' dir='ltr'><strong>quam</strong></span> <span class='ocrx_word' id='word_1_596' title='bbox 2065 4139 2300 4195; x_wconf 79' lang='lat' dir='ltr'><strong>fratrum</strong></span> <span class='ocrx_word' id='word_1_597' title='bbox 2335 4144 2436 4197; x_wconf 89' lang='lat' dir='ltr'><strong>sub</strong></span> <span class='ocrx_word' id='word_1_598' title='bbox 2461 4158 2528 4198; x_wconf 91' lang='lat' dir='ltr'><strong>eo</strong></span> <span class='ocrx_word' id='word_1_599' title='bbox 2556 4143 2866 4213; x_wconf 89' lang='lat' dir='ltr'><strong>degentium</strong></span> <span class='ocrx_word' id='word_1_600' title='bbox 2897 4144 3152 4212; x_wconf 87' lang='lat' dir='ltr'><strong>precibus</strong></span> <span class='ocrx_word' id='word_1_601' title='bbox 3197 4148 3458 4200; x_wconf 82' lang='lat' dir='ltr'><strong>attentius</strong></span> 
     </span>
    </p>
   </div>
   <div class='ocr_carea' id='block_1_88' title="bbox 1873 4234 3450 4292">
    <p class='ocr_par' dir='ltr' id='par_1_88' title="bbox 1873 4234 3450 4292">
     <span class='ocr_line' id='line_1_89' title="bbox 1873 4234 3450 4292; baseline 0.003 -7"><span class='ocrx_word' id='word_1_602' title='bbox 1873 4235 2353 4288; x_wconf 82' lang='lat' dir='ltr'><strong>commendabant.</strong></span> <span class='ocrx_word' id='word_1_603' title='bbox 2428 4234 2582 4289; x_wconf 83' lang='lat' dir='ltr'><strong>llam:</strong></span> <span class='ocrx_word' id='word_1_604' title='bbox 2648 4236 2998 4290; x_wconf 78' lang='lat' dir='ltr'><strong>dedicationis</strong></span> <span class='ocrx_word' id='word_1_605' title='bbox 3068 4236 3450 4292; x_wconf 76' lang='lat' dir='ltr'><strong>solemnitatem</strong></span> 
     </span>
    </p>
   </div>
   <div class='ocr_carea' id='block_1_89' title="bbox 1872 4321 3454 4395">
    <p class='ocr_par' dir='ltr' id='par_1_89' title="bbox 1872 4321 3454 4395">
     <span class='ocr_line' id='line_1_90' title="bbox 1872 4321 3454 4395; baseline 0.002 -21"><span class='ocrx_word' id='word_1_606' title='bbox 1872 4333 2162 4376; x_wconf 81' lang='lat' dir='ltr'><strong>memorant</strong></span> <span class='ocrx_word' id='word_1_607' title='bbox 2195 4323 2323 4391; x_wconf 80' lang='lat' dir='ltr'><strong>fasti</strong></span> <span class='ocrx_word' id='word_1_608' title='bbox 2352 4322 2702 4388; x_wconf 82' lang='lat' dir='ltr'><strong>Benedicliui,</strong></span> <span class='ocrx_word' id='word_1_609' title='bbox 2731 4334 2778 4377; x_wconf 85' lang='lat' dir='ltr'><strong>et</strong></span> <span class='ocrx_word' id='word_1_610' title='bbox 2803 4321 3092 4378; x_wconf 78' lang='lat' dir='ltr'><strong>Ferrarius</strong></span> <span class='ocrx_word' id='word_1_611' title='bbox 3118 4326 3171 4378; x_wconf 84' lang='lat' dir='ltr'><strong>in</strong></span> <span class='ocrx_word' id='word_1_612' title='bbox 3198 4321 3454 4395; x_wconf 79' lang='lat' dir='ltr'><strong>Catalogo</strong></span> 
     </span>
    </p>
   </div>
   <div class='ocr_carea' id='block_1_90' title="bbox 1873 4413 2579 4484">
    <p class='ocr_par' dir='ltr' id='par_1_90' title="bbox 1873 4413 2579 4484">
     <span class='ocr_line' id='line_1_91' title="bbox 1873 4413 2579 4484; baseline 0 -16"><span class='ocrx_word' id='word_1_613' title='bbox 1873 4413 2122 4484; x_wconf 83' lang='lat' dir='ltr'><strong>generali,</strong></span> <span class='ocrx_word' id='word_1_614' title='bbox 2154 4416 2239 4468; x_wconf 73' lang='lat' dir='ltr'><strong>die</strong></span> <span class='ocrx_word' id='word_1_615' title='bbox 2271 4430 2284 4467; x_wconf 94' lang='lat' dir='ltr'><strong>l</strong></span> <span class='ocrx_word' id='word_1_616' title='bbox 2320 4413 2579 4469; x_wconf 81' lang='lat' dir='ltr'><strong>Octobris.</strong></span> 
     </span>
    </p>
   </div>
   <div class='ocr_carea' id='block_1_91' title="bbox 207 4517 1767 4615">
    <p class='ocr_par' dir='ltr' id='par_1_91' title="bbox 207 4517 1767 4615">
     <span class='ocr_line' id='line_1_92' title="bbox 207 4517 1767 4615; baseline 0.008 -28"><span class='ocrx_word' id='word_1_617' title='bbox 207 4540 364 4594; x_wconf 85' lang='lat' dir='ltr'><strong>sancti</strong></span> <span class='ocrx_word' id='word_1_618' title='bbox 416 4517 683 4598; x_wconf 81' lang='lat' dir='ltr'><strong>Johannis</strong></span> <span class='ocrx_word' id='word_1_619' title='bbox 734 4517 1012 4613; x_wconf 61' lang='lat' dir='ltr'><strong>Baptistae,</strong></span> <span class='ocrx_word' id='word_1_620' title='bbox 1057 4553 1163 4597; x_wconf 91' lang='lat' dir='ltr'><strong>etc.</strong></span> <span class='ocrx_word' id='word_1_621' title='bbox 1213 4543 1268 4598; x_wconf 88' lang='lat' dir='ltr'><strong>lu</strong></span> <span class='ocrx_word' id='word_1_622' title='bbox 1300 4541 1640 4615; x_wconf 81' lang='lat' dir='ltr'><strong>frontispicio</strong></span> <span class='ocrx_word' id='word_1_623' title='bbox 1689 4560 1767 4600; x_wconf 92' lang='lat' dir='ltr'><strong>ec-</strong></span> 
     </span>
    </p>
   </div>
   <div class='ocr_carea' id='block_1_92' title="bbox 1870 4517 3457 4615">
    <p class='ocr_par' dir='ltr' id='par_1_92' title="bbox 1946 4526 3457 4601">
     <span class='ocr_line' id='line_1_93' title="bbox 1946 4526 3457 4601; baseline 0.003 -20"><span class='ocrx_word' id='word_1_624' title='bbox 1946 4528 2160 4597; x_wconf 77' lang='lat' dir='ltr'><strong>Agnetis</strong></span> <span class='ocrx_word' id='word_1_625' title='bbox 2211 4526 2560 4595; x_wconf 82' lang='lat' dir='ltr'><strong>imperatricis</strong></span> <span class='ocrx_word' id='word_1_626' title='bbox 2611 4529 2773 4583; x_wconf 84' lang='lat' dir='ltr'><strong>dona.</strong></span> <span class='ocrx_word' id='word_1_627' title='bbox 2817 4559 2884 4572; x_wconf 90' lang='lat'><strong>-</strong></span> <span class='ocrx_word' id='word_1_628' title='bbox 2930 4529 3041 4585; x_wconf 80' lang='lat' dir='ltr'><strong>Nec</strong></span> <span class='ocrx_word' id='word_1_629' title='bbox 3093 4531 3457 4601; x_wconf 85' lang='lat' dir='ltr'><strong>imperatricis</strong></span> 
     </span>
    </p>
   </div>
   <div class='ocr_carea' id='block_1_93' title="bbox 212 4623 1770 4706">
    <p class='ocr_par' dir='ltr' id='par_1_93' title="bbox 212 4623 1770 4706">
     <span class='ocr_line' id='line_1_94' title="bbox 212 4623 1770 4706; baseline 0.008 -30"><span class='ocrx_word' id='word_1_630' title='bbox 212 4623 375 4683; x_wconf 69' lang='lat' dir='ltr'><strong>clesite</strong></span> <span class='ocrx_word' id='word_1_631' title='bbox 402 4629 456 4685; x_wconf 89' lang='lat' dir='ltr'><strong>in</strong></span> <span class='ocrx_word' id='word_1_632' title='bbox 509 4646 672 4686; x_wconf 90' lang='lat' dir='ltr'><strong>cruce</strong></span> <span class='ocrx_word' id='word_1_633' title='bbox 719 4647 883 4698; x_wconf 68' lang='lat' dir='ltr'><strong>terea,</strong></span> <span class='ocrx_word' id='word_1_634' title='bbox 938 4631 1142 4703; x_wconf 84' lang='lat' dir='ltr'><strong>lignum</strong></span> <span class='ocrx_word' id='word_1_635' title='bbox 1197 4632 1430 4698; x_wconf 90' lang='lat' dir='ltr'><strong>Domini,</strong></span> <span class='ocrx_word' id='word_1_636' title='bbox 1477 4635 1543 4688; x_wconf 92' lang='lat' dir='ltr'><strong>de</strong></span> <span class='ocrx_word' id='word_1_637' title='bbox 1573 4633 1770 4706; x_wconf 87' lang='lat' dir='ltr'><strong>lapide,</strong></span> 
     </span>
    </p>
   </div>
   <div class='ocr_carea' id='block_1_94' title="bbox 210 4720 399 4769">
    <p class='ocr_par' dir='ltr' id='par_1_94' title="bbox 210 4720 399 4769">
     <span class='ocr_line' id='line_1_95' title="bbox 210 4720 399 4769; baseline 0.016 -3"><span class='ocrx_word' id='word_1_638' title='bbox 210 4720 306 4769; x_wconf 87' lang='lat' dir='ltr'><strong>etc.</strong></span> <span class='ocrx_word' id='word_1_639' title='bbox 395 4739 399 4743; x_wconf 52' lang='grc' dir='ltr'>λ</span> 
     </span>
    </p>
   </div>
   <div class='ocr_carea' id='block_1_95' title="bbox 275 4803 1773 4885">
    <p class='ocr_par' dir='ltr' id='par_1_95' title="bbox 275 4803 1773 4885">
     <span class='ocr_line' id='line_1_96' title="bbox 275 4803 1773 4885; baseline 0.006 -27"><span class='ocrx_word' id='word_1_640' title='bbox 275 4803 614 4880; x_wconf 75' lang='lat' dir='ltr'><strong>Indulgentia!</strong></span> <span class='ocrx_word' id='word_1_641' title='bbox 639 4828 918 4868; x_wconf 69' lang='lat' dir='ltr'><strong>concessae.</strong></span> <span class='ocrx_word' id='word_1_642' title='bbox 944 4843 1012 4852; x_wconf 92' lang='lat'><strong>—</strong></span> <span class='ocrx_word' id='word_1_643' title='bbox 1034 4811 1261 4868; x_wconf 83' lang='lat' dir='ltr'><strong>Peracta</strong></span> <span class='ocrx_word' id='word_1_644' title='bbox 1301 4813 1465 4885; x_wconf 87' lang='lat' dir='ltr'><strong>igitur</strong></span> <span class='ocrx_word' id='word_1_645' title='bbox 1517 4811 1773 4868; x_wconf 82' lang='lat' dir='ltr'><strong>solemni-</strong></span> 
     </span>
    </p>
   </div>
   <div class='ocr_carea' id='block_1_96' title="bbox 216 4900 1774 4975">
    <p class='ocr_par' dir='ltr' id='par_1_96' title="bbox 216 4900 1774 4975">
     <span class='ocr_line' id='line_1_97' title="bbox 216 4900 1774 4975; baseline 0.005 -28"><span class='ocrx_word' id='word_1_646' title='bbox 216 4903 288 4948; x_wconf 90' lang='lat' dir='ltr'><strong>ter</strong></span> <span class='ocrx_word' id='word_1_647' title='bbox 319 4900 627 4960; x_wconf 81' lang='lat' dir='ltr'><strong>celebritate</strong></span> <span class='ocrx_word' id='word_1_648' title='bbox 668 4905 982 4969; x_wconf 89' lang='lat' dir='ltr'><strong>missarum,</strong></span> <span class='ocrx_word' id='word_1_649' title='bbox 1032 4913 1086 4957; x_wconf 91' lang='lat' dir='ltr'><strong>et</strong></span> <span class='ocrx_word' id='word_1_650' title='bbox 1128 4905 1440 4975; x_wconf 65' lang='lat' dir='ltr'><strong>apostolicae</strong></span> <span class='ocrx_word' id='word_1_651' title='bbox 1484 4901 1774 4972; x_wconf 86' lang='lat' dir='ltr'><strong>potestatis</strong></span> 
     </span>
    </p>
   </div>
   <div class='ocr_carea' id='block_1_97' title="bbox 171 4989 1770 5074">
    <p class='ocr_par' dir='ltr' id='par_1_97' title="bbox 171 4989 1770 5074">
     <span class='ocr_line' id='line_1_98' title="bbox 171 4989 1770 5074; baseline 0.004 -34"><span class='ocrx_word' id='word_1_652' title='bbox 171 5065 177 5074; x_wconf 31' lang='grc' dir='ltr'>ι</span> <span class='ocrx_word' id='word_1_653' title='bbox 211 4989 544 5059; x_wconf 80' lang='lat' dir='ltr'><strong>auctoritate,</strong></span> <span class='ocrx_word' id='word_1_654' title='bbox 573 5005 682 5050; x_wconf 88' lang='lat' dir='ltr'><strong>tam</strong></span> <span class='ocrx_word' id='word_1_655' title='bbox 713 4995 780 5049; x_wconf 91' lang='lat' dir='ltr'><strong>iis</strong></span> <span class='ocrx_word' id='word_1_656' title='bbox 811 5009 951 5066; x_wconf 89' lang='lat' dir='ltr'><strong>quos</strong></span> <span class='ocrx_word' id='word_1_657' title='bbox 1002 5005 1130 5050; x_wconf 91' lang='lat' dir='ltr'><strong>tunc</strong></span> <span class='ocrx_word' id='word_1_658' title='bbox 1159 5005 1455 5066; x_wconf 83' lang='lat' dir='ltr'><strong>praesentes</strong></span> <span class='ocrx_word' id='word_1_659' title='bbox 1481 5007 1603 5048; x_wconf 91' lang='lat' dir='ltr'><strong>esse</strong></span> <span class='ocrx_word' id='word_1_660' title='bbox 1643 5008 1770 5047; x_wconf 89' lang='lat' dir='ltr'><strong>con-</strong></span> 
     </span>
    </p>
   </div>
   <div class='ocr_carea' id='block_1_98' title="bbox 211 5072 1772 5156">
    <p class='ocr_par' dir='ltr' id='par_1_98' title="bbox 211 5072 1772 5156">
     <span class='ocr_line' id='line_1_99' title="bbox 211 5072 1772 5156; baseline 0.006 -26"><span class='ocrx_word' id='word_1_661' title='bbox 211 5072 409 5145; x_wconf 75' lang='lat' dir='ltr'><strong>tigerat,</strong></span> <span class='ocrx_word' id='word_1_662' title='bbox 437 5096 606 5150; x_wconf 83' lang='lat' dir='ltr'><strong>quam</strong></span> <span class='ocrx_word' id='word_1_663' title='bbox 630 5083 887 5138; x_wconf 88' lang='lat' dir='ltr'><strong>omnibus</strong></span> <span class='ocrx_word' id='word_1_664' title='bbox 931 5084 1021 5156; x_wconf 88' lang='lat' dir='ltr'><strong>qui</strong></span> <span class='ocrx_word' id='word_1_665' title='bbox 1059 5099 1155 5153; x_wconf 89' lang='lat' dir='ltr'><strong>per</strong></span> <span class='ocrx_word' id='word_1_666' title='bbox 1183 5095 1305 5140; x_wconf 88' lang='lat' dir='ltr'><strong>octo</strong></span> <span class='ocrx_word' id='word_1_667' title='bbox 1345 5085 1634 5143; x_wconf 88' lang='lat' dir='ltr'><strong>continuos</strong></span> <span class='ocrx_word' id='word_1_668' title='bbox 1655 5083 1772 5140; x_wconf 87' lang='lat' dir='ltr'><strong>dies</strong></span> 
     </span>
    </p>
   </div>
   <div class='ocr_carea' id='block_1_99' title="bbox 215 5161 1772 5202">
    <p class='ocr_par' dir='ltr' id='par_1_99' title="bbox 215 5161 1772 5202">
     <span class='ocr_line' id='line_1_100' title="bbox 215 5161 1772 5202; baseline 0 0"><span class='ocrx_word' id='word_1_669' title='bbox 215 5161 279 5202; x_wconf 70' lang='lat' dir='ltr'><strong>0h</strong></span> <span class='ocrx_word' id='word_1_670' title='bbox 301 5167 632 5202; x_wconf 62' lang='grc' dir='ltr'><strong>ιιουηοῖλι-Αης</strong></span> <span class='ocrx_word' id='word_1_671' title='bbox 662 5182 828 5202; x_wconf 66' lang='grc' dir='ltr'><strong>.Α“.Μ</strong></span> <span class='ocrx_word' id='word_1_672' title='bbox 852 5174 1207 5202; x_wconf 56' lang='grc' dir='ltr'><strong>ΑΛΙΑυνιηῖΙηιξιι</strong></span> <span class='ocrx_word' id='word_1_673' title='bbox 1258 5175 1452 5202; x_wconf 61' lang='lat' dir='ltr'><strong>:&#39;\:J-..</strong></span> <span class='ocrx_word' id='word_1_674' title='bbox 1486 5188 1772 5202; x_wconf 57' lang='lat' dir='ltr'><strong>nan-Inulae»-</strong></span> 
     </span>
    </p>
   </div>
   <div class='ocr_carea' id='block_1_100' title="bbox 1876 4617 3454 4693">
    <p class='ocr_par' dir='ltr' id='par_1_100' title="bbox 1876 4617 3454 4693">
     <span class='ocr_line' id='line_1_101' title="bbox 1876 4617 3454 4693; baseline 0.005 -23"><span class='ocrx_word' id='word_1_675' title='bbox 1876 4632 2095 4688; x_wconf 87' lang='lat' dir='ltr'><strong>quoque</strong></span> <span class='ocrx_word' id='word_1_676' title='bbox 2132 4617 2361 4686; x_wconf 85' lang='lat' dir='ltr'><strong>Agnetis</strong></span> <span class='ocrx_word' id='word_1_677' title='bbox 2404 4619 2625 4690; x_wconf 90' lang='lat' dir='ltr'><strong>dignum</strong></span> <span class='ocrx_word' id='word_1_678' title='bbox 2650 4621 2866 4676; x_wconf 89' lang='lat' dir='ltr'><strong>videtur</strong></span> <span class='ocrx_word' id='word_1_679' title='bbox 2917 4622 3224 4693; x_wconf 83' lang='lat' dir='ltr'><strong>religiosam</strong></span> <span class='ocrx_word' id='word_1_680' title='bbox 3273 4631 3454 4678; x_wconf 90' lang='lat' dir='ltr'><strong>tacere</strong></span> 
     </span>
    </p>
   </div>
   <div class='ocr_carea' id='block_1_101' title="bbox 1874 4709 3454 4783">
    <p class='ocr_par' dir='ltr' id='par_1_101' title="bbox 1874 4709 3454 4783">
     <span class='ocr_line' id='line_1_102' title="bbox 1874 4709 3454 4783; baseline 0.004 -19"><span class='ocrx_word' id='word_1_681' title='bbox 1874 4709 2240 4774; x_wconf 85' lang='lat' dir='ltr'><strong>devotionem,</strong></span> <span class='ocrx_word' id='word_1_682' title='bbox 2266 4723 2416 4778; x_wconf 86' lang='lat' dir='ltr'><strong>quae,</strong></span> <span class='ocrx_word' id='word_1_683' title='bbox 2443 4709 2592 4765; x_wconf 86' lang='lat' dir='ltr'><strong>velut</strong></span> <span class='ocrx_word' id='word_1_684' title='bbox 2614 4710 2784 4766; x_wconf 90' lang='lat' dir='ltr'><strong>altera</strong></span> <span class='ocrx_word' id='word_1_685' title='bbox 2805 4711 2990 4783; x_wconf 87' lang='lat' dir='ltr'><strong>regina</strong></span> <span class='ocrx_word' id='word_1_686' title='bbox 3016 4711 3180 4778; x_wconf 87' lang='lat' dir='ltr'><strong>Saba,</strong></span> <span class='ocrx_word' id='word_1_687' title='bbox 3206 4712 3454 4770; x_wconf 86' lang='lat' dir='ltr'><strong>Salomo-</strong></span> 
     </span>
    </p>
   </div>
   <div class='ocr_carea' id='block_1_102' title="bbox 1874 4799 3452 4874">
    <p class='ocr_par' dir='ltr' id='par_1_102' title="bbox 1874 4799 3452 4874">
     <span class='ocr_line' id='line_1_103' title="bbox 1874 4799 3452 4874; baseline 0.004 -20"><span class='ocrx_word' id='word_1_688' title='bbox 1874 4801 1962 4854; x_wconf 84' lang='lat' dir='ltr'><strong>nis</strong></span> <span class='ocrx_word' id='word_1_689' title='bbox 1991 4799 2219 4856; x_wconf 87' lang='lat' dir='ltr'><strong>alterius</strong></span> <span class='ocrx_word' id='word_1_690' title='bbox 2247 4810 2303 4856; x_wconf 90' lang='lat' dir='ltr'><strong>et</strong></span> <span class='ocrx_word' id='word_1_691' title='bbox 2333 4801 2562 4857; x_wconf 89' lang='lat' dir='ltr'><strong>alterius</strong></span> <span class='ocrx_word' id='word_1_692' title='bbox 2591 4803 2776 4874; x_wconf 86' lang='lat' dir='ltr'><strong>templi</strong></span> <span class='ocrx_word' id='word_1_693' title='bbox 2818 4817 3015 4873; x_wconf 89' lang='lat' dir='ltr'><strong>magno</strong></span> <span class='ocrx_word' id='word_1_694' title='bbox 3059 4805 3277 4860; x_wconf 88' lang='lat' dir='ltr'><strong>videndi</strong></span> <span class='ocrx_word' id='word_1_695' title='bbox 3309 4807 3452 4862; x_wconf 83' lang='lat' dir='ltr'><strong>desi-</strong></span> 
     </span>
    </p>
   </div>
   <div class='ocr_carea' id='block_1_103' title="bbox 1877 4891 3460 4960">
    <p class='ocr_par' dir='ltr' id='par_1_103' title="bbox 1877 4891 3460 4960">
     <span class='ocr_line' id='line_1_104' title="bbox 1877 4891 3460 4960; baseline 0.004 -12"><span class='ocrx_word' id='word_1_696' title='bbox 1877 4891 2031 4948; x_wconf 89' lang='lat' dir='ltr'><strong>derio</strong></span> <span class='ocrx_word' id='word_1_697' title='bbox 2085 4894 2292 4960; x_wconf 90' lang='lat' dir='ltr'><strong>ducta,</strong></span> <span class='ocrx_word' id='word_1_698' title='bbox 2350 4909 2415 4948; x_wconf 82' lang='lat' dir='ltr'><strong>ex</strong></span> <span class='ocrx_word' id='word_1_699' title='bbox 2466 4893 2673 4949; x_wconf 91' lang='lat' dir='ltr'><strong>ultimis</strong></span> <span class='ocrx_word' id='word_1_700' title='bbox 2728 4899 2834 4951; x_wconf 91' lang='lat' dir='ltr'><strong>huc</strong></span> <span class='ocrx_word' id='word_1_701' title='bbox 2886 4896 3202 4955; x_wconf 68' lang='lat' dir='ltr'><strong>Germaniae</strong></span> <span class='ocrx_word' id='word_1_702' title='bbox 3257 4901 3460 4956; x_wconf 83' lang='lat' dir='ltr'><strong>ﬁnibus</strong></span> 
     </span>
    </p>
   </div>
   <div class='ocr_carea' id='block_1_104' title="bbox 1881 4983 3458 5062">
    <p class='ocr_par' dir='ltr' id='par_1_104' title="bbox 1881 4983 3458 5062">
     <span class='ocr_line' id='line_1_105' title="bbox 1881 4983 3458 5062; baseline 0.006 -24"><span class='ocrx_word' id='word_1_703' title='bbox 1881 4983 2211 5050; x_wconf 88' lang='lat' dir='ltr'><strong>adventavit,</strong></span> <span class='ocrx_word' id='word_1_704' title='bbox 2235 5000 2318 5052; x_wconf 89' lang='lat' dir='ltr'><strong>ac,</strong></span> <span class='ocrx_word' id='word_1_705' title='bbox 2341 4999 2439 5054; x_wconf 91' lang='lat' dir='ltr'><strong>per</strong></span> <span class='ocrx_word' id='word_1_706' title='bbox 2459 4984 2698 5039; x_wconf 90' lang='lat' dir='ltr'><strong>medium</strong></span> <span class='ocrx_word' id='word_1_707' title='bbox 2727 4987 2898 5042; x_wconf 81' lang='lat' dir='ltr'><strong>ferme</strong></span> <span class='ocrx_word' id='word_1_708' title='bbox 2927 4989 3052 5044; x_wconf 86' lang='lat' dir='ltr'><strong>istic</strong></span> <span class='ocrx_word' id='word_1_709' title='bbox 3072 4992 3197 5046; x_wconf 87' lang='lat' dir='ltr'><strong>anni</strong></span> <span class='ocrx_word' id='word_1_710' title='bbox 3223 4992 3458 5062; x_wconf 88' lang='lat' dir='ltr'><strong>spatium</strong></span> 
     </span>
    </p>
   </div>
   <div class='ocr_carea' id='block_1_105' title="bbox 1881 5074 3458 5153">
    <p class='ocr_par' dir='ltr' id='par_1_105' title="bbox 1881 5074 3458 5153">
     <span class='ocr_line' id='line_1_106' title="bbox 1881 5074 3458 5153; baseline 0.006 -23"><span class='ocrx_word' id='word_1_711' title='bbox 1881 5089 2246 5142; x_wconf 86' lang='lat' dir='ltr'><strong>commorans,</strong></span> <span class='ocrx_word' id='word_1_712' title='bbox 2271 5075 2444 5131; x_wconf 89' lang='lat' dir='ltr'><strong>multo</strong></span> <span class='ocrx_word' id='word_1_713' title='bbox 2473 5074 2678 5144; x_wconf 91' lang='lat' dir='ltr'><strong>majora</strong></span> <span class='ocrx_word' id='word_1_714' title='bbox 2706 5091 2765 5132; x_wconf 92' lang='lat' dir='ltr'><strong>se</strong></span> <span class='ocrx_word' id='word_1_715' title='bbox 2794 5079 2860 5134; x_wconf 87' lang='lat' dir='ltr'><strong>de</strong></span> <span class='ocrx_word' id='word_1_716' title='bbox 2901 5080 2986 5135; x_wconf 90' lang='lat' dir='ltr'><strong>his</strong></span> <span class='ocrx_word' id='word_1_717' title='bbox 3015 5093 3136 5148; x_wconf 57' lang='lat' dir='ltr'><strong>quae</strong></span> <span class='ocrx_word' id='word_1_718' title='bbox 3163 5098 3328 5153; x_wconf 89' lang='lat' dir='ltr'><strong>super</strong></span> <span class='ocrx_word' id='word_1_719' title='bbox 3351 5083 3458 5140; x_wconf 90' lang='lat' dir='ltr'><strong>hoc</strong></span> 
     </span>
    </p>
   </div>
   <div class='ocr_carea' id='block_1_106' title="bbox 1881 5168 3260 5202">
    <p class='ocr_par' dir='ltr' id='par_1_106' title="bbox 1881 5168 3260 5202">
     <span class='ocr_line' id='line_1_107' title="bbox 1881 5168 3260 5202; baseline 0 0"><span class='ocrx_word' id='word_1_720' title='bbox 1881 5168 2000 5202; x_wconf 70' lang='lat' dir='ltr'><strong>‘nnn</strong></span> <span class='ocrx_word' id='word_1_721' title='bbox 2032 5168 2217 5202; x_wconf 71' lang='grc' dir='ltr'><strong>σιηιΙῖΙη</strong></span> <span class='ocrx_word' id='word_1_722' title='bbox 2249 5174 2564 5202; x_wconf 65' lang='lat' dir='ltr'><strong>nol-nonnum!</strong></span> <span class='ocrx_word' id='word_1_723' title='bbox 2623 5175 2732 5202; x_wconf 66' lang='lat' dir='ltr'><strong>lam</strong></span> <span class='ocrx_word' id='word_1_724' title='bbox 2773 5171 3063 5202; x_wconf 63' lang='grc' dir='ltr'><strong>οοηιιηΑι--ι</strong></span> <span class='ocrx_word' id='word_1_725' title='bbox 3094 5171 3260 5202; x_wconf 54' lang='grc' dir='ltr'><strong>¹Ἷουηι</strong></span> 
     </span>
    </p>
   </div>
   <div class='ocr_carea' id='block_1_107' title="bbox 3297 5189 3458 5202">
    <p class='ocr_par' dir='ltr' id='par_1_107' title="bbox 3297 5189 3458 5202">
     <span class='ocr_line' id='line_1_108' title="bbox 3297 5189 3458 5202; baseline 0 0"><span class='ocrx_word' id='word_1_726' title='bbox 3297 5189 3458 5202; x_wconf 53' lang='grc' dir='ltr'><strong>αιοησις</strong></span> 
     </span>
    </p>
   </div>
  </div>
