4044 5360
537 129 639 200 945

1472 129 1560 186 DE
1599 129 1851 199 GESTIS
1881 129 2225 196 DESIDEIU]
2265 133 2552 218 ABBATlS
2590 137 2812 209 CASIN.

3678 148 3796 204 θη

536 227 789 300 inanibus
820 242 962 300 friso
993 241 1372 298 decentissime
1417 241 1761 312 adornatam.
1796 258 1823 297 a
1879 243 2110 313 pedibus
2140 250 2184 308 Α
2217 243 2510 315 (Icraptata
2557 249 2719 312 etiam
2765 266 2905 304 aerea
2959 251 3158 317 fusilia,
3187 254 3340 312 valde
3384 256 3644 345 pulchra,
3689 265 3797 322 duo

538 353 670 392 vero
725 336 876 392 frisia
929 335 1276 391 nihilominus
1339 335 1511 402 lista,
1567 352 1876 400 mensuram
1942 337 2114 406 ferme

539 431 709 486 cubiti
743 430 796 484 in
829 429 1118 483 latitudine
1150 427 1378 493 habens,
1401 427 1821 493 circumdatam,
1843 427 2115 499 simulque

533 530 589 576 et
618 519 876 575 amictum
914 518 1248 575 cumhruslo
1278 534 1292 583 ;
1337 517 1596 587 pluviales
1628 510 1762 574 duos
1791 533 2109 589 purpureos,

540 609 799 681 pretiosis
825 608 1005 664 aureis
1034 607 1176 662 listis
1201 619 1426 663 ornatos
1453 625 1467 676 ;
1495 625 1731 679 pannum
1758 610 2110 678 diarodanmn

533 701 781 758 frisatum
811 716 931 754 cum
961 715 1096 754 auro
1127 708 1256 754 ante
1292 697 1487 756 faciem
1521 699 1744 769 majoris
1771 701 1980 768 altaris,
2015 718 2112 758 nce

532 808 640 847 non
659 802 714 847 et
729 794 946 863 pallium
968 810 1222 865 magnum
1248 811 1371 851 cutn
1393 796 1717 867 elephantis,
1733 798 1876 868 quod
1897 799 2114 861 dossale

530 884 961 955 cognominant;
1017 885 1264 957 Euglium
1314 886 1712 960 (livangeliua)
1747 904 1867 947 cum
1925 889 2105 945 tabula

529 973 674 1028 fusili
713 974 779 1030 de
823 983 1089 1054 argento,
1123 991 1287 1047 opere
1318 979 1609 1050 anaglypto
1646 989 1702 1034 et
1741 980 2110 1050 pulcherrime

526 1067 832 1133 deaurato;
859 1067 966 1122 duo
1017 1083 1232 1138 quoque
1276 1070 1599 1125 candelabra
1650 1081 1926 1142 argentea,
1957 1067 2147 1144 atque

2128 1204 2130 1206 ,
2211 1157 2437 1234 miriﬁca
2490 1163 2883 1231 promitterent,
2935 1183 3137 1239 easque
3178 1172 3278 1226 sub
3319 1176 3577 1243 praedicta
3635 1183 3796 1245 trahe:

524 1155 737 1225 fusilia,
765 1160 1004 1228 pondere
1029 1160 1288 1226 librarum
1319 1161 1622 1229 duodecim.

595 1248 842 1306 Basilicw
889 1262 1131 1306 ornatus.
1179 1284 1252 1294 —
1298 1253 1456 1310 Libet
1488 1271 1651 1321 nunc,
1697 1264 1820 1326 post
1864 1255 2107 1312 ecclesia:

521 1340 940 1406 dedicationem,
1000 1343 1215 1400 residua
1266 1344 1641 1400 exornationis
1686 1343 1854 1417 ipsius
1905 1348 2105 1404 descri-

522 1431 670 1497 here,
703 1440 770 1487 ut
787 1432 1040 1489 licentius
1057 1435 1313 1506 deinceps
1334 1436 1611 1492 Vulcanius
1634 1438 1892 1494 Desiderii
1916 1442 2100 1509 gcszis,

525 1534 635 1578 tam
669 1524 722 1594 in
751 1524 1018 1591 aedificiis,
1051 1542 1212 1596 quam
1242 1540 1294 1583 ct
1327 1529 1378 1582 in
1411 1529 1528 1591 aliis
1547 1530 1872 1600 quibuslibet
1900 1535 2103 1603 magni-

2220 353 2424 407 magna
2447 349 2500 393 ct
2528 357 2690 410 parva
2726 353 2956 412 septem,
2990 359 3150 414 supra
3184 349 3360 406 dietus
3411 353 3578 408 .‘rater
3607 342 3794 410 secum
3835 342 3840 344 ⁷

2215 443 2242 481 a
2261 422 2742 503 VrCoustatttiuopoli
2773 436 2998 498 detulit.
3015 436 3164 493 Fecit
3193 451 3464 510 praeterea
3487 431 3800 522 [resfderius
3827 492 3832 495 ς

2214 531 2266 574 et
2289 522 2454 576 aliam
2489 523 2693 580 trabem
2718 527 2784 582 de
2820 539 3068 599 argento,
3104 529 3365 588 librarmn
3391 521 3836 610 circitersexin;

2213 612 2382 679 ginta,
2416 617 2677 686 sculptam
2719 619 3067 694 nihilominus
3087 638 3152 680 ac
3176 623 3512 704 dcanratatn,
3545 632 3823 704 quamin,

2214 702 2421 758 fornice
2474 704 2663 775 majori
2725 719 2852 766 ante
2907 711 3079 768 altare
3118 728 3282 783 super
3337 703 3570 785 quatuor
3601 735 3790 790 argen-

2215 801 2331 848 teas
2368 793 2648 852 colmnnas
2703 815 2768 854 ex
2816 812 2972 869 parte
3027 803 3306 868 inauratas
3349 810 3553 866 decima
3589 811 3787 880 .libras,

2212 892 2266 936 et
2294 886 2535 957 quinqtte
2555 889 2768 946 cubitos
2792 891 3092 950 altitudinis
3117 896 3610 960 habenteslocavit.
3639 903 3791 961 Fecit

2211 984 2266 1028 et
2294 978 2430 1033 duas
2452 993 2644 1040 cruces
2677 998 2900 1054 magnas
2926 974 3212 1056 argenteas
3262 989 3520 1046 librarum
3548 1011 3648 1064 per
3679 998 3789 1052 sin-

2211 1065 2366 1137 gulas
2427 1069 2646 1140 triginta
2683 1113 2696 1138 ,
2751 1089 2980 1143 quarum
3028 1079 3289 1149 imagines
3340 1086 3598 1144 caelatura
3653 1091 3786 1145 satis

2210 1248 2351 1304 inter
2370 1253 2587 1309 easdem
2621 1255 3056 1322 columnashioc
3082 1262 3207 1320 inde
3249 1279 3413 1338 super
3453 1285 3790 1329 marmoreas
3823 1337 3826 1340 ,

2209 1343 2420 1412 stipites
2448 1349 2659 1404 statuit.
2695 1348 3024 1422 Tresporro
3056 1357 3303 1416 residuas
3333 1359 3555 1430 majoris
3589 1367 3800 1424 altaris.

2208 1432 2374 1496 facies
2411 1446 2632 1507 argento
2660 1438 3226 1518 librarumectoginta
3261 1460 3316 1506 et
3348 1468 3444 1508 sex
3473 1455 3614 1512 bene
3653 1460 3789 1515 scul-

2208 1520 2300 1591 pto
2329 1541 2394 1581 ac
2441 1529 2700 1586 deaurato
2756 1535 2992 1589 vestivit.
3051 1536 3185 1594 Nam
3235 1541 3563 1612 reliquorum
3625 1550 3789 1604 trium

520 1614 809 1682 ﬁcentiis,
865 1633 1086 1689 operam
1143 1619 1296 1676 dare.
1367 1622 1447 1675 Ad
1514 1623 1881 1692 supradictam
1945 1625 2109 1694 igitur
2140 1613 2181 1671 Β
2211 1614 2463 1678 "Narium
2500 1619 2668 1684 facies
2697 1625 2979 1703 νειεῑὶὺυε,
3007 1630 3203 1686 tabulis
3242 1648 3271 1686 a
3322 1636 3498 1692 tribus
3539 1641 3794 1709 partibus

520 1707 722 1776 regiam
754 1708 941 1763 urbem
965 1709 1256 1779 quemdam
1297 1711 1376 1765 de.
1421 1710 1695 1766 fratribus-
1730 1729 1852 1766 cum
1907 1713 2010 1766 litt:
2029 1713 2105 1767 ris

518 1800 1029 1873 att-imperatorem,
1071 1813 1125 1858 et
1175 1819 1307 1858 auro
1345 1805 1575 1874 triginta-
1613 1815 1661 1859 et
1697 1820 1788 1859 sex
1842 1806 2100 1860 librarum

517 1895 761 1962 pondere
806 1899 1204 1962 transmittens,
1249 1911 1470 1952 auream
1516 1897 1587 1951 ihi
1626 1898 1682 1951 in
1726 1897 2104 1956 altarisfacie

517 1986 788 2052 tabulam,
837 2003 966 2044 cum
1013 1987 1334 2058 gemmisac
1381 1987 1595 2043 stnaltis
1639 1988 1794 2044 valde
1842 1989 2102 2059 Speciosis

515 2082 718 2149 patrari
743 2080 1058 2152 mandavit:
1097 2081 1294 2150 quibus
1327 2082 1582 2150 videlicet
1621 2081 2096 2144 smaltishonnul-

515 2172 596 2229 las
623 2173 841 2243 quidem
872 2189 945 2230 ex
970 2173 1288 2244 Evangelia,
1341 2173 1456 2230 fere
1492 2181 1674 2243 autem
1721 2189 1928 2228 omnes.
1955 2173 2097 2227 beati

515 2264 789 2322 Benedicti
842 2266 1241 2332 miraculorum.
1308 2266 1556 2338 insigniri
1616 2265 1744 2320 fecit
1813 2265 2094 2322 historias.

515 2359 686 2425 Quem
717 2370 866 2414 certe
910 2358 1529 2421 nostrumconfratrem.
1565 2358 1860 2428 imperator
1901 2358 2098 2412 [torua-

512 2467 614 2507 nus
651 2451 1144 2518 nimishonoriﬁee
1173 2451 1437 2520 suscepit,
1466 2457 1542 2515 et,
1574 2449 1815 2519 quandiu
1847 2448 1921 2502 ibi
1943 2463 2096 2503 man-

516 2541 606 2606 sit,
636 2543 1022 2598 honestecum
1064 2542 1180 2596 suis
1221 2543 1478 2605 omnibus
1503 2549 1924 2611 reverenterque
1979 2550 2091 2597 tra-

513 2633 696 2698 rtavit,
726 2633 1062 2704 etquidquid
1096 2642 1542 2689 ornamentorum
1566 2633 1696 2690 inibi
1715 2633 1884 2690 vellet
1911 2633 2094 2688 eﬂice-

512 2739 592 2790 re,
647 2725 983 2794 imperialem
1021 2725 1072 2780 ei
1114 2727 1388 2780 licentiam
1430 2727 1638 2782 tribuit.
1698 2728 1853 2782 Fecit
1909 2729 2094 2798 itaque

511 2814 856 2870 etcaneellos
901 2825 1158 2885 quatuor,
1205 2815 1398 2871 fusiles
1461 2833 1523 2872 ex
1556 2832 1685 2885 aere,
1739 2828 1864 2874 ante
1919 2820 2092 2876 altare

512 2909 719 2963 scilicet
732 2909 860 2964 hinc
884 2909 1166 2964 indeinter
1179 2911 1408 2968 chorum
1429 2919 1484 2966 et
1505 2911 1726 2982 adytum
1749 2915 2085 2979 statuendus;

2207 1708 2485 1774 adornata:
2517 1722 2684 1782 sunt;
2723 1725 2957 1787 quatuor
3009 1723 3182 1779 etiam
3226 1726 3408 1784 trabes
3435 1708 3662 1801 propter
3704 1737 3786 1792 ci-

2203 1799 2421 1856 hurium
2445 1803 2634 1868 altaris
2657 1808 2822 1864 simili
2851 1810 3014 1870 modo
3051 1815 3265 1887 sculpto
3299 1834 3364 1876 ac
3411 1799 3677 1884 deaurato
3699 1842 3789 1885 ar-

2206 1901 2367 1960 gento
2389 1895 2730 1953 extrinsecus
2760 1899 2929 1960 induit
2953 1919 2982 1977 ;,
3003 1904 3071 1960 ab
3118 1906 3263 1962 intus
3289 1923 3420 1965 vero
3467 1914 3663 1980 petalis
3691 1914 3784 1986 Π..

2203 1979 2439 2056 laminis]
2467 1994 2521 2040 et
2544 1987 2816 2048 coloribus
2833 1992 3136 2060 decoravit,
3164 2011 3194 2050 e
3213 1998 3412 2067 quibus
3426 1979 3548 2058 dute
3582 1979 3784 2066 habent

2201 2075 2414 2131 cubitus
2438 2078 2489 2132 in
2519 2079 2854 2151 longitudine
2873 2100 2966 2142 sex
2987 2086 3156 2154 libras
3170 2090 3422 2162 vigintiet
3439 2095 3652 2167 viginti,
3667 2099 3784 2156 dum

2201 2181 2330 2220 vero
2360 2167 2478 2223 aliae
2505 2171 2721 2228 cultitos
2743 2184 3080 2246 quatuor,ac,
3099 2169 3287 2249 semis,
3311 2181 3482 2239 libras
3508 2186 3699 2258 viginti
3727 2198 3785 2245 et

2199 2258 2426 2330 viginti;
2467 2277 2560 2320 sex
2607 2266 2770 2322 etiam
2819 2269 3143 2326 candelabra
3190 2288 3382 2346 magna
3433 2286 3545 2336 tres
3569 2280 3826 2337 eubitos~

2197 2350 2501 2410 altitudinis
2530 2356 2783 2416 habentia
2813 2360 2881 2416 de
2903 2363 3185 2431 productis
3224 2381 3287 2422 ac
3318 2368 3514 2440 sulptis
3552 2383 3784 2443 argento

2196 2440 2415 2534 laminis
2480 2442 2656 2512 fecit,
2709 2467 2816 2505 una
2873 2451 3202 2527 [f.,_aaque]
3249 2473 3344 2513 sex
3404 2460 3485 2517 vel
3539 2440 3782 2534 quinque

2194 2532 2477 2606 librarum,
2537 2555 2665 2608 qua:
2710 2544 2964 2618 videlicet
3015 2547 3068 2602 in
3111 2547 3266 2607 festis
3316 2532 3780 2623 praecipuisante

2194 2621 2369 2695 altare
2431 2629 2484 2683 in
2543 2632 2752 2689 directa
2796 2635 2936 2693 linea
2988 2640 3161 2710 posita
3216 2621 3441 2701 accendi
3485 2621 3634 2702 curn.
3665 2663 3776 2706 ma-

2192 2717 2374 2781 ximis
2407 2717 2613 2778 faculis.
2641 2724 2891 2782 debeant.
2946 2727 3242 2800 Pulpitum.
3277 2749 3512 2806 quoque
3538 2736 3778 2807 ligneum

2191 2810 2588 2882 adlegendum
2643 2815 2759 2872 sive
2799 2820 3161 2890 cantandum,
3209 2824 3365 2894 longe
3410 2826 3581 2896 priori
3634 2842 3769 2897 prae-

2191 2902 2444 2965 statuius,
2470 2912 2524 2959 et
2576 2907 2902 2966 eminentius
2947 2909 3078 2968 fecit
3122 2912 3176 2968 in
3228 2929 3456 2982 ascensu
3505 2918 3773 2987 graduum

513 2999 969 3070 trahemquoque
1024 3001 1376 3057 nihilominus
1420 3001 1632 3057 fusilem
1673 3018 1737 3058 ex
1781 3019 1912 3069 tere,
1964 3020 2084 3059 cum

2192 3006 2320 3058 sex;
2363 2993 2521 3064 idque
2552 2997 3051 3067 diversiscolorum
3083 3003 3216 3070 fucis
3244 3015 3301 3061 et
3321 3007 3671 3078 auripetalis
3708 3010 3773 3065 de

508 3090 846 3146 candelabris
877 3106 1104 3148 numero
1123 3092 1540 3164 quinquaginta,
1571 3093 1624 3149 in
1656 3096 1854 3163 quibus
1899 3096 2087 3166 utique

509 3183 733 3238 totidem
753 3183 903 3239 cerei
925 3198 1022 3253 per
1042 3182 1376 3241 festivitates
1397 3186 1698 3256 principuas
1731 3200 2082 3257 ponerentur,

506 3278 1092 3350 lampadibussubter
1124 3281 1177 3334 in
1208 3280 1366 3336 :ereis
1397 3281 1550 3336 uneis
1588 3296 1650 3335 ex
1700 3281 1889 3338 eadem
1935 3285 2086 3340 trabe

507 3369 728 3439 triginta
786 3377 856 3425 et-
890 3383 985 3424 sex
1015 3369 1475 3440 dependentibus;
1527 3387 1645 3441 quae
1670 3373 2084 3430 videlicet-mea

430 3442 436 3448 ’
506 3460 714 3528 trabes,
741 3461 911 3516 aereis.
937 3476 1089 3532 teque
1111 3461 1354 3518 brachiis
1392 3477 1456 3518 ac
1484 3465 1735 3519 manibus
1759 3476 2081 3533 suetentata,

506 3553 644 3607 trahi
670 3553 878 3623 lignea,
902 3569 1064 3624 quam
1090 3553 1477 3623 pulcherrime.
1502 3556 1693 3626 scalpi.
1721 3568 1777 3612 et
1811 3573 1944 3612 auro
1994 3573 2085 3612 co-

503 3641 956 3712 lorumque.fueis
984 3643 1437 3704 interim-fecerat
1465 3647 1774 3704 Desiderius
1803 3649 2083 3713 exornari,

504 3733 797 3787 commissa
849 3741 955 3797 est,
983 3744 1050 3787 et
1085 3748 1254 3806 supra
1308 3751 1400 3790 sex
1457 3737 1735 3792 cultmmas
1776 3749 2079 3807 argenteas,

506 3834 741 3895 aptamur
774 3825 1028 3882 et-semis
1068 3826 1119 3881 in
1147 3825 1432 3881 altitudine
1475 3829 1686 3883 (ubitos
1714 3829 1994 3896 habentes,
2028 3839 2083 3886 et

502 3917 816 3972 octolibras
843 3932 938 3987 per
966 3917 1203 3987 singulas
1259 3917 1311 3970 in
1364 3918 1474 3986 ipsa
1530 3918 1685 3974 chori
1729 3918 2075 3975 fronte-con-

502 4005 702 4071 stituit,
753 4007 856 4061 sub
898 4020 1005 4074 qua
1065 4006 1319 4061 nimirum
1370 4007 1521 4061 trahe
1569 4007 1808 4078 quinque
1857 4023 2100 4068 numero.

503 4106 706 4152 teretes
736 4097 928 4150 iconas
966 4097 1270 4166 suspendit,
1304 4098 1566 4152 tredecim
1613 4111 1742 4153 vero
1784 4100 2080 4168 quadratas

499 4188 648 4258 paris
675 4202 942 4242 mensum
976 4202 1041 4243 ac
1083 4189 1340 4257 ponderis
1366 4189 1598 4258 desuper
1639 4191 1850 4245 statuit.
1883 4190 1925 4244 E
1953 4191 2078 4261 qui-

497 4279 601 4333 bus
633 4278 884 4333 vidclicct
931 4278 1118 4333 decem
1155 4294 1218 4333 ex
1273 4279 1553 4349 quadratis
1580 4281 1884 4351 praedictus.
1908 4279 2078 4337 frater

499 4367 642 4439 apud
691 4367 1214 4440 Constantinopolim
1273 4387 1458 4437 crasso
1497 4383 1720 4444 argento
1758 4373 1981 4444 sculpsit
2009 4390 2072 4430 ac

494 4459 800 4528 deauravit,
842 4461 1102 4516 habentes
1151 4477 1247 4530 per
1287 4462 1524 4534 singulas
1552 4465 1672 4520 alite
1717 4466 1885 4522 libras
1929 4482 2068 4536 qua-

497 4551 970 4625 tuordecim,‘aliae
1018 4553 1348 4619 duodecim:
1401 4558 1661 4620 rotundas
1705 4575 2069 4626 veroomnes

494 4650 749 4712 argentea
779 4638 954 4709 scium
980 4645 1668 4714 urnaquatuorlihrarum
1699 4649 2066 4715 circumdatis,
2089 4678 2116 4714 ,-

494 4739 697 4784 cmtera
733 4730 1004 4786 coloribus
1042 4747 1106 4788 ac
1148 4731 1335 4803 figuris
1384 4735 1598 4806 depingi
1643 4752 1826 4807 graeca
1871 4739 2064 4808 peritia

491 4817 662 4884 fecit;
695 4828 968 4882 tresvero
997 4821 1136 4876 alias
1159 4823 1226 4877 de
1252 4824 1533 4894 quadratis
1580 4827 1822 4895 ejusdem
1867 4829 2067 4896 metalli

491 4918 679 4979 atque.
709 4925 978 4964 mensura:
1032 4913 1269 4981 patrari,
1312 4911 1854 4984 suorumartiﬂeum
1906 4934 2075 4988 opere,

492 5015 837 5072 nequaquam
877 5001 1174 5066 dissimili,
1232 5004 1540 5075 Desiderius
1589 5005 1768 5078 jussit.
1825 5009 2067 5065 Alteram

489 5105 708 5168 quoque
731 5090 942 5162 iconam
983 5093 1292 5158 rotundam,
1314 5109 1380 5150 ex
1407 5107 1638 5169 utraque
1665 5109 1819 5170 parte
1843 5110 2066 5172 argento

489 5178 740 5266 mirifice.
771 5177 986 5250 sculpta
1039 5193 1104 5249 ac
1144 5183 1398 5242 deaurato
1445 5190 1696 5258 vestitam
1727 5230 1742 5255 ,
1792 5192 2097 5262 argenteis.

490 5271 661 5326 etiam
690 5270 852 5326 bullis
871 5269 1211 5338 extrinsecus,
1255 5274 1306 5328 in
1333 5291 1468 5348 gyro.
1496 5279 1908 5347 circumdatam,
1941 5284 2093 5352 qui-.

2105 4339 2153 4400 Ι)

2190 3082 2415 3152 pulchro
2456 3086 2878 3155 pulcherrimum
2925 3093 3158 3149 reddidit
3189 3113 3202 3149 :
3232 3106 3357 3158 ante
3390 3099 3534 3168 quod
3567 3100 3772 3158 colum-

2189 3185 2316 3228 nam
2352 3179 2877 3248 argenteantviginti
2906 3189 2960 3236 et
2987 3184 3227 3257 quinque
3253 3186 3542 3254 librarum,
3566 3191 3768 3259 partim

2188 3262 2505 3332 deauratam
2534 3268 2600 3320 ad
2625 3269 2841 3335 modum
2867 3274 3051 3350 magni
3075 3276 3406 3346 candelabri,
3434 3293 3531 3334 sex
3562 3281 3769 3336 cubit0~

2187 3367 2307 3408 rum
2337 3353 2391 3408 in
2420 3355 2711 3424 altitudine
2738 3360 2970 3442 habens,
2999 3379 3162 3441 supra
3206 3366 3380 3424 basim
3426 3373 3770 3441 porphyreti-

2187 3459 2308 3498 cam
2340 3447 2552 3513 statuit,
2591 3463 2754 3521 super
2800 3467 2962 3524 quam
3012 3456 3264 3514 videlicet
3289 3475 3478 3516 cereus
3516 3479 3768 3533 magnus,

2185 3539 2275 3611 qui
2316 3538 2558 3596 Sabbato
2586 3544 2827 3611 paschali
2877 3546 3279 3606 benedicendus
3324 3555 3771 3620 e5t,_soleumiter

2185 3628 2382 3695 debeat
2408 3632 2663 3688 exaltari.
2689 3635 2841 3690 Fecit
2887 3646 2943 3704 et
2991 3640 3252 3710 pharum,
3282 3644 3336 3698 id
3366 3653 3450 3700 est
3500 3663 3762 3702 coronam

2184 3723 2499 3788 maximam,
2555 3724 2620 3779 de
2667 3736 2891 3799 argento
2939 3729 3204 3789 librarum
3258 3735 3478 3794 circiter
3522 3749 3788 3805 centum,_

2183 3814 2392 3878 habens
2426 3818 2479 3871 in
2509 3819 2752 3874 circuitu
2789 3821 3004 3886 cubitos
3051 3826 3244 3898 viginti
3298 3845 3422 3886 cum
3477 3833 3760 3888 duodecim
3799 3884 3801 3886 .

2182 3909 2422 3977 turribus
2456 3911 2797 3968 extrinsecus
2835 3916 3288 3990 prominentibus,
3317 3938 3419 3984 sex.
3438 3933 3493 3979 et
3542 3927 3763 3997 triginta

2178 4013 2244 4054 ex
2269 4014 2333 4054 ea
2358 4000 2694 4071 lampadibus
2711 4005 3162 4077 dependentibus,
3195 4026 3422 4080 eamque
3447 4024 3602 4072 extra
3633 4019 3761 4074 cho-

2181 4106 2299 4146 rum
2336 4101 2464 4149 ante
2496 4109 2710 4152 crucem
2751 4098 3010 4167 majorem
3051 4104 3186 4160 satis
3217 4106 3372 4161 tirma
3405 4105 3584 4164 ferrea
3612 4122 3763 4166 cate-

2179 4201 2273 4273 na,
2303 4198 2512 4258 septem
2541 4192 2814 4250 deau'ratis
2841 4196 3002 4256 malis
3031 4199 3308 4268 distincta,
3337 4207 3638 4275 suspendit.
3667 4207 3765 4264 llis

2181 4271 2448 4355 tantisper
2488 4283 2554 4337 de
2590 4280 3028 4356 constructione,
3065 4271 3496 4371 consecratione,
3527 4305 3778 4372 partim-_

2177 4387 2285 4451 que
2310 4375 2660 4434 decoratione
2699 4395 2860 4442 norm,
2898 4371 3138 4440 basilicae
3168 4390 3438 4457 quomodo
3460 4391 3592 4450 libet
3622 4371 3791 4450 exa-d

2179 4463 2336 4532 ratis,
2370 4464 2435 4519 ad
2459 4476 2669 4552 caetera
2704 4473 3021 4529 monasterii
3073 4475 3756 4555 nidiﬁciapercomplenda

2179 4552 2336 4607 simul
2370 4572 2492 4610 cum
2528 4544 2713 4614 nostro
2747 4561 3023 4619 Desiderio
3055 4568 3286 4621 reditum
3317 4549 3608 4625 faciamus.

2222 4643 2471 4717 ‘Ctrtera,
2501 4654 2811 4708 monasterii
2863 4655 3112 4724 cedi/irin.
3142 4690 3209 4699 ——
3236 4659 3367 4716 Post
3423 4670 3754 4718 transactam

2175 4739 2337 4820 igitur
2360 4739 2654 4798 solemnem
2686 4742 2926 4800 basilica:
2948 4746 3378 4824 dedicationem,
3405 4766 3636 4808 cernens
3656 4753 3754 4808 De-

2169 4815 2403 4895 siderius
2429 4871 2444 4896 ,
2497 4832 2712 4892 divina.
2747 4819 3080 4905 cooperante
3133 4843 3380 4908 potentia
3408 4883 3426 4910 ,
3478 4844 3752 4915 simulque

2170 4919 2347 4990 Patris
2396 4923 2671 4979 Benedicti
2723 4927 2962 4992 meritis,
2993 4929 3171 4984 omnia
3219 4947 3342 5002 quae
3394 4947 3638 5005 cmperat
3679 4935 3749 4991 ad

2167 5010 2491 5080 perfectum,
2539 5024 2704 5092 prout
2746 5026 3052 5087 optaverat,
3082 5023 3430 5091 pervenisse,
3461 5027 3753 5084 audentior

2161 5099 2300 5168 jam,
2329 5103 2438 5159 imo
2471 5105 2738 5163 valentior
2769 5107 2964 5175 factus,
2987 5114 3161 5176 totius
3191 5117 3439 5185 emuobii
3478 5120 3744 5187 ambitum

2167 5190 2410 5266 decrevit
2441 5191 2650 5264 ingenti
2673 5198 2880 5252 animo
2906 5201 3177 5269 spatiere;
3207 5211 3370 5271 et,ut
3407 5203 3523 5274 jam
3557 5207 3622 5261 de
3645 5208 3746 5262 ali-
3825 5204 3830 5206 ⁷

2166 5281 2364 5360 quibus
2418 5281 2644 5352 fecerat,
2677 5288 2916 5357 reliquas
2967 5291 3232 5358 ofﬁcinas,
3261 5296 3525 5352 cumbis
3575 5298 3740 5354 etiam
