4044 5360
183 162 295 222 ⁵Μὸ

1251 158 1675 218 POSTMODUM
1717 158 2036 216 Vtc'routs
2072 157 2135 213 Ill
2173 148 2396 213 parm.
2445 141 2458 152 '

3347 131 3453 212 sit.
3534 231 3538 236 λ

178 271 450 342 .atnpliarc
487 269 826 334 desiderans,
861 263 1196 328 ev'erso'mox
1228 283 1417 332 vetere
1449 274 1845 340 refeeterio,.A
1873 273 2062 346 sicque
2091 271 2846 344 capitulimdemaborientali
2875 282 3027 342 parte
3055 282 3150 340 per
3177 279 3454 326 transver-

181 365 330 434 quod
365 361 498 417 satis
525 362 826 417 cnorniiter
857 378 885 416 a
925 361 1094 418 latere
1117 365 1341 434 templo,
1368 380 1398 421 a
1431 367 1608 421 fronte
1639 380 1767 422 vero

187 450 1054 524 .capitulo‘inbzerebat,quodque
1093 456 1263 509 etiam
1292 457 1408 526 ipse
1443 442 1653 512 dudum
1687 457 1768 512 bis

181 555 428 614 tempore
459 545 688 600 'divcrso
715 545 1042 611 adattxerat,
1075 547 1127 600 in
1160 547 1417 606 ulteriore
1449 550 1586 605 illud
1615 553 1768 620 parte

201 633 360 694 futuri
401 632 650 698 claustri,
681 631 835 702 juxta
868 636 1229 691 meridianum
1262 638 1465 692 scilicet
1501 640 1623 694 atrii
1673 655 1768 695 ee-

185 726 366 785 ‘elesize
399 724 562 788 latus,
583 725 844 784 decorum
882 726 1037 783 valde
1084 731 1323 800 satisque
1369 745 1622 802 magnum
1673 747 1771 787 ex-

184 816 404 880 struxit,
431 816 771 891 diversisque
812 827 985 874 (etum
1014 821 1290 877 coloribus
1315 818 1586 893 pictorum
1636 825 1769 879 arti-

201 909 314 972 ficio
335 907 586 978 compsit,
609 917 670 965 et
711 909 951 980 laqueari
986 913 1236 982 apposito
1278 914 1545 981 trabibus,
1575 915 1770 983 tegnlis

201 1001 418 1070 desuper
457 1002 692 1078 operuit.
747 1002 1005 1072 Legivum
1033 1019 1249 1075 quoque
1289 1007 1674 1077 perpulchrum
1716 1015 1771 1062 et

185 1091 431 1172 eminens
463 1091 518 1145 in
545 1106 612 1146 eo
635 1093 942 1156 consuluit,
961 1095 1122 1163 quod,
1142 1094 1299 1150 valde
1322 1095 1580 1151 decenter
1604 1103 1771 1168 gypso

182 1184 462 1248 .vestitunt,
491 1185 706 1240 cunctis
745 1186 1042 1257 spectabile
1085 1187 1356 1244 reddidit.
1379 1188 1546 1259 Cujus
1581 1189 1771 1244 videli-

201 1284 280 1330 cet
300 1275 487 1331 demus
513 1275 870 1348 longitudinis
900 1278 952 1332 in
983 1276 1184 1333 cubitis
1206 1281 1448 1350 quinque
1495 1289 1550 1334 et
1595 1289 1767 1335 nona-

188 1364 336 1435 ginta
369 1366 702 1431 extenditur,
738 1366 965 1423 latitudo
989 1367 1043 1423 in
1085 1368 1258 1425 tribus
1301 1379 1357 1424 et
1383 1369 1571 1442 viginti
1599 1367 1772 1440 porri-

183 1453 353 1524 ,gitur,
386 1454 441 1508 in
466 1456 931 1524 quintodeeimum
963 1474 1090 1515 vero
1143 1461 1375 1516 altitudo
1427 1462 1768 1528 sustollitur;

193 1546 264 1602 ab
280 1547 526 1603 orientali
569 1559 724 1619 parte
755 1551 961 1606 habens
995 1552 1320 1623 ingressum,
1350 1555 1418 1609 ab
1445 1554 1770 1611 occidentali

1875 381 1993 424 sum
2024 363 2332 430 consuluit,
2353 377 2415 420 ut
2448 366 2676 420 interior
2721 365 2838 435 ejus
2861 360 3191 434 frontispicii
3230 363 3458 435 angulus

1875 456 2071 532 angulo
2098 457 2356 514 exteriori
2391 457 2527 511 tituli
2562 455 2895 528 basiliccesit
2938 469 3238 518 connexus,
3269 454 3454 509 absida

1873 567 2006 608 vero
2038 551 2205 621 ipsius
2241 550 2564 622 appmpiarc
2612 546 2933 603 dormitorio
2969 546 3232 600 videatur.
3291 544 3460 616 Cujus

1869 645 2127 702 videlicet
2171 643 2366 698 domus
2411 639 2690 713 longitudo
2718 635 3022 694 cubitorum
3068 637 3458 708 quinquaginta

1867 745 1930 798 'et
1981 742 2168 805 trium,
2198 736 2427 794 latitudo
2461 736 2672 807 viginti,
2717 727 2948 788 altitudo
2997 742 3179 786 autem
3229 740 3354 787 octo
3406 742 3462 787 et

1875 832 2061 887 decem
2093 829 2353 893 habetur;
2385 826 2548 881 habet
2571 835 2748 879 autem
2785 823 2821 877 ’a
2851 822 3023 877 latere
3052 835 3157 877 uno
3191 822 3462 876 fenesuas

1864 920 2076 975 ‘vitrea‘s
2104 917 2534 988 spec'iosissintas
2577 915 2792 979 novem,
2821 913 2890 968 ab
2939 913 3113 967 altero
3149 913 3398 974 totidem,
3430 929 3462 965 a

1877 1009 2214 1080 frontispicio
2236 1007 2528 1077 aquilonali
2554 1015 2665 1060 tres
2690 1005 2970 1070 rotundas,
2994 1004 3061 1060 ab
3087 1002 3312 1059 australi
3336 1015 3464 1058 tero

1867 1103 2011 1156 duas
2056 1115 2209 1171 aeque
2263 1098 2546 1160 rotundas,
2603 1095 2846 1165 laqucari
2897 1097 2951 1149 et
3007 1095 3319 1164 pavimento
3367 1106 3464 1148 seu

1875 1193 2104 1263 picturis
2173 1187 2590 1261 pretiosissimis
2654 1184 3110 1242 suliicicntissime
3183 1185 3460 1239 decorata.

1879 1284 2108 1339 Tantum
2135 1290 2313 1336 autem
2339 1290 2489 1344 tunc,
2519 1294 2642 1333 cum
2697 1279 2799 1332 ista
2848 1275 3267 1341 sulfudercntur,
3301 1283 3466 1330 terrae

1878 1383 2120 1432 motuum
2147 1373 2358 1442 experti
2385 1383 2574 1426 smnus
2601 1369 2987 1439 frequentiam,
3021 1376 3080 1422 ut
3110 1382 3217 1422 uno
3245 1365 3466 1437 quidem

1877 1469 1966 1524 die
1993 1468 2200 1523 vicibus
2227 1467 2412 1521 decem
2458 1457 2514 1518 et
2543 1471 2770 1527 septem,
2801 1477 2900 1530 per
2937 1461 3076 1517 alios
3105 1477 3234 1516 vero
3260 1460 3468 1531 aliquot

1881 1560 2005 1614 dics
2037 1571 2180 1614 nunc
2230 1566 2485 1626 quatuor,
2513 1548 2657 1608 nunc
2709 1552 2939 1614 duobus,
2962 1551 3127 1606 modo
3177 1551 3339 1604 etiam
3372 1566 3469 1606 sex

191 1652 324 1708 vero
367 1631 639 1708 absidem,
662 1652 787 1700 ante
816 1660 980 1714 quam
1014 1646 1260 1714 profecto
1289 1648 1465 1716 ampla
1490 1648 1647 1702 valde
1676 1647 1774 1702 ab-
1805 1656 1850 1717 Β
1879 1649 1962 1706 vel
1979 1650 2227 1722 quinque
2253 1647 2556 1714 vicibus,id
2574 1661 2670 1716 per
2692 1645 2807 1699 dies
2835 1631 3076 1714 singulos
3107 1643 3466 1696 sentiremus:

205 1732 334 1787 batis
359 1748 545 1789 mensa
559 1748 627 1788 ex
651 1744 963 1792 transverso
985 1738 1234 1792 cernitur
1255 1740 1571 1795 constituta.
1603 1739 1778 1795 Habet

204 1831 374 1876 autem
401 1841 429 1880 a
461 1824 633 1881 latere
667 1825 972 1882 meridiano
1017 1827 1291 1884 fenestras
1343 1829 1774 1898 quattuordecim,

202 1920 332 1976 circa
362 1917 626 1988 pulpitum
661 1925 793 1982 tres,
829 1933 859 1972 a
891 1920 1304 1989 septentrionali
1334 1935 1464 1976 vero
1489 1920 1624 1977 duas
1656 1931 1776 1976 tan-

193 2023 329 2074 tum,
359 2010 495 2064 duas
536 2023 757 2079 quoque
810 2010 1073 2066 rotundas
1126 2011 1178 2066 in
1226 2011 1494 2066 frontibus
1527 2012 1777 2083 singulis,

195 2116 378 2156 omnes
402 2102 543 2160 vitro
571 2111 677 2158 tam
699 2117 870 2174 gypso
895 2117 1057 2174 quam
1082 2105 1606 2178 plumboiusigniter
1631 2107 1782 2162 labo-

205 2204 356 2248 ratas.
401 2194 570 2249 Juxta
601 2194 847 2250 eamdem
898 2209 1116 2265 quoque
1164 2195 1384 2251 domum
1436 2199 1506 2252 ab
1557 2197 1779 2253 australi

202 2295 344 2360 parte
374 2287 666 2357 coquinam
686 2285 934 2350 fratrum,
954 2286 1190 2358 amplam
1224 2289 1358 2344 satis
1387 2297 1442 2342 et
1471 2288 1779 2359 pulchram,

205 2375 253 2429 in
280 2376 485 2451 duobus
535 2376 772 2432 invicem
826 2377 1092 2434 connexis
1139 2377 1461 2445 fornicibus,
1493 2393 1636 2450 quos
1673 2395 1782 2434 una

209 2464 402 2525 tantum
434 2469 693 2526 columna
737 2478 1026 2535 sustentet,
1058 2472 1270 2536 erexit;
1308 2471 1558 2542 interque
1611 2471 1783 2541 ipsam

201 2573 256 2641 et
291 2563 671 2629 relectorium,
716 2563 918 2633 gradus
972 2571 1027 2620 et
1069 2562 1293 2632 januam
1319 2604 1334 2628 ,
1365 2565 1509 2619 unde
1555 2579 1784 2635 quaeque

209 2654 500 2708 necessaria
548 2654 603 2707 in
661 2653 805 2708 idem
861 2653 1215 2710 refectorium
1259 2655 1374 2709 sive
1427 2655 1782 2712 conferantur

199 2743 311 2824 sive
346 2745 682 2810 referantur,
730 2745 1038 2800 constituit.
1090 2745 1167 2800 Ex
1217 2744 1390 2801 altera
1443 2761 1575 2803 vero
1617 2748 1784 2817 ipsius

196 2835 444 2904 coquinae
493 2841 652 2904 parte
700 2833 983 2889 cellarium
1032 2835 1244 2901 statuit,
1265 2850 1332 2892 ex
1362 2851 1472 2907 quo
1510 2837 1783 2904 videlicet,

204 2940 310 2987 tam
369 2925 664 2982 refectorio
723 2942 886 2996 quam
941 2927 1188 2998 coquinae
1242 2927 1500 2998 qtuelibe’t
1551 2927 1788 2983 debeant

1877 1742 2023 1810 quod
2043 1741 2194 1796 certe
2226 1748 2450 1811 propter
2479 1740 2794 1793 innumeras
2824 1729 3070 1804 ejusdem
3100 1733 3199 1788 loci
3231 1733 3472 1803 scpulm-

1880 1849 1969 1888 ras
2011 1841 2142 1888 tunc
2187 1832 2502 1888 tier-essurio
2533 1830 2783 1895 violatas,
2813 1844 2933 1898 qua:
2979 1837 3293 1883 sanctorum
3334 1825 3472 1882 l'orte

1881 1925 2161 1980 hominum
2194 1922 2434 1986 fuerant,
2461 1935 2566 1977 non
2599 1923 2696 1976 abs
2725 1936 2782 1975 re
2813 1920 3105 1991 contigisse
3139 1917 3291 1973 nmlti
3319 1928 3473 1988 puta.

1882 2017 2078 2070 vitnus.
2111 2015 2261 2070 Alias
2299 2029 2433 2070 sane
2469 2015 2604 2070 satis
2638 2028 2767 2068 raro
2791 2014 2896 2069 hoc
2925 2013 2976 2067 in
3021 2011 3142 2066 loco
3189 2009 3327 2065 solet
3354 2011 3471 2063 fieri

1880 2109 2042 2160 terra:
2068 2094 2266 2161 motus.
2303 2103 2501 2159 Verum
2557 2104 2814 2175 quoniam
2868 2103 3062 2174 ingens
3113 2099 3474 2170 prtecipitium

1873 2196 1951 2252 ab
1971 2197 2217 2252 interiori
2241 2195 2542 2252 dormitor-ii
2582 2199 2735 2264 parte
2769 2202 3127 2258 remanserat,
3149 2189 3351 2245 erecis
3383 2206 3471 2244 se-

1877 2295 1981 2344 c‘us
2041 2285 2286 2344 eamdem
2341 2283 2560 2341 domum
2604 2285 2870 2348 carueris,
2920 2293 2977 2339 et
3025 2292 3173 2339 terra
3215 2281 3499 2350 saxiSque.

1882 2390 2081 2436 caetera
2116 2378 2332 2449 replens
2373 2378 2609 2449 injectis,
2643 2378 2882 2448 itemque
2913 2384 3038 2430 ante
3096 2373 3450 2430 refectori'um

1884 2470 2141 2525 infroute
2186 2468 2434 2524 videlicet
2463 2469 2708 2533 clattstri,
2753 2469 2937 2523 curva.
2973 2465 3332 2521 nihilominus
3377 2479 3474 2520 ca-

1879 2573 2033 2618 mera
2088 2561 2387 2618 cisternam
2460 2562 2752 2615 maximam
2801 2559 3096 2626 fabricatis,
3145 2557 3216 2613 ita
3260 2559 3478 2614 demunt

1881 2653 2052 2709 totius
2079 2653 2299 2707 claustri
2348 2652 2690 2721 superlleiem
2746 2651 3240 2721 cu:'cquavit;mox
3293 2649 3478 2717 itaque

1885 2758 2047 2800 arcus
2071 2759 2167 2813 per
2191 2759 2382 2814 gyrum
2429 2742 2889 2798 deambulatorios
2937 2757 3100 2814 super
3148 2751 3366 2797 centum
3424 2751 3484 2796 et.

1887 2838 2074 2893 decem
2103 2849 2436 2892 marmoreas
2459 2835 2814 2892 columnellas
2842 2837 3154 2903 instituens,
3178 2836 3478 2893 claustrum

1885 2945 2046 2985 omne
2076 2929 2131 2983 in
2162 2929 2553 3000 longitudinem
2579 2929 2887 2983 cubitorum
2910 2937 3126 2983 centum
3149 2929 3482 3000 etquinque;

204 3019 508 3091 necessaria
545 3017 733 3072 tribui.
765 3017 894 3073 Post
918 3017 1054 3083 haec,
1102 3033 1227 3072 cum
1255 3017 1487 3072 necdum
1513 3014 1787 3073 sufficiens
1813 3030 1860 3093 (ς
1894 3019 1946 3073 in
1979 3020 2322 3074 latitudinem
2354 3035 2480 3073 vero
2503 3019 2743 3088 quinque
2771 3030 2826 3074 et
2872 3021 3217 3090 septuaginta
3246 3019 3481 3073 diffudit.

211 3110 305 3165 sibi
335 3111 400 3165 ad
440 3120 659 3178 tantam
688 3108 920 3165 fratrum
948 3109 1351 3165 multitudinem
1390 3108 1616 3164 claustri
1665 3123 1788 3176 spa-

213 3201 339 3257 tium
378 3193 684 3266 videretur,
719 3200 804 3255 vir
833 3209 982 3256 certe
1007 3199 1370 3271 magnanimis
1394 3208 1448 3253 et
1478 3197 1640 3252 nimis
1679 3213 1796 3250 ma-

203 3306 322 3360 gna:
374 3289 612 3355 fiduciae,
659 3289 1041 3346 dormitorium
1099 3298 1264 3359 atque
1311 3287 1630 3359 capitulum,
1671 3301 1794 3357 qua:

209 3383 403 3447 dudum
432 3383 669 3453 ipsemet
685 3397 882 3452 magno
911 3380 1069 3436 valde
1089 3387 1304 3450 sumptu
1327 3394 1393 3435 ac
1414 3378 1596 3434 studio
1622 3377 1795 3434 fabri-

209 3484 444 3540 caverat,
475 3489 579 3529 nec
615 3490 720 3528 non
752 3484 808 3527 et
845 3482 1088 3527 veterem
1119 3469 1517 3526 infirmantium
1545 3469 1792 3535 domum,

214 3579 280 3622 ex
301 3566 508 3640 integro
559 3575 645 3621 est
670 3579 959 3637 aggressus
985 3569 1261 3627 evertere,
1290 3570 1370 3626 et,
1401 3560 1628 3616 claustri
1675 3576 1794 3615 am-

208 3659 404 3728 pliandi
433 3658 746 3722 occasione,
775 3657 997 3712 easdem
1024 3669 1243 3728 quoque
1269 3655 1460 3711 domos
1501 3652 1795 3725 ampliores

217 3747 440 3804 allicere.
476 3748 752 3817 Quoniam
790 3747 956 3818 igitur
979 3746 1306 3802 exteriorem
1337 3745 1642 3802 dormitorii
1675 3759 1798 3800 mtt-

218 3854 331 3894 tum
382 3855 548 3910 porro
626 3837 786 3908 longe
837 3839 908 3893 ab
985 3837 1159 3894 altero
1218 3837 1291 3896 in.
1331 3851 1529 3908 magno
1593 3837 1797 3894 montis

212 3931 510 4003 praecipitio
549 3932 826 3988 statuebat
882 3931 1116 4000 erigere,
1144 3931 1386 4000 quinque
1431 3935 1676 3987 crossam
1702 3945 1796 3986 cu-

219 4021 339 4098 bitis
375 4023 671 4078 maceriam
722 4023 778 4077 in
825 4019 1178 4101 fundamento
1227 4020 1480 4076 maximae
1524 4019 1798 4075 firmitatis

218 4114 380 4183 gratia
407 4115 640 4184 jacicns,
665 4128 782 4170 eam
815 4114 869 4168 in
900 4113 1260 4168 ducentorum
1290 4113 1466 4182 spatio
1489 4112 1796 4168 cubitorum

218 4219 313 4276 per
339 4206 556 4278 longum
581 4206 852 4272 extendit,
873 4206 930 4260 in
961 4205 1244 4260 altitudine
1273 4213 1453 4260 autem
1489 4205 1796 4260 cubitorum

220 4299 433 4370 triginta
465 4300 664 4364 erexit,
696 4308 933 4368 quatuor
980 4307 1038 4354 et
1079 4297 1270 4369 viginti
1302 4296 1501 4352 cubitis
1539 4297 1592 4350 in
1615 4296 1809 4351 latitus-

1893 3110 2059 3180 Cujus
2083 3109 2208 3181 quia
2240 3125 2304 3163 ea
2355 3124 2502 3177 pars,
2527 3125 2646 3178 qua:
2679 3108 2898 3176 majoris
2928 3111 3165 3164 basilica:
3193 3117 3312 3163 erat
3355 3123 3487 3163 con-

1899 3203 2064 3270 tigna,
2089 3202 2134 3254 si
2170 3203 2381 3255 ueteris
2412 3208 2805 3270 comquat‘etut‘,
2839 3215 2942 3253 non
2969 3208 3125 3269 aptus
3154 3199 3206 3253 in
3237 3200 3485 3254 eamdem

1891 3291 2180 3349 basilicam
2199 3295 2343 3348 esset
2385 3294 2682 3360 ingressus,
2716 3293 2906 3346 subtus
2935 3292 3062 3346 item
3108 3301 3162 3347 et
3189 3305 3354 3362 super
3384 3290 3484 3344 de-

1895 3383 2286 3440 ambulatorios
2335 3383 2570 3439 fornices
2625 3382 2782 3448 fecit,
2825 3391 2880 3438 et
2931 3383 2983 3438 in
3035 3382 3153 3454 ejus
3202 3384 3488 3452 utriusque

1895 3475 2172 3545 angularia
2202 3489 2543 3530 marmoreus
2583 3476 2806 3546 gradus,
2837 3474 3034 3544 quibus
3066 3475 3121 3529 in
3160 3484 3354 3530 caetera
3392 3473 3488 3528 de~

1896 3566 2270 3631 accnderetur,
2287 3565 2538 3633 instituit;
2557 3568 2621 3620 ad
2645 3566 2934 3636 capitulum
2958 3566 3174 3636 quidem
3202 3565 3487 3636 quintode~

1895 3659 2120 3723 cimum,
2162 3675 2192 3713 a
2222 3656 2508 3714 refectori'o
2535 3675 2666 3714 vero
2698 3658 2858 3712 tertio
2884 3659 3177 3723 decimum,
3205 3667 3488 3724 totumque

1897 3748 1953 3804 in
1993 3749 2223 3804 circuitu
2255 3757 2312 3804 et
2358 3749 2583 3820 lapideis
2612 3748 2938 3821 pavimentis
2982 3749 3215 3804 bisantei
3269 3747 3486 3802 artificii

1899 3845 2116 3909 stravit,
2152 3853 2206 3898 et
2235 3844 2462 3915 picturis
2491 3843 2876 3914 pulcherrimis
2917 3842 3168 3912 compsit.
3214 3840 3358 3895 Nihil
3385 3841 3488 3896 hoc

1897 3943 2145 3988 moratus
2170 3935 2404 4004 expleto,
2440 3935 2700 3988 solarium
2727 3933 2914 4004 palatii
2952 3933 3114 3996 illius,
3142 3929 3286 4000 quod
3319 3947 3349 3984 a
3394 3931 3490 3984 lti-

1900 4022 2088 4080 cherio
2115 4035 2356 4097 emptum
2383 4025 2498 4095 ipse
2519 4025 2845 4095 perfecerat,
2877 4024 2944 4079 ab
2985 4022 3278 4078 eminentia
3312 4021 3484 4091 priori

1903 4117 1972 4170 ad
2001 4117 2222 4172 claustri
2249 4117 2528 4186 planitiem
2559 4117 2827 4186 deposuit,
2857 4117 3038 4185 adque
3080 4113 3212 4169 inibi
3242 4113 3488 4168 infirmo-

1902 4216 2019 4265 rum
2049 4211 2276 4266 fratrum
2305 4211 2542 4281 quietem
2573 4210 2875 4265 constituit.
2917 4209 3090 4264 Porro
3121 4207 3187 4262 ab
3225 4207 3485 4263 occidens

1904 4303 1998 4357 tali
2029 4314 2186 4372 parte
2239 4302 2659 4370 claustri,juxta
2691 4303 2982 4356 cisternam
3033 4298 3287 4355 videlicet
3322 4314 3484 4370 quam

220 4388 337 4444 dine
362 4391 829 4446 amurointeriori
846 4390 1180 4454 distantem;
1209 4390 1418 4444 habens
1439 4405 1470 4443 a
1500 4389 1784 4445 meridiant

1903 4395 2272 4467 praediximus,
2302 4394 2497 4451 cellam
2530 4393 2858 4450 novitiornm
2878 4392 3070 4448 ordine
3098 4390 3234 4446 satis
3254 4390 3484 4460 aptavit,

221 4488 426 4536 tantum
459 4482 727 4538 fenestras
758 4483 968 4551 amplas
1003 4481 1220 4550 viginti,
1251 4494 1284 4535 e
1309 4479 1508 4550 quibus
1538 4490 1649 4536 tres
1677 4493 1796 4536 mas

219 4571 376 4629 ximze
437 4575 612 4632 tribus
675 4573 1015 4630 columnellis
1065 4570 1392 4628 marmoreis
1449 4570 1794 4626 fulciuntur:

219 4677 335 4733 quae
362 4666 614 4722 videlicet
657 4667 851 4721 domus
898 4666 1053 4736 longe
1083 4664 1264 4736 priore
1308 4663 1562 4733 amplior,
1590 4661 1801 4719 firmior

220 4771 284 4812 ac
302 4757 605 4827 pulchrior,
628 4757 868 4813 studiose
899 4757 1062 4812 nimis
1089 4767 1176 4813 est
1215 4765 1272 4812 et
1300 4754 1576 4813 fabrorum
1600 4756 1800 4825 peritia

220 4845 480 4916 lateribus
503 4858 662 4913 tecta,
695 4857 751 4906 et
770 4849 1038 4919 pictorum
1063 4847 1296 4903 artificio
1333 4847 1610 4903 coloribus
1645 4847 1802 4904 deco-

221 4947 360 5004 rata;
392 4939 551 5009 juxta
581 4955 746 5010 quam
787 4942 976 5006 etiam,
1008 4941 1063 4996 in
1103 4939 1352 4997 ulteriori
1380 4941 1559 5012 capite
1607 4941 1798 5010 ipsius,

221 5029 539 5085 vestiarium
579 5031 807 5087 fratrum
837 5033 1158 5099 construxit,
1187 5047 1412 5104 parvum
1437 5033 1676 5105 quidem,
1705 5036 1802 5091 sed

221 5122 352 5177 satis
376 5132 691 5192 competens
720 5123 1114 5195 pulchrumque

286 5210 490 5284 Religio
528 5230 648 5286 erga
675 5215 1039 5284 defunctorum
1067 5230 1309 5284 corpora.
1334 5245 1401 5257 --
1429 5216 1524 5273 His
1562 5216 1802 5275 triennio

220 5304 438 5360 circiter
473 5306 886 5360 consummatis.
910 5316 1147 5360 montem
1179 5321 1210 5360 e
1249 5308 1496 5360 vestinio.
1518 5307 1610 5360 nui
1654 5309 1797 5360 intra

1906 4486 1959 4540 in
2004 4501 2108 4556 qua
2143 4485 2394 4540 videlicet
2424 4485 2606 4549 iidem,
2659 4485 2815 4554 juxta
2858 4481 3107 4555 regulare
3159 4479 3488 4545 institutum,

1905 4587 1961 4632 et
1987 4577 2234 4638 meditari
2265 4586 2320 4632 et
2363 4577 2642 4646 quiescere
2671 4585 2833 4645 atque
2862 4575 3145 4630 comedere
3174 4574 3362 4628 novitii
3391 4572 3491 4642 ipsi

1906 4669 2196 4736 deberent;
2233 4669 2421 4740 sicque
2460 4665 2576 4736 jam
2609 4667 2824 4722 tandem
2866 4666 3086 4730 fratres,
3114 4664 3210 4735 qui
3261 4675 3492 4721 eatenus

1906 4773 2069 4828 super
2098 4767 2176 4812 tot
2201 4760 2456 4828 operibus
2491 4756 2769 4828 inquietati
2799 4771 2863 4811 ac.
2895 4753 3167 4812 molestati
3205 4754 3495 4823 plusquam

1907 4853 2040 4908 satis
2056 4852 2404 4914 exstiterant,
2435 4859 2741 4919 Opportuna
2771 4849 2934 4904 simul
2963 4858 3018 4904 et
3049 4861 3268 4902 animus
3301 4843 3500 4914 quietis

1906 4944 2145 5002 statione
2170 4944 2397 5005 locatos,
2430 4941 2612 4995 ordini
2659 4939 2725 4994 de
2781 4955 2981 4999 cmtero
3011 4935 3265 5009 regulari,
3299 4943 3500 5008 quanto

1903 5036 2210 5094 ordinatius
2262 5043 2412 5090 tanto
2470 5033 2798 5098 districtius,
2849 5049 3074 5106 operam
3131 5031 3266 5087 dare
3309 5027 3504 5102 perdo-

1902 5128 2035 5184 cuit.
2463 5192 2466 5194 γ

1981 5217 2076 5273 His
2110 5218 2273 5289 igitur
2302 5215 2559 5273 omnibus
2589 5233 2652 5273 ex
2685 5227 2810 5274 voto
2837 5219 3116 5291 perfectis,
3146 5225 3201 5270 et
3225 5209 3501 5271 interiori-

1906 5315 2008 5360 lius
2061 5309 2305 5360 fratrum.
2344 5307 2580 5360 ofﬁcinis
2628 5301 3039 5360 decentissime.
3087 5315 3148 5360 ut
3199 5306 3502 5360 ornaverat.
