4044 5360
592 235 692 296 M7

591 368 733 407 mam
773 350 1007 422 erigens,
1036 356 1249 419 portam
1296 360 1432 417 pene
1479 344 1692 400 cubitos
1738 344 1959 414 triginta
2007 350 2163 397 extra

590 450 825 497 veterem
858 440 925 495 de
967 436 1248 509 quadratis
1299 450 1362 489 ac
1416 434 1582 489 sectis
1637 432 1914 504 lapidibus.
1949 431 2161 495 statuit,

591 548 752 602 supra
780 547 939 602 quam
974 541 1173 583 turrem
1208 527 1563 582 fortissimam
1593 525 1645 579 in
1676 533 1911 595 quatuor
1955 521 2165 592 magnis

594 622 857 678 columnis
887 630 1122 676 erectam
1174 620 1386 692 ingenti
1413 634 1630 674 camera
1666 617 2031 674 conﬁrmavit.
2054 614 2165 670 Ve-

592 731 734 781 rum,
772 730 894 770 cum
925 716 1165 770 exterius
1192 716 1545 787 pra‘cipitium
1579 723 1791 786 pateret
1818 714 2162 776 immensmn,

593 804 829 858 tumulus
854 820 982 861 vero
1011 805 1238 861 interius
1260 822 1486 876 magnus
1520 806 1803 861 existeret.
1833 820 1899 860 eo
1927 804 2161 869 defosso,

590 894 947 964 prrecipitium
972 895 1101 950 illud
1143 897 1290 953 saxis
1337 896 1453 967 ejus
1484 907 1537 953 et
1592 906 1758 965 terra,
1791 898 1995 953 clivoso
2040 896 2167 951 licet

590 988 827 1055 tramite,
863 989 1105 1059 pervium
1138 990 1295 1055 fecit;
1327 992 1506 1062 ibique
1540 992 1718 1062 juxta,
1750 1001 1905 1047 extra
1950 999 2162 1062 portam

590 1076 817 1145 scilicet,
854 1080 1252 1136 xenodoehium
1285 1083 1577 1136 maximum
1625 1082 1929 1138 fabricavit.
1978 1082 2165 1151 Itaque

592 1171 805 1225 demum
833 1173 959 1229 hinc
992 1174 1116 1231 inde
1150 1189 1305 1229 muro
1332 1176 1585 1246 contiguo
1617 1190 1680 1232 ac
1711 1176 1990 1231 civitatum
2016 1190 2167 1231 more

591 1264 801 1320 .nunito
831 1267 1144 1323 universum
1174 1268 1563 1324 monasterium
1622 1268 2018 1339 circumsepsit.
2063 1269 2166 1322 De-

589 1356 716 1412 hine
765 1359 1063 1428 aquilonali
1083 1370 1237 1431 parte
1266 1361 1525 1432 palatium
1554 1360 1877 1432 quantitatis
1904 1378 2010 1416 non
2051 1376 2164 1416 mo-

582 1452 719 1508 dicae
749 1453 815 1507 ad
858 1454 1127 1524 hospitum
1156 1472 1495 1525 quorumque
1527 1455 1893 1525 reccptionem
1926 1454 2163 1510 aedifica-

584 1541 691 1607 vit;
727 1542 1015 1612 pristinum
1056 1560 1272 1615 quoque
1321 1554 1469 1601 tanto
1500 1546 1697 1601 decore
1740 1545 2077 1611 construxit,
2105 1555 2163 1599 ut

587 1632 738 1687 tnulti
795 1635 1203 1706 peregrinorum
1260 1636 1365 1691 huc
1418 1638 1768 1703 Venientium,
1802 1638 2113 1709 ignorantes
2145 1676 2160 1701 ,

584 1726 739 1793 quasi
760 1727 827 1780 ad
862 1727 1147 1784 ecclesiam
1176 1730 1371 1799 szepius
1399 1730 1524 1786 illuc
1545 1732 1750 1786 oraturi
1782 1732 2156 1787 convenerint.
2192 1748 2233 1808 Β

588 1813 702 1870 Νοη
733 1817 1008 1883 cessabat,
1038 1818 1164 1873 dum
1199 1820 1303 1873 ista
1340 1830 1645 1892 agerentur,
1674 1822 1980 1877 Desiderius
2022 1838 2147 1879 con-

585 1909 865 1979 quirendis
890 1910 1135 1967 ecclesia:
1161 1916 1492 1971 ornamentis
1518 1916 1793 1984 insudare,
1813 1925 1867 1973 et
1887 1918 2160 1971 undecun-

584 2016 689 2069 quc
716 2010 915 2070 posset,
947 2002 1361 2073 quibuseunque
1392 2015 1573 2074 posset
1602 2006 1858 2078 ingeniis,
1884 2021 2004 2078 quae
2044 2007 2161 2078 ejus

585 2097 706 2159 apta
746 2098 934 2145 essent
963 2090 1351 2161 pulchritudini
1380 2110 1715 2164 comparare.

653 2179 888 2235 Ecclesia
907 2181 967 2237 S.
984 2182 1205 2237 Martini
1217 2186 2163 2246 construitur.Dedicatun—Christo

583 2270 747 2341 igitur
776 2272 932 2339 duce,
948 2274 1130 2328 omnia
1153 2275 1276 2341 sibi,
1296 2286 1454 2346 prout
1481 2286 1783 2349 optaverat,
1804 2281 2049 2337 evenisse
2070 2297 2163 2337 σοι·

582 2379 868 2432 gnoscens,
901 2366 1027 2421 hinc
1050 2367 1116 2421 ad
1146 2368 1430 2424 ecclesiam
1456 2370 1605 2426 Beati
1629 2372 1863 2440 Martini,
1897 2390 2017 2439 qua:
2048 2375 2162 2430 sola

582 2454 697 2511 fere
736 2455 849 2524 jam
901 2458 1040 2512 intra
1091 2460 1403 2514 monasterii
1449 2461 1709 2517 ambitum
1765 2466 1831 2519 de
1886 2476 2163 2521 veteribus

581 2549 823 2605 ardiliciis
853 2564 1211 2629 remanserat,
1244 2555 1609 2609 renovandam
1653 2565 1823 2611 totum
1863 2573 1959 2614 cor
2011 2560 2164 2615 Deoi-

582 2640 763 2698 derius
797 2645 978 2697 vertit.
1010 2643 1198 2700 Diruta
1238 2662 1470 2717 namque
1517 2648 1683 2718 priori
1730 2648 1970 2718 ejusdem
2014 2651 2162 2707 Beati

583 2733 795 2789 Martini
826 2736 1075 2803 basilica,
1107 2736 1377 2809 jactisque
1408 2741 1458 2793 in
1489 2740 1687 2796 Christi
1722 2744 1940 2799 nomine
1966 2744 2161 2803 funda-

585 2824 799 2891 mentis,
828 2828 997 2897 carpit
1021 2827 1260 2895 ejusdem
1287 2831 1529 2886 ecclesia:
1558 2832 1817 2887 fabricam
1847 2835 1901 2890 in
1930 2834 2165 2904 longitu-

583 2916 707 2969 dine
733 2917 1037 2972 cubitorum
1076 2919 1237 2974 triutn
1273 2928 1326 2974 et
1369 2922 1748 2992 quadraginta,
1779 2923 2064 2980 latitudine
2090 2926 2163 2979 vlo

583 3006 712 3077 ginti
736 3016 787 3060 ct
814 3017 964 3077 octo,
988 3009 1271 3066 altitudine
1299 3013 1486 3083 viginti
1513 3023 1570 3068 et
1588 3024 1853 3083 quatuor;
1892 3016 2162 3073 fenestras

1534 231 1621 286 DE
1660 229 1903 287 GESTIS
1938 226 2271 284 DESIDERIi
2311 224 2599 280 ABBATIS
2636 222 2858 279 CASIN.

3732 216 3848 273 9⁸8

2270 336 2475 393 toribus
2500 336 2768 408 pictorum
2796 334 3014 406 ingenio
3040 331 3379 397 decentem,
3406 331 3604 389 ibidem
3633 323 3849 388 exstrui

2260 429 2439 499 jussit.
2473 432 2613 484 Ante
2661 430 2830 498 ipsius
2870 439 3102 496 namque
3147 425 3297 483 Beati
3340 423 3552 479 Martini
3589 423 3853 477 altarium

2268 519 2503 574 tabulam
2547 528 2865 590 argenteam
2895 532 2957 572 ac
2992 518 3330 579 deauratam,
3379 524 3435 569 et
3480 514 3853 585 pulcherrimo

2265 614 2555 684 sculptam,
2583 622 2816 684 quatuor
2847 622 2901 668 et
2933 610 3292 682 quadraginta
3322 607 3489 676 libras
3527 607 3848 671 habentem,

2266 704 2577 761 Desiderius
2614 706 2816 776 patrari
2843 705 3142 771 mandavit,
3172 703 3222 758 in
3248 717 3350 773 qua
3373 714 3562 755 omnes
3584 698 3698 754 fere
3721 699 3851 753 bea-

2268 797 2304 851 ti
2330 797 2672 869 evangelistae
2712 798 2947 853 Mattltaei
2990 804 3046 852 et
3089 796 3260 852 sancti
3286 792 3613 850 confessoris
3641 790 3849 847 Christi

2265 886 2481 943 Martini
2512 889 2805 961 desculpsit
2831 889 3101 944 historias.
3139 887 3289 943 Fecit
3314 895 3367 940 ct
3390 895 3575 956 portas
3597 898 3768 939 {creas
3791 883 3850 937 in

2265 979 2511 1051 ingressu
2546 982 2784 1053 ejusdem
2814 981 3076 1037 ecclesiae.
3105 980 3265 1036 Juxta
3296 980 3543 1035 eamdem
3579 993 3709 1032 vero
3746 976 3848 1031 ba—

2266 1072 2476 1128 silicam
2510 1072 2966 1139 fmansiunculam
3015 1074 3069 1127 in
3112 1087 3217 1142 qua
3274 1072 3387 1142 ipse
3428 1079 3678 1125 maneret
3716 1083 3849 1123 con-

2266 1174 2499 1230 struens,
2533 1165 2773 1222 trabibus
2817 1166 3080 1237 appositis
3119 1163 3310 1236 tegulis
3342 1163 3575 1233 desuper
3610 1161 3849 1231 operuit.

2267 1253 2391 1310 Haec
2426 1256 2535 1319 ubi,
2571 1266 2895 1328 coeperante
2933 1257 3182 1322 Domino,
3209 1263 3370 1326 prout
3402 1262 3687 1326 optaverat
3717 1268 3853 1308 con-

2265 1349 2581 1413 summavit,
2621 1349 2769 1404 Beati
2819 1349 3198 1404 BartholOmaai
3248 1348 3524 1404 basilicam
3558 1362 3683 1403 cum
3733 1345 3848 1400 fra—

2267 1448 2407 1493 trum
2448 1441 2703 1495 universo
2745 1453 3012 1497 conventu
3062 1442 3222 1496 tertio
3269 1439 3448 1495 Nonas
3487 1439 3775 1496 Januarias
3815 1455 3855 1493 ιι

2262 1527 2492 1597 Joanne,
2547 1530 2705 1600 hujus
2741 1542 2867 1588 ante
2892 1532 3129 1588 coenobii
3175 1533 3459 1595 monacho,
3487 1542 3608 1603 post
3638 1530 3857 1586 Sorano

2264 1622 2520 1693 episcopo
2563 1621 2690 1678 fecit
2726 1624 3043 1679 solenmiter
3068 1625 3339 1690 dedicari;
3389 1625 3444 1680 in
3482 1626 3639 1697 cujus
3686 1623 3846 1677 altari

2264 1716 2542 1785 apostolici
2572 1718 2817 1788 corporis
2854 1726 3064 1787 partem
3094 1734 3201 1773 non
3229 1716 3476 1789 exiguam
3508 1718 3562 1772 in
3590 1725 3851 1787 argentea

2261 1808 2567 1863 recondidit
2589 1824 2752 1880 capsa
2776 1828 2791 1877 ;
2828 1811 2880 1865 in
2909 1826 3015 1880 qua
3045 1811 3209 1866 etiam
3241 1811 3339 1865 has
3364 1810 3623 1881 reliquias
3648 1811 3852 1881 posuit,

2260 1900 2327 1954 de
2353 1900 2531 1971 lapide
2582 1904 2757 1957 sancti
2800 1902 3064 1974 Sepuleri,
3113 1913 3167 1958 et
3206 1911 3514 1957 sanctorum
3551 1900 3776 1957 Joannis
3800 1909 3856 1954 et

2260 1991 2434 2059 Pauli,
2456 1993 2584 2058 Viti,
2616 1992 2884 2061 Januarii,
2919 1994 3198 2050 llermetis
3224 2004 3279 2049 et
3307 1993 3680 2065 Quadraginta
3711 2006 3854 2045 mar-

2262 2094 2464 2157 tyrum.
2498 2087 2790 2143 Enimvero
2816 2097 2978 2143 tanta:
3012 2088 3151 2160 apud
3190 2089 3490 2143 ltomanum
3538 2086 3855 2159 pontificem

2264 2178 2575 2236 Desiderius
2623 2181 2965 2237 auctoritatis
3010 2182 3307 2237 habebatur
3329 2192 3383 2237 et
3427 2182 3649 2253 gratim,
3687 2189 3768 2243 ut,
3800 2179 3855 2233 in

2262 2271 2671 2342 quibuscunque
2710 2274 2872 2328 Vellet
2899 2275 3117 2345 proprio
3156 2285 3372 2343 pastore
3404 2276 3635 2331 viduatis
3666 2272 3846 2330 eccle-

2262 2364 2360 2421 siis
2403 2365 2483 2419 vel
2534 2365 2820 2432 ccenohiis,
2857 2365 2997 2435 juris
3031 2369 3078 2423 ei
3115 2378 3259 2425 esset
3306 2372 3421 2423 suis
3477 2383 3543 2424 ex
3591 2365 3861 2422 fratribus

2262 2455 2545 2527 episc0ptrs
2594 2457 2924 2513 substituere
2967 2458 3051 2512 vel
3092 2460 3331 2514 abbates.
3371 2458 3484 2513 Non
3517 2458 3689 2512 multo
3728 2467 3855 2527 post

2262 2548 2379 2603 haec
2407 2549 2667 2619 temporis
2697 2550 2932 2615 evoluto,
2964 2551 3222 2607 :ediculas
3272 2566 3486 2621 quoque
3534 2550 3676 2615 illas,
3712 2565 3849 2619 quas

2264 2638 2440 2697 instar
2466 2641 2709 2695 turrium.
2732 2642 2784 2695 in
2816 2642 2939 2698 atrii
2972 2643 3206 2698 diximus
3257 2643 3469 2712 angulis
3503 2641 3849 2707 constitutas,

2264 2729 2493 2785 alteram
2524 2731 2591 2787 ab
2639 2732 2829 2787 eodem
2873 2731 3099 2799 Joanne,
3149 2734 3375 2788 alteram
3426 2750 3454 2788 a
3500 2732 3681 2788 Leone
3724 2732 3855 2787 fecit.

2266 2820 2567 2891 Aquinensi
2623 2822 2879 2893 episcopo
2922 2838 3116 2893 magna
3163 2840 3286 2880 cum
3334 2823 3525 2879 lzetitia
3569 2823 3853 2887 dedicari,

2266 2922 2463 2982 quarto
2508 2912 2632 2967 ldus
2678 2912 3033 2983 Septembris.
3085 2914 3227 2970 Sane
3269 2917 3319 2969 in
3368 2914 3524 2969 altari
3577 2914 3730 2969 Beati
3766 2930 3856 2969 aro

2268 3002 2518 3073 changeli
2554 3002 2830 3060 Michaelis
2862 3005 3116 3075 reliquias
3148 3006 3389 3061 condidit
3419 3016 3733 3061 sanctorum
3766 3005 3855 3060 Ni-

586 3112 709 3152 γεγο
731 3100 800 3154 ab
825 3116 933 3155 ι,ηο
961 3102 1127 3158 παίετε
1163 3118 1376 3171 novem,
1408 3104 1476 3159 ab
1506 3105 1676 3162 auem
1710 3108 1964 3175 totidem;
1993 3110 2163 3179 ροηί,
2191 3104 2235 3164 C
2268 3094 2454 3147 eandri
2484 3102 2539 3149 ct
2564 3093 2854 3162 Marciani,
2886 3096 3109 3175 Joannis
3142 3106 3198 3152 et
3228 3095 3401 3160 Pauli,
3439 3096 3571 3161 Viti,
3598 3095 3852 3151 Mercurii

582 3205 677 3244 cus
705 3191 869 3246 etiam
902 3192 1181 3264 utriusque
1208 3196 1442 3264 parietes
1483 3197 1535 3251 in
1563 3199 2163 3256 scxdecim'cubitorum

584 3283 864 3339 a'titudine
893 3285 1139 3355 erigens,
1168 3285 1422 3342 fenestris
1453 3297 1710 3358 quatuor,
1741 3298 1792 3345 et
1824 3299 2057 3360 quatuor
2089 3300 2168 3345 too

584 3374 858 3443 tidcmque
889 3374 957 3430 ab
989 3375 1159 3430 altero
1191 3376 1457 3442 distinxit,
1492 3388 1544 3434 et
1577 3379 1695 3435 illas
1720 3378 1938 3452 quidem
1965 3396 2085 3450 qua:
2110 3381 2161 3435 in

584 3466 705 3519 navi
737 3477 883 3532 sunt,
914 3466 1131 3537 plumbo
1162 3468 1320 3523 simul
1370 3478 1425 3523 et
1466 3470 1605 3526 vitro
1636 3472 1934 3541 compactis
1967 3470 2165 3527 tabulis

584 3558 729 3611 ferro
758 3558 939 3628 ligatis
977 3560 1216 3615 inclusit.
1258 3560 1315 3614 ln
1359 3561 1697 3633 frontispicio
1724 3579 1887 3633 porro
1920 3563 2163 3633 ejusdem

585 3646 831 3701 ecclesiae
874 3646 1144 3704 fenestras
1184 3662 1314 3716 tres,
1347 3666 1410 3705 ac
1439 3668 1601 3708 unam
1640 3654 1693 3708 in
1738 3655 1925 3710 absida
1973 3654 2166 3709 distin-

585 3750 776 3803 guens,
810 3736 1002 3791 similis
1038 3738 1246 3793 decoris
1276 3742 1478 3810 patrari
1516 3742 1811 3799 mandavit.
1841 3744 1959 3799 Illas
1982 3754 2162 3800 autem

586 3838 707 3891 quae
737 3824 788 3877 in
814 3827 1111 3895 porticibus
1157 3838 1301 3895 sunt,
1332 3846 1559 3901 gypseas
1604 3834 1845 3902 quidem,
1884 3836 2006 3905 pari
2036 3851 2164 3892 vero

586 3914 782 3971 decore
808 3920 1133 3973 construxit.
1162 3920 1457 3977 Columnas
1484 3939 1614 3979 vero
1637 3940 1827 3980 novem
1854 3928 2054 3993 abguno
2086 3928 2166 3982 la-

589 4015 724 4072 tere,
757 4007 1087 4079 totidemque
1113 4009 1181 4066 ab
1208 4010 1380 4067 altero
1409 4014 1602 4068 erexit.
1639 4012 1808 4071 Secus
1837 4016 2007 4087 ipsam
2030 4032 2165 4087 quo—

585 4114 691 4168 que
725 4100 1009 4156 ecclesiam
1044 4112 1268 4159 curvato
1304 4106 1530 4175 pariete,
1572 4107 1792 4163 brevem
1822 4109 2041 4179 quidem
2070 4109 2165 4164 sed

585 4192 967 4262 perpulehram
999 4193 1238 4261 domum,
1266 4197 1333 4251 ad
1360 4198 1599 4268 ejusdem
1642 4198 1885 4256 ecclesia:
1915 4202 2163 4256 ministe-

586 4287 726 4339 rium
755 4288 1086 4342 construxit.
1115 4288 1397 4346 Cancellos
1434 4306 1561 4347 vero
1590 4292 1831 4363 lapideos
1855 4303 1984 4350 ante
2011 4292 2164 4350 Beati

586 4376 801 4433 Martini
827 4378 1079 4433 altarium
1104 4379 1361 4436 mirificos
1382 4382 1586 4451 patrari
1617 4382 1785 4450 fecit;
1804 4383 2045 4440 absidam
2068 4400 2166 4439 au-

2268 3193 2323 3240 ct
2368 3185 2696 3253 Camerinan,
2743 3199 2797 3243 et
2851 3168 3111 3243 vocabula
3148 3198 3457 3244 sanctorum
3521 3186 3853 3257 Apollinaris

2269 3277 2530 3345 episcopi,
2559 3276 2744 3332 Prothi
2796 3288 2850 3335 et
2891 3279 3200 3345 lliacintlti;
3231 3279 3399 3333 altare
3429 3293 3559 3333 vero
3588 3278 3850 3348 principis

2269 3369 2634 3439 apostolorum
2668 3370 2775 3427 Leo
2800 3372 3126 3442 Aquinensis
3155 3372 3440 3445 episcopus
3464 3370 3649 3425 divino
3682 3371 3855 3424 nomi-

2269 3462 2344 3526 ni,
2378 3462 2495 3531 ipso
2525 3464 2723 3518 domno
2751 3465 2945 3521 abbate
2970 3466 3320 3535 omniumque
3356 3464 3584 3519 fratrum
3615 3479 3859 3534 prtesen-

2269 3561 2322 3607 te
2370 3564 2666 3618 conventu,
2699 3571 2819 3610 cum
2856 3570 3052 3627 magna
3103 3556 3287 3611 lmtitia
3330 3565 3385 3612 et
3432 3556 3719 3611 devotione
3768 3572 3854 3611 sa-

2267 3645 2463 3700 cravit.
2502 3644 2558 3698 ln
2604 3647 2794 3701 eodem
2828 3661 2956 3701 vero
2986 3646 3181 3703 altario
3218 3647 3508 3702 recondita:
3550 3657 3679 3702 sunt
3728 3647 3856 3701 reli-

2266 3734 2407 3805 quia!
2438 3736 2554 3789 ista:
2583 3751 2596 3786 :
2632 3735 2968 3806 delquinque
2999 3737 3228 3806 panibus
3262 3736 3600 3801 hordeaceis,
3626 3749 3681 3792 et
3726 3752 3854 3791 san-

2264 3834 2477 3879 ctorum
2504 3818 2871 3894 apostolorum
2907 3824 3071 3891 Petri,
3105 3824 3366 3890 Matthxi,
3391 3824 3605 3891 Jacobi,
3633 3824 3849 3880 Nazarii

2266 3928 2321 3973 et
2353 3919 2812 3985 Celsi,'Januarii,
2852 3919 3173 3975 Felicissimi
3204 3929 3259 3974 et
3288 3919 3523 3990 Agapiti,
3572 3919 3749 3991 Sergii
3801 3927 3855 3977 et

2267 4010 2483 4075 Bacchi,
2513 4009 2765 4065 Nicandri
2792 4019 2845 4065 ct
2878 4008 3161 4077 Marciani,
3183 4009 3406 4075 Aurelii,
3438 4009 3689 4074 Protasii,
3724 4008 3856 4064 For-

2267 4102 2440 4157 tunati
2474 4111 2530 4163 et
2568 4103 2839 4159 sociorum
2888 4103 3024 4176 ejus,
3074 4112 3130 4159 ct
3180 4103 3248 4159 de
3297 4103 3637 4159 vestimentis
3690 4104 3848 4158 trium

2265 4208 2577 4264 puercrum.

2350 4285 2508 4341 Varia
2537 4286 2601 4340 ab
2632 4287 2865 4341 auctoris
2888 4303 3083 4356 accepo
3116 4287 3289 4342 aliena
3320 4284 3850 4341 omittuntur.-—Hue

2266 4393 2428 4448 usque
2456 4376 2560 4431 Leo
2589 4376 2922 4433 Marsiconus
2950 4376 3258 4434 Cassinense
3297 4377 3614 4434 Chronicum
3658 4378 3853 4447 perdu-

589 4480 693 4525 tem
727 4473 935 4528 ntusivo
971 4472 1229 4529 decenter
1270 4474 1507 4545 vestivit,
1554 4476 1607 4530 in
1641 4491 1745 4546 qua
1783 4478 1948 4532 etiam
1984 4476 2162 4533 aureis

2265 4442 2367 4523 xit.
2396 4464 2527 4533 Qum
2582 4484 2697 4522 vero
2743 4479 3053 4539 sequuntur,
3098 4486 3131 4523 o
3177 4468 3335 4523 Petro
3386 4468 3624 4523 Diacono
3672 4469 3851 4522 addito

588 4559 785 4616 litteris
815 4562 913 4618 hos
940 4578 1131 4619 versus
1153 4563 1388 4621 describi
1418 4566 1544 4621 fecit
1574 4584 1587 4621 :

587 4692 823 4749 Cultibus
850 4697 1117 4751 exstiterat
1146 4697 1411 4769 quondam
1442 4698 1586 4753 locus
1618 4700 1712 4754 istc
1738 4703 1941 4755 dicatus

588 4785 922 4851 Da’monicis,
950 4789 1106 4856 inque
1134 4789 1228 4842 hoc
1262 4789 1450 4859 templo
1482 4802 1751 4844 veneratus
1780 4791 1985 4859 Apollo.

587 4877 741 4943 Quod
778 4874 937 4931 Pater
962 4878 1062 4931 huc
1089 4894 1371 4947 properans
1402 4878 1713 4935 Benedictus
1754 4882 1806 4935 in
1839 4885 2166 4951 omnipoten-

2011 4974 2099 5042 [tis

597 5056 760 5111 Vertit
788 5058 985 5111 honore
1012 5057 1131 5126 Dei,
1163 5060 1381 5116 Martini
1407 5072 1456 5116 et
1492 5066 1699 5118 nomine
1724 5065 1919 5120 sancti.

588 5145 703 5201 Hoc
742 5144 1066 5211 Desiderius,
1096 5159 1208 5215 post
1235 5162 1436 5204 centum
1462 5153 1629 5207 lustra
1655 5166 1935 5220 vetustum,

588 5235 923 5305 Parvumque
951 5236 1151 5299 evertit,
1184 5243 1468 5306 renovavit,
1497 5245 1712 5313 compsit
1738 5256 1784 5299 et
1816 5247 1987 5299 auxit.

2264 4569 2413 4625 sunt,
2439 4567 2495 4612 ut
2531 4558 2743 4626 ipsemet
2775 4567 3057 4613 attestatur
3090 4560 3146 4613 in
3176 4556 3406 4630 Prologo
3435 4558 3559 4612 libri
3585 4574 3662 4622 ιν,
3702 4574 3850 4629 quem

2267 4652 2548 4727 Ragnaldo
2578 4653 2754 4706 abbati
2799 4653 3151 4722 nuncupavit;
3180 4652 3271 4706 sed
3301 4668 3418 4705 cum
3446 4652 3534 4706 ille
3564 4652 3734 4706 multa
3773 4653 3851 4705 in-

2267 4746 2562 4803 terseruerit
2587 4761 2704 4817 qua:
2736 4744 2807 4799 ad
2836 4743 3209 4799 illustrandum
3245 4744 3508 4799 Desiderii
3549 4741 3722 4798 Vitam
3751 4760 3852 4797 non

2268 4840 2511 4902 attinent,
2540 4854 2602 4890 ea
2628 4834 2956 4892 solummodo
2983 4835 3223 4905 deinceps
3252 4836 3355 4889 huc
3383 4834 3709 4905 proferemus
3741 4849 3852 4904 quis

2273 4930 2341 4982 od
2368 4945 2471 4982 rem
2514 4937 2742 4983 nostram
2774 4927 2990 4997 facient,
3023 4927 3223 4981 steteris
3249 4927 3472 4980 omissis.
3499 4925 3566 4979 In
3593 4928 3766 4995 capite
3788 4923 3853 4978 55

2273 5021 2379 5089 agit
2408 5020 2471 5073 de
2501 5018 2759 5079 Alberico.
2793 5017 3008 5085 Alfeno,
3035 5017 3220 5070 Amata
3244 5027 3291 5071 et
3328 5016 3674 5070 Constantino
3706 5016 3852 5083 Afro,

2275 5109 2542 5162 monac/tis
2582 5106 3001 5173 Cussinensibus,
3034 5123 3256 5177 quorum
3285 5106 3535 5174 opuscula
3586 5116 3851 5167 recenset;

2271 5215 2389 5270 qua:
2422 5200 2545 5253 item
2575 5200 2629 5253 in
2664 5199 2899 5268 ejusdem
2926 5197 3158 5251 auctoris
3185 5196 3361 5252 libello
3390 5196 3468 5251 De
3496 5196 3620 5250 viris
3642 5195 3854 5248 illustri-

2272 5289 2367 5342 bus
2394 5287 2795 5342 Cussineusibus
2822 5288 2986 5342 videri
3009 5296 3244 5357 possunt.
