4044 5360
294 283 406 341 919

1370 280 1793 338 POSTMODUM
1831 279 2148 337 VlCTOBlS
2186 280 2250 336 ΙΙΙ
2288 278 2507 336 ΡΑΡᾹΞ.

3465 223 3572 330 υεο

295 404 603 465 susceptus,
638 395 764 449 dum
789 392 1004 449 abbatis
1030 406 1331 458 cameram,
1358 407 1478 462 qua:
1516 391 1672 461 juxta
1703 390 1880 446 eccle-
1911 405 1960 464 Α
1988 407 2187 451 annum
2226 393 2383 450 1051.
2419 392 2623 449 Eodem
2651 391 2814 449 etiam
2863 405 3008 447 anno
3057 389 3166 446 Leo
3206 401 3262 447 et
3307 390 3574 451 Girardus

298 487 441 540 siam
473 483 658 540 Sancti
693 481 895 538 Nicolai
935 490 1243 538 constructa
1274 490 1381 546 est,
1424 481 1704 553 ingressus
1747 479 1886 535 fuis-

299 583 410 644 set,
455 574 820 630 daemoniacus
861 573 1080 644 quidam
1127 572 1200 627 ab’
1238 587 1298 627 eo
1341 571 1594 627 liberatus
1641 581 1742 638 est,
1780 578 1888 626 etc.

298 664 458 720 Fecit
508 673 768 734 prieterea
828 664 968 718 idem
1023 662 1397 718 sanctissimus
1449 660 1691 732 pontifex
1742 658 1890 715 Patri

302 755 586 813 Desiderio
614 754 952 826 privilegium
999 755 1066 809 de
1111 752 1442 810 monasterio
1470 752 1683 808 Sanctae
1710 750 1893 807 Maria:

300 848 361 904 in
391 846 653 914 Palladio,
681 855 788 902 etc.

377 938 610 994 ﬂonast.
643 938 704 994 S.
733 937 917 1009 ΔηρεΙὶ
937 940 1001 992 de
1025 936 1258 995 Formis.
1281 968 1350 978 —
1377 937 1481 994 Per
1509 937 1649 992 idem
1681 948 1892 1008 tempus

303 1030 612 1087 Richardus
657 1031 911 1101 princeps
955 1047 1054 1101 per
1109 1040 1437 1104 prurceptum
1483 1031 1681 1088 obtulit
1733 1031 1893 1086 beato

304 1123 598 1178 Benedicto
630 1123 916 1179 ecclesiam
943 1123 1127 1179 Sancti
1157 1123 1370 1196 Angeli,
1403 1139 1523 1195 qua:
1550 1133 1894 1194 nuncupatur

303 1213 376 1266 ad
406 1210 653 1278 Formas,
697 1213 763 1268 de
807 1229 911 1284 qua
960 1215 1231 1284 superius,
1265 1223 1511 1284 tempore
1537 1213 1745 1270 scilicet
1775 1213 1894 1269 Bal-

304 1303 460 1358 duini
489 1305 726 1371 abbatis,
758 1307 994 1377 qualiter
1018 1307 1173 1363 nobis
1200 1321 1231 1362 a
1263 1307 1472 1363 Marino
1503 1322 1642 1380 papa
1673 1323 1893 1364 conces-

305 1411 366 1449 sa
397 1395 470 1451 sit
492 1395 704 1467 plenius
735 1397 1068 1468 scripsimus.
1086 1398 1215 1465 Sed,
1237 1398 1362 1470 quia
1392 1399 1681 1470 Capuanus
1707 1399 1888 1454 archi-

304 1486 601 1558 episcopus
651 1487 797 1542 illam
845 1503 920 1544 eo
973 1499 1213 1559 tempore
1267 1488 1579 1556 retinebat,
1637 1487 1897 1560 prmfatus

305 1579 570 1650 princeps
626 1580 850 1652 cupiens
912 1573 1226 1638 ibi'facere
1297 1581 1710 1648 monasterium,
1769 1589 1899 1636 ante

306 1683 520 1742 septem
552 1672 771 1728 eirciter
815 1673 986 1729 annus
1034 1689 1156 1729 cum
1201 1688 1268 1731 eo
1316 1674 1734 1740 concamhiavit,
1769 1672 1894 1727 data

1992 486 2241 543 Fundani
2291 483 2655 542 eonsules.....
2715 497 2822 538 una
2867 497 2992 538 cum
3037 483 3330 550 Richardo,
3379 499 3578 554 cogno-

1993 590 2178 637 mento
2222 579 2290 636 de
2331 576 2549 648 Aquila,
2595 577 2913 633 obtulerunt
2958 575 3087 632 huic
3125 577 3244 633 loco
3289 575 3574 633 ecclesiam

1993 670 2180 728 Sancti
2209 668 2418 726 Onufrii
2444 684 2564 724 cum
2588 666 2930 738 pertinentiis
2951 668 3085 724 suis.
3120 667 3186 723 Et
3210 668 3468 739 quoniam
3493 665 3575 722 lo-

1993 776 2089 818 cus
2140 761 2281 817 idem
2324 759 2524 816 habilis
2580 759 2648 814 ad
2702 758 3128 815 construendum
3186 759 3577 815 monasterium

1994 863 2134 920 erat,
2161 853 2472 911 Desiderius
2494 852 2714 922 cupiens
2735 850 2932 906 ibidem
2963 849 3140 906 facere
3164 849 3577 915 monasterium,

1995 961 2090 1020 per
2117 945 2406 1003 Girardum
2443 942 2790 1015 praepositum
2829 941 3018 998 Sancti
3064 939 3270 996 Nicolai
3325 941 3376 994 in
3422 939 3576 1005 Pica,

1995 1041 2087 1111 qui
2124 1039 2344 1112 quintus
2379 1045 2502 1108 post
2541 1048 2666 1091 eum
2713 1034 2873 1106 hujus
2914 1033 3151 1089 cmnobii
3197 1032 3367 1088 abbas
3401 1030 3581 1087 factus

1994 1139 2099 1197 est,
2129 1131 2179 1184 in
2212 1137 2412 1184 statum
2441 1142 2547 1196 quo
2574 1140 2716 1180 nunc
2747 1124 2990 1179 cernitur
3010 1121 3202 1178 erexit.

2066 1221 2316 1291 Pontilea:
2345 1221 2398 1275 in
2427 1222 2678 1274 bonorum
2711 1219 2974 1273 invosores
3001 1215 3249 1270 decernit.
3278 1245 3346 1255 —
3373 1211 3579 1270 Eodem

1999 1327 2240 1388 tempore
2283 1311 2684 1370 Rosellaneusis
2722 1309 2980 1366 Ecclesiae
3026 1309 3265 1380 pontifex
3292 1347 3308 1373 ,
3358 1307 3427 1362 ad
3481 1307 3584 1361 hoc

1997 1407 2306 1466 coenobium
2357 1403 2607 1468 veniens,
2661 1416 2766 1456 non
2811 1415 2993 1469 parva:
3038 1397 3280 1469 pecunia:
3316 1411 3584 1451 summam

1998 1504 2051 1557 in
2100 1503 2204 1556 hoc
2258 1498 2377 1554 loco
2422 1494 2692 1565 deposuit.
2743 1490 2897 1559 Quod
2943 1488 3034 1545 ubi
3072 1488 3310 1544 Jordano
3351 1484 3585 1557 principi

2000 1591 2228 1647 relatum
2257 1597 2362 1654 est,
2394 1586 2574 1642 missis
2614 1581 2895 1647 militibus,
2923 1578 3168 1636 eamdem
3203 1577 3487 1647 pecuniam
3520 1573 3588 1628 de

1997 1681 2240 1740 ecclesia:
2285 1676 2582 1735 secretario
2627 1675 2959 1730 abstractam
2999 1670 3065 1726 ad
3102 1684 3161 1726 se
3195 1667 3392 1724 deferri
3438 1682 3587 1721 man-

305 1779 409 1834 pro
435 1766 545 1836 ipsa
569 1764 673 1820 alia
701 1766 1045 1821 ecclesia.....
1068 1776 1124 1822 et
1147 1767 1456 1824 Gassincnsi
1483 1766 1734 1824 coenobio
1761 1780 1900 1837 ιιι-ω·
1929 1779 1974 1839 Β
2002 1775 2168 1832 (tavit,
2201 1773 2420 1829 Fratres
2446 1777 2624 1824 autem
2653 1766 2722 1822 ad
2752 1766 2869 1821 haec
2901 1782 2914 1818 :
2948 1762 3262 1824 Pecuniam,
3291 1775 3412 1830 quae
3441 1756 3596 1812 Patri

307 1859 510 1912 dictam
557 1859 842 1914 ecclesiam
866 1859 1083 1915 obtulit.
1133 1859 1218 1925 Et,
1265 1860 1522 1931 quoniam
1563 1859 1714 1916 locus
1754 1859 1895 1916 idem

305 1944 464 2002 valde
487 1961 734 2005 amamus
765 1959 821 2004 et
859 1951 994 2005 satis
1023 1958 1182 2021 aptus
1208 1953 1538 2007 monasterio
1564 1960 1704 2017 erat,
1738 1964 1896 2021 roga-

305 2037 386 2091 vit
420 2038 695 2094 humiliter
723 2039 1060 2096 Desiderium
1093 2051 1151 2095 ut
1201 2057 1302 2112 pro
1331 2056 1517 2098 amore
1559 2057 1659 2097 suo
1688 2040 1900 2112 specia-

307 2127 438 2183 liter
463 2128 586 2183 inde
615 2130 892 2198 studeret;
925 2131 1066 2202 quod
1090 2139 1146 2187 et
1180 2130 1310 2186 fecit
1341 2133 1407 2187 de
1441 2132 1775 2188 monasterio
1804 2131 1898 2184 Al-

307 2218 565 2283 haneite,
614 2219 878 2292 integram
924 2222 1167 2277 omnium
1223 2222 1503 2279 mobilium
1551 2222 1898 2279 medietatem

307 2309 608 2378 accipiens,
637 2320 692 2366 et
717 2327 838 2367 cum
867 2313 1157 2370 medietate
1182 2317 1345 2372 etiam
1379 2316 1622 2387 ejusdem
1655 2317 1756 2374 loci
1789 2332 1901 2374 mo-

311 2400 613 2457 nachorum
657 2403 782 2459 illnc
833 2405 1228 2476 transmittens;
1270 2409 1542 2480 capitque
1594 2409 1905 2466 Desiderius

311 2493 446 2548 illud
467 2494 736 2551 aediﬁcare
759 2512 822 2552 ex
850 2497 1060 2569 integro
1089 2509 1198 2554 tam
1221 2501 1484 2571 speciose,
1515 2511 1620 2556 tam
1648 2503 1900 2574 spatiose,

307 2585 771 2656 quemadmodum
801 2589 962 2670 hodie
994 2592 1253 2656 cernitur,
1289 2593 1378 2648 ιιὶοὶ
1408 2595 1572 2650 etiam
1605 2595 1746 2648 intra
1777 2596 1904 2650 bre-

310 2692 381 2732 ve
410 2685 620 2750 tempus
650 2681 1006 2753 quadraginta
1035 2693 1090 2739 et
1129 2699 1196 2741 eo
1232 2686 1460 2757 amplius
1506 2687 1798 2744 monachos
1822 2703 1908 2743 re-

313 2769 579 2842 gulariter
617 2773 856 2830 victuros
883 2777 1212 2848 aggregavit.
1695 2829 1698 2831 λ

390 2863 660 2934 lmp.CP.
679 2867 912 2921 dona.--
927 2867 1087 2923 Circa
1119 2868 1217 2925 hos
1246 2869 1360 2926 dies
1387 2869 1614 2926 Michael
1644 2870 1911 2926 Constan-

317 2957 708 3027 tinopolitanus
733 2960 1050 3030 imperator,
1074 2961 1221 3017 Patri
1251 2961 1528 3018 Desiderio
1549 2978 1645 3034 per
1667 2964 1909 3029 nuntios,

317 3066 458 3123 quos
486 3051 553 3106 ad
583 3068 706 3107 eum
736 3053 956 3121 direxit,
987 3053 1128 3111 dona
1158 3056 1555 3127 quamplurima
1589 3058 1910 3125 transmisit,

1999 1865 2292 1922 Benedicto
2322 1861 2533 1918 credita
2563 1868 2670 1924 est,
2698 1871 2798 1912 nos
2841 1855 3001 1911 alicui
3041 1852 3334 1908 viventium
3369 1849 3590 1903 minime

2000 1957 2220 2022 damus;
2274 1953 2370 2010 sed
2416 1952 2562 2006 illam
2615 1951 2670 2004 in
2719 1947 3015 2004 secretario
3060 1953 3356 2016 ponentes,
3397 1942 3592 1998 exinde

2001 2049 2092 2119 qui
2137 2044 2543 2120 praesumpserit
2573 2039 2801 2096 auferat.
2834 2038 3032 2095 Milites
3061 2051 3190 2092 vero
3223 2036 3336 2091 haec
3366 2031 3593 2088 audien—

2005 2153 2106 2207 tes,
2134 2150 2187 2196 et
2211 2139 2480 2196 diabolico
2514 2135 2734 2193 stimulo
2761 2131 2990 2189 debriati
3025 2133 3166 2202 (sic),
3196 2128 3482 2200 pecuniam
3525 2125 3594 2178 de

2003 2236 2304 2292 secretario
2330 2233 2580 2291 ecclesia:
2606 2229 2985 2286 abstrahentes
3010 2226 3081 2281 ad
3106 2223 3406 2295 principem
3442 2220 3590 2275 defe-

2006 2343 2151 2388 runt.
2185 2329 2415 2384 Tantum
2466 2341 2594 2383 vero
2638 2333 2691 2379 et
2741 2331 2849 2377 tam
2902 2321 3139 2375 immane
3185 2326 3242 2372 et
3290 2313 3593 2370 inauditum

2005 2420 2264 2492 flagitium
2298 2417 2544 2489 Gregorii
2579 2429 2730 2486 papa:
2759 2413 2882 2468 dum
2933 2409 3269 2480 pervenisset
3307 2405 3373 2460 ad
3409 2417 3592 2470 aures,

2007 2515 2166 2584 hujus
2207 2511 2530 2566 temeritatis
2566 2522 2762 2561 noxam
2809 2503 3034 2558 inultam
3076 2515 3196 2557 esse
3240 2515 3344 2554 non
3388 2497 3592 2562 ferens,

2006 2617 2063 2663 et
2089 2620 2285 2661 verens
2309 2620 2402 2668 ne,
2422 2601 2669 2670 exemplo
2695 2597 2861 2667 hujus
2881 2595 3161 2661 facinoris,
3184 2594 3378 2648 iterum
3409 2599 3596 2646 nostra

2007 2698 2236 2754 ecclesia
2271 2696 2584 2757 violaretur,
2617 2692 2858 2746 divinum
2899 2686 3136 2743 officium
3179 2685 3234 2739 in
3283 2682 3460 2738 Patris
3497 2681 3600 2736 Be-

2010 2786 2207 2842 nedicti
2239 2784 2467 2841 ecclesia
2498 2779 2777 2836 interdixit
2800 2777 3103 2846 altariaque
3129 2775 3310 2830 omnia
3337 2770 3598 2827 denudari

2011 2877 2158 2944 fecit,
2190 2891 2442 2932 asserens
2463 2874 2607 2944 quod
2631 2872 2684 2926 in
2711 2879 2858 2925 tanto
2881 2870 3085 2924 scelere
3110 2867 3290 2921 nimiae
3328 2863 3601 2933 negligen-

2015 2970 2103 3024 tia:
2149 2976 2203 3024 et
2228 2967 2432 3022 acriter
2475 2962 2798 3020 ulciscendae
2847 2959 3150 3015 timiditatis
3180 2969 3234 3011 et
3264 2955 3600 3010 Desideriunt

2014 3074 2079 3114 ac
2108 3057 2310 3113 fratres
2350 3071 2579 3128 arguere
2610 3061 2812 3124 posset,
2846 3061 2900 3107 et
2930 3050 3148 3120 gravius
3196 3047 3299 3119 [se]
3341 3045 3601 3100 adversus

319 3158 552 3214 poscens
576 3155 636 3199 ut
660 3160 759 3216 pro
775 3161 838 3200 se
860 3161 925 3202 ac
954 3145 1161 3214 liberis,
1199 3157 1254 3204 et
1279 3163 1376 3218 pro
1407 3157 1550 3204 statu
1582 3148 1792 3219 imperii
1827 3151 1912 3206 sui
1939 3133 1980 3191 G
2015 3151 2490 3222 congregationem
2512 3156 2755 3203 nostram
2785 3145 3113 3199 commoveri
3137 3143 3355 3204 debere,
3385 3139 3485 3193 nisi
3515 3153 3626 3212 ea,_

320 3234 420 3289 Dei
449 3237 840 3318 omnipotentis
877 3238 1221 3294 clementiam
1262 3239 1478 3296 assidue
1517 3241 1906 3311 supplicarent.

321 3325 550 3399 Insuper
575 3329 740 3383 etiam
770 3329 841 3385 ob‘
876 3329 1053 3385 Patris
1082 3330 1358 3386 Benedicti
1400 3331 1782 3397 reverentiam,
1813 3348 1913 3403 pro

324 3419 502 3476 salute
545 3420 742 3477 animm
772 3437 902 3488 suat,
930 3437 1029 3494 per
1055 3431 1382 3493 prmeeptum
1415 3435 1580 3478 aurea
1614 3419 1758 3476 bulla
1797 3421 1916 3476 bul-

323 3511 492 3566 latum
526 3513 810 3569 constituit
836 3523 894 3568 ut
921 3530 1021 3585 per
1051 3531 1215 3569 unum
1253 3528 1522 3584 quemque
1565 3528 1766 3568 annum
1814 3515 1918 3572 hoc

327 3606 724 3661 monasterium
757 3606 992 3676 accipiat
1019 3606 1085 3661 de
1107 3605 1308 3676 palatio
1337 3605 1917 3674 Constantinopolitani

329 3696 542 3767 imperii
572 3699 692 3752 auri
715 3697 882 3754 libras
909 3698 1098 3769 viginti
1124 3707 1380 3768 quatuor,
1402 3707 1456 3753 et
1481 3697 1641 3768 pallia
1666 3708 1918 3768 quatuor,

328 3791 398 3846 ad
435 3799 638 3848 nostra:
661 3791 1098 3861 congregationis
1137 3792 1608 3847 sustentationem.

403 3883 724 3960 Monasteria
747 3882 966 3938 Cassino
990 3883 1519 3938 tributa.—Borellus
1541 3891 1720 3939 autem
1739 3897 1922 3938 comes

329 3976 529 4034 Borelli
559 3965 780 4045 majoris
809 3975 970 4042 illius,
1001 3991 1124 4030 cum
1167 3975 1238 4030 ob
1271 3975 1524 4030 nonnulla
1573 3990 1670 4030 sua
1714 3974 1768 4028 in
1814 3976 1919 4029 hoc

248 4101 257 4107 -
330 4071 452 4127 loco
496 4069 719 4125 servitia
761 4069 1025 4124 Desiderii
1075 4067 1500 4122 familiaritatem
1555 4065 1750 4122 fuisset
1808 4081 1917 4121 non

329 4163 608 4219 immerito
639 4162 888 4232 adeptus,
919 4161 1307 4217 monasterium
1343 4159 1531 4215 Sancti
1574 4159 1743 4223 Petri,
1776 4157 1922 4229 quod

329 4265 559 4311 vocatur
607 4253 676 4309 de
718 4253 996 4318 Avellana,
1049 4252 1194 4324 quod
1246 4251 1498 4306 videlicet
1547 4257 1704 4319 pater
1755 4248 1924 4318 ipsius

330 4349 494 4403 beato
524 4346 806 4402 Dominico
850 4354 976 4401 ante
1007 4353 1242 4415 quatuor
1268 4352 1324 4398 et
1351 4343 1708 4413 quadraginta
1752 4355 1924 4396 annos

330 4438 399 4492 ad
426 4437 852 4493 construendum
884 4435 1204 4500 tradiderat,
1231 4434 1480 4503 quodque
1505 4435 1647 4488 idem
1679 4432 1921 4488 Borellus

331 4529 468 4584 satis
509 4527 686 4598 ampla
745 4537 1012 4583 terrarum
1060 4526 1410 4581 concessione
1455 4524 1752 4590 ditaverat,
1793 4540 1922 4580 cum

331 4620 581 4678 ecclesiis
626 4629 682 4676 et
725 4619 933 4675 colonis
957 4627 1020 4672 et
1055 4634 1178 4673 eum
1205 4617 1458 4674 omnibus
1497 4617 1924 4687 omninoperti-

335 4714 538 4770 nentiis
565 4727 629 4768 ac
655 4711 1088 4783 possessionibus
1122 4710 1254 4774 suis,
1289 4709 1430 4778 quod
1459 4717 1542 4764 est
1581 4718 1726 4764 terra
1753 4709 1915 4779 quin-

337 4821 446 4875 que
498 4804 728 4859 millium
778 4801 1000 4858 circiter
1040 4802 1370 4865 modiorum,
1407 4800 1576 4855 Beato
1626 4800 1924 4856 Benedicto

336 4896 718 4953 devotissimus
776 4893 994 4960 obtulit,
1051 4903 1159 4948 etc.
1222 4891 1536 4948 Theodinus
1599 4906 1814 4961 quoque
1871 4901 1928 4946 et

335 4987 622 5047 Oderisius
666 4997 832 5056 atque
861 4984 1170 5040 Bemardus
1208 4982 1502 5038 Balvenses
1529 4980 1793 5046 comites,
1820 4997 1935 5036 non.

454 5091 500 5100 ι-
532 5095 560 5100 ..
584 5087 647 5100 ...ι
680 5086 721 5100 ,ι
755 5077 854 5100 2..ιιξ
892 5090 1103 5100 anu-Aac.“
1131 5075 1516 5100 n‘Anno-Inn:.nm
1543 5071 1726 5100 αις-ἰιιίῖ
1757 5072 1900 5100 n.LI-u:

2017 3258 2124 3313 qua
2151 3242 2329 3297 locum
2352 3241 2516 3294 istum
2547 3250 2761 3306 semper
2785 3233 3067 3296 dilexerat,
3101 3229 3366 3284 charitate
3397 3227 3606 3280 detine-

2015 3345 2195 3401 retur;
2241 3331 2512 3402 siquidcm
2557 3326 2890 3383 tolerabilius
2929 3325 3031 3380 sibi
3065 3322 3338 3378 videretur
3369 3318 3521 3372 villas
3549 3327 3607 3372 et

2017 3427 2238 3484 castella
2268 3424 2425 3480 nobis
2454 3418 2778 3494 pertinentia
2815 3418 2869 3482 in
2908 3415 3141 3486 praedam
3170 3421 3224 3467 et
3247 3409 3605 3479 direptionem

2020 3522 2161 3588 dari,
2186 3535 2347 3590 quam
2388 3525 2448 3572 ut
2488 3523 2713 3571 sanctus
2735 3511 2907 3574 locus,
2942 3517 2996 3563 et
3023 3523 3119 3577 per
3146 3515 3312 3559 totam
3341 3501 3607 3569 Christia-

2020 3615 2245 3669 nitatem
2285 3611 2522 3666 famosus
2568 3614 2624 3660 et
2667 3602 3026 3665 venerabilis,
3076 3608 3241 3652 tanta:
3296 3592 3604 3666 ignominia!

2021 3704 2261 3778 periculo
2289 3701 2615 3772 subjaceret.
2649 3696 2755 3752 Sed
2795 3709 2900 3749 non
2945 3694 2998 3748 in
3043 3691 3284 3760 longum,
3323 3697 3608 3778 postquam

2022 3775 2254 3851 cilicium
2291 3795 2357 3850 de
2392 3791 2623 3847 ecclesia
2677 3796 2860 3843 nostra
2914 3783 3260 3839 interdictum
3301 3787 3407 3842 est,
3439 3775 3614 3831 vindi-

2023 3898 2165 3944 ctam
2199 3886 2408 3942 distulit
2437 3885 2659 3939 dextera
2705 3879 2819 3934 Dei.
2859 3877 2995 3932 Nam
3034 3875 3284 3946 princeps
3326 3869 3460 3926 tanti
3510 3884 3610 3921 au-

2025 3991 2142 4036 ctor
2190 3977 2446 4042 sceleris,
2496 3983 2783 4045 postquam
2835 3967 3119 4038 pecuniam
3165 3961 3398 4031 accepit,
3431 3959 3612 4013 lumen

2025 4072 2226 4125 ainisit.
2271 4069 2416 4124 Idem
2451 4080 2578 4120 vero
2633 4078 2770 4133 papa
2815 4057 3112 4129 Gregorius
3156 4054 3207 4107 in
3245 4049 3476 4105 concilio
3531 4060 3617 4100 re-

2026 4163 2210 4220 sidens
2233 4157 2513 4217 constituit
2540 4167 2631 4222 ut,
2647 4155 2693 4210 si
2719 4153 2841 4222 quis
2869 4150 3330 4207 Norniannerum,
3361 4139 3442 4194 vel
3472 4153 3613 4207 quo-

2026 4253 2284 4310 rumlibet
2329 4250 2635 4310 hominum,
2676 4244 2898 4314 przedia,
2929 4236 3278 4300 monasteria,
3321 4232 3475 4289 villas
3514 4242 3616 4283 seu

2028 4342 2399 4414 possessiones
2443 4335 2602 4404 hujus
2645 4332 2878 4389 coenobii
2925 4325 3266 4384 Cassinensis
3322 4318 3612 4383 invaserit,

2031 4447 2084 4492 et
2114 4437 2197 4490 bis
2225 4433 2307 4488 vel
2349 4441 2430 4486 ter
2475 4427 2783 4482 admonitus
2820 4439 2927 4478 non
2969 4415 3364 4480 emendaverit,
3396 4425 3618 4468 excom-

2029 4522 2383 4582 municationi
2419 4519 2714 4590 subjaceat,
2745 4517 2917 4571 donec
2958 4511 3244 4581 resipiscat
3280 4515 3336 4562 et
3361 4501 3616 4560 Ecclesiae

2029 4614 2345 4675 satisfaciat.

2087 4707 2305 4762 Diversa
2321 4699 2706 4775 dequibusdam
2727 4685 3416 4758 omittuntur.—Capite48.
3430 4683 3619 4738 Petrus

2031 4801 2094 4855 de
2116 4795 2408 4852 Cuinizone
2431 4803 2477 4848 et
2498 4789 2755 4846 Cebizone
2784 4786 2881 4857 piis
2905 4781 3174 4838 monac/tis
3197 4781 3327 4850 agit,
3343 4779 3406 4832 de
3430 4776 3622 4848 quibus

2033 4889 2176 4959 infra
2219 4888 2474 4941 dicemus.
2515 4881 2584 4935 In
2631 4878 2836 4931 duobus
2874 4885 3048 4928 autem
3099 4873 3353 4941 capitibus
3387 4879 3628 4959 qua-se-

2030 4953 2262 5051 quuntur
2301 4976 2470 5046 fusius
2513 4968 2719 5025 disserit
2757 4969 2820 5022 de
2850 4965 3083 5021 dissidiis
3129 4964 3264 5016 inter
3310 4953 3626 5026 Gregorium

2256 5079 2298 5100 nl
2336 5066 2616 5100 "nuit-nm
2651 5071 2928 5100 nunuehn‘u
2986 5069 3094 5100 lusu
3119 5056 3182 5100 Αρ
3209 5051 3466 5100 εηιιοηιιξο
3492 5046 3629 5099 inter

2034 5089 2218 5100 uas-unu-
