4044 5360
503 304 604 362 951

1456 301 1544 356 ΒΕ
1575 298 1832 362 ,GESTIS
1872 291 2210 366 DESIDEIUJ
2249 291 2544 350 ABBATIS
2579 291 2801 384 ICASIN.

3653 293 3782 368 ,φείδ-

501 413 680 488 piens,
709 426 762 472 et
789 415 1102 482 societatem
1135 414 1572 472 Cluniacensium
1617 413 1848 466 fratrum
1889 416 2084 464 nostra:
2112 406 2162 466 Α
2191 403 2292 460 hoc
2347 405 2462 462 loco
2505 407 2746 464 describi
2791 409 3077 486 praecepit,
3127 407 3614 480 quorumnosnina
3659 409 3784 466 hch

505 507 907 580 congregatiOni
957 505 1274 578 atljungens,
1315 504 1631 559 memoriam
1683 503 1895 557 illorum
1948 499 2088 569 apud

506 615 626 664 nos,
656 609 961 668 nostrmque
1002 596 1438 668 congregationis
1480 593 1620 666 apud
1655 595 1791 656 illos,
1823 593 1877 646 in
1917 595 2090 646 morte

505 697 560 744 et
581 690 642 742 .i-n
681 687 792 742 vita
837 687 997 741 iidem
1029 686 1127 740 viri
1165 685 1508 740 venerabiles
1549 685 1600 738 in
1635 678 1950 754 perpetuam
1993 681 2088 735 ha-

503 779 737 834 bendam
778 787 1096 833 sanxerunt.
1139 775 1414 830 Nonnulla
1447 775 1714 846 subjungit
1747 775 1811 828 de
1838 771 2088 843 Gregorio

473 881 552 926 -et
577 870 862 924 Randiscio
889 871 990 939 piis
1019 868 1307 932 monac/ais,
1342 867 1405 921 de
1439 868 1628 938 quibus
1657 865 1855 936 egimus
1891 863 1946 918 in
1979 864 2088 934 pri-

501 979 589 1017 ma
622 963 782 1034 hujus
813 961 1008 1018 Stcculi
1033 971 1200 1032 parte,
1217 977 1340 1032 pag.
1365 960 1488 1024 105,
1515 969 1645 1025 etc.,
1675 957 1764 1012 ubi
1794 958 1890 1011 hoc
1917 958 2088 1025 ipsum

477 1050 746 1108 Chronici
777 1052 1102 1108 Cassinensis
1136 1061 1311 1122 caput,
1339 1061 1386 1106 et
1417 1051 1524 1106 alia
1567 1048 1819 1104 nonnulla
1850 1063 1914 1102 ea:
1944 1046 2089 1101 Petri

471 1137 912 1214 rcontinuatione,
948 1146 1042 1201 sub
1087 1145 1273 1200 Leonis
1311 1146 1538 1220 nomine,
1573 1153 1626 1196 ut
1661 1141 1812 1212 vulgo
1853 1143 1932 1210 ﬁt,
1970 1139 2090 1193 lau—

497 1236 756 1292 dat-imus.
797 1236 964 1290 Porro
997 1236 1223 1306 Angelus
1270 1237 1334 1290 tle
1381 1233 1631 1301 Nuce,in
1673 1235 1810 1287 notis
1843 1231 1914 1285 ad
1945 1233 2085 1286 hunc

479 1323 694 1390 locum,
718 1326 914 1396 profert
940 1325 1202 1380 Desiderii
1225 1324 1497 1395 epistolam
1525 1323 1592 1376 ad
1621 1321 1834 1377 Petrum
1867 1319 2088 1374 Damia-

497 1420 574 1484 ni,
598 1435 700 1489 qua
727 1419 825 1479 ipsi
861 1428 968 1473 tam
1009 1417 1194 1473 virenti
1222 1435 1378 1487 quam
1419 1417 1662 1488 defuncto
1706 1431 1828 1468 suas
1857 1424 1902 1468 et
1930 1413 2086 1466 totius

497 1509 915 1579 congregationis
963 1507 1293 1563 Cassinensis
1345 1525 1406 1560 ac
1461 1521 1816 1560 successorum
1871 1517 2088 1556 suorum

493 1615 668 1669 preces
695 1599 988 1670 pollicetur.

567 1689 852 1764 Gregorius
890 1709 1026 1763 papa
1051 1701 1096 1746 et
1131 1692 1224 1745 alii
1253 1691 1467 1761 benigne
1497 1691 1847 1758 accipiuntur.
1879 1718 1948 1728 —
1973 1685 2084 1740 Ro-

497 1759 1027 1841 bertustuiscard‘us
1058 1759 1385 1855 Gregorium
1401 1797 1614 1856 papam,
1639 1799 1786 1854 quem
1822 1780 2080 1834 Henricus
2115 1759 2157 1820 Β

493 1879 777 1947 imperator
821 1877 876 1930 in
919 1891 1040 1930 arce
1090 1873 1272 1929 Sancti
1309 1873 1493 1943 Angeli
1544 1871 1814 1927 obsessum
1849 1870 2082 1935 tenebat,

483 1959 754 2036 liberavit,
783 1983 1002 2040 eumque
1025 1967 1094 2022 ad
1116 1968 1238 2031 hoc,
1267 1964 1432 2034 inquit
1457 1961 1668 2028 Petrus,
1698 1961 2084 2017 monasterium

493 2075 667 2131 usque
723 2060 967 2115 deduxit.
1026 2058 1196 2126 Quem
1255 2055 1611 2130 apostolicum
1677 2064 1864 2110 noster
1917 2053 2087 2108 abbas

495 2165 666 2220 usque
709 2149 777 2204 ad
821 2149 992 2220 ipsius
1029 2148 1258 2212 exitum,
1281 2159 1404 2202 cum
1440 2131 1706 2216 episcopis
1745 2153 1800 2199 et
1836 2143 2086 2199 cardina-

491 2239 636 2296 libus
665 2239 756 2310 qui
788 2253 910 2295 eum
939 2239 1109 2294 secuti
1141 2237 1380 2302 fuerant,
1408 2236 1752 2292 sustentavit.

567 2331 770 2386 Donum
797 2329 852 2385 S.
883 2331 1074 2385 crucis.
1101 2361 1170 2369 —
1193 2327 1289 2384 llis
1313 2341 1478 2398 porro
1509 2325 1842 2396 temporibus
1863 2323 2084 2402 quidam

494 2421 834 2477 Amalfitanae
877 2420 1114 2475 civitatis
1157 2417 1389 2483 nobilis,
1441 2415 1643 2472 mundo
1687 2413 2085 2483 mundanisque

489 2511 750 2566 onmibus
802 2510 1213 2575 abre:.untians,
1243 2507 1310 2564 ad
1341 2509 1486 2563 hunc
1515 2507 1690 2564 locum
1723 2503 1988 2577 pervenit,
2029 2509 2087 2558 et

495 2621 524 2658 a
553 2603 832 2658 Desiderio
860 2609 1140 2674 gratanter
1169 2609 1451 2671 susceptus
1477 2607 1531 2654 et
1555 2599 1856 2655 monachus
1886 2596 2080 2662 factus,

489 2705 702 2766 partem
751 2709 856 2750 non
915 2694 1166 2762 exiguam
1215 2692 1347 2764 ligni
1405 2690 1700 2746 salutiferae
1751 2699 1807 2744 et
1855 2687 2084 2743 vivificte

492 2789 674 2844 crucis
723 2803 858 2841 auro
903 2795 958 2840 et
1003 2785 1275 2855 lapidibus
1321 2783 1575 2853 pretiosis
1626 2789 1876 2837 ornatam
1921 2789 1978 2835 et
2029 2781 2082 2834 in

492 2891 659 2930 θυι-εει
693 2875 848 2930 ieona
879 2875 1132 2938 locatam,
1163 2887 1328 2943 quam
1359 2874 1472 2941 ipse
1503 2873 1568 2926 de
1597 2872 1798 2942 palatio
1821 2871 2087 2926 Constan-

495 2964 854 3034 tinopolitano
895 2963 1192 3019 abstulerat
1233 2963 1286 3017 in
1317 2961 1694 3032 conjuratione
1740 2975 1860 3030 qua:
1895 2969 2082 3015 contra

495 3055 814 3112 Mishaelem
863 3057 1249 3126 imperatorem
1289 3053 1429 3108 facta
1467 3063 1572 3120 est,
1605 3055 1760 3109 beato
1791 3053 2082 3108 Benedicto

493 3147 880 3203 devotissimus
925 3146 1137 3202 obtulit.
1189 3145 1501 3202 Desiderius
1550 3153 1764 3208 autem,
1806 3157 1930 3214 post
1979 3145 2080 3198 ista
2109 3127 2154 3188 (ἶ

491 3239 731 3306 Capuam
761 3251 1015 3308 pergens,
1037 3245 1093 3291 et
1131 3235 1374 3292 ofﬁcinas
1409 3236 1720 3292 monasterii
1755 3234 1994 3307 Capuani
2025 3235 2080 3289 in

493 3330 668 3386 ruinis
706 3335 818 3401 jam
863 3331 1070 3400 positas
1109 3344 1358 3392 cernens.
1391 3329 1458 3384 ad
1491 3329 1900 3384 renovationem
1937 3328 2082 3384 illius

491 3423 735 3476 animum
799 3422 966 3477 dedit.
1029 3423 1252 3491 Dirupta
1309 3435 1545 3491 namque
1597 3419 1768 3490 priori
1825 3419 2084 3484 ecclesia,

487 3517 652 3584 jussit
689 3515 916 3572 conduci
953 3513 1192 3570 artifices
1237 3512 1372 3569 alios
1411 3513 1480 3568 ad
1515 3511 1764 3582 capitella
1805 3510 2083 3567 columna-

493 3623 616 3660 rum
649 3607 786 3662 inire
815 3621 980 3678 opere
1015 3605 1284 3661 facienda.
1331 3605 1687 3675 Evocansque
1717 3603 1784 3658 ad
1813 3619 1873 3658 se
1905 3603 2072 3657 Bene-

492 3701 698 3754 dictum
750 3699 992 3768 ejusdem
1039 3698 1140 3753 loci
1191 3699 1572 3768 praepositum,
1623 3696 1878 3766 praecepit
1923 3703 1981 3748 ut
2027 3694 2082 3748 in

493 3791 734 3858 ejusdem
769 3790 1013 3845 ecclesia:
1051 3791 1424 3855 renovatione,
1455 3789 1710 3844 omnibus
1741 3790 1904 3842 rebus
1931 3794 2082 3858 post-

495 3878 717 3946 positis,
771 3878 1077 3948 specialiter
1125 3877 1410 3948 invigilare
1458 3879 1721 3933 studeret.
1771 3875 1940 3945 Cujus
1993 3875 2084 3930 ille

495 3971 724 4040 imperio
773 3985 968 4040 parens
1017 3969 1192 4024 Patris
1251 3969 1524 4024 Benedicti
1568 3969 1890 4032 basilicam,
1945 3967 2086 4023 sicut

495 4075 638 4114 nunc
679 4061 940 4124 cernitur,
974 4060 1400 4130 pulcherrimam
1435 4059 1570 4113 satis
1607 4059 1942 4122 construxit,
1973 4067 2080 4111 etc.

501 4169 506 4174 '
567 4151 752 4206 Obitus
785 4151 996 4206 Roberti
1014 4193 1028 4218 ,
1059 4153 1238 4206 eximii
1272 4149 1638 4220 benefactoris.
1669 4179 1736 4188 -—
1767 4149 1879 4203 Hoc
1915 4163 2082 4212 attito,

493 4241 720 4308 scilicet,
766 4251 822 4296 ut
875 4253 1046 4296 monet
1093 4242 1321 4313 Angelus
1371 4242 1436 4296 tle
1475 4241 1660 4306 Nuce,
1699 4240 1866 4306 4085,
1911 4255 2086 4293 ntense

493 4331 665 4398 Julia,
703 4333 788 4387 die
835 4334 966 4402 [esto
1007 4334 1176 4388 sancti
1218 4333 1410 4400 Alexii,
1451 4333 1720 4389 Robertus
1757 4329 2084 4386 Guiscardus

494 4425 699 4494 Apulire
729 4426 834 4480 dux
877 4427 1034 4492 obiit,
1061 4437 1166 4482 etc.
1203 4426 1320 4482 Non
1351 4438 1532 4482 autem
1557 4428 1770 4482 videtur
1799 4426 2080 4496 indignum

495 4515 582 4569 hic
605 4531 672 4572 ex
698 4527 852 4587 parte
873 4519 1052 4587 aliqua
1077 4535 1344 4574 summam
1370 4519 1706 4574 oblationum
1729 4519 1882 4574 istius
1907 4519 2076 4582 ducis,

494 4607 718 4675 ejusque
755 4611 1002 4681 conjugis
1039 4610 1368 4680 Sicelgaittc,
1407 4611 1474 4665 ad
1513 4611 1795 4666 scientiam
1831 4619 2078 4680 postero-

497 4713 616 4750 rum
655 4699 964 4768 adnectere,
997 4704 1086 4772 qui
1127 4719 1288 4774 supra
1321 4719 1510 4760 onmes
1553 4703 1666 4760 fere
1701 4705 1782 4760 sui
1821 4703 2080 4772 temporis

495 4787 756 4844 mortales
785 4792 960 4850 locum
1014 4796 1208 4858 istmn,
1249 4804 1460 4865 patrem
1507 4795 1842 4850 Desitlerium
1887 4805 1941 4850 et
1983 4811 2078 4850 no-

497 4885 667 4931 stram
693 4885 1168 4953 congregationem
1196 4885 1440 4955 diligere,
1467 4885 1709 4940 exaltare
1731 4893 1784 4940 et
1807 4887 2079 4940 honorare

497 4969 838 5026 studuerunt.
894 4973 1076 5042 Capite
1123 4974 1223 5040 58,
1259 4987 1486 5030 recenset
1541 4973 1730 5030 Petrus
1775 4976 2080 5030 donationes

495 5059 618 5112 illas
643 5062 969 5131 singillatim,
991 5079 1037 5118 et
1067 5067 1319 5135 capitibus
1341 5067 1670 5137 sequentibus
1699 5067 1832 5121 alias
1864 5067 1928 5120 ab
1961 5065 2080 5121 aliis

497 5153 624 5207 viris
667 5153 924 5208 nobilibus
969 5156 1156 5224 factas,
1201 5159 1366 5226 capite
1407 5159 1495 5224 62,
1534 5161 1639 5230 agit
1681 5161 1744 5216 de
1785 5159 2078 5229 Guaiferio,

497 5259 651 5296 auem
696 5247 851 5296 etiam
903 5247 1138 5296 laudauit
1191 5250 1243 5296 in
1291 5250 1422 5296 libro
1475 5253 1547 5296 ηρ
1592 5253 1715 5296 νῖν-ῖς
1763 5253 2054 5296 illustribus

2108 4484 2162 4544 D

2191 505 2318 574 sunt
2346 517 2357 550 :
2381 493 2745 572 AllgUSlllllUl)
2797 510 2983 578 contra
3019 501 3310 572 Faustum,
3352 501 3426 556 De
3467 517 3636 570 opere
3665 517 3786 558 mo-

2191 579 2507 658 nachorum,
2543 592 2617 672 De
2645 608 2895 670 sermone
2925 593 3140 650 Domini
3183 595 3236 664 in
3271 603 3486 658 tuente,
3515 592 3786 668 Homilies

2191 685 2582 766 quinquaginta
2613 701 2777 756 super
2804 685 3100 756 Epistolam
3129 687 3198 744 ad
3231 685 3530 752 Romanos;
3553 686 3779 748 Sermo-

2191 791 2288 832 nes
2332 777 2384 832 iu
2417 776 2688 846 Epistolas
2715 776 2888 846 Pauli,
2921 776 2998 834 De
3025 777 3224 838 Genesi
3245 777 3322 844 ad
3356 777 3616 842 litteram,
3641 779 3778 848 Lpi-

2190 866 2355 922 Stolas
2379 866 2514 937 ejus,
2540 866 2820 922 Pastorale
2847 869 2985 938 ejus,
3013 869 3086 922 De
3109 869 3374 938 baptismo
3397 869 3776 944 parvulorum;

2190 959 2536 1022 Ambrosium
2561 959 2634 1016 De
2659 959 2820 1038 rebus
2841 961 3014 1032 gestis
3033 961 3086 1032 in
3112 961 3339 1032 ecclesia
3365 959 3776 1028 Mcdiolantensi,

2191 1047 2266 1104 De
2297 1049 2644 1120 patriarchis,
2675 1050 2749 1104 De
2781 1051 2886 1106 fide
2913 1051 2982 1106 ad
3005 1051 3332 1122 Gratianum
3363 1053 3778 1123 “temeratorem;

2189 1137 2480 1196 Sermones
2511 1139 2656 1210 ejus;
2694 1141 3006 1212 Registrum
3033 1141 3232 1198 Leonis
3251 1158 3439 1214 papae,
3469 1143 3776 1214 “egisti-um

2189 1229 2383 1288 Felicis
2403 1245 2592 1304 paptc;
2619 1227 2886 1304 Regulam
2928 1233 3144 1296 Basilii;
3175 1233 3566 1303 Hieronymum
3589 1249 3772 1304 super

2189 1319 2552 1386 Ezechielem,
2585 1336 2749 1396 super
2787 1321 3062 1392 Epistolas
3079 1321 3266 1396 Pauli,
3291 1322 3778 1394 superﬂuodecim

2169 1401 2506 1482 prophetas;
2535 1399 2914 1495 Eugcsipium;
2939 1413 3236 1470 Sermones
3261 1411 3574 1484 Severiaui;
3603 1413 3778 1472 Histo-

2190 1503 2325 1556 riam
2355 1503 2660 1570 Anastasii;
2691 1493 2984 1560 Iiistoriam
3011 1495 3518 1577 Langobardorum,
3543 1493 3776 1572 Cattho-

2189 1609 2308 1648 rum
2363 1601 2418 1649 et
2461 1583 2854 1662 Vandalorum;
2899 1593 3199 1658 Historiam
3247 1593 3500 1664 Jordanis
3535 1581 3778 1668 episcopi

2183 1675 2254 1756 de
2285 1673 2545 1744 Romanis
2575 1697 2629 1744 et
2669 1685 2912 1754 Gottbis;
2963 1688 3256 1748 Historiam
3303 1671 3556 1759 Gregorii
3599 1671 3777 1758 Turo-

2187 1777 2400 1843 nens's;
2434 1775 2725 1847 Josepltum
2757 1778 2822 1846 de
2847 1777 2985 1834 bello
3003 1765 3260 1844 'Judaico;
3303 1777 3596 1834 Historiam
3639 1779 3774 1834 Cor-

2187 1867 2337 1933 nelii,
2367 1883 2488 1923 cum
2517 1867 2782 1936 Uetttero;
2814 1865 3110 1924 Historiam
3138 1867 3542 1946 Erchcmperti;
3575 1853 3778 1936 Bedam

2175 1963 2346 2030 super
2373 1957 2631 2028 Tobiam;
2683 1960 2757 2018 De
2790 1961 2922 2016 locis
2951 1963 3184 2028 sanctis;
3219 1961 3570 2036 Erangelium
3605 1961 3784 2032 majo—

2185 2067 2461 2128 remgauro
2485 2061 2538 2106 et
2561 2052 2830 2124 lapidibus
2857 2053 3116 2126 pretiosis
3138 2061 3412 2124 ornatum,
3449 2055 3506 2108 in
3539 2070 3648 2124 quo
3678 2055 3780 2110 has

2187 2141 2443 2212 reliquias
2463 2143 2666 2212 posuit,
2711 2141 2778 2200 dc
2821 2143 2966 2214 ligno
3011 2143 3226 2200 Domini
3261 2154 3318 2200 ct
3343 2144 3408 2200 de
3439 2145 3782 2210 restimenlis

2184 2233 2358 2289 sancti
2383 2231 2609 2288 Joannis
2632 2234 3007 2306 evangelista;
3043 2235 3338 2292 Sermones
3361 2236 3564 2302 Leonis
3583 2252 3770 2306 papae;

2183 2323 2476 2380 Sermones
2505 2323 2753 2394 Gregorii
2783 2325 3146 2392 Nazianzcni;
3179 2326 3500 2396 Doctrinam,
3519 2327 3774 2397 Patrum;

2181 2411 2682 2470 Sacramentorium
2748 2431 2870 2471 cum
2927 2415 3342 2494 Martyrologio;
3395 2416 3777 2482 Sacramenta-

2183 2505 2324 2560 rium
2356 2507 2534 2574 aliud;
2583 2507 2728 2564 Ordo
2762 2507 3126 2580 Episcopalis;
3157 2507 3498 2566 Gualfridum
3543 2510 3620 2566 De
3661 2511 3778 2572 olli,-

2183 2597 2310 2666 ciis;
2346 2597 2524 2672 Super
2553 2601 2823 2674 regulam;
2855 2601 3198 2668 Passionaria
3238 2604 3408 2660 totius
3431 2605 3580 2670 anni,
3607 2605 3774 2662 libros

2186 2698 2445 2760 quatuor;
2485 2690 2881 2764 Antiphonaria
2914 2691 2981 2748 de
3019 2693 3104 2748 die
3128 2694 3253 2760 duo,
3283 2693 3336 2748 in
3365 2694 3534 2750 choro
3561 2709 3776 2765 semper

2185 2779 2458 2846 habenda;
2497 2779 2953 2852 Antiphonarium
2989 2783 3054 2840 de
3085 2789 3275 2852 nocte;
3319 2784 3468 2840 Vitas
3509 2785 3776 2862 Patrum;

2183 2870 2434 2928 lnstituta
2469 2871 2722 2939 Patrum;
2754 2875 2922 2932 Actus
2961 2873 3331 2946 apostolorum
3359 2891 3482 2932 cum
3515 2875 3774 2950 Epistolis

2179 2961 2460 3019 canonicis
2504 2973 2560 3018 et
2598 2965 2994 3038 Apocalypsin;
3039 2966 3310 3038 Epistolas
3340 2967 3528 3038 Pauli;
3567 2968 3772 3040 Parali-

2183 3069 2484 3125 pomenon;
2517 3071 2683 3128 super
2709 3059 2932 3132 Cantica
2964 3060 3302 3116 canticorum
3344 3057 3613 3132 Origenis,
3645 3059 3774 3116 Gre-

2185 3148 2322 3216 gorii
2371 3157 2425 3202 et
2487 3147 2834 3220 Berengarii;
2889 3147 3151 3206 Joannem
3195 3133 3642 3220 Chrysostomum
3707 3149 3776 3204 de

2183 3237 2528 3306 reparatione
2576 3238 2743 3308 lapsi;
2789 3239 3070 3310 Dialogum
3104 3255 3262 3310 quem
3315 3239 3430 3308 ipse
3462 3255 3584 3294 cum
3613 3238 3771 3296 Albe-

2183 3327 2296 3383 rico
2334 3327 2563 3385 diacono
2608 3329 2777 3398 edidit
2815 3331 2882 3388 de
2936 3329 3212 3388 miraculis
3245 3331 3638 3404 monachorum
3669 3333 3774 3388 loci

2183 3419 2368 3486 istius;
2427 3421 2705 3494 Dialogum
2764 3421 2940 3490 aliud;
2995 3423 3272 3494 Dialogum
3322 3423 3389 3478 de
3444 3424 3550 3478 vita
3599 3423 3773 3480 sancti

2185 3510 2492 3577 Benedicti;
2555 3511 2794 3568 Hilarius
2852 3514 3235 3586 mysteriorum
3293 3523 3350 3584 et
3399 3495 3772 3582 llym'norum;

2184 3603 2460 3660 Sedulium
2490 3607 2554 3662 de
2595 3607 2934 3680 Evangeliis;
2987 3607 3286 3666 iuvencum
3323 3610 3388 3668 de
3431 3609 3770 3682 Evangeliis;

2184 3697 2549 3770 Medicinalis;
2635 3701 2990 3771 Psalterium;
3065 3703 3416 3764 Crcsconium
3483 3707 3550 3758 de
3621 3703 3774 3774 bellis

2183 3791 2416 3859 Libicis;
2457 3793 2660 3849 Versus
2697 3793 2917 3850 Arichis
2947 3835 2962 3860 ,
3017 3793 3168 3852 Pauli
3220 3803 3274 3850 et
3321 3793 3536 3859 Caroli;
3573 3792 3774 3864 Versus

2183 3883 2421 3952 Paulini;
2477 3887 2794 3942 Ciceronem
2829 3887 2924 3955 =De
2976 3897 3166 3942 natura
3209 3887 3468 3954 deorum;
3521 3887 3772 3940 lustiuta

2183 3973 2504 4042 Justiniani;
2558 3977 2834 4032 Novellam
2887 3978 3037 4048 ejus;
3088 3979 3439 4044 Terentium;
3489 3977 3772 4034 Horatium

2185 4081 2306 4121 cum
2366 4068 2693 4140 geometria;
2767 4067 3018 4124 Ovidium
3088 4068 3409 4138 Fastorum;
3472 4069 3770 4134 Senecam;

2187 4159 2470 4228 Virgilium
2499 4175 2619 4216 cum
2648 4160 2837 4232 egloga
2869 4159 3194 4230 Thcodorii;
3225 4163 3512 4218 Donatum.

2257 4247 2473 4304 Fames.
2513 4281 2585 4291 —
2619 4251 2734 4306 lloc
2765 4261 3027 4322 praeterea
3063 4262 3306 4322 tempore
3338 4253 3578 4310 latrones
3605 4261 3770 4308 noctu

2185 4337 2348 4410 hujus
2371 4339 2542 4395 nostri
2594 4343 2907 4395 monasterii
2951 4343 3176 4414 ingressi
3209 4342 3522 4406 cellarium,
3554 4359 3772 4410 carnes,

2186 4418 2424 4496 caseum,
2457 4428 2780 4500 lardumque
2805 4417 3189 4502 subripiéntcs,
3215 4448 3344 4496 suos
3376 4435 3462 4490 his
3489 4417 3774 4490 mercibus

2188 4519 2434 4576 sacculos
2462 4519 2859 4591 impleverunt;
2892 4521 3040 4578 foras
3066 4533 3244 4578 autem
3268 4525 3496 4594 egressi,
3523 4527 3770 4582 sacculos

2187 4625 2325 4682 quos
2361 4611 2722 4681 impleverant
2751 4613 2935 4668 levare
2967 4614 3172 4679 conati,
3207 4613 3426 4670 minime
3455 4625 3766 4684 potuerunt.

2187 4704 2318 4758 Dein
2359 4703 2548 4758 relicta
2597 4703 2810 4760 sarcina
2871 4713 3143 4759 tentantes
3195 4705 3396 4776 fugam,
3451 4720 3551 4776 per
3609 4707 3770 4760 totius

2184 4807 2476 4848 excursum
2509 4793 2684 4848 noctis
2731 4794 3044 4850 monasterii
3080 4795 3314 4850 claustra
3346 4795 3768 4860 circumeuntes,

2189 4885 2388 4940 nullam
2410 4885 2722 4955 cgrediendi
2774 4883 3083 4940 facultatem
3137 4887 3352 4954 penitus
3399 4889 3769 4956 conscquira-

2185 4977 2428 5043 luerunt,
2457 4987 2564 5032 etc.
2599 4975 2712 5032 lloc
2751 4987 3012 5046 praeterea
3043 4986 3284 5048 tempore
3335 4975 3507 5033 fames
3531 4979 3770 5032 maxima

2175 5082 2280 5138 per
2323 5076 2492 5122 totam
2543 5065 2657 5122 fere
2695 5065 2905 5121 Italiam
2954 5053 3096 5122 facta
3125 5075 3233 5120 est.
3281 5065 3434 5122 Tunc
3459 5067 3768 5122 Desiderius

2183 5173 2309 5212 cum
2337 5155 2602 5213 fratribus
2629 5157 3031 5214 communicato
3066 5155 3315 5224 consilio,
3354 5157 3504 5214 cibos
3525 5159 3766 5232 indigen-

2183 5251 2325 5294 lihlln
2365 5254 2632 5294 almndnnl
2645 5269 2708 5294 ιιι·
2737 5253 3048 5294 nnnfprnlmt
