4044 5360
297 257 410 316 953

1305 295 1316 303 .
1361 253 1800 326 .POSTMODUM
1848 250 2161 312 VICTORIS
2199 254 2262 311 Ill
2296 253 2516 314 PAPxE.
2603 291 2610 298 -

3459 270 3567 334 θεὰ

299 367 668 448 interrogatus
684 375 812 424 ante
840 365 981 422 diem
1007 366 1223 422 tertium
1249 365 1429 421 obitus
1457 366 1542 420 sui
1573 365 1642 419 ab
1672 364 1879 432 episco-
1911 343 1958 400 Α
1989 367 2068 423 eis
2098 380 2377 442 promptos
2425 384 2479 429 et
2501 384 2720 445 paratos
2748 381 2817 434 ad
2846 394 2962 448 rem
3004 380 3176 452 ipsam
3204 386 3429 446 invenit.
3457 385 3564 446 sed

297 457 396 526 [iis
444 445 940 521 eticardinalibus,
996 456 1087 526 qui
1139 464 1272 512 tunc
1322 472 1425 511 una
1451 471 1574 512 cum
1604 452 1883 508 Desiderio

294 543 599 623 prazsentes
621 557 796 612 erant,
829 548 954 617 quid
985 557 1102 617 post
1133 563 1286 602 suum
1312 548 1515 603 obitum
1537 548 1602 600 de
1627 545 1884 623 Romana;

295 621 445 696 sedis
477 639 819 695 ordinatione
849 637 1083 707 juberet,
1118 639 1394 708 respondit
1426 656 1438 692 :
1473 646 1529 690 ut
1569 637 1614 692 si
1646 621 1880 705 unquam

297 713 486 802 aliquo
532 732 690 786 modo
726 739 968 802 possent,
1013 729 1260 784 eumdem
1317 729 1650 786 Desideriqu
1682 728 1747 782 ad
1782 723 1882 785 hoc

251 854 262 861 ~
295 823 533 879 oﬁicitun
557 829 956 894 promoverent.
977 819 1024 874 Is
1053 819 1196 874 enim
1227 827 1423 890 printer
1446 818 1495 870 id
1517 811 1880 888 quodprimus

297 898 588 984 presbyter
635 908 927 967 eardinalis
991 909 1247 963 Romanae
1280 917 1408 975 tunc
1431 906 1684 962 Ecclesia:
1713 916 1878 973 esset,

297 1003 355 1070 ct
387 1003 674 1072 prudentia
705 1002 1031 1066 maxima,ct
1052 999 1309 1071 religione
1338 997 1623 1069 singulari,
1651 1009 1705 1053 et
1735 997 1882 1068 prin-

296 1095 480 1164 cipum
503 1092 1046 1150 cireummanentium
1072 1090 1308 1145 amicitia
1340 1089 1509 1143 multa
1533 1089 1778 1160 polleret.
1822 1087 1878 1143 Si

294 1199 428 1247 vero
465 1177 608 1238 hunc
657 1181 962 1237 nullatenus
997 1179 1213 1235 ﬂectere
1242 1179 1307 1234 ad
1352 1180 1452 1234 ista
1496 1177 1757 1244 valerent,
1787 1173 1879 1233 aut

293 1276 761 1346 archiepiscopum
787 1273 1200 1342 Lugdunensem
1231 1269 1490 1342 ligonem,
1515 1279 1605 1322 aut
1627 1268 1876 1324 Otiouem

294 1363 623 1430 Ostiensem,
683 1375 778 1420 aut
831 1362 1503 1434 Luceusem'cpisc0pum];
1540 1347 1699 1432 quem
1729 1359 1878 1430 prius

293 1471 362 1513 ex
394 1455 478 1511 his
508 1456 709 1512 habere
737 1466 976 1527 possent,
1005 1457 1079 1527 in
1112 1457 1304 1526 papam
1333 1453 1531 1524 eligere
1569 1464 1688 1523 post
1719 1466 1875 1506 suum

293 1536 504 1616 obitum
549 1535 890 1620 quantocius
941 1545 1282 1602 festinarent.
1316 1544 1429 1599 lloc
1453 1550 1658 1597 statuto
1689 1540 1881 1596 defun-

293 1627 414 1718 ctus
449 1652 556 1709 est,
611 1652 805 1697 octavo
836 1639 1042 1694 scilicet
1082 1637 1353 1692 Kalendas
1383 1635 1552 1697 Junii,
1582 1633 1668 1690 die
1698 1632 1877 1688 Domi-'

293 1719 437 1808 nica,
472 1746 527 1804 et
553 1733 946 1790 honorabiliter
997 1732 1135 1786 intra
1164 1730 1446 1786 ecclesiam
1471 1728 1614 1784 beati
1639 1726 1872 1782 Matthrci

291 1823 524 1898 apostoli
569 1836 622 1882 et
675 1825 1019 1896 evangelium
1071 1822 1342 1894 sepultus,
1387 1837 1509 1876 cum
1558 1820 1785 1874 sedisset
1823 1817 1877 1871 in

290 1919 610 1992 pontiﬁcatu
639 1917 796 1974 annis
849 1917 1152 1980 duodecim,
1197 1930 1380 1969 mense
1408 1930 1533 1976 uno,
1564 1913 1754 1967 diebus
1784 1910 1878 1965 tri-

290 2011 412 2102 bus.
465 2011 530 2066 Et
575 2011 830 2081 quoniam
864 2010 1110 2064 Romana
1165 2007 1408 2063 Ecclesia
1454 2015 1674 2079 pastore
1716 2004 1871 2059 desti-

291 2095 408 2170 tuta
444 2112 797 2166 remanserat,
825 2109 877 2154 et
901 2099 1140 2154 ha:retici
1177 2107 1340 2170 atque
1369 2095 1702 2152 schismatici
1729 2109 1877 2150 more

287 2188 541 2264 luporum
574 2191 718 2245 illam
767 2191 1078 2246 nitebantur
1115 2189 1394 2254 invadere,
1443 2186 1875 2242 Desiierinsuna

288 2285 415 2339 eum
475 2282 746 2356 episc’Opis
802 2293 858 2337 et
909 2280 1303 2344 cardinalihus,
1351 2297 1452 2359 nec
1493 2287 1694 2336 non'et
1725 2280 1878 2335 laicis

289 2375 581 2448 religiosis,
617 2377 704 2446 qui
735 2377 998 2432 hactenus
1023 2375 1072 2428 in
1102 2375 1370 2430 catholica
1397 2374 1624 2439 unitate,
1669 2382 1721 2428 et
1751 2374 1879 2428 ohe-

289 2467 495 2522 dicntia
537 2483 684 2538 papm
727 2466 975 2538 Gregorii
1027 2465 1260 2521 ﬁdeliter
1304 2466 1684 2536 perstiterant,
1713 2465 1881 2533 cmpit

290 2557 624 2613 unanimiter
661 2572 820 2625 agere
851 2557 1085 2626 qualiter
1113 2574 1231 2612 eam
1281 2567 1465 2627 posset
1497 2558 1878 2611 ilccentissime

292 2647 851 2704 erdinareJliserunt
878 2663 1008 2718 ergo
1035 2658 1090 2703 et
1119 2650 1413 2705 convenire
1445 2647 1693 2704 fecerunt
1725 2648 1879 2702 undi-

288 2756 399 2812 que
443 2749 598 2810 aptas
647 2739 772 2794 huic
824 2740 1001 2794 oﬁicio
1043 2757 1338 2812 personas,
1398 2748 1666 2811 quatenus
1703 2756 1766 2794 ex
1799 2741 1878 2795 eis

290 2828 538 2887 unanimi
571 2847 835 2887 consensu
873 2848 990 2886 eam
1026 2849 1310 2901 personam
1350 2850 1472 2889 eum
1501 2835 1675 2904 gratia
1708 2843 1760 2888 et
1785 2850 1880 2886 au-

287 2925 421 2980 xilio
448 2925 542 2980 Dei
572 2924 856 2995 eligerent,
893 2939 1011 2995 qua:
1042 2926 1227 2980 idonea
1254 2936 1306 2980 et
1355 2936 1478 2997 apta
1515 2936 1667 2981 tanto
1697 2925 1874 2980 ordini

1987 461 2113 529 quia
2140 461 2324 517 fervor
2346 470 2554 523 :cstatis
2582 469 2784 526 nimius
2807 481 2946 542 erat,
2975 484 3256 544 propterea
3290 485 3422 533 tunc
3449 479 3565 536 .Ro-

1986 565 2126 606 mam
2180 553 2260 608 ire
2299 554 2647 620 distulerunt,
2689 574 2970 630 quousque
3008 578 3066 618 se
3095 573 3150 619 et
3183 565 3333 633 calor
3359 568 3565 626 mstatis

1984 641 2351 725 immiuuerct,
2369 655 2422 700 et
2439 656 2677 717 tempora
2697 649 2909 705 inﬁrma
2936 654 3247 722 transirent.
3271 656 3564 726 Postquam.

1984 747 2120 795 vero
2169 736 2422 806 princeps
2474 739 2740 817 conducto
2784 743 3032 818 excreitu
3079 745 3240 816 hujus
3279 747 3355 801 rei
3387 749 3563 817 gratia

1985 821 2211 878 Romam
2234 828 2393 912 eundi
2417 827 2960 904 Campaniamvenit,
2987 838 3372 906 comitantibus
3394 839 3559 894 etiam

1983 928 2042 968 se
2104 931 2207 968 una
2261 931 2384 971 eum
2432 919 2712 976 Desiderio
2759 924 3032 1000 nonnullis
3062 926 3298 995 partium
3327 930 3560 999 istarum

1982 1003 2269 1086 episcopis,
2306 1006 2431 1077 ipse
2459 1022 2741 1080 suspectus
2785 1015 3165 1085 prtedictorum
3213 1011 3561 1088 censiliorum

1984 1095 2214 1168 amplius
2267 1099 2562 1178 procedere
2605 1103 2802 1170 noluit,
2832 1104 3019 1164 dicens
3043 1108 3206 1177 quod,
3231 1108 3336 1162 nisi
3367 1107 3564 1164 Jordaa

1985 1205 2086 1244 nus
2107 1190 2362 1262 princeps
2383 1203 2634 1271 etcomes
2660 1195 2980 1270 Raynulfus,
2997 1211 3048 1254 et
3069 1200 3308 1270 episcopi
3334 1201 3564 1268 Romani

1983 1278 2138 1335 ﬁdem
2177 1297 2329 1340 suam
2379 1283 2482 1360 sibi
2511 1289 3013 1362 praesenti‘darent,
3040 1291 3238 1346 nullam
3268 1305 3432 1364 super
3457 1292 3563 1348 hac

1982 1388 2041 1453 re
2070 1375 2175 1430 vim
2222 1376 2297 1431 illi
2335 1374 2602 1444 illaturos,
2627 1447 2633 1453 .
2656 1396 2832 1450 neque
2865 1368 3017 1440 .alios
3047 1382 3250 1438 inferre
3275 1374 3562 1454 passuros,

1981 1465 2109 1544 ipse,
2145 1483 2270 1542 cum
2293 1541 2296 1544 ἢ
2321 1468 2403 1524 eis
2436 1471 2739 1528 nullatenus
2773 1485 3044 1544 pergeret.
3079 1474 3452 1535 Renuentibus
3481 1473 3561 1546 fug

1979 1575 2125 1641 cere,
2153 1561 2257 1645 hac
2287 1562 2352 1618 de
2382 1579 2542 1621 causa
2567 1581 2653 1620 res
2681 1576 2808 1622 tunc
2840 1567 3032 1621 infecta
3059 1571 3340 1640 remansit.

2050 1650 2301 1722 Eligitur.
2334 1683 2401 1731 τέ
2427 1653 2548 1709 Jam
2591 1654 2704 1710 fere
2743 1673 2919 1711 annus
2969 1658 3022 1712 in
3074 1659 3165 1712 tali
3213 1657 3567 1724 ﬂuctuatione

1983 1741 2297 1808 transierat,
2316 1760 2424 1813 quo
2452 1745 2505 1799 in
2537 1748 2664 1801 sede
2689 1747 2984 1823 apostolica
3013 1748 3188 1821 nullus
3211 1759 3393 1818 pastor
3418 1761 3561 1813 erat,

1980 1832 2160 1887 nullus
2188 1834 2448 1890 Dominiei
2480 1835 2662 1908 gregis
2691 1853 2878 1916 curam
2911 1840 3152 1912 gerebat,
3188 1848 3242 1892 et
3269 1838 3563 1894 Guibertus

1979 1925 2341 1982 hiercsiarcha
2396 1944 2525 1984 oves
2551 1929 2748 1986 Christi
2805 1923 3067 2001 sanguine
3101 1931 3407 2000 redemptas
3447 1931 3564 2001 suis

1979 2031 2102 2085 eum
2125 2018 2448 2086 sequacibus
2474 2017 2868 2096 lania_bat,eum
2891 2022 3036 2094 circa
3058 2019 3376 2075 Paschalem
3407 2021 3557 2075 festi-

1979 2111 2202 2166 vitatem
2229 2112 2466 2184 episc0pi
2512 2123 2566 2168 et
2592 2115 2899 2170 cardinales
2928 2115 3182 2169 Romana:
3215 2113 3470 2169 Ecclesia:
3493 2114 3561 2169 de

1979 2202 2209 2259 diversis
2231 2206 2477 2275 partibus
2499 2205 2727 2262 Retnam
2743 2208 3149 2274 convenientes,
3170 2207 3563 2276 mandaverunt

1979 2297 2238 2365 prxdiclo
2283 2297 2464 2351 abbati
2501 2308 2553 2352 ut
2590 2315 2693 2353 una
2738 2314 2860 2354 cum
2893 2298 3165 2368 episeOpis
3189 2307 3238 2352 et
3266 2297 3561 2352 cardinali-

1979 2384 2080 2439 bus
2108 2385 2387 2451 Romanis,
2446 2388 2536 2457 qui
2590 2403 2772 2442 secum
2806 2399 2936 2442 tunc
2963 2389 3333 2451 morabantur,
3361 2397 3561 2442 etcum

1979 2476 2187 2532 Gisnll‘o
2238 2477 2582 2534 Salernitano
2647 2478 2914 2549 principe,
2955 2478 3045 2546 qui
3073 2486 3200 2531 tunc
3225 2492 3255 2530 a
3278 2475 3563 2545 Cisalpinis

1978 2571 2222 2638 partibus
2253 2579 2492 2634 venerat,
2532 2570 2597 2624 ad
2627 2586 2721 2626 eos
2743 2569 3061 2640 quantocius
3092 2577 3400 2641 pergerent,
3425 2581 3562 2635 qua-

1982 2673 2137 2716 tenus
2193 2661 2259 2717 de
2310 2662 2566 2720 Romanu:
2604 2663 2859 2720 Ecclesiae
2887 2662 3229 2716 ordinatione
3258 2658 3416 2714 simul
3451 2668 3560 2712 tra-

1977 2759 2208 2806 ctarent.
2259 2751 2348 2807 Ille
2399 2752 2534 2808 nihil
2566 2753 2848 2826 suspicans
2876 2750 2942 2806 de
2991 2767 3049 2807 se
3074 2749 3182 2818 jam
3216 2750 3332 2805 illos
3354 2748 3559 2820 aliquid

1977 2844 2240 2916 cogitare,
2306 2859 2429 2898 cum
2482 2845 2594 2914 jam
2647 2844 2791 2899 nulla
2838 2843 2905 2896 de
2951 2858 3014 2897 eo
3053 2843 3253 2896 mentio
3282 2843 3349 2895 ab
3380 2841 3564 2910 aliquo

1979 2934 2153 2999 ﬁeret,
2207 2936 2500 3006 assumptis
2527 2934 2764 3006 priel‘atis
2801 2934 3074 3000 omnibus,
3117 2934 3414 2988 Romanam
3439 2949 3566 3002 per-

288 3013 456 3098 esset.
519 3015 912 3072 Convenienles
964 3027 1085 3086 post
1112 3017 1224 3073 haec
1261 3018 1327 3072 ad
1358 3018 1675 3088 przedictum
1708 3017 1874 3072 ahba-s

1980 3019 2127 3084 venit
2173 3029 2239 3084 ad
2292 3015 2501 3084 urbem.
2560 3029 2636 3084 Eo
2685 3029 2770 3090 die
2815 3043 2922 3099 quo
2971 3027 3249 3098 applicuit,
3284 3027 3334 3080 in
3368 3027 3564 3096 vigiliis

290 3105 401 3168 tem
452 3111 690 3182 episcopi
741 3119 796 3167 et
846 3111 1172 3176 cardinales,
1215 3121 1503 3180 cmperunt
1553 3126 1676 3165 eum
1712 3126 1874 3180 super

286 3194 500 3274 praefati
555 3201 831 3272 pontiﬁcis
863 3199 1070 3268 judicio
1121 3202 1411 3274 rppellare,
1446 3202 1683 3271 utquein
1728 3209 1872 3254 tanta

291 3296 555 3367 temporis
569 3295 895 3350 necessitate
911 3290 1240 3364 periclitanti
1256 3295 1478 3348 subveni
1490 3302 1570 3347 ret
1598 3290 1872 3350 Ecclesiic,

289 3395 548 3456 papatum
583 3379 975 3454 suscipiendo,
1038 3383 1426 3439 instantissime
1465 3381 1726 3453 ﬂagitare.
1794 3379 1874 3435 Ad

289 3465 404 3532 haec
430 3476 519 3532 ille
539 3485 794 3548 papatum
809 3474 1028 3544 quidem
1055 3490 1112 3529 se
1141 3473 1418 3543 suscipere
1444 3471 1874 3527 obstinatissima

289 3565 646 3636 responsione
694 3567 1004 3633 recusavit;
1063 3563 1184 3619 aliis
1217 3578 1345 3618 vero
1399 3563 1598 3632 quibus
1630 3561 1875 3616 scirctet

287 3668 472 3730 posset
530 3647 726 3723 mollis,
777 3655 842 3710 ad
891 3655 1152 3711 Romana:
1197 3655 1453 3711 Ecclesiae
1507 3655 1788 3710 servitium
1818 3668 1875 3709 se

253 3743 259 3748 ’
288 3763 546 3822 paratum
575 3765 698 3806 esse
720 3749 1028 3820 spopondit.
1073 3748 1168 3804 Die
1196 3747 1546 3804 Pentecostes
1583 3747 1873 3803 Saviuensi

287 3846 548 3916 episcopo
601 3861 657 3900 et
710 3844 975 3901 Gratiano
1018 3845 1192 3901 Roma
1231 3846 1575 3901 venientibus
1611 3843 1876 3908 occurrit,

284 3940 474 4012 eisque
515 3939 679 3993 verba
734 3952 852 4008 qua:
895 3953 1019 3992 cum
1063 3954 1196 4008 papa
1228 3936 1494 4008 Gregorio
1522 3936 1587 3990 de
1617 3933 1878 3990 Eeciesiae

285 4016 633 4086 ordinatione
687 4030 954 4085 habuerat
1004 4031 1216 4095 retulit;
1276 4029 1588 4099 pariterque
1618 4045 1739 4082 cum
1792 4029 1872 4082 eis

283 4121 584 4180 Jordanum
629 4121 930 4192 principem
972 4129 1024 4173 et
1064 4119 1390 4190 Raynull‘nm
1435 4120 1687 4173 comitem
1718 4117 1869 4182 adiit,

285 4223 454 4283 atque
480 4213 546 4269 ad
569 4213 859 4270 servitium.
885 4221 938 4265 et
965 4211 1293 4280 adiutorium
1328 4209 1587 4264 Romana:
1617 4209 1872 4265 Ecclesiae

284 4307 631 4368 adhortatus,
671 4303 1028 4358 libentissime
1079 4303 1144 4356 ad
1177 4302 1356 4357 omnia
1389 4310 1610 4371 paratos
1639 4300 1865 4355 invenit.

1978 3120 2349 3184 Pentecostes,
2375 3121 2610 3178 instante
2639 3119 2914 3173 Desiderio
2946 3129 3004 3172 ut
3052 3115 3402 3186 pontiﬁcatus
3426 3132 3562 3188 apex

1979 3225 2332 3279 personarum
2384 3226 2572 3264 earum
2646 3208 3014 3277 injungeretur
3077 3206 3234 3260 alicui
3301 3221 3420 3273 qua:
3477 3207 3560 3261 vel

1979 3299 2109 3375 ipsis
2142 3300 2222 3352 vel
2262 3299 2311 3353 ei
2368 3297 2688 3354 videbantur
2738 3295 2963 3360 idonea},
3018 3303 3563 3366 reuucruntprorsas

1977 3390 2156 3451 omnis
2185 3389 2462 3443 Romanus
2487 3397 2541 3442 et
2567 3389 2745 3442 clerus
2762 3397 2814 3441 et
2838 3386 3064 3456 populus
3093 3387 3421 3441 consentire.
3453 3383 3560 3439 Per

1979 3491 2147 3536 totam
2193 3488 2372 3534 autem
2427 3479 2595 3550 ipsam
2645 3478 2786 3534 diem
2851 3477 3018 3530 multa
3047 3477 3374 3546 frequentia,
3406 3485 3565 3544 quot-

1977 3580 2110 3642 quot
2163 3569 2446 3624 catholicm
2502 3567 2638 3638 parti
2697 3566 2969 3634 furebant,
3022 3576 3132 3620 tam
3180 3565 3358 3620 clerici
3398 3581 3560 3637 quam

1978 3656 2120 3724 laici,
2149 3665 2220 3716 ad
2245 3678 2367 3717 eum
2391 3660 2921 3730 convenientes,jam
2952 3661 3098 3714 circa
3120 3673 3402 3728 vesperam
3427 3674 3562 3714 con-

1976 3757 2182 3831 gregali
2231 3764 2356 3810 sunt
2386 3753 2590 3822 pariter
2631 3768 2842 3816 omnes,
2882 3762 2988 3805 tam
3016 3751 3253 3822 episcopi
3306 3760 3359 3805 et
3383 3750 3564 3805 cal-di.

1978 3849 2129 3905 nales
2175 3861 2336 3919 quam
2364 3854 2418 3900 et
2440 3843 2622 3900 ereteri
2649 3843 2900 3909 Romani,
2928 3843 3018 3913 qui
3047 3844 3102 3897 in
3132 3843 3392 3899 ﬁdelitate
3418 3841 3564 3897 beati

1976 3944 2121 3998 Petri
2165 3938 2534 4012 apostolorum
2584 3936 2844 4007 principis
2888 3936 3333 4006 perseverabant,
3366 3934 3418 3988 in
3445 3933 3563 3987 diaJ

1975 4036 2188 4091 eoniam
2219 4043 2421 4088 sanctae
2444 4032 2646 4095 Luciie,
2676 4045 2794 4100 qua:
2819 4029 3074 4096 cstjuxta
3119 4026 3281 4096 Septe
3307 4027 3434 4082 solis
3457 4025 3564 4097 [[.,

1978 4115 2396 4196 Septizonium],
2453 4131 2840 4190 creperumun
2887 4133 3078 4172 omnes
3100 4116 3433 4170 unanimiter
3460 4114 3562 4167 De-

1973 4217 2232 4272 sidet-ium
2281 4213 2466 4268 multis
2515 4211 2764 4282 precibus
2804 4210 3090 4267 obsecrare
3133 4214 3190 4259 ut
3245 4205 3553 4259 Romanum.

1975 4307 2350 4378 pontiﬁcatum
2374 4303 2647 4371 suscipere
2673 4315 2775 4354 non
2804 4307 3113 4361 recusaret;
3144 4311 3378 4365 eumque
3408 4285 3563 4347 obteé

283 4395 463 4462 Cmpit
485 4394 682 4450 deinde
711 4393 1079 4448 cardinalibus
1127 4393 1479 4447 vehementer
1511 4391 1763 4445 insistere
1810 4399 1868 4444 ut
1904 4409 1948 4463 ι)
1975 4411 2119 4455 stare
2142 4413 2236 4468 per
2265 4395 2468 4456 divina,
2503 4407 2598 4461 per
2638 4392 2873 4444 humana
2905 4387 3111 4450 omnia,
3163 4394 3221 4438 ut
3250 4383 3562 4439 subvenirct

283 4486 350 4540 de
387 4484 659 4555 pontilicis
702 4485 932 4556 eligendi
982 4499 1212 4553 persona
1258 4473 1579 4553 quantocius
1602 4481 1865 4536 delibera-

283 4585 430 4640 rent,
455 4586 510 4629 et
539 4585 596 4629 ut
635 4575 701 4629 ad
730 4576 1061 4631 comitissam
1095 4574 1406 4630 Mathildam
1447 4575 1657 4629 litteras
1689 4575 1866 4629 mitte-

282 4677 430 4733 rent,
468 4677 737 4738 qualenus
766 4667 1008 4723 studeret
1045 4680 1103 4722 ut
1150 4678 1205 4724 et
1264 4668 1298 4736 ii
1353 4684 1489 4738 quos
1517 4667 1867 4737 przedtximus

282 4747 543 4830 episcopi,
577 4770 631 4815 et
676 4769 940 4831 quotquot
974 4761 1179 4816 idonea:
1224 4770 1374 4816 tanto
1421 4760 1595 4816 oilicio
1623 4775 1868 4830 personae

280 4846 676 4915 iudicarentur,
717 4850 943 4904 Romam
985 4851 1101 4906 sine
1132 4852 1388 4906 tarditate
1413 4851 1682 4906 venirent.
1716 4851 1868 4918 Quod

283 4928 359 4994 illi
394 4940 578 4995 facere
633 4939 990 5012 negligentes,
1029 4957 1151 4996 cum
1179 4941 1416 4998 Jordano
1459 4940 1705 5011 principe
1730 4941 1866 4996 clam

281 5033 747 5089 machinabantur
772 5033 945 5088 eidem
977 5033 1157 5090 abbati
1210 5034 1538 5102 pastoralem
1571 5049 1754 5086 curam
1781 5033 1866 5088 in.

273 5122 526 5202 iungere,
555 5133 612 5178 et
649 5122 994 5179 suasionibus
1021 5123 1206 5180 multis
1237 5125 1557 5181 nitebantur
1585 5140 1706 5179 eum
1739 5141 1870 5195 quo-

279 5205 386 5286 quo
417 5215 578 5270 modo
620 5214 845 5269 Romam
877 5216 1202 5282 perducere,
1235 5228 1492 5283 putantes
1516 5215 1782 5270 violenter
1810 5234 1870 5273 se

277 5305 333 5360 id
369 5307 417 5360 ei
443 5319 606 5360 nosse
638 5305 915 5360 imponere
942 5322 954 5357 :
987 5305 1132 5360 quod
1163 5305 1276 5360 inse
1307 5305 1668 5360 persentiens.
1693 5310 1869 5360 omni-

1975 4488 2301 4561 periclitanti
2356 4485 2613 4540 Ecclesia:
2642 4483 2694 4536 i-u
2744 4481 3026 4551 naufragio
3060 4478 3390 4540 constitutae,
3419 4469 3558 4527 mul-'

1978 4582 2136 4636 toties
2156 4580 2225 4637 ad
2250 4595 2423 4651 genua
2450 4577 2585 4648 ejus,
2604 4574 2878 4630 nonnullis
2903 4570 3344 4643 lacrymantibus,
3370 4579 3563 4619 omnes

1977 4673 2182 4742 pariter
2237 4679 2476 4725 ruentes.
2546 4665 2860 4722 Desiderius
2902 4679 3054 4726 vero,
3106 4661 3196 4731 qui
3240 4657 3559 4729 jamdudum

1975 4765 2287 4819 decreverat
2333 4762 2497 4814 vitam
2539 4772 2694 4814 suam
2727 4757 2781 4810 in
2819 4755 3000 4828 quiete
3031 4752 3358 4820 transigere,
3391 4754 3442 4801 et
3471 4742 3564 4811 qui

1977 4855 2149 4926 magis
2174 4854 2394 4925 optabat
2421 4850 2474 4904 in
2499 4846 2680 4904 divina
2712 4843 3150 4918 peregrinatione
3173 4856 3329 4895 suum
3349 4847 3568 4904 tempus

1977 4943 2153 5011 ﬁnire,
2213 4943 2377 5014 erepit
2435 4935 2766 4994 omnimodis
2821 4935 3081 4994 refutare,
3121 4937 3177 4983 et
3209 4930 3314 4984 hoc
3343 4937 3570 4980 senun-

1974 5051 2137 5106 quam
2186 5044 2578 5089 consensurum
2629 5023 2879 5089 ﬁrmiter
2933 5021 3329 5092 repromittere.
3367 5014 3578 5069 instare

1979 5127 2054 5181 illi
2087 5127 2458 5184 vehementer,
2498 5130 2937 5195 perseveranter
2963 5111 3245 5174 insistere;
3270 5113 3385 5181 ipse
3416 5101 3595 5184 vehe-e

1979 5220 2213 5273 mentitis
2260 5211 2440 5274 reniti,
2504 5211 2764 5266 resistere
2833 5203 3295 5291 perseverantius,
3347 5195 3582 5291 dicens:

1983 5327 2000 5360 ε
2037 5307 2139 5360 Pro
2165 5315 2312 5360 certo
2342 5301 2530 5357 sciatis
2572 5297 2726 5360 quia,
2758 5307 2812 5360 si
2834 5287 3088 5360 ’aliquam
3113 5294 3249 5348 mihi
3279 5287 3594 5347 violentiam
