  <div class='ocr_page' id='page_1' title='image "/cluster/home/n/w/nwhite01/storage/ocr_20150623/149/hvd.32044015473770/483.png"; bbox 0 0 4044 5360; ppageno 0'>
   <div class='ocr_carea' id='block_1_1' title="bbox 511 345 616 402">
    <p class='ocr_par' dir='ltr' id='par_1_1' title="bbox 511 345 616 402">
     <span class='ocr_line' id='line_1_1' title="bbox 511 345 616 402; baseline 0 -1"><span class='ocrx_word' id='word_1_1' title='bbox 511 345 616 402; x_wconf 77' lang='lat'><strong>955</strong></span> 
     </span>
    </p>
   </div>
   <div class='ocr_carea' id='block_1_2' title="bbox 1460 344 2799 406">
    <p class='ocr_par' dir='ltr' id='par_1_2' title="bbox 1460 344 2799 406">
     <span class='ocr_line' id='line_1_2' title="bbox 1460 344 2799 406; baseline 0.004 -5"><span class='ocrx_word' id='word_1_2' title='bbox 1460 345 1550 402; x_wconf 84' lang='lat' dir='ltr'><strong>DE</strong></span> <span class='ocrx_word' id='word_1_3' title='bbox 1589 346 1832 403; x_wconf 80' lang='lat' dir='ltr'><strong>GESTIS</strong></span> <span class='ocrx_word' id='word_1_4' title='bbox 1870 344 2210 404; x_wconf 79' lang='lat' dir='ltr'><strong>DESIDERII</strong></span> <span class='ocrx_word' id='word_1_5' title='bbox 2251 347 2540 405; x_wconf 69' lang='lat' dir='ltr'><strong>ABBATIS</strong></span> <span class='ocrx_word' id='word_1_6' title='bbox 2577 347 2799 406; x_wconf 79' lang='lat' dir='ltr'><strong>CASIN.</strong></span> 
     </span>
    </p>
   </div>
   <div class='ocr_carea' id='block_1_3' title="bbox 3675 338 3786 400">
    <p class='ocr_par' dir='ltr' id='par_1_3' title="bbox 3675 338 3786 400">
     <span class='ocr_line' id='line_1_3' title="bbox 3675 338 3786 400; baseline 0 0"><span class='ocrx_word' id='word_1_7' title='bbox 3675 338 3786 400; x_wconf 75' lang='lat'><strong>956</strong></span> 
     </span>
    </p>
   </div>
   <div class='ocr_carea' id='block_1_4' title="bbox 509 432 3784 531">
    <p class='ocr_par' dir='ltr' id='par_1_4' title="bbox 509 432 3784 531">
     <span class='ocr_line' id='line_1_4' title="bbox 509 432 3784 531; baseline 0 -22"><span class='ocrx_word' id='word_1_8' title='bbox 509 459 635 525; x_wconf 80' lang='lat' dir='ltr'><strong>quia</strong></span> <span class='ocrx_word' id='word_1_9' title='bbox 666 454 879 511; x_wconf 76' lang='lat' dir='ltr'><strong>tardior</strong></span> <span class='ocrx_word' id='word_1_10' title='bbox 942 432 1029 512; x_wconf 85' lang='lat' dir='ltr'><strong>am</strong></span> <span class='ocrx_word' id='word_1_11' title='bbox 1059 453 1191 512; x_wconf 86' lang='lat' dir='ltr'><strong>hora</strong></span> <span class='ocrx_word' id='word_1_12' title='bbox 1247 467 1611 527; x_wconf 81' lang='lat' dir='ltr'><strong>processerat,</strong></span> <span class='ocrx_word' id='word_1_13' title='bbox 1635 457 1960 514; x_wconf 76' lang='lat' dir='ltr'><strong>imminente</strong></span> <span class='ocrx_word' id='word_1_14' title='bbox 1982 460 2094 528; x_wconf 84' lang='lat' dir='ltr'><strong>jam</strong></span> <span class='ocrx_word' id='word_1_15' title='bbox 2125 461 2171 521; x_wconf 80' lang='grc' dir='ltr'><strong>Α</strong></span> <span class='ocrx_word' id='word_1_16' title='bbox 2201 459 2363 516; x_wconf 87' lang='lat' dir='ltr'><strong>nullis</strong></span> <span class='ocrx_word' id='word_1_17' title='bbox 2392 462 2616 516; x_wconf 81' lang='lat' dir='ltr'><strong>omnino</strong></span> <span class='ocrx_word' id='word_1_18' title='bbox 2643 457 2977 531; x_wconf 77' lang='lat' dir='ltr'><strong>argumentis</strong></span> <span class='ocrx_word' id='word_1_19' title='bbox 3002 461 3069 516; x_wconf 89' lang='lat' dir='ltr'><strong>ad</strong></span> <span class='ocrx_word' id='word_1_20' title='bbox 3099 475 3287 516; x_wconf 88' lang='lat' dir='ltr'><strong>eorum</strong></span> <span class='ocrx_word' id='word_1_21' title='bbox 3317 456 3559 530; x_wconf 85' lang='lat' dir='ltr'><strong>potuerit</strong></span> <span class='ocrx_word' id='word_1_22' title='bbox 3587 455 3784 512; x_wconf 84' lang='lat' dir='ltr'><strong>liorta-</strong></span> 
     </span>
    </p>
   </div>
   <div class='ocr_carea' id='block_1_5' title="bbox 511 545 2096 618">
    <p class='ocr_par' dir='ltr' id='par_1_5' title="bbox 511 545 2096 618">
     <span class='ocr_line' id='line_1_5' title="bbox 511 545 2096 618; baseline 0.001 -17"><span class='ocrx_word' id='word_1_23' title='bbox 511 557 692 611; x_wconf 86' lang='lat' dir='ltr'><strong>nocte.</strong></span> <span class='ocrx_word' id='word_1_24' title='bbox 725 545 792 602; x_wconf 93' lang='lat' dir='ltr'><strong>ad</strong></span> <span class='ocrx_word' id='word_1_25' title='bbox 841 559 946 605; x_wconf 73' lang='lat' dir='ltr'><strong>sua</strong></span> <span class='ocrx_word' id='word_1_26' title='bbox 971 549 1173 618; x_wconf 83' lang='lat' dir='ltr'><strong>quique</strong></span> <span class='ocrx_word' id='word_1_27' title='bbox 1221 545 1426 603; x_wconf 78' lang='lat' dir='ltr'><strong>reversi</strong></span> <span class='ocrx_word' id='word_1_28' title='bbox 1477 556 1624 604; x_wconf 88' lang='lat' dir='ltr'><strong>sunt.</strong></span> <span class='ocrx_word' id='word_1_29' title='bbox 1659 548 1884 604; x_wconf 90' lang='lat' dir='ltr'><strong>Summo</strong></span> <span class='ocrx_word' id='word_1_30' title='bbox 1913 563 2096 616; x_wconf 87' lang='lat' dir='ltr'><strong>mane,</strong></span> 
     </span>
    </p>
   </div>
   <div class='ocr_carea' id='block_1_6' title="bbox 515 638 2098 706">
    <p class='ocr_par' dir='ltr' id='par_1_6' title="bbox 515 638 2098 706">
     <span class='ocr_line' id='line_1_6' title="bbox 515 638 2098 706; baseline 0 -12"><span class='ocrx_word' id='word_1_31' title='bbox 515 638 796 695; x_wconf 86' lang='lat' dir='ltr'><strong>Dominiea</strong></span> <span class='ocrx_word' id='word_1_32' title='bbox 853 640 1221 706; x_wconf 85' lang='lat' dir='ltr'><strong>Pentecostcs,</strong></span> <span class='ocrx_word' id='word_1_33' title='bbox 1268 654 1460 696; x_wconf 86' lang='lat' dir='ltr'><strong>omnes</strong></span> <span class='ocrx_word' id='word_1_34' title='bbox 1497 639 1833 698; x_wconf 78' lang='lat' dir='ltr'><strong>unanimiter</strong></span> <span class='ocrx_word' id='word_1_35' title='bbox 1883 642 1950 694; x_wconf 88' lang='lat' dir='ltr'><strong>ad</strong></span> <span class='ocrx_word' id='word_1_36' title='bbox 1975 655 2098 695; x_wconf 88' lang='lat' dir='ltr'><strong>eum</strong></span> 
     </span>
    </p>
   </div>
   <div class='ocr_carea' id='block_1_7' title="bbox 514 727 2101 802">
    <p class='ocr_par' dir='ltr' id='par_1_7' title="bbox 514 727 2101 802">
     <span class='ocr_line' id='line_1_7' title="bbox 514 727 2101 802; baseline 0.002 -19"><span class='ocrx_word' id='word_1_37' title='bbox 514 727 714 784; x_wconf 81' lang='lat' dir='ltr'><strong>iterum</strong></span> <span class='ocrx_word' id='word_1_38' title='bbox 741 731 1146 796; x_wconf 86' lang='lat' dir='ltr'><strong>convenientes,</strong></span> <span class='ocrx_word' id='word_1_39' title='bbox 1173 731 1363 786; x_wconf 86' lang='lat' dir='ltr'><strong>eadem</strong></span> <span class='ocrx_word' id='word_1_40' title='bbox 1411 741 1698 802; x_wconf 78' lang='lat' dir='ltr'><strong>ctrperunt</strong></span> <span class='ocrx_word' id='word_1_41' title='bbox 1722 741 2008 802; x_wconf 77' lang='lat' dir='ltr'><strong>repetere;</strong></span> <span class='ocrx_word' id='word_1_42' title='bbox 2045 739 2101 787; x_wconf 89' lang='lat' dir='ltr'><strong>et</strong></span> 
     </span>
    </p>
   </div>
   <div class='ocr_carea' id='block_1_8' title="bbox 514 819 2096 894">
    <p class='ocr_par' dir='ltr' id='par_1_8' title="bbox 514 819 2096 894">
     <span class='ocr_line' id='line_1_8' title="bbox 514 819 2096 894; baseline 0.004 -21"><span class='ocrx_word' id='word_1_43' title='bbox 514 820 632 891; x_wconf 89' lang='lat' dir='ltr'><strong>ipse</strong></span> <span class='ocrx_word' id='word_1_44' title='bbox 668 819 1020 878; x_wconf 79' lang='lat' dir='ltr'><strong>nihilominus</strong></span> <span class='ocrx_word' id='word_1_45' title='bbox 1041 821 1098 877; x_wconf 88' lang='lat' dir='ltr'><strong>in</strong></span> <span class='ocrx_word' id='word_1_46' title='bbox 1132 821 1302 879; x_wconf 84' lang='lat' dir='ltr'><strong>semel</strong></span> <span class='ocrx_word' id='word_1_47' title='bbox 1354 822 1460 877; x_wconf 79' lang='lat' dir='ltr'><strong>ﬁxa</strong></span> <span class='ocrx_word' id='word_1_48' title='bbox 1486 824 1755 878; x_wconf 84' lang='lat' dir='ltr'><strong>sententia</strong></span> <span class='ocrx_word' id='word_1_49' title='bbox 1781 825 2096 894; x_wconf 80' lang='lat' dir='ltr'><strong>perdurare.</strong></span> 
     </span>
    </p>
   </div>
   <div class='ocr_carea' id='block_1_9' title="bbox 517 911 2099 984">
    <p class='ocr_par' dir='ltr' id='par_1_9' title="bbox 517 911 2099 984">
     <span class='ocr_line' id='line_1_9' title="bbox 517 911 2099 984; baseline -0.001 -16"><span class='ocrx_word' id='word_1_50' title='bbox 517 911 773 969; x_wconf 78' lang='lat' dir='ltr'><strong>Videntes</strong></span> <span class='ocrx_word' id='word_1_51' title='bbox 821 926 879 968; x_wconf 89' lang='lat' dir='ltr'><strong>se</strong></span> <span class='ocrx_word' id='word_1_52' title='bbox 929 912 1154 970; x_wconf 85' lang='lat' dir='ltr'><strong>omnino</strong></span> <span class='ocrx_word' id='word_1_53' title='bbox 1205 912 1322 983; x_wconf 86' lang='lat' dir='ltr'><strong>jam</strong></span> <span class='ocrx_word' id='word_1_54' title='bbox 1352 912 1486 968; x_wconf 81' lang='lat' dir='ltr'><strong>nihil</strong></span> <span class='ocrx_word' id='word_1_55' title='bbox 1524 914 1809 984; x_wconf 80' lang='lat' dir='ltr'><strong>prolicere,</strong></span> <span class='ocrx_word' id='word_1_56' title='bbox 1843 914 2099 969; x_wconf 74' lang='lat' dir='ltr'><strong>dixerunt</strong></span> 
     </span>
    </p>
   </div>
   <div class='ocr_carea' id='block_1_10' title="bbox 516 1003 2096 1077">
    <p class='ocr_par' dir='ltr' id='par_1_10' title="bbox 516 1003 2096 1077">
     <span class='ocr_line' id='line_1_10' title="bbox 516 1003 2096 1077; baseline 0 -17"><span class='ocrx_word' id='word_1_57' title='bbox 516 1005 800 1060; x_wconf 87' lang='lat' dir='ltr'><strong>Desiderio</strong></span> <span class='ocrx_word' id='word_1_58' title='bbox 825 1003 1128 1077; x_wconf 76' lang='lat' dir='ltr'><strong>presbyteri</strong></span> <span class='ocrx_word' id='word_1_59' title='bbox 1160 1012 1215 1060; x_wconf 90' lang='lat' dir='ltr'><strong>et</strong></span> <span class='ocrx_word' id='word_1_60' title='bbox 1237 1004 1543 1061; x_wconf 81' lang='lat' dir='ltr'><strong>cardinales</strong></span> <span class='ocrx_word' id='word_1_61' title='bbox 1577 1005 1814 1076; x_wconf 87' lang='lat' dir='ltr'><strong>episcopi</strong></span> <span class='ocrx_word' id='word_1_62' title='bbox 1843 1006 2096 1075; x_wconf 88' lang='lat' dir='ltr'><strong>quoniam</strong></span> 
     </span>
    </p>
   </div>
   <div class='ocr_carea' id='block_1_11' title="bbox 517 1093 2099 1167">
    <p class='ocr_par' dir='ltr' id='par_1_11' title="bbox 517 1093 2099 1167">
     <span class='ocr_line' id='line_1_11' title="bbox 517 1093 2099 1167; baseline 0.001 -18"><span class='ocrx_word' id='word_1_63' title='bbox 517 1110 899 1166; x_wconf 86' lang='lat' dir='ltr'><strong>quemcunque</strong></span> <span class='ocrx_word' id='word_1_64' title='bbox 930 1095 1044 1166; x_wconf 90' lang='lat' dir='ltr'><strong>ipse</strong></span> <span class='ocrx_word' id='word_1_65' title='bbox 1072 1095 1178 1152; x_wconf 92' lang='lat' dir='ltr'><strong>illis</strong></span> <span class='ocrx_word' id='word_1_66' title='bbox 1207 1095 1594 1160; x_wconf 88' lang='lat' dir='ltr'><strong>consuluisset,</strong></span> <span class='ocrx_word' id='word_1_67' title='bbox 1621 1097 1796 1166; x_wconf 87' lang='lat' dir='ltr'><strong>ipsum</strong></span> <span class='ocrx_word' id='word_1_68' title='bbox 1821 1095 1895 1152; x_wconf 90' lang='lat' dir='ltr'><strong>illi</strong></span> <span class='ocrx_word' id='word_1_69' title='bbox 1923 1093 2099 1167; x_wconf 82' lang='lat' dir='ltr'><strong>parati</strong></span> 
     </span>
    </p>
   </div>
   <div class='ocr_carea' id='block_1_12' title="bbox 510 1185 2096 1260">
    <p class='ocr_par' dir='ltr' id='par_1_12' title="bbox 510 1185 2096 1260">
     <span class='ocr_line' id='line_1_12' title="bbox 510 1185 2096 1260; baseline -0.001 -16"><span class='ocrx_word' id='word_1_70' title='bbox 510 1195 697 1244; x_wconf 87' lang='lat' dir='ltr'><strong>essent</strong></span> <span class='ocrx_word' id='word_1_71' title='bbox 724 1185 944 1258; x_wconf 86' lang='lat' dir='ltr'><strong>eligere.</strong></span> <span class='ocrx_word' id='word_1_72' title='bbox 972 1186 1151 1254; x_wconf 90' lang='lat' dir='ltr'><strong>Unde,</strong></span> <span class='ocrx_word' id='word_1_73' title='bbox 1181 1203 1304 1243; x_wconf 92' lang='lat' dir='ltr'><strong>cum</strong></span> <span class='ocrx_word' id='word_1_74' title='bbox 1341 1186 1540 1243; x_wconf 90' lang='lat' dir='ltr'><strong>Cencio</strong></span> <span class='ocrx_word' id='word_1_75' title='bbox 1573 1185 2096 1260; x_wconf 77' lang='lat' dir='ltr'><strong>Romanorumjcon—</strong></span> 
     </span>
    </p>
   </div>
   <div class='ocr_carea' id='block_1_13' title="bbox 511 1276 2098 1352">
    <p class='ocr_par' dir='ltr' id='par_1_13' title="bbox 511 1276 2098 1352">
     <span class='ocr_line' id='line_1_13' title="bbox 511 1276 2098 1352; baseline -0.001 -16"><span class='ocrx_word' id='word_1_76' title='bbox 511 1280 628 1336; x_wconf 88' lang='lat' dir='ltr'><strong>snle</strong></span> <span class='ocrx_word' id='word_1_77' title='bbox 661 1279 889 1335; x_wconf 88' lang='lat' dir='ltr'><strong>consilio</strong></span> <span class='ocrx_word' id='word_1_78' title='bbox 921 1280 1124 1346; x_wconf 88' lang='lat' dir='ltr'><strong>habito,</strong></span> <span class='ocrx_word' id='word_1_79' title='bbox 1184 1279 1400 1335; x_wconf 83' lang='lat' dir='ltr'><strong>tandem</strong></span> <span class='ocrx_word' id='word_1_80' title='bbox 1425 1287 1482 1334; x_wconf 90' lang='lat' dir='ltr'><strong>ttt</strong></span> <span class='ocrx_word' id='word_1_81' title='bbox 1517 1276 1784 1335; x_wconf 88' lang='lat' dir='ltr'><strong>Ostiensis</strong></span> <span class='ocrx_word' id='word_1_82' title='bbox 1811 1279 2098 1352; x_wconf 87' lang='lat' dir='ltr'><strong>episcopus</strong></span> 
     </span>
    </p>
   </div>
   <div class='ocr_carea' id='block_1_14' title="bbox 513 1367 2097 1444">
    <p class='ocr_par' dir='ltr' id='par_1_14' title="bbox 513 1367 2097 1444">
     <span class='ocr_line' id='line_1_14' title="bbox 513 1367 2097 1444; baseline -0.002 -18"><span class='ocrx_word' id='word_1_83' title='bbox 513 1387 652 1444; x_wconf 87' lang='lat' dir='ltr'><strong>papa</strong></span> <span class='ocrx_word' id='word_1_84' title='bbox 688 1369 999 1440; x_wconf 76' lang='lat' dir='ltr'><strong>eligeretur,</strong></span> <span class='ocrx_word' id='word_1_85' title='bbox 1040 1368 1301 1426; x_wconf 85' lang='lat' dir='ltr'><strong>decrevit.</strong></span> <span class='ocrx_word' id='word_1_86' title='bbox 1351 1367 1478 1424; x_wconf 85' lang='lat' dir='ltr'><strong>Post</strong></span> <span class='ocrx_word' id='word_1_87' title='bbox 1509 1368 1624 1424; x_wconf 81' lang='lat' dir='ltr'><strong>haec</strong></span> <span class='ocrx_word' id='word_1_88' title='bbox 1671 1367 2002 1439; x_wconf 67' lang='lat' dir='ltr'><strong>quaesierunt</strong></span> <span class='ocrx_word' id='word_1_89' title='bbox 2030 1368 2097 1423; x_wconf 93' lang='lat' dir='ltr'><strong>ab</strong></span> 
     </span>
    </p>
   </div>
   <div class='ocr_carea' id='block_1_15' title="bbox 515 1458 2096 1532">
    <p class='ocr_par' dir='ltr' id='par_1_15' title="bbox 515 1458 2096 1532">
     <span class='ocr_line' id='line_1_15' title="bbox 515 1458 2096 1532; baseline -0.003 -14"><span class='ocrx_word' id='word_1_90' title='bbox 515 1479 580 1519; x_wconf 92' lang='lat' dir='ltr'><strong>eo</strong></span> <span class='ocrx_word' id='word_1_91' title='bbox 612 1471 672 1517; x_wconf 92' lang='lat' dir='ltr'><strong>ut</strong></span> <span class='ocrx_word' id='word_1_92' title='bbox 714 1463 890 1532; x_wconf 90' lang='lat' dir='ltr'><strong>ipsum</strong></span> <span class='ocrx_word' id='word_1_93' title='bbox 945 1460 1276 1532; x_wconf 89' lang='lat' dir='ltr'><strong>pontiﬁcem,</strong></span> <span class='ocrx_word' id='word_1_94' title='bbox 1318 1475 1488 1531; x_wconf 87' lang='lat' dir='ltr'><strong>quem</strong></span> <span class='ocrx_word' id='word_1_95' title='bbox 1510 1459 1792 1531; x_wconf 83' lang='lat' dir='ltr'><strong>eligerent,</strong></span> <span class='ocrx_word' id='word_1_96' title='bbox 1842 1459 1894 1513; x_wconf 89' lang='lat' dir='ltr'><strong>in</strong></span> <span class='ocrx_word' id='word_1_97' title='bbox 1921 1458 2096 1514; x_wconf 86' lang='lat' dir='ltr'><strong>Cassi-</strong></span> 
     </span>
    </p>
   </div>
   <div class='ocr_carea' id='block_1_16' title="bbox 517 1551 2098 1623">
    <p class='ocr_par' dir='ltr' id='par_1_16' title="bbox 517 1551 2098 1623">
     <span class='ocr_line' id='line_1_16' title="bbox 517 1551 2098 1623; baseline -0.001 -13"><span class='ocrx_word' id='word_1_98' title='bbox 517 1554 671 1612; x_wconf 89' lang='lat' dir='ltr'><strong>nensi</strong></span> <span class='ocrx_word' id='word_1_99' title='bbox 705 1554 1040 1611; x_wconf 90' lang='lat' dir='ltr'><strong>monasterio</strong></span> <span class='ocrx_word' id='word_1_100' title='bbox 1069 1553 1372 1623; x_wconf 86' lang='lat' dir='ltr'><strong>reciperet;</strong></span> <span class='ocrx_word' id='word_1_101' title='bbox 1397 1567 1630 1623; x_wconf 89' lang='lat' dir='ltr'><strong>eumque</strong></span> <span class='ocrx_word' id='word_1_102' title='bbox 1655 1553 1828 1608; x_wconf 89' lang='lat' dir='ltr'><strong>donec</strong></span> <span class='ocrx_word' id='word_1_103' title='bbox 1857 1551 2098 1608; x_wconf 83' lang='lat' dir='ltr'><strong>Ecclesia</strong></span> 
     </span>
    </p>
   </div>
   <div class='ocr_carea' id='block_1_17' title="bbox 515 1646 2096 1724">
    <p class='ocr_par' dir='ltr' id='par_1_17' title="bbox 515 1646 2096 1724">
     <span class='ocr_line' id='line_1_17' title="bbox 515 1646 2096 1724; baseline -0.001 -22"><span class='ocrx_word' id='word_1_104' title='bbox 515 1647 981 1724; x_wconf 89' lang='lat' dir='ltr'><strong>tranquillaretur,</strong></span> <span class='ocrx_word' id='word_1_105' title='bbox 1006 1662 1127 1702; x_wconf 90' lang='lat' dir='ltr'><strong>cum</strong></span> <span class='ocrx_word' id='word_1_106' title='bbox 1157 1646 1271 1702; x_wconf 85' lang='lat' dir='ltr'><strong>suis</strong></span> <span class='ocrx_word' id='word_1_107' title='bbox 1297 1647 1551 1701; x_wconf 83' lang='lat' dir='ltr'><strong>omnibus</strong></span> <span class='ocrx_word' id='word_1_108' title='bbox 1577 1654 1931 1712; x_wconf 86' lang='lat' dir='ltr'><strong>sustentaret,</strong></span> <span class='ocrx_word' id='word_1_109' title='bbox 1957 1646 2096 1701; x_wconf 80' lang='lat' dir='ltr'><strong>sicut</strong></span> 
     </span>
    </p>
   </div>
   <div class='ocr_carea' id='block_1_18' title="bbox 512 1735 2095 1808">
    <p class='ocr_par' dir='ltr' id='par_1_18' title="bbox 512 1735 2095 1808">
     <span class='ocr_line' id='line_1_18' title="bbox 512 1735 2095 1808; baseline -0.001 -15"><span class='ocrx_word' id='word_1_110' title='bbox 512 1745 570 1793; x_wconf 89' lang='lat' dir='ltr'><strong>et</strong></span> <span class='ocrx_word' id='word_1_111' title='bbox 598 1737 665 1794; x_wconf 87' lang='lat' dir='ltr'><strong>de</strong></span> <span class='ocrx_word' id='word_1_112' title='bbox 687 1737 999 1808; x_wconf 85' lang='lat' dir='ltr'><strong>supradicto</strong></span> <span class='ocrx_word' id='word_1_113' title='bbox 1025 1751 1162 1808; x_wconf 87' lang='lat' dir='ltr'><strong>papa</strong></span> <span class='ocrx_word' id='word_1_114' title='bbox 1192 1735 1455 1808; x_wconf 81' lang='lat' dir='ltr'><strong>Gregorio</strong></span> <span class='ocrx_word' id='word_1_115' title='bbox 1492 1735 1734 1793; x_wconf 83' lang='lat' dir='ltr'><strong>fecerat:</strong></span> <span class='ocrx_word' id='word_1_116' title='bbox 1770 1737 1912 1807; x_wconf 86' lang='lat' dir='ltr'><strong>quod</strong></span> <span class='ocrx_word' id='word_1_117' title='bbox 1941 1737 2095 1792; x_wconf 89' lang='lat' dir='ltr'><strong>Desi-</strong></span> 
     </span>
    </p>
   </div>
   <div class='ocr_carea' id='block_1_19' title="bbox 2201 545 3785 622">
    <p class='ocr_par' dir='ltr' id='par_1_19' title="bbox 2201 545 3785 622">
     <span class='ocr_line' id='line_1_19' title="bbox 2201 545 3785 622; baseline -0.001 -20"><span class='ocrx_word' id='word_1_118' title='bbox 2201 557 2384 604; x_wconf 88' lang='lat' dir='ltr'><strong>menta</strong></span> <span class='ocrx_word' id='word_1_119' title='bbox 2432 551 2881 622; x_wconf 87' lang='lat' dir='ltr'><strong>precationesque</strong></span> <span class='ocrx_word' id='word_1_120' title='bbox 2917 548 3149 607; x_wconf 80' lang='lat' dir='ltr'><strong>deﬂecti.</strong></span> <span class='ocrx_word' id='word_1_121' title='bbox 3186 550 3303 606; x_wconf 77' lang='lat' dir='ltr'><strong>Nan</strong></span> <span class='ocrx_word' id='word_1_122' title='bbox 3337 557 3518 605; x_wconf 87' lang='lat' dir='ltr'><strong>tamen</strong></span> <span class='ocrx_word' id='word_1_123' title='bbox 3560 545 3632 604; x_wconf 91' lang='lat' dir='ltr'><strong>ob</strong></span> <span class='ocrx_word' id='word_1_124' title='bbox 3676 547 3785 602; x_wconf 85' lang='lat' dir='ltr'><strong>hoc</strong></span> 
     </span>
    </p>
   </div>
   <div class='ocr_carea' id='block_1_20' title="bbox 2202 638 3784 713">
    <p class='ocr_par' dir='ltr' id='par_1_20' title="bbox 2202 638 3784 713">
     <span class='ocr_line' id='line_1_20' title="bbox 2202 638 3784 713; baseline -0.001 -18"><span class='ocrx_word' id='word_1_125' title='bbox 2202 641 2506 699; x_wconf 85' lang='lat' dir='ltr'><strong>cardinales</strong></span> <span class='ocrx_word' id='word_1_126' title='bbox 2537 651 2590 697; x_wconf 90' lang='lat' dir='ltr'><strong>et</strong></span> <span class='ocrx_word' id='word_1_127' title='bbox 2621 642 2894 712; x_wconf 82' lang='lat' dir='ltr'><strong>episcopi,</strong></span> <span class='ocrx_word' id='word_1_128' title='bbox 2930 643 3022 713; x_wconf 92' lang='lat' dir='ltr'><strong>qni</strong></span> <span class='ocrx_word' id='word_1_129' title='bbox 3053 657 3180 698; x_wconf 90' lang='lat' dir='ltr'><strong>cum</strong></span> <span class='ocrx_word' id='word_1_130' title='bbox 3207 657 3275 698; x_wconf 91' lang='lat' dir='ltr'><strong>eo</strong></span> <span class='ocrx_word' id='word_1_131' title='bbox 3300 649 3479 706; x_wconf 90' lang='lat' dir='ltr'><strong>erant,</strong></span> <span class='ocrx_word' id='word_1_132' title='bbox 3519 638 3784 704; x_wconf 83' lang='lat' dir='ltr'><strong>aliquate-</strong></span> 
     </span>
    </p>
   </div>
   <div class='ocr_carea' id='block_1_21' title="bbox 2201 733 3783 806">
    <p class='ocr_par' dir='ltr' id='par_1_21' title="bbox 2201 733 3783 806">
     <span class='ocr_line' id='line_1_21' title="bbox 2201 733 3783 806; baseline -0.003 -19"><span class='ocrx_word' id='word_1_133' title='bbox 2201 745 2304 790; x_wconf 89' lang='lat' dir='ltr'><strong>nus</strong></span> <span class='ocrx_word' id='word_1_134' title='bbox 2341 733 2702 804; x_wconf 88' lang='lat' dir='ltr'><strong>quiescentes,</strong></span> <span class='ocrx_word' id='word_1_135' title='bbox 2735 733 2974 792; x_wconf 86' lang='lat' dir='ltr'><strong>Jordano</strong></span> <span class='ocrx_word' id='word_1_136' title='bbox 2996 735 3227 806; x_wconf 87' lang='lat' dir='ltr'><strong>principi</strong></span> <span class='ocrx_word' id='word_1_137' title='bbox 3259 735 3465 790; x_wconf 89' lang='lat' dir='ltr'><strong>instare</strong></span> <span class='ocrx_word' id='word_1_138' title='bbox 3492 736 3783 802; x_wconf 61' lang='lat' dir='ltr'><strong>carpenta!</strong></span> 
     </span>
    </p>
   </div>
   <div class='ocr_carea' id='block_1_22' title="bbox 2201 820 3785 896">
    <p class='ocr_par' dir='ltr' id='par_1_22' title="bbox 2201 820 3785 896">
     <span class='ocr_line' id='line_1_22' title="bbox 2201 820 3785 896; baseline -0.003 -19"><span class='ocrx_word' id='word_1_139' title='bbox 2201 831 2261 878; x_wconf 89' lang='lat' dir='ltr'><strong>ut</strong></span> <span class='ocrx_word' id='word_1_140' title='bbox 2286 825 2613 894; x_wconf 87' lang='lat' dir='ltr'><strong>quantocius</strong></span> <span class='ocrx_word' id='word_1_141' title='bbox 2657 835 2999 896; x_wconf 87' lang='lat' dir='ltr'><strong>properaret,</strong></span> <span class='ocrx_word' id='word_1_142' title='bbox 3049 834 3104 881; x_wconf 92' lang='lat' dir='ltr'><strong>et</strong></span> <span class='ocrx_word' id='word_1_143' title='bbox 3151 833 3371 895; x_wconf 84' lang='lat' dir='ltr'><strong>propter</strong></span> <span class='ocrx_word' id='word_1_144' title='bbox 3415 820 3785 880; x_wconf 84' lang='lat' dir='ltr'><strong>consecratio-</strong></span> 
     </span>
    </p>
   </div>
   <div class='ocr_carea' id='block_1_23' title="bbox 2200 908 3783 985">
    <p class='ocr_par' dir='ltr' id='par_1_23' title="bbox 2200 908 3783 985">
     <span class='ocr_line' id='line_1_23' title="bbox 2200 908 3783 985; baseline -0.004 -17"><span class='ocrx_word' id='word_1_145' title='bbox 2200 927 2327 969; x_wconf 87' lang='lat' dir='ltr'><strong>nem</strong></span> <span class='ocrx_word' id='word_1_146' title='bbox 2354 913 2598 985; x_wconf 82' lang='lat' dir='ltr'><strong>ejusdem</strong></span> <span class='ocrx_word' id='word_1_147' title='bbox 2639 915 2798 972; x_wconf 88' lang='lat' dir='ltr'><strong>electi</strong></span> <span class='ocrx_word' id='word_1_148' title='bbox 2830 915 3059 971; x_wconf 80' lang='lat' dir='ltr'><strong>Romam</strong></span> <span class='ocrx_word' id='word_1_149' title='bbox 3089 930 3214 971; x_wconf 91' lang='lat' dir='ltr'><strong>cum</strong></span> <span class='ocrx_word' id='word_1_150' title='bbox 3257 915 3336 969; x_wconf 88' lang='lat' dir='ltr'><strong>eis</strong></span> <span class='ocrx_word' id='word_1_151' title='bbox 3364 921 3630 984; x_wconf 77' lang='lat' dir='ltr'><strong>pergeret.</strong></span> <span class='ocrx_word' id='word_1_152' title='bbox 3677 908 3783 975; x_wconf 87' lang='lat' dir='ltr'><strong>Qui</strong></span> 
     </span>
    </p>
   </div>
   <div class='ocr_carea' id='block_1_24' title="bbox 2200 1001 3778 1077">
    <p class='ocr_par' dir='ltr' id='par_1_24' title="bbox 2200 1001 3778 1077">
     <span class='ocr_line' id='line_1_24' title="bbox 2200 1001 3778 1077; baseline -0.003 -16"><span class='ocrx_word' id='word_1_153' title='bbox 2200 1021 2323 1061; x_wconf 88' lang='lat' dir='ltr'><strong>cum</strong></span> <span class='ocrx_word' id='word_1_154' title='bbox 2361 1009 2836 1077; x_wconf 81' lang='lat' dir='ltr'><strong>magnoexercitu</strong></span> <span class='ocrx_word' id='word_1_155' title='bbox 2877 1009 3076 1064; x_wconf 84' lang='lat' dir='ltr'><strong>adlioc</strong></span> <span class='ocrx_word' id='word_1_156' title='bbox 3106 1008 3498 1063; x_wconf 85' lang='lat' dir='ltr'><strong>monasterium</strong></span> <span class='ocrx_word' id='word_1_157' title='bbox 3527 1001 3778 1066; x_wconf 89' lang='lat' dir='ltr'><strong>veniens,</strong></span> 
     </span>
    </p>
   </div>
   <div class='ocr_carea' id='block_1_25' title="bbox 2201 1094 3783 1168">
    <p class='ocr_par' dir='ltr' id='par_1_25' title="bbox 2201 1094 3783 1168">
     <span class='ocr_line' id='line_1_25' title="bbox 2201 1094 3783 1168; baseline -0.002 -18"><span class='ocrx_word' id='word_1_158' title='bbox 2201 1095 2399 1165; x_wconf 89' lang='lat' dir='ltr'><strong>partim</strong></span> <span class='ocrx_word' id='word_1_159' title='bbox 2438 1098 2826 1165; x_wconf 33' lang='lat' dir='ltr'><strong>,dehortatione</strong></span> <span class='ocrx_word' id='word_1_160' title='bbox 2876 1097 3045 1168; x_wconf 90' lang='lat' dir='ltr'><strong>ipsius</strong></span> <span class='ocrx_word' id='word_1_161' title='bbox 3097 1097 3283 1163; x_wconf 87' lang='lat' dir='ltr'><strong>electi,</strong></span> <span class='ocrx_word' id='word_1_162' title='bbox 3335 1095 3530 1166; x_wconf 90' lang='lat' dir='ltr'><strong>partim</strong></span> <span class='ocrx_word' id='word_1_163' title='bbox 3586 1094 3783 1148; x_wconf 86' lang='lat' dir='ltr'><strong>timore</strong></span> 
     </span>
    </p>
   </div>
   <div class='ocr_carea' id='block_1_26' title="bbox 2200 1186 3586 1260">
    <p class='ocr_par' dir='ltr' id='par_1_26' title="bbox 2200 1186 3586 1260">
     <span class='ocr_line' id='line_1_26' title="bbox 2200 1186 3586 1260; baseline -0.003 -18"><span class='ocrx_word' id='word_1_164' title='bbox 2200 1187 2406 1243; x_wconf 64' lang='lat' dir='ltr'><strong>aestatis</strong></span> <span class='ocrx_word' id='word_1_165' title='bbox 2437 1188 2662 1244; x_wconf 90' lang='lat' dir='ltr'><strong>ulterius</strong></span> <span class='ocrx_word' id='word_1_166' title='bbox 2691 1188 2942 1260; x_wconf 77' lang='lat' dir='ltr'><strong>progredi</strong></span> <span class='ocrx_word' id='word_1_167' title='bbox 2967 1186 3176 1255; x_wconf 88' lang='lat' dir='ltr'><strong>nolens,</strong></span> <span class='ocrx_word' id='word_1_168' title='bbox 3211 1201 3459 1242; x_wconf 85' lang='lat' dir='ltr'><strong>reversus</strong></span> <span class='ocrx_word' id='word_1_169' title='bbox 3482 1192 3586 1240; x_wconf 90' lang='lat' dir='ltr'><strong>est.</strong></span> 
     </span>
    </p>
   </div>
   <div class='ocr_carea' id='block_1_27' title="bbox 2270 1276 3780 1352">
    <p class='ocr_par' dir='ltr' id='par_1_27' title="bbox 2270 1276 3780 1352">
     <span class='ocr_line' id='line_1_27' title="bbox 2270 1276 3780 1352; baseline -0.003 -18"><span class='ocrx_word' id='word_1_170' title='bbox 2270 1278 2562 1335; x_wconf 77' lang='lat' dir='ltr'><strong>Concilium</strong></span> <span class='ocrx_word' id='word_1_171' title='bbox 2604 1280 2822 1352; x_wconf 63' lang='lat' dir='ltr'><strong>Capua.</strong></span> <span class='ocrx_word' id='word_1_172' title='bbox 2875 1279 3052 1336; x_wconf 69' lang='lat' dir='ltr'><strong>Roma</strong></span> <span class='ocrx_word' id='word_1_173' title='bbox 3097 1290 3452 1336; x_wconf 76' lang='lat' dir='ltr'><strong>consecratur.</strong></span> <span class='ocrx_word' id='word_1_174' title='bbox 3501 1276 3780 1332; x_wconf 67' lang='lat' dir='ltr'><strong>Cossitium</strong></span> 
     </span>
    </p>
   </div>
   <div class='ocr_carea' id='block_1_28' title="bbox 2202 1368 3778 1443">
    <p class='ocr_par' dir='ltr' id='par_1_28' title="bbox 2202 1368 3778 1443">
     <span class='ocr_line' id='line_1_28' title="bbox 2202 1368 3778 1443; baseline -0.001 -20"><span class='ocrx_word' id='word_1_175' title='bbox 2202 1370 2732 1443; x_wconf 59' lang='lat' dir='ltr'><strong>ralia—Sequenti</strong></span> <span class='ocrx_word' id='word_1_176' title='bbox 2784 1387 2950 1439; x_wconf 89' lang='lat' dir='ltr'><strong>anno,</strong></span> <span class='ocrx_word' id='word_1_177' title='bbox 3005 1372 3276 1427; x_wconf 84' lang='lat' dir='ltr'><strong>mediante</strong></span> <span class='ocrx_word' id='word_1_178' title='bbox 3327 1368 3778 1440; x_wconf 82' lang='lat' dir='ltr'><strong>Quadragesima,</strong></span> 
     </span>
    </p>
   </div>
   <div class='ocr_carea' id='block_1_29' title="bbox 2199 1455 3791 1537">
    <p class='ocr_par' dir='ltr' id='par_1_29' title="bbox 2199 1455 3791 1537">
     <span class='ocr_line' id='line_1_29' title="bbox 2199 1455 3791 1537; baseline 0.002 -22"><span class='ocrx_word' id='word_1_179' title='bbox 2199 1464 2339 1534; x_wconf 88' lang='lat' dir='ltr'><strong>apud</strong></span> <span class='ocrx_word' id='word_1_180' title='bbox 2387 1463 2625 1535; x_wconf 84' lang='lat' dir='ltr'><strong>Capuam</strong></span> <span class='ocrx_word' id='word_1_181' title='bbox 2684 1455 2915 1522; x_wconf 77' lang='lat' dir='ltr'><strong>concilio</strong></span> <span class='ocrx_word' id='word_1_182' title='bbox 2973 1471 3366 1537; x_wconf 80' lang='lat' dir='ltr'><strong>episcoporum</strong></span> <span class='ocrx_word' id='word_1_183' title='bbox 3422 1471 3791 1536; x_wconf 80' lang='lat' dir='ltr'><strong>congregato,.</strong></span> 
     </span>
    </p>
   </div>
   <div class='ocr_carea' id='block_1_30' title="bbox 2200 1554 3792 1631">
    <p class='ocr_par' dir='ltr' id='par_1_30' title="bbox 2200 1554 3792 1631">
     <span class='ocr_line' id='line_1_30' title="bbox 2200 1554 3792 1631; baseline -0.002 -18"><span class='ocrx_word' id='word_1_184' title='bbox 2200 1572 2322 1613; x_wconf 90' lang='lat' dir='ltr'><strong>cum</strong></span> <span class='ocrx_word' id='word_1_185' title='bbox 2353 1559 2644 1630; x_wconf 62' lang='lat' dir='ltr'><strong>praedictus</strong></span> <span class='ocrx_word' id='word_1_186' title='bbox 2685 1559 2893 1616; x_wconf 89' lang='lat' dir='ltr'><strong>electus</strong></span> <span class='ocrx_word' id='word_1_187' title='bbox 2927 1575 3032 1614; x_wconf 89' lang='lat' dir='ltr'><strong>una</strong></span> <span class='ocrx_word' id='word_1_188' title='bbox 3063 1575 3183 1614; x_wconf 90' lang='lat' dir='ltr'><strong>cum</strong></span> <span class='ocrx_word' id='word_1_189' title='bbox 3223 1557 3495 1631; x_wconf 18' lang='lat' dir='ltr'><strong>epiScOp‘is</strong></span> <span class='ocrx_word' id='word_1_190' title='bbox 3523 1565 3580 1612; x_wconf 92' lang='lat' dir='ltr'><strong>et</strong></span> <span class='ocrx_word' id='word_1_191' title='bbox 3603 1554 3792 1612; x_wconf 40' lang='lat' dir='ltr'><strong>eat-di,</strong></span> 
     </span>
    </p>
   </div>
   <div class='ocr_carea' id='block_1_31' title="bbox 2201 1646 3782 1722">
    <p class='ocr_par' dir='ltr' id='par_1_31' title="bbox 2201 1646 3782 1722">
     <span class='ocr_line' id='line_1_31' title="bbox 2201 1646 3782 1722; baseline 0.001 -18"><span class='ocrx_word' id='word_1_192' title='bbox 2201 1649 2416 1708; x_wconf 91' lang='lat' dir='ltr'><strong>nalibus</strong></span> <span class='ocrx_word' id='word_1_193' title='bbox 2443 1651 2707 1708; x_wconf 82' lang='lat' dir='ltr'><strong>Romanis</strong></span> <span class='ocrx_word' id='word_1_194' title='bbox 2733 1653 2912 1708; x_wconf 90' lang='lat' dir='ltr'><strong>eidem</strong></span> <span class='ocrx_word' id='word_1_195' title='bbox 2937 1651 3179 1708; x_wconf 88' lang='lat' dir='ltr'><strong>concilio.</strong></span> <span class='ocrx_word' id='word_1_196' title='bbox 3199 1651 3525 1722; x_wconf 75' lang='lat' dir='ltr'><strong>przelnisset,</strong></span> <span class='ocrx_word' id='word_1_197' title='bbox 3551 1646 3782 1705; x_wconf 81' lang='lat' dir='ltr'><strong>Cencius</strong></span> 
     </span>
    </p>
   </div>
   <div class='ocr_carea' id='block_1_32' title="bbox 2199 1739 3778 1802">
    <p class='ocr_par' dir='ltr' id='par_1_32' title="bbox 2199 1739 3778 1802">
     <span class='ocr_line' id='line_1_32' title="bbox 2199 1739 3778 1802; baseline -0.001 -4"><span class='ocrx_word' id='word_1_198' title='bbox 2199 1743 2363 1800; x_wconf 89' lang='lat' dir='ltr'><strong>etiam</strong></span> <span class='ocrx_word' id='word_1_199' title='bbox 2400 1744 2772 1801; x_wconf 81' lang='lat' dir='ltr'><strong>Romanorum</strong></span> <span class='ocrx_word' id='word_1_200' title='bbox 2817 1744 3006 1802; x_wconf 92' lang='lat' dir='ltr'><strong>consul</strong></span> <span class='ocrx_word' id='word_1_201' title='bbox 3044 1759 3165 1800; x_wconf 92' lang='lat' dir='ltr'><strong>cum</strong></span> <span class='ocrx_word' id='word_1_202' title='bbox 3214 1745 3334 1799; x_wconf 88' lang='lat' dir='ltr'><strong>aliis</strong></span> <span class='ocrx_word' id='word_1_203' title='bbox 3373 1741 3644 1798; x_wconf 83' lang='lat' dir='ltr'><strong>nobilibus</strong></span> <span class='ocrx_word' id='word_1_204' title='bbox 3671 1739 3778 1796; x_wconf 54' lang='lat' dir='ltr'><strong>Ro:</strong></span> 
     </span>
    </p>
   </div>
   <div class='ocr_carea' id='block_1_33' title="bbox 515 1827 3801 1908">
    <p class='ocr_par' dir='ltr' id='par_1_33' title="bbox 515 1827 3801 1908">
     <span class='ocr_line' id='line_1_33' title="bbox 515 1827 3801 1908; baseline 0.001 -24"><span class='ocrx_word' id='word_1_205' title='bbox 515 1829 700 1886; x_wconf 84' lang='lat' dir='ltr'><strong>derius</strong></span> <span class='ocrx_word' id='word_1_206' title='bbox 745 1830 1100 1886; x_wconf 89' lang='lat' dir='ltr'><strong>libentissime</strong></span> <span class='ocrx_word' id='word_1_207' title='bbox 1142 1829 1325 1886; x_wconf 81' lang='lat' dir='ltr'><strong>facere</strong></span> <span class='ocrx_word' id='word_1_208' title='bbox 1379 1829 1708 1902; x_wconf 87' lang='lat' dir='ltr'><strong>repromisit,</strong></span> <span class='ocrx_word' id='word_1_209' title='bbox 1749 1839 1802 1886; x_wconf 88' lang='lat' dir='ltr'><strong>et</strong></span> <span class='ocrx_word' id='word_1_210' title='bbox 1830 1845 1930 1900; x_wconf 92' lang='lat' dir='ltr'><strong>per</strong></span> <span class='ocrx_word' id='word_1_211' title='bbox 1953 1827 2099 1886; x_wconf 82' lang='lat' dir='ltr'><strong>feru-</strong></span> <span class='ocrx_word' id='word_1_212' title='bbox 2131 1833 2174 1889; x_wconf 92' lang='lat' dir='ltr'><strong>B</strong></span> <span class='ocrx_word' id='word_1_213' title='bbox 2200 1837 2395 1901; x_wconf 90' lang='lat' dir='ltr'><strong>manis,</strong></span> <span class='ocrx_word' id='word_1_214' title='bbox 2424 1846 2478 1892; x_wconf 91' lang='lat' dir='ltr'><strong>et</strong></span> <span class='ocrx_word' id='word_1_215' title='bbox 2501 1835 2772 1894; x_wconf 78' lang='lat' dir='ltr'><strong>Jordanus</strong></span> <span class='ocrx_word' id='word_1_216' title='bbox 2813 1837 3085 1908; x_wconf 87' lang='lat' dir='ltr'><strong>princeps,</strong></span> <span class='ocrx_word' id='word_1_217' title='bbox 3113 1844 3168 1891; x_wconf 91' lang='lat' dir='ltr'><strong>et</strong></span> <span class='ocrx_word' id='word_1_218' title='bbox 3206 1835 3472 1904; x_wconf 86' lang='lat' dir='ltr'><strong>Rogerius</strong></span> <span class='ocrx_word' id='word_1_219' title='bbox 3507 1834 3617 1888; x_wconf 81' lang='lat' dir='ltr'><strong>dux</strong></span> <span class='ocrx_word' id='word_1_220' title='bbox 3656 1846 3801 1888; x_wconf 85' lang='lat' dir='ltr'><strong>eum</strong></span> 
     </span>
    </p>
   </div>
   <div class='ocr_carea' id='block_1_34' title="bbox 514 1919 2097 1994">
    <p class='ocr_par' dir='ltr' id='par_1_34' title="bbox 514 1919 2097 1994">
     <span class='ocr_line' id='line_1_34' title="bbox 514 1919 2097 1994; baseline 0.003 -21"><span class='ocrx_word' id='word_1_221' title='bbox 514 1919 622 1976; x_wconf 88' lang='lat' dir='ltr'><strong>lam</strong></span> <span class='ocrx_word' id='word_1_222' title='bbox 671 1936 836 1993; x_wconf 86' lang='lat' dir='ltr'><strong>quam</strong></span> <span class='ocrx_word' id='word_1_223' title='bbox 881 1936 1044 1977; x_wconf 91' lang='lat' dir='ltr'><strong>manu</strong></span> <span class='ocrx_word' id='word_1_224' title='bbox 1095 1922 1362 1994; x_wconf 74' lang='lat' dir='ltr'><strong>gestabat,</strong></span> <span class='ocrx_word' id='word_1_225' title='bbox 1410 1921 1582 1978; x_wconf 89' lang='lat' dir='ltr'><strong>cosin</strong></span> <span class='ocrx_word' id='word_1_226' title='bbox 1616 1921 1720 1977; x_wconf 90' lang='lat' dir='ltr'><strong>ﬁde</strong></span> <span class='ocrx_word' id='word_1_227' title='bbox 1748 1936 1848 1976; x_wconf 87' lang='lat' dir='ltr'><strong>sua</strong></span> <span class='ocrx_word' id='word_1_228' title='bbox 1899 1923 1964 1977; x_wconf 90' lang='lat' dir='ltr'><strong>de</strong></span> <span class='ocrx_word' id='word_1_229' title='bbox 1993 1922 2097 1978; x_wconf 90' lang='lat' dir='ltr'><strong>hoc</strong></span> 
     </span>
    </p>
   </div>
   <div class='ocr_carea' id='block_1_35' title="bbox 409 2009 2098 2084">
    <p class='ocr_par' dir='ltr' id='par_1_35' title="bbox 409 2009 2098 2084">
     <span class='ocr_line' id='line_1_35' title="bbox 409 2009 2098 2084; baseline 0.002 -19"><span class='ocrx_word' id='word_1_230' title='bbox 409 2042 422 2048; x_wconf 61' lang='grc' dir='ltr'><em>α</em></span> <span class='ocrx_word' id='word_1_231' title='bbox 516 2009 812 2067; x_wconf 88' lang='lat' dir='ltr'><strong>investivit.</strong></span> <span class='ocrx_word' id='word_1_232' title='bbox 860 2009 992 2067; x_wconf 88' lang='lat' dir='ltr'><strong>Cum</strong></span> <span class='ocrx_word' id='word_1_233' title='bbox 1022 2020 1204 2067; x_wconf 87' lang='lat' dir='ltr'><strong>autem</strong></span> <span class='ocrx_word' id='word_1_234' title='bbox 1236 2012 1350 2084; x_wconf 83' lang='lat' dir='ltr'><strong>jam</strong></span> <span class='ocrx_word' id='word_1_235' title='bbox 1371 2009 1594 2083; x_wconf 86' lang='lat' dir='ltr'><strong>jamque</strong></span> <span class='ocrx_word' id='word_1_236' title='bbox 1625 2012 1692 2068; x_wconf 88' lang='lat' dir='ltr'><strong>de</strong></span> <span class='ocrx_word' id='word_1_237' title='bbox 1715 2011 1952 2068; x_wconf 86' lang='lat' dir='ltr'><strong>Ostiensi</strong></span> <span class='ocrx_word' id='word_1_238' title='bbox 1984 2013 2098 2084; x_wconf 89' lang='lat' dir='ltr'><strong>epi-</strong></span> 
     </span>
    </p>
   </div>
   <div class='ocr_carea' id='block_1_36' title="bbox 517 2103 2096 2174">
    <p class='ocr_par' dir='ltr' id='par_1_36' title="bbox 517 2103 2096 2174">
     <span class='ocr_line' id='line_1_36' title="bbox 517 2103 2096 2174; baseline 0.002 -18"><span class='ocrx_word' id='word_1_239' title='bbox 517 2117 681 2172; x_wconf 86' lang='lat' dir='ltr'><strong>scopo</strong></span> <span class='ocrx_word' id='word_1_240' title='bbox 712 2103 1088 2170; x_wconf 87' lang='lat' dir='ltr'><strong>decernerent,</strong></span> <span class='ocrx_word' id='word_1_241' title='bbox 1141 2111 1362 2174; x_wconf 90' lang='lat' dir='ltr'><strong>repente</strong></span> <span class='ocrx_word' id='word_1_242' title='bbox 1389 2104 1586 2159; x_wconf 89' lang='lat' dir='ltr'><strong>iterum</strong></span> <span class='ocrx_word' id='word_1_243' title='bbox 1620 2105 1839 2174; x_wconf 89' lang='lat' dir='ltr'><strong>quidam</strong></span> <span class='ocrx_word' id='word_1_244' title='bbox 1887 2105 1953 2160; x_wconf 83' lang='lat' dir='ltr'><strong>de</strong></span> <span class='ocrx_word' id='word_1_245' title='bbox 1973 2119 2096 2160; x_wconf 86' lang='lat' dir='ltr'><strong>car-</strong></span> 
     </span>
    </p>
   </div>
   <div class='ocr_carea' id='block_1_37' title="bbox 520 2193 2100 2252">
    <p class='ocr_par' dir='ltr' id='par_1_37' title="bbox 520 2193 2100 2252">
     <span class='ocr_line' id='line_1_37' title="bbox 520 2193 2100 2252; baseline 0.001 -3"><span class='ocrx_word' id='word_1_246' title='bbox 520 2193 792 2250; x_wconf 88' lang='lat' dir='ltr'><strong>diualibus</strong></span> <span class='ocrx_word' id='word_1_247' title='bbox 808 2203 994 2250; x_wconf 89' lang='lat' dir='ltr'><strong>contra</strong></span> <span class='ocrx_word' id='word_1_248' title='bbox 1022 2209 1260 2250; x_wconf 89' lang='lat' dir='ltr'><strong>canones</strong></span> <span class='ocrx_word' id='word_1_249' title='bbox 1289 2197 1428 2250; x_wconf 90' lang='lat' dir='ltr'><strong>hanc</strong></span> <span class='ocrx_word' id='word_1_250' title='bbox 1464 2210 1586 2252; x_wconf 90' lang='lat' dir='ltr'><strong>esse</strong></span> <span class='ocrx_word' id='word_1_251' title='bbox 1610 2195 1930 2251; x_wconf 85' lang='lat' dir='ltr'><strong>electionem</strong></span> <span class='ocrx_word' id='word_1_252' title='bbox 1957 2194 2100 2250; x_wconf 82' lang='lat' dir='ltr'><strong>aﬁir—</strong></span> 
     </span>
    </p>
   </div>
   <div class='ocr_carea' id='block_1_38' title="bbox 516 2289 2100 2358">
    <p class='ocr_par' dir='ltr' id='par_1_38' title="bbox 516 2289 2100 2358">
     <span class='ocr_line' id='line_1_38' title="bbox 516 2289 2100 2358; baseline 0.004 -17"><span class='ocrx_word' id='word_1_253' title='bbox 516 2302 694 2354; x_wconf 89' lang='lat' dir='ltr'><strong>mans,</strong></span> <span class='ocrx_word' id='word_1_254' title='bbox 762 2303 1102 2358; x_wconf 88' lang='lat' dir='ltr'><strong>nequaquam</strong></span> <span class='ocrx_word' id='word_1_255' title='bbox 1147 2303 1206 2344; x_wconf 88' lang='lat' dir='ltr'><strong>se</strong></span> <span class='ocrx_word' id='word_1_256' title='bbox 1251 2303 1644 2345; x_wconf 89' lang='lat' dir='ltr'><strong>consensnrum</strong></span> <span class='ocrx_word' id='word_1_257' title='bbox 1682 2289 1955 2345; x_wconf 77' lang='lat' dir='ltr'><strong>clamavit.</strong></span> <span class='ocrx_word' id='word_1_258' title='bbox 1991 2289 2100 2347; x_wconf 86' lang='lat' dir='ltr'><strong>Illis</strong></span> 
     </span>
    </p>
   </div>
   <div class='ocr_carea' id='block_1_39' title="bbox 519 2380 2098 2452">
    <p class='ocr_par' dir='ltr' id='par_1_39' title="bbox 519 2380 2098 2452">
     <span class='ocr_line' id='line_1_39' title="bbox 519 2380 2098 2452; baseline 0.004 -21"><span class='ocrx_word' id='word_1_259' title='bbox 519 2393 618 2450; x_wconf 90' lang='lat' dir='ltr'><strong>pro</strong></span> <span class='ocrx_word' id='word_1_260' title='bbox 669 2389 930 2449; x_wconf 75' lang='lat' dir='ltr'><strong>tempore,</strong></span> <span class='ocrx_word' id='word_1_261' title='bbox 981 2395 1079 2450; x_wconf 93' lang='lat' dir='ltr'><strong>pro</strong></span> <span class='ocrx_word' id='word_1_262' title='bbox 1128 2381 1455 2436; x_wconf 88' lang='lat' dir='ltr'><strong>necessitate</strong></span> <span class='ocrx_word' id='word_1_263' title='bbox 1504 2382 1608 2437; x_wconf 89' lang='lat' dir='ltr'><strong>hoc</strong></span> <span class='ocrx_word' id='word_1_264' title='bbox 1658 2380 1802 2437; x_wconf 85' lang='lat' dir='ltr'><strong>ferre</strong></span> <span class='ocrx_word' id='word_1_265' title='bbox 1846 2392 2098 2452; x_wconf 82' lang='lat' dir='ltr'><strong>Oportere</strong></span> 
     </span>
    </p>
   </div>
   <div class='ocr_carea' id='block_1_40' title="bbox 518 2471 2096 2541">
    <p class='ocr_par' dir='ltr' id='par_1_40' title="bbox 518 2471 2096 2541">
     <span class='ocr_line' id='line_1_40' title="bbox 518 2471 2096 2541; baseline 0.003 -19"><span class='ocrx_word' id='word_1_266' title='bbox 518 2471 912 2536; x_wconf 90' lang='lat' dir='ltr'><strong>astruentibus,</strong></span> <span class='ocrx_word' id='word_1_267' title='bbox 969 2486 1311 2541; x_wconf 86' lang='lat' dir='ltr'><strong>nequaquam</strong></span> <span class='ocrx_word' id='word_1_268' title='bbox 1344 2485 1466 2526; x_wconf 86' lang='lat' dir='ltr'><strong>eum</strong></span> <span class='ocrx_word' id='word_1_269' title='bbox 1500 2473 1567 2528; x_wconf 90' lang='lat' dir='ltr'><strong>ad</strong></span> <span class='ocrx_word' id='word_1_270' title='bbox 1591 2486 1742 2528; x_wconf 78' lang='lat' dir='ltr'><strong>suam</strong></span> <span class='ocrx_word' id='word_1_271' title='bbox 1775 2473 2096 2528; x_wconf 83' lang='lat' dir='ltr'><strong>sententiam</strong></span> 
     </span>
    </p>
   </div>
   <div class='ocr_carea' id='block_1_41' title="bbox 518 2551 2096 2633">
    <p class='ocr_par' dir='ltr' id='par_1_41' title="bbox 518 2551 2096 2633">
     <span class='ocr_line' id='line_1_41' title="bbox 518 2551 2096 2633; baseline 0.003 -21"><span class='ocrx_word' id='word_1_272' title='bbox 518 2551 746 2615; x_wconf 82' lang='lat' dir='ltr'><strong>nectere</strong></span> <span class='ocrx_word' id='word_1_273' title='bbox 784 2560 1088 2616; x_wconf 88' lang='lat' dir='ltr'><strong>valuerunt.</strong></span> <span class='ocrx_word' id='word_1_274' title='bbox 1145 2562 1368 2629; x_wconf 82' lang='lat' dir='ltr'><strong>Verum,</strong></span> <span class='ocrx_word' id='word_1_275' title='bbox 1424 2563 1814 2633; x_wconf 73' lang='lat' dir='ltr'><strong>utsap?entum</strong></span> <span class='ocrx_word' id='word_1_276' title='bbox 1843 2562 2096 2617; x_wconf 84' lang='lat' dir='ltr'><strong>Salomon</strong></span> 
     </span>
    </p>
   </div>
   <div class='ocr_carea' id='block_1_42' title="bbox 516 2650 2100 2725">
    <p class='ocr_par' dir='ltr' id='par_1_42' title="bbox 516 2650 2100 2725">
     <span class='ocr_line' id='line_1_42' title="bbox 516 2650 2100 2725; baseline 0.002 -19"><span class='ocrx_word' id='word_1_277' title='bbox 516 2650 732 2721; x_wconf 90' lang='lat' dir='ltr'><strong>sapiens</strong></span> <span class='ocrx_word' id='word_1_278' title='bbox 758 2660 1064 2718; x_wconf 70' lang='lat' dir='ltr'><strong>attestatur,</strong></span> <span class='ocrx_word' id='word_1_279' title='bbox 1124 2668 1229 2708; x_wconf 90' lang='lat' dir='ltr'><strong>non</strong></span> <span class='ocrx_word' id='word_1_280' title='bbox 1260 2663 1344 2709; x_wconf 77' lang='lat' dir='ltr'><strong>est</strong></span> <span class='ocrx_word' id='word_1_281' title='bbox 1381 2654 1689 2725; x_wconf 86' lang='lat' dir='ltr'><strong>prudentia,</strong></span> <span class='ocrx_word' id='word_1_282' title='bbox 1725 2664 1936 2710; x_wconf 89' lang='lat' dir='ltr'><strong>nonest</strong></span> <span class='ocrx_word' id='word_1_283' title='bbox 1973 2670 2100 2711; x_wconf 81' lang='lat' dir='ltr'><strong>con-</strong></span> 
     </span>
    </p>
   </div>
   <div class='ocr_carea' id='block_1_43' title="bbox 517 2747 2099 2823">
    <p class='ocr_par' dir='ltr' id='par_1_43' title="bbox 517 2747 2099 2823">
     <span class='ocr_line' id='line_1_43' title="bbox 517 2747 2099 2823; baseline 0.004 -23"><span class='ocrx_word' id='word_1_284' title='bbox 517 2747 696 2801; x_wconf 86' lang='lat' dir='ltr'><strong>silium</strong></span> <span class='ocrx_word' id='word_1_285' title='bbox 726 2755 918 2802; x_wconf 86' lang='lat' dir='ltr'><strong>contra</strong></span> <span class='ocrx_word' id='word_1_286' title='bbox 947 2749 1114 2802; x_wconf 85' lang='lat' dir='ltr'><strong>Deum</strong></span> <span class='ocrx_word' id='word_1_287' title='bbox 1164 2748 1346 2820; x_wconf 86' lang='lat' dir='ltr'><strong>(Prov.</strong></span> <span class='ocrx_word' id='word_1_288' title='bbox 1377 2765 1490 2816; x_wconf 79' lang='lat' dir='ltr'><strong>xxI,</strong></span> <span class='ocrx_word' id='word_1_289' title='bbox 1519 2749 1631 2823; x_wconf 77' lang='lat'><strong>50).</strong></span> <span class='ocrx_word' id='word_1_290' title='bbox 1661 2749 1782 2806; x_wconf 81' lang='lat' dir='ltr'><strong>Mox</strong></span> <span class='ocrx_word' id='word_1_291' title='bbox 1812 2753 1958 2807; x_wconf 89' lang='lat' dir='ltr'><strong>enim</strong></span> <span class='ocrx_word' id='word_1_292' title='bbox 1985 2753 2099 2822; x_wconf 89' lang='lat' dir='ltr'><strong>epi-</strong></span> 
     </span>
    </p>
   </div>
   <div class='ocr_carea' id='block_1_44' title="bbox 521 2838 2097 2916">
    <p class='ocr_par' dir='ltr' id='par_1_44' title="bbox 521 2838 2097 2916">
     <span class='ocr_line' id='line_1_44' title="bbox 521 2838 2097 2916; baseline 0.006 -25"><span class='ocrx_word' id='word_1_293' title='bbox 521 2838 668 2908; x_wconf 88' lang='lat' dir='ltr'><strong>scopi</strong></span> <span class='ocrx_word' id='word_1_294' title='bbox 697 2850 749 2893; x_wconf 92' lang='lat' dir='ltr'><strong>et</strong></span> <span class='ocrx_word' id='word_1_295' title='bbox 784 2839 1091 2896; x_wconf 87' lang='lat' dir='ltr'><strong>cardinales</strong></span> <span class='ocrx_word' id='word_1_296' title='bbox 1122 2856 1227 2896; x_wconf 89' lang='lat' dir='ltr'><strong>una</strong></span> <span class='ocrx_word' id='word_1_297' title='bbox 1255 2857 1377 2899; x_wconf 90' lang='lat' dir='ltr'><strong>cum</strong></span> <span class='ocrx_word' id='word_1_298' title='bbox 1407 2843 1555 2898; x_wconf 85' lang='lat' dir='ltr'><strong>clero</strong></span> <span class='ocrx_word' id='word_1_299' title='bbox 1597 2853 1652 2900; x_wconf 87' lang='lat' dir='ltr'><strong>et</strong></span> <span class='ocrx_word' id='word_1_300' title='bbox 1683 2845 1881 2916; x_wconf 89' lang='lat' dir='ltr'><strong>populo</strong></span> <span class='ocrx_word' id='word_1_301' title='bbox 1918 2847 1969 2900; x_wconf 92' lang='lat' dir='ltr'><strong>in</strong></span> <span class='ocrx_word' id='word_1_302' title='bbox 1996 2845 2097 2901; x_wconf 88' lang='lat' dir='ltr'><strong>De-</strong></span> 
     </span>
    </p>
   </div>
   <div class='ocr_carea' id='block_1_45' title="bbox 517 2931 2096 2999">
    <p class='ocr_par' dir='ltr' id='par_1_45' title="bbox 517 2931 2096 2999">
     <span class='ocr_line' id='line_1_45' title="bbox 517 2931 2096 2999; baseline 0.004 -14"><span class='ocrx_word' id='word_1_303' title='bbox 517 2931 701 2986; x_wconf 87' lang='lat' dir='ltr'><strong>siderii</strong></span> <span class='ocrx_word' id='word_1_304' title='bbox 741 2932 997 2987; x_wconf 90' lang='lat' dir='ltr'><strong>duritiam</strong></span> <span class='ocrx_word' id='word_1_305' title='bbox 1052 2935 1481 2999; x_wconf 83' lang='lat' dir='ltr'><strong>stomachantes,</strong></span> <span class='ocrx_word' id='word_1_306' title='bbox 1537 2945 1588 2993; x_wconf 90' lang='lat' dir='ltr'><strong>et</strong></span> <span class='ocrx_word' id='word_1_307' title='bbox 1643 2938 1891 2994; x_wconf 81' lang='lat' dir='ltr'><strong>videntes</strong></span> <span class='ocrx_word' id='word_1_308' title='bbox 1938 2953 1996 2994; x_wconf 90' lang='lat' dir='ltr'><strong>se</strong></span> <span class='ocrx_word' id='word_1_309' title='bbox 2023 2938 2096 2993; x_wconf 90' lang='lat' dir='ltr'><strong>nil</strong></span> 
     </span>
    </p>
   </div>
   <div class='ocr_carea' id='block_1_46' title="bbox 521 3025 2098 3103">
    <p class='ocr_par' dir='ltr' id='par_1_46' title="bbox 521 3025 2098 3103">
     <span class='ocr_line' id='line_1_46' title="bbox 521 3025 2098 3103; baseline 0.005 -27"><span class='ocrx_word' id='word_1_310' title='bbox 521 3030 680 3092; x_wconf 90' lang='lat' dir='ltr'><strong>posse</strong></span> <span class='ocrx_word' id='word_1_311' title='bbox 723 3037 848 3078; x_wconf 91' lang='lat' dir='ltr'><strong>cum</strong></span> <span class='ocrx_word' id='word_1_312' title='bbox 900 3039 966 3079; x_wconf 90' lang='lat' dir='ltr'><strong>eo</strong></span> <span class='ocrx_word' id='word_1_313' title='bbox 1009 3025 1264 3094; x_wconf 88' lang='lat' dir='ltr'><strong>precibus</strong></span> <span class='ocrx_word' id='word_1_314' title='bbox 1292 3041 1476 3098; x_wconf 88' lang='lat' dir='ltr'><strong>agere,</strong></span> <span class='ocrx_word' id='word_1_315' title='bbox 1505 3035 1815 3084; x_wconf 85' lang='lat' dir='ltr'><strong>statuerunt</strong></span> <span class='ocrx_word' id='word_1_316' title='bbox 1839 3029 2098 3103; x_wconf 76' lang='lat' dir='ltr'><strong>violenter</strong></span> 
     </span>
    </p>
   </div>
   <div class='ocr_carea' id='block_1_47' title="bbox 518 3109 2099 3195">
    <p class='ocr_par' dir='ltr' id='par_1_47' title="bbox 518 3109 2099 3195">
     <span class='ocr_line' id='line_1_47' title="bbox 518 3109 2099 3195; baseline 0.006 -24"><span class='ocrx_word' id='word_1_317' title='bbox 518 3133 734 3174; x_wconf 70' lang='lat' dir='ltr'><strong>causam</strong></span> <span class='ocrx_word' id='word_1_318' title='bbox 752 3119 1030 3190; x_wconf 83' lang='lat' dir='ltr'><strong>perlicere.</strong></span> <span class='ocrx_word' id='word_1_319' title='bbox 1047 3119 1287 3177; x_wconf 90' lang='lat' dir='ltr'><strong>Tandem</strong></span> <span class='ocrx_word' id='word_1_320' title='bbox 1305 3122 1489 3194; x_wconf 89' lang='lat' dir='ltr'><strong>itaque</strong></span> <span class='ocrx_word' id='word_1_321' title='bbox 1510 3123 1747 3180; x_wconf 81' lang='lat' dir='ltr'><strong>universi</strong></span> <span class='ocrx_word' id='word_1_322' title='bbox 1772 3123 1980 3195; x_wconf 88' lang='lat' dir='ltr'><strong>pariter</strong></span> <span class='ocrx_word' id='word_1_323' title='bbox 1992 3109 2099 3180; x_wconf 91' lang='lat' dir='ltr'><strong>uno</strong></span> 
     </span>
    </p>
   </div>
   <div class='ocr_carea' id='block_1_48' title="bbox 2198 1927 3785 2001">
    <p class='ocr_par' dir='ltr' id='par_1_48' title="bbox 2198 1927 3785 2001">
     <span class='ocr_line' id='line_1_48' title="bbox 2198 1927 3785 2001; baseline -0.001 -19"><span class='ocrx_word' id='word_1_324' title='bbox 2198 1929 2452 1986; x_wconf 88' lang='lat' dir='ltr'><strong>omnibus</strong></span> <span class='ocrx_word' id='word_1_325' title='bbox 2504 1929 2619 1986; x_wconf 77' lang='lat' dir='ltr'><strong>fere</strong></span> <span class='ocrx_word' id='word_1_326' title='bbox 2666 1929 2782 1986; x_wconf 90' lang='lat' dir='ltr'><strong>suis</strong></span> <span class='ocrx_word' id='word_1_327' title='bbox 2829 1928 3184 2001; x_wconf 88' lang='lat' dir='ltr'><strong>optimatibus</strong></span> <span class='ocrx_word' id='word_1_328' title='bbox 3233 1927 3604 1990; x_wconf 79' lang='lat' dir='ltr'><strong>interfuisset,</strong></span> <span class='ocrx_word' id='word_1_329' title='bbox 3662 1935 3785 1997; x_wconf 92' lang='lat' dir='ltr'><strong>post</strong></span> 
     </span>
    </p>
   </div>
   <div class='ocr_carea' id='block_1_49' title="bbox 2201 2017 3813 2094">
    <p class='ocr_par' dir='ltr' id='par_1_49' title="bbox 2201 2017 3813 2094">
     <span class='ocr_line' id='line_1_49' title="bbox 2201 2017 3813 2094; baseline -0.001 -20"><span class='ocrx_word' id='word_1_330' title='bbox 2201 2020 2360 2076; x_wconf 88' lang='lat' dir='ltr'><strong>ﬁnem</strong></span> <span class='ocrx_word' id='word_1_331' title='bbox 2400 2022 2618 2078; x_wconf 88' lang='lat' dir='ltr'><strong>concilii</strong></span> <span class='ocrx_word' id='word_1_332' title='bbox 2656 2037 2846 2079; x_wconf 89' lang='lat' dir='ltr'><strong>rursus</strong></span> <span class='ocrx_word' id='word_1_333' title='bbox 2881 2023 3178 2094; x_wconf 89' lang='lat' dir='ltr'><strong>insperate.</strong></span> <span class='ocrx_word' id='word_1_334' title='bbox 3221 2029 3275 2076; x_wconf 88' lang='lat' dir='ltr'><strong>et</strong></span> <span class='ocrx_word' id='word_1_335' title='bbox 3320 2020 3458 2075; x_wconf 89' lang='lat' dir='ltr'><strong>nihil</strong></span> <span class='ocrx_word' id='word_1_336' title='bbox 3502 2034 3571 2074; x_wconf 90' lang='lat' dir='ltr'><strong>eo</strong></span> <span class='ocrx_word' id='word_1_337' title='bbox 3602 2018 3670 2074; x_wconf 91' lang='lat' dir='ltr'><strong>de</strong></span> <span class='ocrx_word' id='word_1_338' title='bbox 3698 2017 3813 2073; x_wconf 81' lang='lat' dir='ltr'><strong>bis-</strong></span> 
     </span>
    </p>
   </div>
   <div class='ocr_carea' id='block_1_50' title="bbox 2197 2111 3792 2185">
    <p class='ocr_par' dir='ltr' id='par_1_50' title="bbox 2197 2111 3792 2185">
     <span class='ocr_line' id='line_1_50' title="bbox 2197 2111 3792 2185; baseline -0.002 -18"><span class='ocrx_word' id='word_1_339' title='bbox 2197 2113 2551 2184; x_wconf 76' lang='lat' dir='ltr'><strong>auspicante,</strong></span> <span class='ocrx_word' id='word_1_340' title='bbox 2611 2130 2738 2171; x_wconf 88' lang='lat' dir='ltr'><strong>cum</strong></span> <span class='ocrx_word' id='word_1_341' title='bbox 2796 2113 2984 2170; x_wconf 89' lang='lat' dir='ltr'><strong>multis</strong></span> <span class='ocrx_word' id='word_1_342' title='bbox 3041 2112 3295 2185; x_wconf 84' lang='lat' dir='ltr'><strong>precibus</strong></span> <span class='ocrx_word' id='word_1_343' title='bbox 3347 2111 3713 2184; x_wconf 65' lang='lat' dir='ltr'><strong>lactymisqne</strong></span> <span class='ocrx_word' id='word_1_344' title='bbox 3752 2126 3792 2164; x_wconf 12' lang='lat' dir='ltr'><strong>at</strong></span> 
     </span>
    </p>
   </div>
   <div class='ocr_carea' id='block_1_51' title="bbox 2199 2201 3798 2280">
    <p class='ocr_par' dir='ltr' id='par_1_51' title="bbox 2199 2201 3798 2280">
     <span class='ocr_line' id='line_1_51' title="bbox 2199 2201 3798 2280; baseline -0.003 -18"><span class='ocrx_word' id='word_1_345' title='bbox 2199 2205 2414 2262; x_wconf 88' lang='lat' dir='ltr'><strong>clericis</strong></span> <span class='ocrx_word' id='word_1_346' title='bbox 2461 2215 2517 2262; x_wconf 87' lang='lat' dir='ltr'><strong>et</strong></span> <span class='ocrx_word' id='word_1_347' title='bbox 2563 2207 2719 2264; x_wconf 87' lang='lat' dir='ltr'><strong>laicis</strong></span> <span class='ocrx_word' id='word_1_348' title='bbox 2781 2217 3204 2280; x_wconf 78' lang='lat' dir='ltr'><strong>pernrgeretur,</strong></span> <span class='ocrx_word' id='word_1_349' title='bbox 3263 2204 3428 2260; x_wconf 89' lang='lat' dir='ltr'><strong>biduo</strong></span> <span class='ocrx_word' id='word_1_350' title='bbox 3489 2201 3798 2258; x_wconf 63' lang='lat' dir='ltr'><strong>immobilis</strong></span> 
     </span>
    </p>
   </div>
   <div class='ocr_carea' id='block_1_52' title="bbox 2198 2296 3807 2370">
    <p class='ocr_par' dir='ltr' id='par_1_52' title="bbox 2198 2296 3807 2370">
     <span class='ocr_line' id='line_1_52' title="bbox 2198 2296 3807 2370; baseline -0.003 -17"><span class='ocrx_word' id='word_1_351' title='bbox 2198 2297 2457 2370; x_wconf 85' lang='lat' dir='ltr'><strong>perstitit.</strong></span> <span class='ocrx_word' id='word_1_352' title='bbox 2490 2296 2731 2355; x_wconf 89' lang='lat' dir='ltr'><strong>Tandem</strong></span> <span class='ocrx_word' id='word_1_353' title='bbox 2765 2314 2902 2355; x_wconf 90' lang='lat' dir='ltr'><strong>cum.</strong></span> <span class='ocrx_word' id='word_1_354' title='bbox 2934 2297 3054 2353; x_wconf 76' lang='lat' dir='ltr'><strong>dux.</strong></span> <span class='ocrx_word' id='word_1_355' title='bbox 3089 2305 3142 2351; x_wconf 90' lang='lat' dir='ltr'><strong>et</strong></span> <span class='ocrx_word' id='word_1_356' title='bbox 3177 2296 3453 2366; x_wconf 90' lang='lat' dir='ltr'><strong>princeps,</strong></span> <span class='ocrx_word' id='word_1_357' title='bbox 3504 2309 3615 2349; x_wconf 80' lang='lat' dir='ltr'><strong>una</strong></span> <span class='ocrx_word' id='word_1_358' title='bbox 3660 2309 3807 2349; x_wconf 71' lang='grc' dir='ltr'><strong>θυω-</strong></span> 
     </span>
    </p>
   </div>
   <div class='ocr_carea' id='block_1_53' title="bbox 2199 2387 3787 2463">
    <p class='ocr_par' dir='ltr' id='par_1_53' title="bbox 2199 2387 3787 2463">
     <span class='ocr_line' id='line_1_53' title="bbox 2199 2387 3787 2463; baseline -0.001 -19"><span class='ocrx_word' id='word_1_359' title='bbox 2199 2391 2468 2463; x_wconf 87' lang='lat' dir='ltr'><strong>episcopis</strong></span> <span class='ocrx_word' id='word_1_360' title='bbox 2497 2393 2816 2462; x_wconf 64' lang='lat' dir='ltr'><strong>ueterisque</strong></span> <span class='ocrx_word' id='word_1_361' title='bbox 2859 2391 3138 2448; x_wconf 86' lang='lat' dir='ltr'><strong>catholicis</strong></span> <span class='ocrx_word' id='word_1_362' title='bbox 3201 2390 3351 2455; x_wconf 89' lang='lat' dir='ltr'><strong>viris,</strong></span> <span class='ocrx_word' id='word_1_363' title='bbox 3398 2388 3630 2444; x_wconf 81' lang='lat' dir='ltr'><strong>ﬂuentes</strong></span> <span class='ocrx_word' id='word_1_364' title='bbox 3667 2387 3787 2458; x_wconf 84' lang='lat' dir='ltr'><strong>ejus</strong></span> 
     </span>
    </p>
   </div>
   <div class='ocr_carea' id='block_1_54' title="bbox 2201 2475 3784 2554">
    <p class='ocr_par' dir='ltr' id='par_1_54' title="bbox 2201 2475 3784 2554">
     <span class='ocr_line' id='line_1_54' title="bbox 2201 2475 3784 2554; baseline -0.002 -16"><span class='ocrx_word' id='word_1_365' title='bbox 2201 2484 2428 2554; x_wconf 81' lang='lat' dir='ltr'><strong>pedibus</strong></span> <span class='ocrx_word' id='word_1_366' title='bbox 2455 2483 2786 2552; x_wconf 88' lang='lat' dir='ltr'><strong>adjacerent,</strong></span> <span class='ocrx_word' id='word_1_367' title='bbox 2819 2475 3004 2539; x_wconf 86' lang='lat' dir='ltr'><strong>multis</strong></span> <span class='ocrx_word' id='word_1_368' title='bbox 3033 2483 3336 2538; x_wconf 86' lang='lat' dir='ltr'><strong>rationibus</strong></span> <span class='ocrx_word' id='word_1_369' title='bbox 3363 2489 3416 2536; x_wconf 89' lang='lat' dir='ltr'><strong>et</strong></span> <span class='ocrx_word' id='word_1_370' title='bbox 3443 2479 3784 2536; x_wconf 88' lang='lat' dir='ltr'><strong>orationibus</strong></span> 
     </span>
    </p>
   </div>
   <div class='ocr_carea' id='block_1_55' title="bbox 2203 2567 3784 2642">
    <p class='ocr_par' dir='ltr' id='par_1_55' title="bbox 2203 2567 3784 2642">
     <span class='ocr_line' id='line_1_55' title="bbox 2203 2567 3784 2642; baseline -0.004 -13"><span class='ocrx_word' id='word_1_371' title='bbox 2203 2583 2427 2630; x_wconf 90' lang='lat' dir='ltr'><strong>coaetus</strong></span> <span class='ocrx_word' id='word_1_372' title='bbox 2457 2574 2544 2629; x_wconf 78' lang='lat' dir='ltr'><strong>vix</strong></span> <span class='ocrx_word' id='word_1_373' title='bbox 2594 2575 2808 2631; x_wconf 83' lang='lat' dir='ltr'><strong>tandem</strong></span> <span class='ocrx_word' id='word_1_374' title='bbox 2854 2573 3162 2637; x_wconf 89' lang='lat' dir='ltr'><strong>succubuit,</strong></span> <span class='ocrx_word' id='word_1_375' title='bbox 3206 2582 3262 2628; x_wconf 90' lang='lat' dir='ltr'><strong>et</strong></span> <span class='ocrx_word' id='word_1_376' title='bbox 3304 2571 3637 2642; x_wconf 78' lang='lat' dir='ltr'><strong>praeteritam</strong></span> <span class='ocrx_word' id='word_1_377' title='bbox 3675 2567 3784 2624; x_wconf 84' lang='lat' dir='ltr'><strong>ele-</strong></span> 
     </span>
    </p>
   </div>
   <div class='ocr_carea' id='block_1_56' title="bbox 2201 2658 3805 2736">
    <p class='ocr_par' dir='ltr' id='par_1_56' title="bbox 2201 2658 3805 2736">
     <span class='ocr_line' id='line_1_56' title="bbox 2201 2658 3805 2736; baseline -0.006 -16"><span class='ocrx_word' id='word_1_378' title='bbox 2201 2667 2438 2720; x_wconf 77' lang='lat' dir='ltr'><strong>ctionem</strong></span> <span class='ocrx_word' id='word_1_379' title='bbox 2486 2665 2664 2720; x_wconf 85' lang='lat' dir='ltr'><strong>crucis</strong></span> <span class='ocrx_word' id='word_1_380' title='bbox 2709 2675 2765 2720; x_wconf 90' lang='lat' dir='ltr'><strong>et</strong></span> <span class='ocrx_word' id='word_1_381' title='bbox 2804 2677 3057 2736; x_wconf 65' lang='lat' dir='ltr'><strong>purpura:</strong></span> <span class='ocrx_word' id='word_1_382' title='bbox 3110 2661 3478 2732; x_wconf 79' lang='lat' dir='ltr'><strong>resumptione</strong></span> <span class='ocrx_word' id='word_1_383' title='bbox 3523 2658 3805 2722; x_wconf 68' lang='lat' dir='ltr'><strong>ﬁrmavit,</strong></span> 
     </span>
    </p>
   </div>
   <div class='ocr_carea' id='block_1_57' title="bbox 2203 2748 3812 2823">
    <p class='ocr_par' dir='ltr' id='par_1_57' title="bbox 2203 2748 3812 2823">
     <span class='ocr_line' id='line_1_57' title="bbox 2203 2748 3812 2823; baseline -0.009 -11"><span class='ocrx_word' id='word_1_384' title='bbox 2203 2755 2522 2812; x_wconf 88' lang='lat' dir='ltr'><strong>duodecimo</strong></span> <span class='ocrx_word' id='word_1_385' title='bbox 2563 2756 2768 2811; x_wconf 84' lang='lat' dir='ltr'><strong>scilicet</strong></span> <span class='ocrx_word' id='word_1_386' title='bbox 2817 2754 3087 2811; x_wconf 74' lang='lat' dir='ltr'><strong>Kalendas</strong></span> <span class='ocrx_word' id='word_1_387' title='bbox 3139 2753 3368 2823; x_wconf 82' lang='lat' dir='ltr'><strong>Aprilis,</strong></span> <span class='ocrx_word' id='word_1_388' title='bbox 3403 2748 3812 2807; x_wconf 77' lang='lat' dir='ltr'><strong>Dominica.in.</strong></span> 
     </span>
    </p>
   </div>
   <div class='ocr_carea' id='block_1_58' title="bbox 2203 2838 3782 2918">
    <p class='ocr_par' dir='ltr' id='par_1_58' title="bbox 2203 2838 3782 2918">
     <span class='ocr_line' id='line_1_58' title="bbox 2203 2838 3782 2918; baseline -0.006 -16"><span class='ocrx_word' id='word_1_389' title='bbox 2203 2845 2390 2902; x_wconf 70' lang='lat' dir='ltr'><strong>[lamis</strong></span> <span class='ocrx_word' id='word_1_390' title='bbox 2417 2846 2740 2918; x_wconf 88' lang='lat' dir='ltr'><strong>palmarum.</strong></span> <span class='ocrx_word' id='word_1_391' title='bbox 2769 2844 2899 2900; x_wconf 88' lang='lat' dir='ltr'><strong>Inde</strong></span> <span class='ocrx_word' id='word_1_392' title='bbox 2924 2843 3211 2899; x_wconf 82' lang='lat' dir='ltr'><strong>Cassinum</strong></span> <span class='ocrx_word' id='word_1_393' title='bbox 3259 2854 3536 2902; x_wconf 87' lang='lat' dir='ltr'><strong>reversus,</strong></span> <span class='ocrx_word' id='word_1_394' title='bbox 3583 2838 3782 2894; x_wconf 76' lang='lat' dir='ltr'><strong>ibidem</strong></span> 
     </span>
    </p>
   </div>
   <div class='ocr_carea' id='block_1_59' title="bbox 2202 2927 3788 2996">
    <p class='ocr_par' dir='ltr' id='par_1_59' title="bbox 2202 2927 3788 2996">
     <span class='ocr_line' id='line_1_59' title="bbox 2202 2927 3788 2996; baseline -0.007 -5"><span class='ocrx_word' id='word_1_395' title='bbox 2202 2936 2410 2993; x_wconf 85' lang='lat' dir='ltr'><strong>Pascha</strong></span> <span class='ocrx_word' id='word_1_396' title='bbox 2463 2936 2782 2993; x_wconf 83' lang='lat' dir='ltr'><strong>celebravit.</strong></span> <span class='ocrx_word' id='word_1_397' title='bbox 2837 2935 3066 2990; x_wconf 87' lang='lat' dir='ltr'><strong>Peracta</strong></span> <span class='ocrx_word' id='word_1_398' title='bbox 3118 2931 3444 2996; x_wconf 84' lang='lat' dir='ltr'><strong>festivitate,</strong></span> <span class='ocrx_word' id='word_1_399' title='bbox 3496 2944 3619 2983; x_wconf 90' lang='lat' dir='ltr'><strong>cum</strong></span> <span class='ocrx_word' id='word_1_400' title='bbox 3678 2927 3788 2982; x_wconf 73' lang='lat' dir='ltr'><strong>Ca-</strong></span> 
     </span>
    </p>
   </div>
   <div class='ocr_carea' id='block_1_60' title="bbox 2201 3018 3780 3099">
    <p class='ocr_par' dir='ltr' id='par_1_60' title="bbox 2201 3018 3780 3099">
     <span class='ocr_line' id='line_1_60' title="bbox 2201 3018 3780 3099; baseline -0.006 -19"><span class='ocrx_word' id='word_1_401' title='bbox 2201 3042 2378 3099; x_wconf 91' lang='lat' dir='ltr'><strong>pnano</strong></span> <span class='ocrx_word' id='word_1_402' title='bbox 2425 3041 2489 3083; x_wconf 87' lang='lat' dir='ltr'><strong>ac</strong></span> <span class='ocrx_word' id='word_1_403' title='bbox 2532 3025 2878 3082; x_wconf 88' lang='lat' dir='ltr'><strong>Salernitano</strong></span> <span class='ocrx_word' id='word_1_404' title='bbox 2951 3022 3200 3094; x_wconf 76' lang='lat' dir='ltr'><strong>principe</strong></span> <span class='ocrx_word' id='word_1_405' title='bbox 3251 3021 3476 3076; x_wconf 83' lang='lat' dir='ltr'><strong>Romam</strong></span> <span class='ocrx_word' id='word_1_406' title='bbox 3523 3018 3780 3090; x_wconf 78' lang='lat' dir='ltr'><strong>perrexit,</strong></span> 
     </span>
    </p>
   </div>
   <div class='ocr_carea' id='block_1_61' title="bbox 2203 3108 3782 3190">
    <p class='ocr_par' dir='ltr' id='par_1_61' title="bbox 2203 3108 3782 3190">
     <span class='ocr_line' id='line_1_61' title="bbox 2203 3108 3782 3190; baseline -0.007 -15"><span class='ocrx_word' id='word_1_407' title='bbox 2203 3135 2266 3176; x_wconf 89' lang='lat' dir='ltr'><strong>ac</strong></span> <span class='ocrx_word' id='word_1_408' title='bbox 2287 3119 2442 3190; x_wconf 82' lang='lat' dir='ltr'><strong>juxta</strong></span> <span class='ocrx_word' id='word_1_409' title='bbox 2479 3120 2760 3176; x_wconf 87' lang='lat' dir='ltr'><strong>civitatem</strong></span> <span class='ocrx_word' id='word_1_410' title='bbox 2785 3115 3093 3176; x_wconf 82' lang='lat' dir='ltr'><strong>Ostiensem</strong></span> <span class='ocrx_word' id='word_1_411' title='bbox 3109 3113 3360 3170; x_wconf 51' lang='lat' dir='ltr'><strong>‘Tiberim</strong></span> <span class='ocrx_word' id='word_1_412' title='bbox 3387 3127 3510 3168; x_wconf 89' lang='lat' dir='ltr'><strong>cum</strong></span> <span class='ocrx_word' id='word_1_413' title='bbox 3535 3108 3782 3166; x_wconf 88' lang='lat' dir='ltr'><strong>omnibus</strong></span> 
     </span>
    </p>
   </div>
   <div class='ocr_carea' id='block_1_62' title="bbox 523 3192 3803 3284">
    <p class='ocr_par' dir='ltr' id='par_1_62' title="bbox 523 3192 3803 3284">
     <span class='ocr_line' id='line_1_62' title="bbox 523 3192 3803 3284; baseline -0.004 -20"><span class='ocrx_word' id='word_1_414' title='bbox 523 3225 790 3265; x_wconf 80' lang='lat' dir='ltr'><strong>consensu</strong></span> <span class='ocrx_word' id='word_1_415' title='bbox 830 3221 884 3267; x_wconf 89' lang='lat' dir='ltr'><strong>et</strong></span> <span class='ocrx_word' id='word_1_416' title='bbox 908 3212 1090 3268; x_wconf 89' lang='lat' dir='ltr'><strong>animo</strong></span> <span class='ocrx_word' id='word_1_417' title='bbox 1116 3212 1266 3268; x_wconf 92' lang='lat' dir='ltr'><strong>illum</strong></span> <span class='ocrx_word' id='word_1_418' title='bbox 1291 3192 1586 3284; x_wconf 81' lang='lat' dir='ltr'><strong>capientes,</strong></span> <span class='ocrx_word' id='word_1_419' title='bbox 1621 3192 1845 3270; x_wconf 81' lang='lat' dir='ltr'><strong>invitum</strong></span> <span class='ocrx_word' id='word_1_420' title='bbox 1878 3224 1932 3270; x_wconf 90' lang='lat' dir='ltr'><strong>et</strong></span> <span class='ocrx_word' id='word_1_421' title='bbox 1955 3216 2098 3270; x_wconf 89' lang='lat' dir='ltr'><strong>reni-</strong></span> <span class='ocrx_word' id='word_1_422' title='bbox 2125 3192 2168 3253; x_wconf 64' lang='grc' dir='ltr'><strong>(ἶ</strong></span> <span class='ocrx_word' id='word_1_423' title='bbox 2203 3212 2500 3277; x_wconf 83' lang='lat' dir='ltr'><strong>transiens,</strong></span> <span class='ocrx_word' id='word_1_424' title='bbox 2528 3226 2652 3266; x_wconf 91' lang='lat' dir='ltr'><strong>cum</strong></span> <span class='ocrx_word' id='word_1_425' title='bbox 2700 3208 2852 3281; x_wconf 89' lang='lat' dir='ltr'><strong>gravi</strong></span> <span class='ocrx_word' id='word_1_426' title='bbox 2887 3205 3203 3262; x_wconf 89' lang='lat' dir='ltr'><strong>inﬁrmitate</strong></span> <span class='ocrx_word' id='word_1_427' title='bbox 3247 3203 3604 3266; x_wconf 87' lang='lat' dir='ltr'><strong>detineretur,</strong></span> <span class='ocrx_word' id='word_1_428' title='bbox 3633 3208 3803 3254; x_wconf 72' lang='lat' dir='ltr'><strong>extra.</strong></span> 
     </span>
    </p>
   </div>
   <div class='ocr_carea' id='block_1_63' title="bbox 533 3301 2094 3377">
    <p class='ocr_par' dir='ltr' id='par_1_63' title="bbox 533 3301 2094 3377">
     <span class='ocr_line' id='line_1_63' title="bbox 533 3301 2094 3377; baseline 0.005 -23"><span class='ocrx_word' id='word_1_429' title='bbox 533 3309 731 3357; x_wconf 84' lang='lat' dir='ltr'><strong>tentem</strong></span> <span class='ocrx_word' id='word_1_430' title='bbox 763 3301 1067 3368; x_wconf 89' lang='lat' dir='ltr'><strong>attrahunt,</strong></span> <span class='ocrx_word' id='word_1_431' title='bbox 1093 3312 1148 3357; x_wconf 90' lang='lat' dir='ltr'><strong>et</strong></span> <span class='ocrx_word' id='word_1_432' title='bbox 1178 3303 1244 3358; x_wconf 91' lang='lat' dir='ltr'><strong>ad</strong></span> <span class='ocrx_word' id='word_1_433' title='bbox 1284 3304 1565 3360; x_wconf 90' lang='lat' dir='ltr'><strong>ecclesiam</strong></span> <span class='ocrx_word' id='word_1_434' title='bbox 1597 3306 1908 3377; x_wconf 71' lang='lat' dir='ltr'><strong>praedictam</strong></span> <span class='ocrx_word' id='word_1_435' title='bbox 1932 3305 2094 3362; x_wconf 87' lang='lat' dir='ltr'><strong>Chri—</strong></span> 
     </span>
    </p>
   </div>
   <div class='ocr_carea' id='block_1_64' title="bbox 518 3391 2100 3469">
    <p class='ocr_par' dir='ltr' id='par_1_64' title="bbox 518 3391 2100 3469">
     <span class='ocr_line' id='line_1_64' title="bbox 518 3391 2100 3469; baseline 0.003 -21"><span class='ocrx_word' id='word_1_436' title='bbox 518 3391 586 3448; x_wconf 78' lang='lat' dir='ltr'><strong>sti</strong></span> <span class='ocrx_word' id='word_1_437' title='bbox 614 3394 870 3466; x_wconf 85' lang='lat' dir='ltr'><strong>martyris</strong></span> <span class='ocrx_word' id='word_1_438' title='bbox 891 3393 1067 3450; x_wconf 71' lang='lat' dir='ltr'><strong>Lucio:</strong></span> <span class='ocrx_word' id='word_1_439' title='bbox 1094 3396 1419 3467; x_wconf 90' lang='lat' dir='ltr'><strong>perducunt,</strong></span> <span class='ocrx_word' id='word_1_440' title='bbox 1451 3397 1632 3469; x_wconf 87' lang='lat' dir='ltr'><strong>ibique</strong></span> <span class='ocrx_word' id='word_1_441' title='bbox 1661 3413 1784 3453; x_wconf 90' lang='lat' dir='ltr'><strong>eum</strong></span> <span class='ocrx_word' id='word_1_442' title='bbox 1813 3396 1961 3468; x_wconf 77' lang='lat' dir='ltr'><strong>juxta</strong></span> <span class='ocrx_word' id='word_1_443' title='bbox 1989 3414 2100 3453; x_wconf 90' lang='lat' dir='ltr'><strong>mo-</strong></span> 
     </span>
    </p>
   </div>
   <div class='ocr_carea' id='block_1_65' title="bbox 519 3485 2090 3561">
    <p class='ocr_par' dir='ltr' id='par_1_65' title="bbox 519 3485 2090 3561">
     <span class='ocr_line' id='line_1_65' title="bbox 519 3485 2090 3561; baseline 0.003 -21"><span class='ocrx_word' id='word_1_444' title='bbox 519 3500 635 3540; x_wconf 89' lang='lat' dir='ltr'><strong>rem</strong></span> <span class='ocrx_word' id='word_1_445' title='bbox 659 3485 914 3542; x_wconf 76' lang='lat' dir='ltr'><strong>Ecclesize</strong></span> <span class='ocrx_word' id='word_1_446' title='bbox 934 3487 1218 3558; x_wconf 86' lang='lat' dir='ltr'><strong>eligentes,</strong></span> <span class='ocrx_word' id='word_1_447' title='bbox 1237 3486 1470 3544; x_wconf 87' lang='lat' dir='ltr'><strong>Victoris</strong></span> <span class='ocrx_word' id='word_1_448' title='bbox 1492 3490 1542 3545; x_wconf 91' lang='lat' dir='ltr'><strong>ei</strong></span> <span class='ocrx_word' id='word_1_449' title='bbox 1566 3486 1760 3544; x_wconf 84' lang='lat' dir='ltr'><strong>nomen</strong></span> <span class='ocrx_word' id='word_1_450' title='bbox 1786 3489 2090 3561; x_wconf 83' lang='lat' dir='ltr'><strong>imponunt.</strong></span> 
     </span>
    </p>
   </div>
   <div class='ocr_carea' id='block_1_66' title="bbox 519 3574 2098 3649">
    <p class='ocr_par' dir='ltr' id='par_1_66' title="bbox 519 3574 2098 3649">
     <span class='ocr_line' id='line_1_66' title="bbox 519 3574 2098 3649; baseline 0.003 -20"><span class='ocrx_word' id='word_1_451' title='bbox 519 3574 625 3629; x_wconf 84' lang='lat' dir='ltr'><strong>Sed</strong></span> <span class='ocrx_word' id='word_1_452' title='bbox 645 3577 899 3645; x_wconf 89' lang='lat' dir='ltr'><strong>quoniam</strong></span> <span class='ocrx_word' id='word_1_453' title='bbox 922 3577 1038 3633; x_wconf 66' lang='lat' dir='ltr'><strong>hare</strong></span> <span class='ocrx_word' id='word_1_454' title='bbox 1053 3578 1254 3642; x_wconf 90' lang='lat' dir='ltr'><strong>omnia,</strong></span> <span class='ocrx_word' id='word_1_455' title='bbox 1277 3587 1334 3633; x_wconf 91' lang='lat' dir='ltr'><strong>ut</strong></span> <span class='ocrx_word' id='word_1_456' title='bbox 1355 3579 1610 3645; x_wconf 70' lang='lat' dir='ltr'><strong>diximus,</strong></span> <span class='ocrx_word' id='word_1_457' title='bbox 1627 3587 1816 3634; x_wconf 88' lang='lat' dir='ltr'><strong>contra</strong></span> <span class='ocrx_word' id='word_1_458' title='bbox 1838 3579 1956 3649; x_wconf 77' lang='lat' dir='ltr'><strong>ejus</strong></span> <span class='ocrx_word' id='word_1_459' title='bbox 1979 3581 2098 3634; x_wconf 88' lang='lat' dir='ltr'><strong>ani-</strong></span> 
     </span>
    </p>
   </div>
   <div class='ocr_carea' id='block_1_67' title="bbox 480 3658 2099 3740">
    <p class='ocr_par' dir='ltr' id='par_1_67' title="bbox 480 3658 2099 3740">
     <span class='ocr_line' id='line_1_67' title="bbox 480 3658 2099 3740; baseline 0.003 -21"><span class='ocrx_word' id='word_1_460' title='bbox 480 3658 482 3660; x_wconf 55' lang='grc'>’</span> <span class='ocrx_word' id='word_1_461' title='bbox 519 3681 665 3721; x_wconf 83' lang='lat' dir='ltr'><strong>mum</strong></span> <span class='ocrx_word' id='word_1_462' title='bbox 689 3667 743 3721; x_wconf 80' lang='lat' dir='ltr'><strong>et</strong></span> <span class='ocrx_word' id='word_1_463' title='bbox 761 3667 1088 3722; x_wconf 79' lang='lat' dir='ltr'><strong>voluntatem</strong></span> <span class='ocrx_word' id='word_1_464' title='bbox 1112 3668 1380 3736; x_wconf 82' lang='lat' dir='ltr'><strong>fecerunt,</strong></span> <span class='ocrx_word' id='word_1_465' title='bbox 1395 3685 1618 3740; x_wconf 88' lang='lat' dir='ltr'><strong>cappam</strong></span> <span class='ocrx_word' id='word_1_466' title='bbox 1636 3670 1852 3740; x_wconf 90' lang='lat' dir='ltr'><strong>quidem</strong></span> <span class='ocrx_word' id='word_1_467' title='bbox 1877 3671 2099 3724; x_wconf 82' lang='lat' dir='ltr'><strong>rubeant</strong></span> 
     </span>
    </p>
   </div>
   <div class='ocr_carea' id='block_1_68' title="bbox 519 3755 2097 3829">
    <p class='ocr_par' dir='ltr' id='par_1_68' title="bbox 519 3755 2097 3829">
     <span class='ocr_line' id='line_1_68' title="bbox 519 3755 2097 3829; baseline 0.004 -21"><span class='ocrx_word' id='word_1_468' title='bbox 519 3755 799 3820; x_wconf 83' lang='lat' dir='ltr'><strong>induebat,</strong></span> <span class='ocrx_word' id='word_1_469' title='bbox 833 3755 1010 3809; x_wconf 87' lang='lat' dir='ltr'><strong>albam</strong></span> <span class='ocrx_word' id='word_1_470' title='bbox 1041 3772 1167 3812; x_wconf 87' lang='lat' dir='ltr'><strong>vero</strong></span> <span class='ocrx_word' id='word_1_471' title='bbox 1183 3773 1458 3826; x_wconf 86' lang='lat' dir='ltr'><strong>nunquam</strong></span> <span class='ocrx_word' id='word_1_472' title='bbox 1479 3761 1526 3814; x_wconf 90' lang='lat' dir='ltr'><strong>ei</strong></span> <span class='ocrx_word' id='word_1_473' title='bbox 1545 3755 2097 3829; x_wconf 76' lang='lat' dir='ltr'><strong>potueruntinduere.</strong></span> 
     </span>
    </p>
   </div>
   <div class='ocr_carea' id='block_1_69' title="bbox 591 3831 2103 3923">
    <p class='ocr_par' dir='ltr' id='par_1_69' title="bbox 591 3831 2103 3923">
     <span class='ocr_line' id='line_1_69' title="bbox 591 3831 2103 3923; baseline 0.005 -25"><span class='ocrx_word' id='word_1_474' title='bbox 591 3845 758 3899; x_wconf 84' lang='lat' dir='ltr'><strong>Roma</strong></span> <span class='ocrx_word' id='word_1_475' title='bbox 786 3831 1026 3901; x_wconf 78' lang='lat' dir='ltr'><strong>discedit.</strong></span> <span class='ocrx_word' id='word_1_476' title='bbox 1057 3846 1265 3902; x_wconf 77' lang='lat' dir='ltr'><strong>Cassini</strong></span> <span class='ocrx_word' id='word_1_477' title='bbox 1296 3860 1555 3904; x_wconf 82' lang='lat' dir='ltr'><strong>moratur.</strong></span> <span class='ocrx_word' id='word_1_478' title='bbox 1584 3883 1650 3893; x_wconf 93' lang='lat'><strong>-—</strong></span> <span class='ocrx_word' id='word_1_479' title='bbox 1675 3852 1749 3907; x_wconf 85' lang='lat' dir='ltr'><strong>Eo</strong></span> <span class='ocrx_word' id='word_1_480' title='bbox 1780 3852 1943 3923; x_wconf 82' lang='lat' dir='ltr'><strong>igitur</strong></span> <span class='ocrx_word' id='word_1_481' title='bbox 1965 3861 2103 3906; x_wconf 85' lang='lat' dir='ltr'><strong>tem-</strong></span> 
     </span>
    </p>
   </div>
   <div class='ocr_carea' id='block_1_70' title="bbox 521 3935 2102 4013">
    <p class='ocr_par' dir='ltr' id='par_1_70' title="bbox 521 3935 2102 4013">
     <span class='ocr_line' id='line_1_70' title="bbox 521 3935 2102 4013; baseline 0.005 -23"><span class='ocrx_word' id='word_1_482' title='bbox 521 3950 652 4006; x_wconf 88' lang='lat' dir='ltr'><strong>pore</strong></span> <span class='ocrx_word' id='word_1_483' title='bbox 700 3935 992 4013; x_wconf 80' lang='lat' dir='ltr'><strong>praefectus</strong></span> <span class='ocrx_word' id='word_1_484' title='bbox 1034 3938 1377 4008; x_wconf 88' lang='lat' dir='ltr'><strong>imperatoris</strong></span> <span class='ocrx_word' id='word_1_485' title='bbox 1421 3956 1452 3994; x_wconf 90' lang='lat' dir='ltr'><strong>a</strong></span> <span class='ocrx_word' id='word_1_486' title='bbox 1497 3942 1632 3996; x_wconf 88' lang='lat' dir='ltr'><strong>duce</strong></span> <span class='ocrx_word' id='word_1_487' title='bbox 1679 3953 1734 3997; x_wconf 92' lang='lat' dir='ltr'><strong>et</strong></span> <span class='ocrx_word' id='word_1_488' title='bbox 1782 3941 1897 4010; x_wconf 88' lang='lat' dir='ltr'><strong>ejus</strong></span> <span class='ocrx_word' id='word_1_489' title='bbox 1929 3952 2102 3998; x_wconf 73' lang='lat' dir='ltr'><strong>matre</strong></span> 
     </span>
    </p>
   </div>
   <div class='ocr_carea' id='block_1_71' title="bbox 522 4026 2100 4103">
    <p class='ocr_par' dir='ltr' id='par_1_71' title="bbox 522 4026 2100 4103">
     <span class='ocr_line' id='line_1_71' title="bbox 522 4026 2100 4103; baseline 0.003 -20"><span class='ocrx_word' id='word_1_490' title='bbox 522 4026 798 4093; x_wconf 90' lang='lat' dir='ltr'><strong>dimissus,</strong></span> <span class='ocrx_word' id='word_1_491' title='bbox 837 4039 1060 4099; x_wconf 82' lang='lat' dir='ltr'><strong>prepter</strong></span> <span class='ocrx_word' id='word_1_492' title='bbox 1096 4029 1228 4084; x_wconf 92' lang='lat' dir='ltr'><strong>illud</strong></span> <span class='ocrx_word' id='word_1_493' title='bbox 1266 4031 1516 4087; x_wconf 75' lang='lat' dir='ltr'><strong>videlicet</strong></span> <span class='ocrx_word' id='word_1_494' title='bbox 1564 4032 1772 4095; x_wconf 87' lang='lat' dir='ltr'><strong>odium,</strong></span> <span class='ocrx_word' id='word_1_495' title='bbox 1803 4039 1946 4103; x_wconf 86' lang='lat' dir='ltr'><strong>quod</strong></span> <span class='ocrx_word' id='word_1_496' title='bbox 1982 4033 2100 4103; x_wconf 85' lang='lat' dir='ltr'><strong>epi-</strong></span> 
     </span>
    </p>
   </div>
   <div class='ocr_carea' id='block_1_72' title="bbox 522 4120 2102 4192">
    <p class='ocr_par' dir='ltr' id='par_1_72' title="bbox 522 4120 2102 4192">
     <span class='ocr_line' id='line_1_72' title="bbox 522 4120 2102 4192; baseline 0.004 -16"><span class='ocrx_word' id='word_1_497' title='bbox 522 4120 670 4192; x_wconf 84' lang='lat' dir='ltr'><strong>scopi</strong></span> <span class='ocrx_word' id='word_1_498' title='bbox 725 4130 780 4176; x_wconf 89' lang='lat' dir='ltr'><strong>et</strong></span> <span class='ocrx_word' id='word_1_499' title='bbox 838 4121 1163 4186; x_wconf 86' lang='lat' dir='ltr'><strong>cardinales,</strong></span> <span class='ocrx_word' id='word_1_500' title='bbox 1216 4122 1452 4178; x_wconf 78' lang='lat' dir='ltr'><strong>faciente</strong></span> <span class='ocrx_word' id='word_1_501' title='bbox 1517 4134 1694 4179; x_wconf 90' lang='lat' dir='ltr'><strong>tamen</strong></span> <span class='ocrx_word' id='word_1_502' title='bbox 1759 4125 2102 4183; x_wconf 87' lang='lat' dir='ltr'><strong>Salernitano</strong></span> 
     </span>
    </p>
   </div>
   <div class='ocr_carea' id='block_1_73' title="bbox 523 4211 2103 4288">
    <p class='ocr_par' dir='ltr' id='par_1_73' title="bbox 523 4211 2103 4288">
     <span class='ocr_line' id='line_1_73' title="bbox 523 4211 2103 4288; baseline 0.006 -23"><span class='ocrx_word' id='word_1_503' title='bbox 523 4212 785 4284; x_wconf 89' lang='lat' dir='ltr'><strong>principe,</strong></span> <span class='ocrx_word' id='word_1_504' title='bbox 820 4211 1221 4268; x_wconf 89' lang='lat' dir='ltr'><strong>Salernitanum</strong></span> <span class='ocrx_word' id='word_1_505' title='bbox 1250 4214 1714 4288; x_wconf 77' lang='lat' dir='ltr'><strong>arcliiepiscOpnm</strong></span> <span class='ocrx_word' id='word_1_506' title='bbox 1750 4232 1968 4273; x_wconf 89' lang='lat' dir='ltr'><strong>sacrare</strong></span> <span class='ocrx_word' id='word_1_507' title='bbox 2006 4234 2103 4274; x_wconf 56' lang='lat' dir='ltr'><strong>no.</strong></span> 
     </span>
    </p>
   </div>
   <div class='ocr_carea' id='block_1_74' title="bbox 522 4302 2102 4380">
    <p class='ocr_par' dir='ltr' id='par_1_74' title="bbox 522 4302 2102 4380">
     <span class='ocr_line' id='line_1_74' title="bbox 522 4302 2102 4380; baseline 0.005 -23"><span class='ocrx_word' id='word_1_508' title='bbox 522 4302 778 4372; x_wconf 90' lang='lat' dir='ltr'><strong>luerunt,</strong></span> <span class='ocrx_word' id='word_1_509' title='bbox 823 4305 910 4361; x_wconf 90' lang='lat' dir='ltr'><strong>die</strong></span> <span class='ocrx_word' id='word_1_510' title='bbox 941 4315 1211 4377; x_wconf 91' lang='lat' dir='ltr'><strong>noctuque</strong></span> <span class='ocrx_word' id='word_1_511' title='bbox 1258 4321 1381 4361; x_wconf 89' lang='lat' dir='ltr'><strong>eum</strong></span> <span class='ocrx_word' id='word_1_512' title='bbox 1426 4307 1718 4378; x_wconf 89' lang='lat' dir='ltr'><strong>aliquantis</strong></span> <span class='ocrx_word' id='word_1_513' title='bbox 1764 4325 1872 4364; x_wconf 74' lang='lat' dir='ltr'><strong>mre</strong></span> <span class='ocrx_word' id='word_1_514' title='bbox 1918 4310 2102 4380; x_wconf 92' lang='lat' dir='ltr'><strong>iniquo</strong></span> 
     </span>
    </p>
   </div>
   <div class='ocr_carea' id='block_1_75' title="bbox 520 4400 2100 4470">
    <p class='ocr_par' dir='ltr' id='par_1_75' title="bbox 520 4400 2100 4470">
     <span class='ocr_line' id='line_1_75' title="bbox 520 4400 2100 4470; baseline 0 -13"><span class='ocrx_word' id='word_1_515' title='bbox 520 4401 805 4458; x_wconf 87' lang='lat' dir='ltr'><strong>conductis</strong></span> <span class='ocrx_word' id='word_1_516' title='bbox 861 4401 914 4456; x_wconf 90' lang='lat' dir='ltr'><strong>in</strong></span> <span class='ocrx_word' id='word_1_517' title='bbox 967 4400 1279 4470; x_wconf 86' lang='lat' dir='ltr'><strong>capitolium</strong></span> <span class='ocrx_word' id='word_1_518' title='bbox 1332 4411 1522 4457; x_wconf 90' lang='lat' dir='ltr'><strong>contra</strong></span> <span class='ocrx_word' id='word_1_519' title='bbox 1572 4403 1820 4459; x_wconf 86' lang='lat' dir='ltr'><strong>eumdem</strong></span> <span class='ocrx_word' id='word_1_520' title='bbox 1871 4402 2100 4458; x_wconf 79' lang='lat' dir='ltr'><strong>electura</strong></span> 
     </span>
    </p>
   </div>
   <div class='ocr_carea' id='block_1_76' title="bbox 522 4479 2102 4564">
    <p class='ocr_par' dir='ltr' id='par_1_76' title="bbox 522 4479 2102 4564">
     <span class='ocr_line' id='line_1_76' title="bbox 522 4479 2102 4564; baseline 0 -16"><span class='ocrx_word' id='word_1_521' title='bbox 522 4479 884 4558; x_wconf 83' lang='lat' dir='ltr'><strong>conveniens,</strong></span> <span class='ocrx_word' id='word_1_522' title='bbox 919 4495 1328 4564; x_wconf 89' lang='lat' dir='ltr'><strong>persecutiones</strong></span> <span class='ocrx_word' id='word_1_523' title='bbox 1370 4495 1420 4549; x_wconf 92' lang='lat' dir='ltr'><strong>ei</strong></span> <span class='ocrx_word' id='word_1_524' title='bbox 1452 4496 1716 4550; x_wconf 81' lang='lat' dir='ltr'><strong>maximas</strong></span> <span class='ocrx_word' id='word_1_525' title='bbox 1744 4495 1944 4550; x_wconf 85' lang='lat' dir='ltr'><strong>intulit.</strong></span> <span class='ocrx_word' id='word_1_526' title='bbox 1975 4494 2102 4549; x_wconf 80' lang='lat' dir='ltr'><strong>Post</strong></span> 
     </span>
    </p>
   </div>
   <div class='ocr_carea' id='block_1_77' title="bbox 2200 3289 3785 3374">
    <p class='ocr_par' dir='ltr' id='par_1_77' title="bbox 2200 3289 3785 3374">
     <span class='ocr_line' id='line_1_77' title="bbox 2200 3289 3785 3374; baseline -0.011 -15"><span class='ocrx_word' id='word_1_527' title='bbox 2200 3304 2468 3374; x_wconf 87' lang='lat' dir='ltr'><strong>porticum</strong></span> <span class='ocrx_word' id='word_1_528' title='bbox 2506 3302 2692 3358; x_wconf 89' lang='lat' dir='ltr'><strong>Sancti</strong></span> <span class='ocrx_word' id='word_1_529' title='bbox 2742 3298 2890 3355; x_wconf 86' lang='lat' dir='ltr'><strong>Petri</strong></span> <span class='ocrx_word' id='word_1_530' title='bbox 2939 3296 3172 3354; x_wconf 87' lang='lat' dir='ltr'><strong>tentoria</strong></span> <span class='ocrx_word' id='word_1_531' title='bbox 3223 3294 3390 3350; x_wconf 81' lang='lat' dir='ltr'><strong>ﬁxit:</strong></span> <span class='ocrx_word' id='word_1_532' title='bbox 3434 3302 3490 3348; x_wconf 91' lang='lat' dir='ltr'><strong>et</strong></span> <span class='ocrx_word' id='word_1_533' title='bbox 3532 3289 3785 3362; x_wconf 82' lang='lat' dir='ltr'><strong>quoniam</strong></span> 
     </span>
    </p>
   </div>
   <div class='ocr_carea' id='block_1_78' title="bbox 2199 3382 3808 3462">
    <p class='ocr_par' dir='ltr' id='par_1_78' title="bbox 2199 3382 3808 3462">
     <span class='ocr_line' id='line_1_78' title="bbox 2199 3382 3808 3462; baseline -0.008 -12"><span class='ocrx_word' id='word_1_534' title='bbox 2199 3393 2489 3452; x_wconf 86' lang='lat' dir='ltr'><strong>Ravennas</strong></span> <span class='ocrx_word' id='word_1_535' title='bbox 2537 3393 2899 3450; x_wconf 77' lang='lat' dir='ltr'><strong>Inercsiarcha</strong></span> <span class='ocrx_word' id='word_1_536' title='bbox 2944 3387 3308 3462; x_wconf 75' lang='lat' dir='ltr'><strong>(Guibcrlm)</strong></span> <span class='ocrx_word' id='word_1_537' title='bbox 3338 3427 3353 3451; x_wconf 96' lang='lat'><strong>,</strong></span> <span class='ocrx_word' id='word_1_538' title='bbox 3415 3384 3508 3454; x_wconf 72' lang='lat' dir='ltr'><strong>qui</strong></span> <span class='ocrx_word' id='word_1_539' title='bbox 3571 3382 3808 3437; x_wconf 81' lang='lat' dir='ltr'><strong>vivente</strong></span> 
     </span>
    </p>
   </div>
   <div class='ocr_carea' id='block_1_79' title="bbox 2198 3472 3810 3562">
    <p class='ocr_par' dir='ltr' id='par_1_79' title="bbox 2198 3472 3810 3562">
     <span class='ocr_line' id='line_1_79' title="bbox 2198 3472 3810 3562; baseline -0.011 -19"><span class='ocrx_word' id='word_1_540' title='bbox 2198 3506 2336 3562; x_wconf 87' lang='lat' dir='ltr'><strong>papa</strong></span> <span class='ocrx_word' id='word_1_541' title='bbox 2361 3488 2624 3561; x_wconf 81' lang='lat' dir='ltr'><strong>Gregorio</strong></span> <span class='ocrx_word' id='word_1_542' title='bbox 2675 3494 2932 3558; x_wconf 88' lang='lat' dir='ltr'><strong>papatum</strong></span> <span class='ocrx_word' id='word_1_543' title='bbox 2963 3485 3262 3546; x_wconf 84' lang='lat' dir='ltr'><strong>invaserat,</strong></span> <span class='ocrx_word' id='word_1_544' title='bbox 3283 3478 3572 3535; x_wconf 84' lang='lat' dir='ltr'><strong>ecclesiam</strong></span> <span class='ocrx_word' id='word_1_545' title='bbox 3603 3472 3810 3531; x_wconf 70' lang='lat' dir='ltr'><strong>Sancti.</strong></span> 
     </span>
    </p>
   </div>
   <div class='ocr_carea' id='block_1_80' title="bbox 2204 3564 3790 3640">
    <p class='ocr_par' dir='ltr' id='par_1_80' title="bbox 2204 3564 3790 3640">
     <span class='ocr_line' id='line_1_80' title="bbox 2204 3564 3790 3640; baseline -0.011 -5"><span class='ocrx_word' id='word_1_546' title='bbox 2204 3581 2348 3636; x_wconf 81' lang='lat' dir='ltr'><strong>Petri</strong></span> <span class='ocrx_word' id='word_1_547' title='bbox 2385 3587 2590 3634; x_wconf 87' lang='lat' dir='ltr'><strong>armata</strong></span> <span class='ocrx_word' id='word_1_548' title='bbox 2638 3593 2800 3632; x_wconf 89' lang='lat' dir='ltr'><strong>manu</strong></span> <span class='ocrx_word' id='word_1_549' title='bbox 2838 3573 3082 3638; x_wconf 86' lang='lat' dir='ltr'><strong>tenebat,</strong></span> <span class='ocrx_word' id='word_1_550' title='bbox 3129 3587 3236 3627; x_wconf 88' lang='lat' dir='ltr'><strong>non</strong></span> <span class='ocrx_word' id='word_1_551' title='bbox 3267 3571 3478 3640; x_wconf 84' lang='lat' dir='ltr'><strong>integro</strong></span> <span class='ocrx_word' id='word_1_552' title='bbox 3513 3566 3604 3622; x_wconf 91' lang='lat' dir='ltr'><strong>die</strong></span> <span class='ocrx_word' id='word_1_553' title='bbox 3633 3582 3664 3620; x_wconf 91' lang='lat' dir='ltr'><strong>a</strong></span> <span class='ocrx_word' id='word_1_554' title='bbox 3697 3564 3790 3619; x_wconf 85' lang='lat' dir='ltr'><strong>mi-</strong></span> 
     </span>
    </p>
   </div>
   <div class='ocr_carea' id='block_1_81' title="bbox 2203 3666 3815 3742">
    <p class='ocr_par' dir='ltr' id='par_1_81' title="bbox 2203 3666 3815 3742">
     <span class='ocr_line' id='line_1_81' title="bbox 2203 3666 3815 3742; baseline -0.011 -16"><span class='ocrx_word' id='word_1_555' title='bbox 2203 3673 2388 3728; x_wconf 56' lang='lat' dir='ltr'><strong>litibus</strong></span> <span class='ocrx_word' id='word_1_556' title='bbox 2423 3671 2705 3742; x_wconf 85' lang='lat' dir='ltr'><strong>principis,</strong></span> <span class='ocrx_word' id='word_1_557' title='bbox 2752 3668 2844 3724; x_wconf 89' lang='lat' dir='ltr'><strong>Dei</strong></span> <span class='ocrx_word' id='word_1_558' title='bbox 2890 3666 3094 3721; x_wconf 64' lang='lat' dir='ltr'><strong>auxilio</strong></span> <span class='ocrx_word' id='word_1_559' title='bbox 3131 3671 3440 3734; x_wconf 65' lang='lat' dir='ltr'><strong>expugnata</strong></span> <span class='ocrx_word' id='word_1_560' title='bbox 3481 3669 3539 3716; x_wconf 89' lang='lat' dir='ltr'><strong>et</strong></span> <span class='ocrx_word' id='word_1_561' title='bbox 3576 3666 3815 3727; x_wconf 65' lang='lat' dir='ltr'><strong>recepta.</strong></span> 
     </span>
    </p>
   </div>
   <div class='ocr_carea' id='block_1_82' title="bbox 2201 3745 3780 3826">
    <p class='ocr_par' dir='ltr' id='par_1_82' title="bbox 2201 3745 3780 3826">
     <span class='ocr_line' id='line_1_82' title="bbox 2201 3745 3780 3826; baseline -0.013 -7"><span class='ocrx_word' id='word_1_562' title='bbox 2201 3771 2304 3819; x_wconf 89' lang='lat' dir='ltr'><strong>est.</strong></span> <span class='ocrx_word' id='word_1_563' title='bbox 2339 3761 2620 3818; x_wconf 90' lang='lat' dir='ltr'><strong>Dominico</strong></span> <span class='ocrx_word' id='word_1_564' title='bbox 2663 3773 2790 3815; x_wconf 73' lang='lat' dir='ltr'><strong>vero</strong></span> <span class='ocrx_word' id='word_1_565' title='bbox 2816 3757 2905 3812; x_wconf 89' lang='lat' dir='ltr'><strong>die</strong></span> <span class='ocrx_word' id='word_1_566' title='bbox 2946 3764 3068 3826; x_wconf 89' lang='lat' dir='ltr'><strong>post</strong></span> <span class='ocrx_word' id='word_1_567' title='bbox 3113 3753 3452 3808; x_wconf 88' lang='lat' dir='ltr'><strong>Dominicam</strong></span> <span class='ocrx_word' id='word_1_568' title='bbox 3495 3745 3780 3802; x_wconf 65' lang='lat' dir='ltr'><strong>Asccnsioo</strong></span> 
     </span>
    </p>
   </div>
   <div class='ocr_carea' id='block_1_83' title="bbox 2203 3838 3784 3922">
    <p class='ocr_par' dir='ltr' id='par_1_83' title="bbox 2203 3838 3784 3922">
     <span class='ocr_line' id='line_1_83' title="bbox 2203 3838 3784 3922; baseline -0.011 -13"><span class='ocrx_word' id='word_1_569' title='bbox 2203 3869 2350 3922; x_wconf 90' lang='lat' dir='ltr'><strong>nem,</strong></span> <span class='ocrx_word' id='word_1_570' title='bbox 2396 3851 2584 3907; x_wconf 88' lang='lat' dir='ltr'><strong>multis</strong></span> <span class='ocrx_word' id='word_1_571' title='bbox 2626 3849 2886 3905; x_wconf 83' lang='lat' dir='ltr'><strong>Romanis</strong></span> <span class='ocrx_word' id='word_1_572' title='bbox 2930 3856 2985 3901; x_wconf 86' lang='lat' dir='ltr'><strong>et</strong></span> <span class='ocrx_word' id='word_1_573' title='bbox 3011 3846 3263 3901; x_wconf 83' lang='lat' dir='ltr'><strong>omnibus</strong></span> <span class='ocrx_word' id='word_1_574' title='bbox 3309 3843 3423 3898; x_wconf 84' lang='lat' dir='ltr'><strong>fere</strong></span> <span class='ocrx_word' id='word_1_575' title='bbox 3464 3838 3784 3894; x_wconf 83' lang='lat' dir='ltr'><strong>Transtibe-</strong></span> 
     </span>
    </p>
   </div>
   <div class='ocr_carea' id='block_1_84' title="bbox 2203 3929 3794 4002">
    <p class='ocr_par' dir='ltr' id='par_1_84' title="bbox 2203 3929 3794 4002">
     <span class='ocr_line' id='line_1_84' title="bbox 2203 3929 3794 4002; baseline -0.013 -3"><span class='ocrx_word' id='word_1_576' title='bbox 2203 3944 2342 4000; x_wconf 92' lang='lat' dir='ltr'><strong>rinis</strong></span> <span class='ocrx_word' id='word_1_577' title='bbox 2395 3942 2711 3999; x_wconf 88' lang='lat' dir='ltr'><strong>solemniter</strong></span> <span class='ocrx_word' id='word_1_578' title='bbox 2758 3955 2880 3995; x_wconf 89' lang='lat' dir='ltr'><strong>cum</strong></span> <span class='ocrx_word' id='word_1_579' title='bbox 2932 3936 3167 3991; x_wconf 79' lang='lat' dir='ltr'><strong>maxima</strong></span> <span class='ocrx_word' id='word_1_580' title='bbox 3232 3929 3537 4002; x_wconf 82' lang='lat' dir='ltr'><strong>frequentia</strong></span> <span class='ocrx_word' id='word_1_581' title='bbox 3601 3941 3794 3984; x_wconf 89' lang='lat' dir='ltr'><strong>occur.</strong></span> 
     </span>
    </p>
   </div>
   <div class='ocr_carea' id='block_1_85' title="bbox 2200 4021 3800 4106">
    <p class='ocr_par' dir='ltr' id='par_1_85' title="bbox 2200 4021 3800 4106">
     <span class='ocr_line' id='line_1_85' title="bbox 2200 4021 3800 4106; baseline -0.014 -12"><span class='ocrx_word' id='word_1_582' title='bbox 2200 4038 2470 4104; x_wconf 88' lang='lat' dir='ltr'><strong>rentibus,</strong></span> <span class='ocrx_word' id='word_1_583' title='bbox 2523 4035 2781 4106; x_wconf 72' lang='lat' dir='ltr'><strong>przel‘atus</strong></span> <span class='ocrx_word' id='word_1_584' title='bbox 2829 4031 3034 4087; x_wconf 88' lang='lat' dir='ltr'><strong>electus</strong></span> <span class='ocrx_word' id='word_1_585' title='bbox 3084 4043 3115 4084; x_wconf 89' lang='lat' dir='ltr'><strong>a</strong></span> <span class='ocrx_word' id='word_1_586' title='bbox 3170 4025 3433 4082; x_wconf 75' lang='lat' dir='ltr'><strong>Romanis</strong></span> <span class='ocrx_word' id='word_1_587' title='bbox 3481 4021 3750 4094; x_wconf 91' lang='lat' dir='ltr'><strong>episcopis</strong></span> <span class='ocrx_word' id='word_1_588' title='bbox 3775 4058 3800 4082; x_wconf 88' lang='lat'><strong>,.</strong></span> 
     </span>
    </p>
   </div>
   <div class='ocr_carea' id='block_1_86' title="bbox 2204 4115 3792 4193">
    <p class='ocr_par' dir='ltr' id='par_1_86' title="bbox 2204 4115 3792 4193">
     <span class='ocr_line' id='line_1_86' title="bbox 2204 4115 3792 4193; baseline -0.015 -5"><span class='ocrx_word' id='word_1_589' title='bbox 2204 4131 2444 4188; x_wconf 89' lang='lat' dir='ltr'><strong>Ostiensi</strong></span> <span class='ocrx_word' id='word_1_590' title='bbox 2490 4129 2769 4193; x_wconf 87' lang='lat' dir='ltr'><strong>videlicet,</strong></span> <span class='ocrx_word' id='word_1_591' title='bbox 2819 4115 3576 4191; x_wconf 70' lang='lat' dir='ltr'><strong>Tuscnlanensi,ﬁPortuensi</strong></span> <span class='ocrx_word' id='word_1_592' title='bbox 3633 4124 3792 4180; x_wconf 87' lang='lat' dir='ltr'><strong>atque</strong></span> 
     </span>
    </p>
   </div>
   <div class='ocr_carea' id='block_1_87' title="bbox 2203 4205 3796 4288">
    <p class='ocr_par' dir='ltr' id='par_1_87' title="bbox 2203 4205 3796 4288">
     <span class='ocr_line' id='line_1_87' title="bbox 2203 4205 3796 4288; baseline -0.015 -8"><span class='ocrx_word' id='word_1_593' title='bbox 2203 4221 2492 4280; x_wconf 79' lang='lat' dir='ltr'><strong>Albanensi</strong></span> <span class='ocrx_word' id='word_1_594' title='bbox 2515 4262 2530 4288; x_wconf 93' lang='lat'><strong>,</strong></span> <span class='ocrx_word' id='word_1_595' title='bbox 2562 4217 2930 4276; x_wconf 88' lang='lat' dir='ltr'><strong>cardinalibus</strong></span> <span class='ocrx_word' id='word_1_596' title='bbox 2963 4228 3179 4286; x_wconf 89' lang='lat' dir='ltr'><strong>quoque</strong></span> <span class='ocrx_word' id='word_1_597' title='bbox 3224 4220 3279 4266; x_wconf 91' lang='lat' dir='ltr'><strong>et</strong></span> <span class='ocrx_word' id='word_1_598' title='bbox 3312 4205 3582 4279; x_wconf 79' lang='lat' dir='ltr'><strong>episcopis</strong></span> <span class='ocrx_word' id='word_1_599' title='bbox 3623 4214 3796 4274; x_wconf 84' lang='lat' dir='ltr'><strong>atque</strong></span> 
     </span>
    </p>
   </div>
   <div class='ocr_carea' id='block_1_88' title="bbox 2205 4294 3792 4384">
    <p class='ocr_par' dir='ltr' id='par_1_88' title="bbox 2205 4294 3792 4384">
     <span class='ocr_line' id='line_1_88' title="bbox 2205 4294 3792 4384; baseline -0.014 -14"><span class='ocrx_word' id='word_1_600' title='bbox 2205 4316 2493 4372; x_wconf 88' lang='lat' dir='ltr'><strong>abbatibus</strong></span> <span class='ocrx_word' id='word_1_601' title='bbox 2523 4311 2941 4384; x_wconf 89' lang='lat' dir='ltr'><strong>quamplurimis</strong></span> <span class='ocrx_word' id='word_1_602' title='bbox 2987 4305 3390 4368; x_wconf 89' lang='lat' dir='ltr'><strong>assistentibus,</strong></span> <span class='ocrx_word' id='word_1_603' title='bbox 3431 4314 3584 4355; x_wconf 90' lang='lat' dir='ltr'><strong>more</strong></span> <span class='ocrx_word' id='word_1_604' title='bbox 3614 4294 3792 4352; x_wconf 89' lang='lat' dir='ltr'><strong>eccle-</strong></span> 
     </span>
    </p>
   </div>
   <div class='ocr_carea' id='block_1_89' title="bbox 2204 4387 3792 4470">
    <p class='ocr_par' dir='ltr' id='par_1_89' title="bbox 2204 4387 3792 4470">
     <span class='ocr_line' id='line_1_89' title="bbox 2204 4387 3792 4470; baseline -0.016 -6"><span class='ocrx_word' id='word_1_605' title='bbox 2204 4409 2426 4464; x_wconf 87' lang='lat' dir='ltr'><strong>siastico</strong></span> <span class='ocrx_word' id='word_1_606' title='bbox 2459 4414 2814 4462; x_wconf 89' lang='lat' dir='ltr'><strong>consecratus</strong></span> <span class='ocrx_word' id='word_1_607' title='bbox 2857 4411 2910 4458; x_wconf 90' lang='lat' dir='ltr'><strong>et</strong></span> <span class='ocrx_word' id='word_1_608' title='bbox 2949 4401 3004 4456; x_wconf 92' lang='lat' dir='ltr'><strong>in</strong></span> <span class='ocrx_word' id='word_1_609' title='bbox 3043 4395 3394 4470; x_wconf 87' lang='lat' dir='ltr'><strong>apostolicam</strong></span> <span class='ocrx_word' id='word_1_610' title='bbox 3425 4391 3612 4447; x_wconf 90' lang='lat' dir='ltr'><strong>sedem</strong></span> <span class='ocrx_word' id='word_1_611' title='bbox 3646 4387 3792 4442; x_wconf 84' lang='lat' dir='ltr'><strong>loca-</strong></span> 
     </span>
    </p>
   </div>
   <div class='ocr_carea' id='block_1_90' title="bbox 2206 4482 3826 4566">
    <p class='ocr_par' dir='ltr' id='par_1_90' title="bbox 2206 4482 3826 4566">
     <span class='ocr_line' id='line_1_90' title="bbox 2206 4482 3826 4566; baseline -0.014 -13"><span class='ocrx_word' id='word_1_612' title='bbox 2206 4508 2290 4555; x_wconf 85' lang='lat' dir='ltr'><strong>tus</strong></span> <span class='ocrx_word' id='word_1_613' title='bbox 2332 4507 2416 4554; x_wconf 90' lang='lat' dir='ltr'><strong>est</strong></span> <span class='ocrx_word' id='word_1_614' title='bbox 2463 4497 2691 4566; x_wconf 86' lang='lat' dir='ltr'><strong>septima</strong></span> <span class='ocrx_word' id='word_1_615' title='bbox 2741 4495 2864 4548; x_wconf 89' lang='lat' dir='ltr'><strong>ldus</strong></span> <span class='ocrx_word' id='word_1_616' title='bbox 2911 4490 3077 4545; x_wconf 81' lang='lat' dir='ltr'><strong>Maii:</strong></span> <span class='ocrx_word' id='word_1_617' title='bbox 3129 4503 3237 4558; x_wconf 90' lang='lat' dir='ltr'><strong>quo</strong></span> <span class='ocrx_word' id='word_1_618' title='bbox 3267 4484 3432 4540; x_wconf 88' lang='lat' dir='ltr'><strong>etiam</strong></span> <span class='ocrx_word' id='word_1_619' title='bbox 3462 4482 3550 4536; x_wconf 89' lang='lat' dir='ltr'><strong>die</strong></span> <span class='ocrx_word' id='word_1_620' title='bbox 3590 4491 3826 4547; x_wconf 85' lang='lat' dir='ltr'><strong>corpus.</strong></span> 
     </span>
    </p>
   </div>
   <div class='ocr_carea' id='block_1_91' title="bbox 523 4564 3787 4658">
    <p class='ocr_par' dir='ltr' id='par_1_91' title="bbox 523 4564 3787 4658">
     <span class='ocr_line' id='line_1_91' title="bbox 523 4564 3787 4658; baseline -0.006 -16"><span class='ocrx_word' id='word_1_621' title='bbox 523 4596 756 4656; x_wconf 89' lang='lat' dir='ltr'><strong>quatuor</strong></span> <span class='ocrx_word' id='word_1_622' title='bbox 799 4587 916 4641; x_wconf 91' lang='lat' dir='ltr'><strong>dies</strong></span> <span class='ocrx_word' id='word_1_623' title='bbox 948 4587 1088 4640; x_wconf 88' lang='lat' dir='ltr'><strong>idem</strong></span> <span class='ocrx_word' id='word_1_624' title='bbox 1123 4585 1328 4641; x_wconf 85' lang='lat' dir='ltr'><strong>electus</strong></span> <span class='ocrx_word' id='word_1_625' title='bbox 1374 4585 1598 4639; x_wconf 82' lang='lat' dir='ltr'><strong>Romam</strong></span> <span class='ocrx_word' id='word_1_626' title='bbox 1636 4589 1918 4658; x_wconf 79' lang='lat' dir='ltr'><strong>egressus,</strong></span> <span class='ocrx_word' id='word_1_627' title='bbox 1954 4586 2102 4642; x_wconf 87' lang='lat' dir='ltr'><strong>venit</strong></span> <span class='ocrx_word' id='word_1_628' title='bbox 2131 4564 2182 4625; x_wconf 71' lang='grc' dir='ltr'><strong>θ</strong></span> <span class='ocrx_word' id='word_1_629' title='bbox 2204 4590 2379 4647; x_wconf 89' lang='lat' dir='ltr'><strong>sancti</strong></span> <span class='ocrx_word' id='word_1_630' title='bbox 2401 4564 2733 4645; x_wconf 78' lang='lat' dir='ltr'><strong>confessoris</strong></span> <span class='ocrx_word' id='word_1_631' title='bbox 2761 4585 2964 4640; x_wconf 81' lang='lat' dir='ltr'><strong>Christi</strong></span> <span class='ocrx_word' id='word_1_632' title='bbox 2991 4581 3196 4637; x_wconf 81' lang='lat' dir='ltr'><strong>Nicolai</strong></span> <span class='ocrx_word' id='word_1_633' title='bbox 3225 4594 3254 4633; x_wconf 90' lang='lat' dir='ltr'><strong>a</strong></span> <span class='ocrx_word' id='word_1_634' title='bbox 3287 4577 3510 4633; x_wconf 89' lang='lat' dir='ltr'><strong>civitate</strong></span> <span class='ocrx_word' id='word_1_635' title='bbox 3544 4568 3787 4629; x_wconf 81' lang='lat' dir='ltr'><strong>Mirensi.</strong></span> 
     </span>
    </p>
   </div>
   <div class='ocr_carea' id='block_1_92' title="bbox 522 4675 2101 4750">
    <p class='ocr_par' dir='ltr' id='par_1_92' title="bbox 522 4675 2101 4750">
     <span class='ocr_line' id='line_1_92' title="bbox 522 4675 2101 4750; baseline 0.002 -20"><span class='ocrx_word' id='word_1_636' title='bbox 522 4675 776 4745; x_wconf 79' lang='lat' dir='ltr'><strong>Ardeam,</strong></span> <span class='ocrx_word' id='word_1_637' title='bbox 821 4679 1005 4749; x_wconf 85' lang='lat' dir='ltr'><strong>ibique</strong></span> <span class='ocrx_word' id='word_1_638' title='bbox 1045 4693 1142 4750; x_wconf 88' lang='lat' dir='ltr'><strong>per</strong></span> <span class='ocrx_word' id='word_1_639' title='bbox 1170 4677 1404 4732; x_wconf 89' lang='lat' dir='ltr'><strong>triduum</strong></span> <span class='ocrx_word' id='word_1_640' title='bbox 1454 4688 1777 4744; x_wconf 87' lang='lat' dir='ltr'><strong>remoratus,</strong></span> <span class='ocrx_word' id='word_1_641' title='bbox 1809 4679 1939 4735; x_wconf 88' lang='lat' dir='ltr'><strong>abiit</strong></span> <span class='ocrx_word' id='word_1_642' title='bbox 1968 4678 2101 4735; x_wconf 88' lang='lat' dir='ltr'><strong>Ter-</strong></span> 
     </span>
    </p>
   </div>
   <div class='ocr_carea' id='block_1_93' title="bbox 525 4766 2098 4841">
    <p class='ocr_par' dir='ltr' id='par_1_93' title="bbox 525 4766 2098 4841">
     <span class='ocr_line' id='line_1_93' title="bbox 525 4766 2098 4841; baseline 0.001 -21"><span class='ocrx_word' id='word_1_643' title='bbox 525 4766 789 4833; x_wconf 87' lang='lat' dir='ltr'><strong>racinam,</strong></span> <span class='ocrx_word' id='word_1_644' title='bbox 824 4769 891 4824; x_wconf 91' lang='lat' dir='ltr'><strong>ab</strong></span> <span class='ocrx_word' id='word_1_645' title='bbox 937 4769 1064 4841; x_wconf 86' lang='lat' dir='ltr'><strong>inde</strong></span> <span class='ocrx_word' id='word_1_646' title='bbox 1111 4784 1325 4824; x_wconf 89' lang='lat' dir='ltr'><strong>crucem</strong></span> <span class='ocrx_word' id='word_1_647' title='bbox 1355 4777 1407 4822; x_wconf 86' lang='lat' dir='ltr'><strong>et</strong></span> <span class='ocrx_word' id='word_1_648' title='bbox 1449 4767 1787 4841; x_wconf 77' lang='lat' dir='ltr'><strong>chlamydem</strong></span> <span class='ocrx_word' id='word_1_649' title='bbox 1814 4777 1870 4824; x_wconf 90' lang='lat' dir='ltr'><strong>et</strong></span> <span class='ocrx_word' id='word_1_650' title='bbox 1904 4777 2098 4823; x_wconf 65' lang='lat' dir='ltr'><strong>cratera</strong></span> 
     </span>
    </p>
   </div>
   <div class='ocr_carea' id='block_1_94' title="bbox 521 4840 2098 4933">
    <p class='ocr_par' dir='ltr' id='par_1_94' title="bbox 521 4840 2098 4933">
     <span class='ocr_line' id='line_1_94' title="bbox 521 4840 2098 4933; baseline 0 -21"><span class='ocrx_word' id='word_1_651' title='bbox 521 4857 872 4933; x_wconf 82' lang='lat' dir='ltr'><strong>pontiﬁcatus</strong></span> <span class='ocrx_word' id='word_1_652' title='bbox 921 4840 1150 4931; x_wconf 79' lang='lat' dir='ltr'><strong>insignia</strong></span> <span class='ocrx_word' id='word_1_653' title='bbox 1184 4860 1257 4914; x_wconf 89' lang='lat' dir='ltr'><strong>ita</strong></span> <span class='ocrx_word' id='word_1_654' title='bbox 1305 4858 1528 4925; x_wconf 90' lang='lat' dir='ltr'><strong>dimisit,</strong></span> <span class='ocrx_word' id='word_1_655' title='bbox 1559 4868 1614 4913; x_wconf 92' lang='lat' dir='ltr'><strong>ut</strong></span> <span class='ocrx_word' id='word_1_656' title='bbox 1639 4840 1720 4914; x_wconf 88' lang='lat' dir='ltr'><strong>eis</strong></span> <span class='ocrx_word' id='word_1_657' title='bbox 1762 4859 1992 4914; x_wconf 85' lang='lat' dir='ltr'><strong>ulterius</strong></span> <span class='ocrx_word' id='word_1_658' title='bbox 2022 4858 2098 4913; x_wconf 91' lang='lat' dir='ltr'><strong>uti</strong></span> 
     </span>
    </p>
   </div>
   <div class='ocr_carea' id='block_1_95' title="bbox 513 4946 2098 5026">
    <p class='ocr_par' dir='ltr' id='par_1_95' title="bbox 513 4946 2098 5026">
     <span class='ocr_line' id='line_1_95' title="bbox 513 4946 2098 5026; baseline 0.001 -22"><span class='ocrx_word' id='word_1_659' title='bbox 513 4946 672 5005; x_wconf 83' lang='lat' dir='ltr'><strong>nullo</strong></span> <span class='ocrx_word' id='word_1_660' title='bbox 697 4965 936 5021; x_wconf 87' lang='lat' dir='ltr'><strong>unquam</strong></span> <span class='ocrx_word' id='word_1_661' title='bbox 970 4953 1128 5007; x_wconf 89' lang='lat' dir='ltr'><strong>modo</strong></span> <span class='ocrx_word' id='word_1_662' title='bbox 1154 4953 1469 5023; x_wconf 87' lang='lat' dir='ltr'><strong>persuaderi</strong></span> <span class='ocrx_word' id='word_1_663' title='bbox 1515 4954 1769 5026; x_wconf 87' lang='lat' dir='ltr'><strong>potuerit,</strong></span> <span class='ocrx_word' id='word_1_664' title='bbox 1801 4952 2098 5008; x_wconf 88' lang='lat' dir='ltr'><strong>decernens</strong></span> 
     </span>
    </p>
   </div>
   <div class='ocr_carea' id='block_1_96' title="bbox 511 5039 2100 5115">
    <p class='ocr_par' dir='ltr' id='par_1_96' title="bbox 511 5039 2100 5115">
     <span class='ocr_line' id='line_1_96' title="bbox 511 5039 2100 5115; baseline 0 -19"><span class='ocrx_word' id='word_1_665' title='bbox 511 5056 579 5110; x_wconf 90' lang='lat' dir='ltr'><strong>po</strong></span> <span class='ocrx_word' id='word_1_666' title='bbox 599 5039 704 5097; x_wconf 85' lang='lat' dir='ltr'><strong>tius</strong></span> <span class='ocrx_word' id='word_1_667' title='bbox 729 5042 878 5097; x_wconf 90' lang='lat' dir='ltr'><strong>omni</strong></span> <span class='ocrx_word' id='word_1_668' title='bbox 908 5043 1032 5098; x_wconf 72' lang='lat' dir='ltr'><strong>vita:</strong></span> <span class='ocrx_word' id='word_1_669' title='bbox 1058 5059 1169 5099; x_wconf 69' lang='lat' dir='ltr'><strong>sua:</strong></span> <span class='ocrx_word' id='word_1_670' title='bbox 1199 5053 1446 5114; x_wconf 89' lang='lat' dir='ltr'><strong>tempore</strong></span> <span class='ocrx_word' id='word_1_671' title='bbox 1487 5046 1539 5099; x_wconf 91' lang='lat' dir='ltr'><strong>in</strong></span> <span class='ocrx_word' id='word_1_672' title='bbox 1585 5045 1763 5099; x_wconf 84' lang='lat' dir='ltr'><strong>divina</strong></span> <span class='ocrx_word' id='word_1_673' title='bbox 1792 5044 2100 5115; x_wconf 86' lang='lat' dir='ltr'><strong>peregrina-</strong></span> 
     </span>
    </p>
   </div>
   <div class='ocr_carea' id='block_1_97' title="bbox 515 5131 2100 5213">
    <p class='ocr_par' dir='ltr' id='par_1_97' title="bbox 515 5131 2100 5213">
     <span class='ocr_line' id='line_1_97' title="bbox 515 5131 2100 5213; baseline 0.001 -29"><span class='ocrx_word' id='word_1_674' title='bbox 515 5131 670 5185; x_wconf 71' lang='lat' dir='ltr'><strong>tione</strong></span> <span class='ocrx_word' id='word_1_675' title='bbox 694 5131 862 5186; x_wconf 88' lang='lat' dir='ltr'><strong>vitam</strong></span> <span class='ocrx_word' id='word_1_676' title='bbox 895 5131 1072 5213; x_wconf 87' lang='lat' dir='ltr'><strong>ﬁnire,</strong></span> <span class='ocrx_word' id='word_1_677' title='bbox 1103 5148 1280 5202; x_wconf 21' lang='lat' dir='ltr'><strong>quam.</strong></span> <span class='ocrx_word' id='word_1_678' title='bbox 1307 5135 1443 5189; x_wconf 89' lang='lat' dir='ltr'><strong>tanti</strong></span> <span class='ocrx_word' id='word_1_679' title='bbox 1477 5134 1682 5189; x_wconf 86' lang='lat' dir='ltr'><strong>ordinis</strong></span> <span class='ocrx_word' id='word_1_680' title='bbox 1714 5133 1950 5190; x_wconf 78' lang='lat' dir='ltr'><strong>fascibus</strong></span> <span class='ocrx_word' id='word_1_681' title='bbox 1979 5147 2100 5202; x_wconf 88' lang='lat' dir='ltr'><strong>gra-</strong></span> 
     </span>
    </p>
   </div>
   <div class='ocr_carea' id='block_1_98' title="bbox 513 5220 2103 5300">
    <p class='ocr_par' dir='ltr' id='par_1_98' title="bbox 513 5220 2103 5300">
     <span class='ocr_line' id='line_1_98' title="bbox 513 5220 2103 5300; baseline -0.001 -26"><span class='ocrx_word' id='word_1_682' title='bbox 513 5220 928 5290; x_wconf 73' lang='lat' dir='ltr'><strong>vissi‘uiiscolla</strong></span> <span class='ocrx_word' id='word_1_683' title='bbox 997 5221 1335 5294; x_wconf 82' lang='lat' dir='ltr'><strong>submittere.</strong></span> <span class='ocrx_word' id='word_1_684' title='bbox 1369 5223 1718 5278; x_wconf 88' lang='lat' dir='ltr'><strong>lnsistebatur</strong></span> <span class='ocrx_word' id='word_1_685' title='bbox 1766 5224 1814 5278; x_wconf 89' lang='lat' dir='ltr'><strong>ei</strong></span> <span class='ocrx_word' id='word_1_686' title='bbox 1861 5222 2103 5300; x_wconf 80' lang='lat' dir='ltr'><strong>quotidie</strong></span> 
     </span>
    </p>
   </div>
   <div class='ocr_carea' id='block_1_99' title="bbox 517 5303 2106 5354">
    <p class='ocr_par' dir='ltr' id='par_1_99' title="bbox 517 5303 2106 5354">
     <span class='ocr_line' id='line_1_99' title="bbox 517 5303 2106 5354; baseline -0.001 0"><span class='ocrx_word' id='word_1_687' title='bbox 517 5303 802 5354; x_wconf 66' lang='lat' dir='ltr'><strong>numnum-</strong></span> <span class='ocrx_word' id='word_1_688' title='bbox 855 5309 1002 5354; x_wconf 71' lang='lat' dir='ltr'><strong>incrv</strong></span> <span class='ocrx_word' id='word_1_689' title='bbox 1014 5311 1225 5354; x_wconf 70' lang='lat' dir='ltr'><strong>mismm</strong></span> <span class='ocrx_word' id='word_1_690' title='bbox 1275 5311 1624 5354; x_wconf 71' lang='lat' dir='ltr'><strong>orpimrrimie</strong></span> <span class='ocrx_word' id='word_1_691' title='bbox 1711 5311 2026 5354; x_wconf 68' lang='lat' dir='ltr'><strong>nitii:5:.I-.:::;:</strong></span> <span class='ocrx_word' id='word_1_692' title='bbox 2041 5327 2106 5352; x_wconf 73' lang='lat' dir='ltr'><strong>nr</strong></span> 
     </span>
    </p>
   </div>
   <div class='ocr_carea' id='block_1_100' title="bbox 2201 4663 3803 4752">
    <p class='ocr_par' dir='ltr' id='par_1_100' title="bbox 2201 4663 3803 4752">
     <span class='ocr_line' id='line_1_100' title="bbox 2201 4663 3803 4752; baseline -0.014 -14"><span class='ocrx_word' id='word_1_693' title='bbox 2201 4685 2256 4739; x_wconf 89' lang='lat' dir='ltr'><strong>in</strong></span> <span class='ocrx_word' id='word_1_694' title='bbox 2283 4697 2388 4752; x_wconf 87' lang='lat' dir='ltr'><strong>qna</strong></span> <span class='ocrx_word' id='word_1_695' title='bbox 2420 4695 2517 4752; x_wconf 91' lang='lat' dir='ltr'><strong>per</strong></span> <span class='ocrx_word' id='word_1_696' title='bbox 2548 4693 2722 4734; x_wconf 86' lang='lat' dir='ltr'><strong>annos</strong></span> <span class='ocrx_word' id='word_1_697' title='bbox 2762 4677 3136 4747; x_wconf 89' lang='lat' dir='ltr'><strong>septingentos</strong></span> <span class='ocrx_word' id='word_1_698' title='bbox 3167 4667 3512 4742; x_wconf 84' lang='lat' dir='ltr'><strong>septuaginta</strong></span> <span class='ocrx_word' id='word_1_699' title='bbox 3551 4663 3803 4734; x_wconf 80' lang='lat' dir='ltr'><strong>quinth</strong></span> 
     </span>
    </p>
   </div>
   <div class='ocr_carea' id='block_1_101' title="bbox 2201 4760 3794 4846">
    <p class='ocr_par' dir='ltr' id='par_1_101' title="bbox 2201 4760 3794 4846">
     <span class='ocr_line' id='line_1_101' title="bbox 2201 4760 3794 4846; baseline -0.014 -17"><span class='ocrx_word' id='word_1_700' title='bbox 2201 4776 2528 4846; x_wconf 90' lang='lat' dir='ltr'><strong>quieverat,</strong></span> <span class='ocrx_word' id='word_1_701' title='bbox 2573 4771 2755 4826; x_wconf 85' lang='lat' dir='ltr'><strong>Barim</strong></span> <span class='ocrx_word' id='word_1_702' title='bbox 2815 4769 3053 4824; x_wconf 88' lang='lat' dir='ltr'><strong>delatum</strong></span> <span class='ocrx_word' id='word_1_703' title='bbox 3105 4775 3211 4820; x_wconf 88' lang='lat' dir='ltr'><strong>est.</strong></span> <span class='ocrx_word' id='word_1_704' title='bbox 3264 4760 3564 4817; x_wconf 81' lang='lat' dir='ltr'><strong>Praedictus</strong></span> <span class='ocrx_word' id='word_1_705' title='bbox 3609 4765 3794 4810; x_wconf 85' lang='lat' dir='ltr'><strong>autem</strong></span> 
     </span>
    </p>
   </div>
   <div class='ocr_carea' id='block_1_102' title="bbox 2199 4857 3796 4938">
    <p class='ocr_par' dir='ltr' id='par_1_102' title="bbox 2199 4857 3796 4938">
     <span class='ocr_line' id='line_1_102' title="bbox 2199 4857 3796 4938; baseline -0.014 -17"><span class='ocrx_word' id='word_1_706' title='bbox 2199 4866 2441 4938; x_wconf 75' lang='lat' dir='ltr'><strong>pontifex</strong></span> <span class='ocrx_word' id='word_1_707' title='bbox 2465 4879 2562 4936; x_wconf 90' lang='lat' dir='ltr'><strong>per</strong></span> <span class='ocrx_word' id='word_1_708' title='bbox 2582 4872 2706 4918; x_wconf 89' lang='lat' dir='ltr'><strong>octo</strong></span> <span class='ocrx_word' id='word_1_709' title='bbox 2727 4861 2947 4915; x_wconf 89' lang='lat' dir='ltr'><strong>circiter</strong></span> <span class='ocrx_word' id='word_1_710' title='bbox 2968 4859 3082 4914; x_wconf 87' lang='lat' dir='ltr'><strong>dies</strong></span> <span class='ocrx_word' id='word_1_711' title='bbox 3114 4857 3300 4911; x_wconf 75' lang='lat' dir='ltr'><strong>Roma:</strong></span> <span class='ocrx_word' id='word_1_712' title='bbox 3328 4858 3657 4913; x_wconf 89' lang='lat' dir='ltr'><strong>remoratus,</strong></span> <span class='ocrx_word' id='word_1_713' title='bbox 3687 4859 3796 4938; x_wconf 77' lang='lat' dir='ltr'><strong>una</strong></span> 
     </span>
    </p>
   </div>
   <div class='ocr_carea' id='block_1_103' title="bbox 2201 4937 3802 5028">
    <p class='ocr_par' dir='ltr' id='par_1_103' title="bbox 2201 4937 3802 5028">
     <span class='ocr_line' id='line_1_103' title="bbox 2201 4937 3802 5028; baseline -0.013 -15"><span class='ocrx_word' id='word_1_714' title='bbox 2201 4937 2324 5013; x_wconf 86' lang='lat' dir='ltr'><strong>cum</strong></span> <span class='ocrx_word' id='word_1_715' title='bbox 2346 4955 2620 5028; x_wconf 72' lang='lat' dir='ltr'><strong>prmdictis</strong></span> <span class='ocrx_word' id='word_1_716' title='bbox 2634 4953 2969 5024; x_wconf 84' lang='lat' dir='ltr'><strong>principibus</strong></span> <span class='ocrx_word' id='word_1_717' title='bbox 2994 4951 3062 5006; x_wconf 90' lang='lat' dir='ltr'><strong>ad</strong></span> <span class='ocrx_word' id='word_1_718' title='bbox 3077 4949 3179 5006; x_wconf 87' lang='lat' dir='ltr'><strong>hoc</strong></span> <span class='ocrx_word' id='word_1_719' title='bbox 3195 4942 3587 5002; x_wconf 89' lang='lat' dir='ltr'><strong>monasterium</strong></span> <span class='ocrx_word' id='word_1_720' title='bbox 3611 4937 3802 4995; x_wconf 65' lang='lat' dir='ltr'><strong>rediit.</strong></span> 
     </span>
    </p>
   </div>
   <div class='ocr_carea' id='block_1_104' title="bbox 2276 5035 3793 5105">
    <p class='ocr_par' dir='ltr' id='par_1_104' title="bbox 2276 5035 3793 5105">
     <span class='ocr_line' id='line_1_104' title="bbox 2276 5035 3793 5105; baseline -0.016 1"><span class='ocrx_word' id='word_1_721' title='bbox 2276 5049 2502 5105; x_wconf 84' lang='lat' dir='ltr'><strong>Romam</strong></span> <span class='ocrx_word' id='word_1_722' title='bbox 2547 5048 2680 5104; x_wconf 80' lang='lat' dir='ltr'><strong>adit.</strong></span> <span class='ocrx_word' id='word_1_723' title='bbox 2728 5044 2824 5100; x_wconf 84' lang='lat' dir='ltr'><strong>Ubi</strong></span> <span class='ocrx_word' id='word_1_724' title='bbox 2867 5041 3057 5098; x_wconf 64' lang='lat' dir='ltr'><strong>turba.</strong></span> <span class='ocrx_word' id='word_1_725' title='bbox 3087 5070 3158 5082; x_wconf 89' lang='lat'><strong>-—</strong></span> <span class='ocrx_word' id='word_1_726' title='bbox 3187 5039 3314 5093; x_wconf 86' lang='lat' dir='ltr'><strong>Post</strong></span> <span class='ocrx_word' id='word_1_727' title='bbox 3359 5035 3616 5103; x_wconf 78' lang='lat' dir='ltr'><strong>exiguum</strong></span> <span class='ocrx_word' id='word_1_728' title='bbox 3665 5043 3793 5083; x_wconf 91' lang='lat' dir='ltr'><strong>vero</strong></span> 
     </span>
    </p>
   </div>
   <div class='ocr_carea' id='block_1_105' title="bbox 2203 5120 3788 5213">
    <p class='ocr_par' dir='ltr' id='par_1_105' title="bbox 2203 5120 3788 5213">
     <span class='ocr_line' id='line_1_105' title="bbox 2203 5120 3788 5213; baseline -0.016 -17"><span class='ocrx_word' id='word_1_729' title='bbox 2203 5142 2464 5213; x_wconf 86' lang='lat' dir='ltr'><strong>temporis</strong></span> <span class='ocrx_word' id='word_1_730' title='bbox 2487 5139 2721 5210; x_wconf 88' lang='lat' dir='ltr'><strong>spatium</strong></span> <span class='ocrx_word' id='word_1_731' title='bbox 2743 5134 3022 5190; x_wconf 85' lang='lat' dir='ltr'><strong>comitissa</strong></span> <span class='ocrx_word' id='word_1_732' title='bbox 3050 5129 3326 5185; x_wconf 80' lang='lat' dir='ltr'><strong>Matliildis</strong></span> <span class='ocrx_word' id='word_1_733' title='bbox 3356 5125 3546 5178; x_wconf 89' lang='lat' dir='ltr'><strong>urbem</strong></span> <span class='ocrx_word' id='word_1_734' title='bbox 3573 5120 3788 5181; x_wconf 82' lang='lat' dir='ltr'><strong>adiens,</strong></span> 
     </span>
    </p>
   </div>
   <div class='ocr_carea' id='block_1_106' title="bbox 2205 5213 3802 5302">
    <p class='ocr_par' dir='ltr' id='par_1_106' title="bbox 2205 5213 3802 5302">
     <span class='ocr_line' id='line_1_106' title="bbox 2205 5213 3802 5302; baseline -0.016 -16"><span class='ocrx_word' id='word_1_735' title='bbox 2205 5232 2424 5302; x_wconf 88' lang='lat' dir='ltr'><strong>magnis</strong></span> <span class='ocrx_word' id='word_1_736' title='bbox 2479 5228 2729 5286; x_wconf 88' lang='lat' dir='ltr'><strong>eumdem</strong></span> <span class='ocrx_word' id='word_1_737' title='bbox 2787 5225 3100 5296; x_wconf 84' lang='lat' dir='ltr'><strong>pontiﬁcem</strong></span> <span class='ocrx_word' id='word_1_738' title='bbox 3159 5213 3645 5290; x_wconf 88' lang='lat' dir='ltr'><strong>supplicationibus</strong></span> <span class='ocrx_word' id='word_1_739' title='bbox 3699 5220 3802 5281; x_wconf 80' lang='lat' dir='ltr'><strong>per</strong></span> 
     </span>
    </p>
   </div>
   <div class='ocr_carea' id='block_1_107' title="bbox 2208 5303 3790 5354">
    <p class='ocr_par' dir='ltr' id='par_1_107' title="bbox 2208 5303 3790 5354">
     <span class='ocr_line' id='line_1_107' title="bbox 2208 5303 3790 5354; baseline 0 0"><span class='ocrx_word' id='word_1_740' title='bbox 2208 5324 2414 5354; x_wconf 69' lang='grc' dir='ltr'><strong>Ιηηοιηι.</strong></span> <span class='ocrx_word' id='word_1_741' title='bbox 2461 5318 2818 5354; x_wconf 61' lang='grc' dir='ltr'><strong>ἕηίυε-τιεῖἓιει·ἓι</strong></span> <span class='ocrx_word' id='word_1_742' title='bbox 2873 5326 3141 5354; x_wconf 72' lang='lat' dir='ltr'><strong>ntlnlanllc</strong></span> <span class='ocrx_word' id='word_1_743' title='bbox 3177 5312 3295 5354; x_wconf 71' lang='grc' dir='ltr'>ρίιις</span> <span class='ocrx_word' id='word_1_744' title='bbox 3328 5307 3431 5354; x_wconf 77' lang='lat' dir='ltr'><strong>frui</strong></span> <span class='ocrx_word' id='word_1_745' title='bbox 3461 5303 3790 5354; x_wconf 68' lang='lat' dir='ltr'><strong>aSMClibus.</strong></span> 
     </span>
    </p>
   </div>
  </div>
