  <div class='ocr_page' id='page_1' title='image "/cluster/home/n/w/nwhite01/storage/ocr_20150623/149/hvd.32044015473770/484.png"; bbox 0 0 4044 5360; ppageno 0'>
   <div class='ocr_carea' id='block_1_1' title="bbox 335 203 445 262">
    <p class='ocr_par' dir='ltr' id='par_1_1' title="bbox 335 203 445 262">
     <span class='ocr_line' id='line_1_1' title="bbox 335 203 445 262; baseline -0.045 1"><span class='ocrx_word' id='word_1_1' title='bbox 335 203 445 262; x_wconf 80' lang='lat'><strong>957</strong></span> 
     </span>
    </p>
   </div>
   <div class='ocr_carea' id='block_1_2' title="bbox 338 285 2003 388">
    <p class='ocr_par' dir='ltr' id='par_1_2' title="bbox 338 285 2003 388">
     <span class='ocr_line' id='line_1_2' title="bbox 338 285 2003 388; baseline -0.017 -13"><span class='ocrx_word' id='word_1_2' title='bbox 338 323 446 376; x_wconf 90' lang='lat' dir='ltr'><strong>iter</strong></span> <span class='ocrx_word' id='word_1_3' title='bbox 475 331 576 388; x_wconf 89' lang='lat' dir='ltr'><strong>per</strong></span> <span class='ocrx_word' id='word_1_4' title='bbox 621 326 773 371; x_wconf 80' lang='lat' dir='ltr'><strong>mare</strong></span> <span class='ocrx_word' id='word_1_5' title='bbox 828 318 1118 380; x_wconf 70' lang='lat' dir='ltr'><strong>aggressus</strong></span> <span class='ocrx_word' id='word_1_6' title='bbox 1155 308 1260 358; x_wconf 88' lang='lat' dir='ltr'><strong>est.</strong></span> <span class='ocrx_word' id='word_1_7' title='bbox 1308 298 1554 366; x_wconf 83' lang='lat' dir='ltr'><strong>Cumque</strong></span> <span class='ocrx_word' id='word_1_8' title='bbox 1601 292 1669 348; x_wconf 88' lang='lat' dir='ltr'><strong>ad</strong></span> <span class='ocrx_word' id='word_1_9' title='bbox 1726 289 1926 345; x_wconf 83' lang='lat' dir='ltr'><strong>Urbem</strong></span> <span class='ocrx_word' id='word_1_10' title='bbox 1957 285 2003 346; x_wconf 82' lang='lat' dir='ltr'><strong>A</strong></span> 
     </span>
    </p>
   </div>
   <div class='ocr_carea' id='block_1_3' title="bbox 340 379 1928 484">
    <p class='ocr_par' dir='ltr' id='par_1_3' title="bbox 340 379 1928 484">
     <span class='ocr_line' id='line_1_3' title="bbox 340 379 1928 484; baseline -0.023 -15"><span class='ocrx_word' id='word_1_11' title='bbox 340 411 704 484; x_wconf 70' lang='lat' dir='ltr'><strong>pervenisset,</strong></span> <span class='ocrx_word' id='word_1_12' title='bbox 731 422 762 462; x_wconf 91' lang='lat' dir='ltr'><strong>a</strong></span> <span class='ocrx_word' id='word_1_13' title='bbox 801 401 1076 460; x_wconf 83' lang='lat' dir='ltr'><strong>comitissa</strong></span> <span class='ocrx_word' id='word_1_14' title='bbox 1109 405 1163 452; x_wconf 91' lang='lat' dir='ltr'><strong>et</strong></span> <span class='ocrx_word' id='word_1_15' title='bbox 1194 393 1312 462; x_wconf 77' lang='lat' dir='ltr'><strong>eius</strong></span> <span class='ocrx_word' id='word_1_16' title='bbox 1348 389 1591 447; x_wconf 85' lang='lat' dir='ltr'><strong>exercitu</strong></span> <span class='ocrx_word' id='word_1_17' title='bbox 1619 400 1685 440; x_wconf 89' lang='lat' dir='ltr'><strong>ac</strong></span> <span class='ocrx_word' id='word_1_18' title='bbox 1711 379 1928 438; x_wconf 60' lang='lat' dir='ltr'><strong>caeteris</strong></span> 
     </span>
    </p>
   </div>
   <div class='ocr_carea' id='block_1_4' title="bbox 341 476 1930 560">
    <p class='ocr_par' dir='ltr' id='par_1_4' title="bbox 341 476 1930 560">
     <span class='ocr_line' id='line_1_4' title="bbox 341 476 1930 560; baseline -0.022 1"><span class='ocrx_word' id='word_1_19' title='bbox 341 476 492 560; x_wconf 78' lang='lat' dir='ltr'><strong>beati</strong></span> <span class='ocrx_word' id='word_1_20' title='bbox 539 501 687 558; x_wconf 86' lang='lat' dir='ltr'><strong>Petri</strong></span> <span class='ocrx_word' id='word_1_21' title='bbox 733 495 980 554; x_wconf 81' lang='lat' dir='ltr'><strong>ﬁdelibus</strong></span> <span class='ocrx_word' id='word_1_22' title='bbox 1031 486 1378 545; x_wconf 85' lang='lat' dir='ltr'><strong>devotissime</strong></span> <span class='ocrx_word' id='word_1_23' title='bbox 1425 476 1930 542; x_wconf 83' lang='lat' dir='ltr'><strong>olliciosissimeque</strong></span> 
     </span>
    </p>
   </div>
   <div class='ocr_carea' id='block_1_5' title="bbox 340 564 1928 669">
    <p class='ocr_par' dir='ltr' id='par_1_5' title="bbox 340 564 1928 669">
     <span class='ocr_line' id='line_1_5' title="bbox 340 564 1928 669; baseline -0.023 -15"><span class='ocrx_word' id='word_1_24' title='bbox 340 607 630 669; x_wconf 87' lang='lat' dir='ltr'><strong>susceptus</strong></span> <span class='ocrx_word' id='word_1_25' title='bbox 679 601 760 649; x_wconf 85' lang='lat' dir='ltr'><strong>est</strong></span> <span class='ocrx_word' id='word_1_26' title='bbox 787 633 802 656; x_wconf 88' lang='lat'><strong>,</strong></span> <span class='ocrx_word' id='word_1_27' title='bbox 848 599 1010 658; x_wconf 89' lang='lat' dir='ltr'><strong>atque</strong></span> <span class='ocrx_word' id='word_1_28' title='bbox 1059 581 1202 652; x_wconf 84' lang='lat' dir='ltr'><strong>apud</strong></span> <span class='ocrx_word' id='word_1_29' title='bbox 1243 577 1531 635; x_wconf 80' lang='lat' dir='ltr'><strong>ecclesiam</strong></span> <span class='ocrx_word' id='word_1_30' title='bbox 1582 569 1726 627; x_wconf 91' lang='lat' dir='ltr'><strong>beati</strong></span> <span class='ocrx_word' id='word_1_31' title='bbox 1780 564 1928 623; x_wconf 83' lang='lat' dir='ltr'><strong>Petri</strong></span> 
     </span>
    </p>
   </div>
   <div class='ocr_carea' id='block_1_6' title="bbox 341 658 1929 757">
    <p class='ocr_par' dir='ltr' id='par_1_6' title="bbox 341 658 1929 757">
     <span class='ocr_line' id='line_1_6' title="bbox 341 658 1929 757; baseline -0.023 -9"><span class='ocrx_word' id='word_1_32' title='bbox 341 701 470 748; x_wconf 88' lang='lat' dir='ltr'><strong>octo</strong></span> <span class='ocrx_word' id='word_1_33' title='bbox 498 658 692 747; x_wconf 82' lang='lat' dir='ltr'><strong>diebus</strong></span> <span class='ocrx_word' id='word_1_34' title='bbox 720 680 1040 757; x_wconf 86' lang='lat' dir='ltr'><strong>permansit.</strong></span> <span class='ocrx_word' id='word_1_35' title='bbox 1088 673 1295 730; x_wconf 86' lang='lat' dir='ltr'><strong>Deinde</strong></span> <span class='ocrx_word' id='word_1_36' title='bbox 1331 671 1384 726; x_wconf 90' lang='lat' dir='ltr'><strong>in</strong></span> <span class='ocrx_word' id='word_1_37' title='bbox 1417 666 1706 725; x_wconf 76' lang='lat' dir='ltr'><strong>festivitate</strong></span> <span class='ocrx_word' id='word_1_38' title='bbox 1754 658 1929 717; x_wconf 89' lang='lat' dir='ltr'><strong>sancti</strong></span> 
     </span>
    </p>
   </div>
   <div class='ocr_carea' id='block_1_7' title="bbox 336 753 1932 848">
    <p class='ocr_par' dir='ltr' id='par_1_7' title="bbox 336 753 1932 848">
     <span class='ocr_line' id='line_1_7' title="bbox 336 753 1932 848; baseline -0.021 -11"><span class='ocrx_word' id='word_1_39' title='bbox 336 782 612 838; x_wconf 65' lang='lat' dir='ltr'><strong>Barnabas</strong></span> <span class='ocrx_word' id='word_1_40' title='bbox 649 753 812 848; x_wconf 83' lang='lat' dir='ltr'><strong>super</strong></span> <span class='ocrx_word' id='word_1_41' title='bbox 855 775 1028 829; x_wconf 88' lang='lat' dir='ltr'><strong>altare</strong></span> <span class='ocrx_word' id='word_1_42' title='bbox 1061 769 1248 826; x_wconf 86' lang='lat' dir='ltr'><strong>Sancti</strong></span> <span class='ocrx_word' id='word_1_43' title='bbox 1296 763 1444 820; x_wconf 86' lang='lat' dir='ltr'><strong>Petri</strong></span> <span class='ocrx_word' id='word_1_44' title='bbox 1480 761 1701 816; x_wconf 87' lang='lat' dir='ltr'><strong>missam</strong></span> <span class='ocrx_word' id='word_1_45' title='bbox 1733 753 1932 809; x_wconf 85' lang='lat' dir='ltr'><strong>solem-</strong></span> 
     </span>
    </p>
   </div>
   <div class='ocr_carea' id='block_1_8' title="bbox 345 849 1933 937">
    <p class='ocr_par' dir='ltr' id='par_1_8' title="bbox 345 849 1933 937">
     <span class='ocr_line' id='line_1_8' title="bbox 345 849 1933 937; baseline -0.016 -5"><span class='ocrx_word' id='word_1_46' title='bbox 345 879 494 934; x_wconf 89' lang='lat' dir='ltr'><strong>niter</strong></span> <span class='ocrx_word' id='word_1_47' title='bbox 518 876 822 937; x_wconf 87' lang='lat' dir='ltr'><strong>celebrans,</strong></span> <span class='ocrx_word' id='word_1_48' title='bbox 855 870 1043 925; x_wconf 90' lang='lat' dir='ltr'><strong>eadem</strong></span> <span class='ocrx_word' id='word_1_49' title='bbox 1071 867 1181 930; x_wconf 89' lang='lat' dir='ltr'><strong>die,</strong></span> <span class='ocrx_word' id='word_1_50' title='bbox 1221 862 1424 920; x_wconf 86' lang='lat' dir='ltr'><strong>auxilio</strong></span> <span class='ocrx_word' id='word_1_51' title='bbox 1453 869 1508 914; x_wconf 90' lang='lat' dir='ltr'><strong>et</strong></span> <span class='ocrx_word' id='word_1_52' title='bbox 1550 872 1654 928; x_wconf 85' lang='lat' dir='ltr'><strong>0pc</strong></span> <span class='ocrx_word' id='word_1_53' title='bbox 1689 849 1933 925; x_wconf 67' lang='lat' dir='ltr'><strong>praefatae</strong></span> 
     </span>
    </p>
   </div>
   <div class='ocr_carea' id='block_1_9' title="bbox 345 945 1934 1038">
    <p class='ocr_par' dir='ltr' id='par_1_9' title="bbox 345 945 1934 1038">
     <span class='ocr_line' id='line_1_9' title="bbox 345 945 1934 1038; baseline -0.018 -13"><span class='ocrx_word' id='word_1_54' title='bbox 345 971 658 1030; x_wconf 63' lang='lat' dir='ltr'><strong>eomitissai,</strong></span> <span class='ocrx_word' id='word_1_55' title='bbox 689 981 787 1038; x_wconf 91' lang='lat' dir='ltr'><strong>per</strong></span> <span class='ocrx_word' id='word_1_56' title='bbox 802 959 1197 1019; x_wconf 81' lang='lat' dir='ltr'><strong>Transtiberim</strong></span> <span class='ocrx_word' id='word_1_57' title='bbox 1224 956 1450 1011; x_wconf 79' lang='lat' dir='ltr'><strong>Romam</strong></span> <span class='ocrx_word' id='word_1_58' title='bbox 1476 945 1934 1006; x_wconf 83' lang='lat' dir='ltr'><strong>intravit.Trans-</strong></span> 
     </span>
    </p>
   </div>
   <div class='ocr_carea' id='block_1_10' title="bbox 350 1040 1931 1120">
    <p class='ocr_par' dir='ltr' id='par_1_10' title="bbox 350 1040 1931 1120">
     <span class='ocr_line' id='line_1_10' title="bbox 350 1040 1931 1120; baseline -0.016 -2"><span class='ocrx_word' id='word_1_59' title='bbox 350 1063 566 1118; x_wconf 89' lang='lat' dir='ltr'><strong>tiberim</strong></span> <span class='ocrx_word' id='word_1_60' title='bbox 605 1071 734 1117; x_wconf 89' lang='lat' dir='ltr'><strong>tunc</strong></span> <span class='ocrx_word' id='word_1_61' title='bbox 779 1066 972 1120; x_wconf 87' lang='lat' dir='ltr'><strong>totam,</strong></span> <span class='ocrx_word' id='word_1_62' title='bbox 1023 1052 1503 1117; x_wconf 77' lang='lat' dir='ltr'><strong>Romanorumque</strong></span> <span class='ocrx_word' id='word_1_63' title='bbox 1538 1040 1931 1114; x_wconf 79' lang='lat' dir='ltr'><strong>permaximam</strong></span> 
     </span>
    </p>
   </div>
   <div class='ocr_carea' id='block_1_11' title="bbox 348 1129 1937 1222">
    <p class='ocr_par' dir='ltr' id='par_1_11' title="bbox 348 1129 1937 1222">
     <span class='ocr_line' id='line_1_11' title="bbox 348 1129 1937 1222; baseline -0.014 -16"><span class='ocrx_word' id='word_1_64' title='bbox 348 1162 587 1222; x_wconf 91' lang='lat' dir='ltr'><strong>partem,</strong></span> <span class='ocrx_word' id='word_1_65' title='bbox 618 1159 673 1207; x_wconf 92' lang='lat' dir='ltr'><strong>et</strong></span> <span class='ocrx_word' id='word_1_66' title='bbox 704 1148 988 1210; x_wconf 79' lang='lat' dir='ltr'><strong>nobilium,</strong></span> <span class='ocrx_word' id='word_1_67' title='bbox 1018 1157 1157 1215; x_wconf 88' lang='lat' dir='ltr'><strong>pene</strong></span> <span class='ocrx_word' id='word_1_68' title='bbox 1185 1153 1400 1196; x_wconf 87' lang='lat' dir='ltr'><strong>onmem</strong></span> <span class='ocrx_word' id='word_1_69' title='bbox 1431 1135 1710 1208; x_wconf 90' lang='lat' dir='ltr'><strong>populum,</strong></span> <span class='ocrx_word' id='word_1_70' title='bbox 1739 1129 1937 1188; x_wconf 86' lang='lat' dir='ltr'><strong>castel-</strong></span> 
     </span>
    </p>
   </div>
   <div class='ocr_carea' id='block_1_12' title="bbox 352 1223 1934 1314">
    <p class='ocr_par' dir='ltr' id='par_1_12' title="bbox 352 1223 1934 1314">
     <span class='ocr_line' id='line_1_12' title="bbox 352 1223 1934 1314; baseline -0.013 -17"><span class='ocrx_word' id='word_1_71' title='bbox 352 1244 464 1298; x_wconf 90' lang='lat' dir='ltr'><strong>lum</strong></span> <span class='ocrx_word' id='word_1_72' title='bbox 499 1259 716 1314; x_wconf 88' lang='lat' dir='ltr'><strong>quoqne</strong></span> <span class='ocrx_word' id='word_1_73' title='bbox 749 1238 924 1296; x_wconf 88' lang='lat' dir='ltr'><strong>sancti</strong></span> <span class='ocrx_word' id='word_1_74' title='bbox 963 1235 1186 1305; x_wconf 80' lang='lat' dir='ltr'><strong>Angeli,</strong></span> <span class='ocrx_word' id='word_1_75' title='bbox 1235 1231 1518 1287; x_wconf 80' lang='lat' dir='ltr'><strong>basilicam</strong></span> <span class='ocrx_word' id='word_1_76' title='bbox 1556 1225 1708 1282; x_wconf 85' lang='lat' dir='ltr'><strong>Beati</strong></span> <span class='ocrx_word' id='word_1_77' title='bbox 1757 1223 1934 1287; x_wconf 87' lang='lat' dir='ltr'><strong>Petri,</strong></span> 
     </span>
    </p>
   </div>
   <div class='ocr_carea' id='block_1_13' title="bbox 351 1318 1934 1394">
    <p class='ocr_par' dir='ltr' id='par_1_13' title="bbox 351 1318 1934 1394">
     <span class='ocr_line' id='line_1_13' title="bbox 351 1318 1934 1394; baseline -0.012 -1"><span class='ocrx_word' id='word_1_78' title='bbox 351 1339 628 1394; x_wconf 85' lang='lat' dir='ltr'><strong>civitatem</strong></span> <span class='ocrx_word' id='word_1_79' title='bbox 675 1337 985 1392; x_wconf 87' lang='lat' dir='ltr'><strong>Ostiensem</strong></span> <span class='ocrx_word' id='word_1_80' title='bbox 1033 1345 1097 1386; x_wconf 91' lang='lat' dir='ltr'><strong>ac</strong></span> <span class='ocrx_word' id='word_1_81' title='bbox 1146 1329 1501 1384; x_wconf 87' lang='lat' dir='ltr'><strong>Portuensem</strong></span> <span class='ocrx_word' id='word_1_82' title='bbox 1535 1325 1589 1378; x_wconf 91' lang='lat' dir='ltr'><strong>in</strong></span> <span class='ocrx_word' id='word_1_83' title='bbox 1637 1321 1719 1378; x_wconf 92' lang='lat' dir='ltr'><strong>sui</strong></span> <span class='ocrx_word' id='word_1_84' title='bbox 1764 1318 1934 1388; x_wconf 80' lang='lat' dir='ltr'><strong>juris-</strong></span> 
     </span>
    </p>
   </div>
   <div class='ocr_carea' id='block_1_14' title="bbox 351 1411 1936 1490">
    <p class='ocr_par' dir='ltr' id='par_1_14' title="bbox 351 1411 1936 1490">
     <span class='ocr_line' id='line_1_14' title="bbox 351 1411 1936 1490; baseline -0.013 -7"><span class='ocrx_word' id='word_1_85' title='bbox 351 1431 592 1487; x_wconf 89' lang='lat' dir='ltr'><strong>dictione</strong></span> <span class='ocrx_word' id='word_1_86' title='bbox 642 1429 890 1490; x_wconf 87' lang='lat' dir='ltr'><strong>tenebat;</strong></span> <span class='ocrx_word' id='word_1_87' title='bbox 943 1423 1260 1478; x_wconf 85' lang='lat' dir='ltr'><strong>morabatur</strong></span> <span class='ocrx_word' id='word_1_88' title='bbox 1313 1434 1444 1474; x_wconf 89' lang='lat' dir='ltr'><strong>vero</strong></span> <span class='ocrx_word' id='word_1_89' title='bbox 1499 1414 1638 1484; x_wconf 89' lang='lat' dir='ltr'><strong>apud</strong></span> <span class='ocrx_word' id='word_1_90' title='bbox 1696 1411 1936 1468; x_wconf 88' lang='lat' dir='ltr'><strong>Insulam</strong></span> 
     </span>
    </p>
   </div>
   <div class='ocr_carea' id='block_1_15' title="bbox 355 1501 1935 1592">
    <p class='ocr_par' dir='ltr' id='par_1_15' title="bbox 355 1501 1935 1592">
     <span class='ocr_line' id='line_1_15' title="bbox 355 1501 1935 1592; baseline -0.013 -16"><span class='ocrx_word' id='word_1_91' title='bbox 355 1520 563 1587; x_wconf 63' lang='lat' dir='ltr'><strong>Roma,</strong></span> <span class='ocrx_word' id='word_1_92' title='bbox 596 1534 716 1592; x_wconf 68' lang='lat' dir='ltr'><strong>quae</strong></span> <span class='ocrx_word' id='word_1_93' title='bbox 759 1529 814 1574; x_wconf 91' lang='lat' dir='ltr'><strong>et</strong></span> <span class='ocrx_word' id='word_1_94' title='bbox 844 1519 958 1588; x_wconf 89' lang='lat' dir='ltr'><strong>ipsa</strong></span> <span class='ocrx_word' id='word_1_95' title='bbox 995 1516 1132 1585; x_wconf 84' lang='lat' dir='ltr'><strong>juris</strong></span> <span class='ocrx_word' id='word_1_96' title='bbox 1162 1512 1432 1569; x_wconf 84' lang='lat' dir='ltr'><strong>exstabat.</strong></span> <span class='ocrx_word' id='word_1_97' title='bbox 1480 1509 1579 1564; x_wconf 86' lang='lat' dir='ltr'><strong>Die</strong></span> <span class='ocrx_word' id='word_1_98' title='bbox 1627 1506 1794 1577; x_wconf 80' lang='lat' dir='ltr'><strong>igitur</strong></span> <span class='ocrx_word' id='word_1_99' title='bbox 1841 1501 1935 1573; x_wconf 87' lang='lat' dir='ltr'><strong>qui</strong></span> 
     </span>
    </p>
   </div>
   <div class='ocr_carea' id='block_1_16' title="bbox 357 1595 1934 1686">
    <p class='ocr_par' dir='ltr' id='par_1_16' title="bbox 357 1595 1934 1686">
     <span class='ocr_line' id='line_1_16' title="bbox 357 1595 1934 1686; baseline -0.015 -17"><span class='ocrx_word' id='word_1_100' title='bbox 357 1613 728 1686; x_wconf 86' lang='lat' dir='ltr'><strong>apostolorum</strong></span> <span class='ocrx_word' id='word_1_101' title='bbox 767 1608 1014 1665; x_wconf 89' lang='lat' dir='ltr'><strong>natalitia</strong></span> <span class='ocrx_word' id='word_1_102' title='bbox 1045 1605 1404 1677; x_wconf 70' lang='lat' dir='ltr'><strong>prmcedebat,</strong></span> <span class='ocrx_word' id='word_1_103' title='bbox 1439 1599 1661 1655; x_wconf 91' lang='lat' dir='ltr'><strong>nuntius</strong></span> <span class='ocrx_word' id='word_1_104' title='bbox 1690 1595 1934 1666; x_wconf 89' lang='lat' dir='ltr'><strong>quidam,</strong></span> 
     </span>
    </p>
   </div>
   <div class='ocr_carea' id='block_1_17' title="bbox 1410 125 2560 238">
    <p class='ocr_par' dir='ltr' id='par_1_17' title="bbox 1410 125 2560 238">
     <span class='ocr_line' id='line_1_17' title="bbox 1410 125 2560 238; baseline -0.024 -2"><span class='ocrx_word' id='word_1_105' title='bbox 1410 125 1836 238; x_wconf 75' lang='lat' dir='ltr'><strong>rosruoamt</strong></span> <span class='ocrx_word' id='word_1_106' title='bbox 1879 161 2200 226; x_wconf 72' lang='lat' dir='ltr'><strong>vicronts</strong></span> <span class='ocrx_word' id='word_1_107' title='bbox 2236 160 2308 217; x_wconf 82' lang='lat' dir='ltr'><strong>tu</strong></span> <span class='ocrx_word' id='word_1_108' title='bbox 2341 152 2560 212; x_wconf 60' lang='lat' dir='ltr'><strong>eam.</strong></span> 
     </span>
    </p>
   </div>
   <div class='ocr_carea' id='block_1_18' title="bbox 3499 122 3606 185">
    <p class='ocr_par' dir='ltr' id='par_1_18' title="bbox 3499 122 3606 185">
     <span class='ocr_line' id='line_1_18' title="bbox 3499 122 3606 185; baseline -0.019 -2"><span class='ocrx_word' id='word_1_109' title='bbox 3499 122 3606 185; x_wconf 75' lang='lat'><strong>958</strong></span> 
     </span>
    </p>
   </div>
   <div class='ocr_carea' id='block_1_19' title="bbox 2030 240 3606 350">
    <p class='ocr_par' dir='ltr' id='par_1_19' title="bbox 2030 240 3606 350">
     <span class='ocr_line' id='line_1_19' title="bbox 2030 240 3606 350; baseline -0.026 -15"><span class='ocrx_word' id='word_1_110' title='bbox 2030 274 2304 350; x_wconf 84' lang='lat' dir='ltr'><strong>episcopis</strong></span> <span class='ocrx_word' id='word_1_111' title='bbox 2325 280 2380 327; x_wconf 88' lang='lat' dir='ltr'><strong>et</strong></span> <span class='ocrx_word' id='word_1_112' title='bbox 2400 262 2762 327; x_wconf 83' lang='lat' dir='ltr'><strong>cardinalibus</strong></span> <span class='ocrx_word' id='word_1_113' title='bbox 2781 254 3008 314; x_wconf 84' lang='lat' dir='ltr'><strong>consilio</strong></span> <span class='ocrx_word' id='word_1_114' title='bbox 3028 249 3234 313; x_wconf 79' lang='lat' dir='ltr'><strong>habito,</strong></span> <span class='ocrx_word' id='word_1_115' title='bbox 3258 245 3326 304; x_wconf 86' lang='lat' dir='ltr'><strong>de</strong></span> <span class='ocrx_word' id='word_1_116' title='bbox 3355 240 3606 298; x_wconf 85' lang='lat' dir='ltr'><strong>omnibus</strong></span> 
     </span>
    </p>
   </div>
   <div class='ocr_carea' id='block_1_20' title="bbox 2032 339 3604 433">
    <p class='ocr_par' dir='ltr' id='par_1_20' title="bbox 2032 339 3604 433">
     <span class='ocr_line' id='line_1_20' title="bbox 2032 339 3604 433; baseline -0.025 -7"><span class='ocrx_word' id='word_1_117' title='bbox 2032 339 2146 426; x_wconf 76' lang='lat' dir='ltr'><strong>fere</strong></span> <span class='ocrx_word' id='word_1_118' title='bbox 2188 339 2358 423; x_wconf 64' lang='lat' dir='ltr'><strong>Italiae</strong></span> <span class='ocrx_word' id='word_1_119' title='bbox 2395 359 2610 433; x_wconf 85' lang='lat' dir='ltr'><strong>populis</strong></span> <span class='ocrx_word' id='word_1_120' title='bbox 2649 351 3088 411; x_wconf 84' lang='lat' dir='ltr'><strong>Christianorum</strong></span> <span class='ocrx_word' id='word_1_121' title='bbox 3136 339 3436 399; x_wconf 77' lang='lat' dir='ltr'><strong>exercittnn</strong></span> <span class='ocrx_word' id='word_1_122' title='bbox 3471 349 3604 389; x_wconf 87' lang='lat' dir='ltr'><strong>con-</strong></span> 
     </span>
    </p>
   </div>
   <div class='ocr_carea' id='block_1_21' title="bbox 2031 426 3607 540">
    <p class='ocr_par' dir='ltr' id='par_1_21' title="bbox 2031 426 3607 540">
     <span class='ocr_line' id='line_1_21' title="bbox 2031 426 3607 540; baseline -0.027 -17"><span class='ocrx_word' id='word_1_123' title='bbox 2031 479 2306 540; x_wconf 83' lang='lat' dir='ltr'><strong>gregans,</strong></span> <span class='ocrx_word' id='word_1_124' title='bbox 2349 426 2515 526; x_wconf 55' lang='lat' dir='ltr'><strong>asque</strong></span> <span class='ocrx_word' id='word_1_125' title='bbox 2554 449 2808 508; x_wconf 79' lang='lat' dir='ltr'><strong>vexillum</strong></span> <span class='ocrx_word' id='word_1_126' title='bbox 2848 443 2993 500; x_wconf 87' lang='lat' dir='ltr'><strong>beati</strong></span> <span class='ocrx_word' id='word_1_127' title='bbox 3046 437 3194 496; x_wconf 85' lang='lat' dir='ltr'><strong>Petri</strong></span> <span class='ocrx_word' id='word_1_128' title='bbox 3234 429 3462 505; x_wconf 79' lang='lat' dir='ltr'><strong>apostoli</strong></span> <span class='ocrx_word' id='word_1_129' title='bbox 3503 426 3607 482; x_wconf 84' lang='lat' dir='ltr'><strong>illis</strong></span> 
     </span>
    </p>
   </div>
   <div class='ocr_carea' id='block_1_22' title="bbox 2030 529 3603 613">
    <p class='ocr_par' dir='ltr' id='par_1_22' title="bbox 2030 529 3603 613">
     <span class='ocr_line' id='line_1_22' title="bbox 2030 529 3603 613; baseline -0.027 -1"><span class='ocrx_word' id='word_1_130' title='bbox 2030 529 2378 613; x_wconf 64' lang='lat' dir='ltr'><strong>contradens,</strong></span> <span class='ocrx_word' id='word_1_131' title='bbox 2410 545 2513 603; x_wconf 87' lang='lat' dir='ltr'><strong>sub</strong></span> <span class='ocrx_word' id='word_1_132' title='bbox 2575 529 3182 596; x_wconf 83' lang='lat' dir='ltr'><strong>remissioncomnium</strong></span> <span class='ocrx_word' id='word_1_133' title='bbox 3233 529 3603 595; x_wconf 85' lang='lat' dir='ltr'><strong>peccatorum,</strong></span> 
     </span>
    </p>
   </div>
   <div class='ocr_carea' id='block_1_23' title="bbox 2030 608 3605 704">
    <p class='ocr_par' dir='ltr' id='par_1_23' title="bbox 2030 608 3605 704">
     <span class='ocr_line' id='line_1_23' title="bbox 2030 608 3605 704; baseline -0.028 -1"><span class='ocrx_word' id='word_1_134' title='bbox 2030 655 2225 704; x_wconf 88' lang='lat' dir='ltr'><strong>contra</strong></span> <span class='ocrx_word' id='word_1_135' title='bbox 2255 641 2558 697; x_wconf 82' lang='lat' dir='ltr'><strong>Saracenos</strong></span> <span class='ocrx_word' id='word_1_136' title='bbox 2611 632 2665 688; x_wconf 93' lang='lat' dir='ltr'><strong>in</strong></span> <span class='ocrx_word' id='word_1_137' title='bbox 2715 627 2894 684; x_wconf 84' lang='lat' dir='ltr'><strong>Africa</strong></span> <span class='ocrx_word' id='word_1_138' title='bbox 2940 625 3340 678; x_wconf 82' lang='lat' dir='ltr'><strong>commorantes</strong></span> <span class='ocrx_word' id='word_1_139' title='bbox 3387 608 3605 667; x_wconf 76' lang='lat' dir='ltr'><strong>direxit.</strong></span> 
     </span>
    </p>
   </div>
   <div class='ocr_carea' id='block_1_24' title="bbox 2031 703 3610 801">
    <p class='ocr_par' dir='ltr' id='par_1_24' title="bbox 2031 703 3610 801">
     <span class='ocr_line' id='line_1_24' title="bbox 2031 703 3610 801; baseline -0.026 -11"><span class='ocrx_word' id='word_1_140' title='bbox 2031 734 2248 790; x_wconf 84' lang='lat' dir='ltr'><strong>Christo</strong></span> <span class='ocrx_word' id='word_1_141' title='bbox 2283 730 2446 801; x_wconf 79' lang='lat' dir='ltr'><strong>igitur</strong></span> <span class='ocrx_word' id='word_1_142' title='bbox 2474 727 2630 788; x_wconf 89' lang='lat' dir='ltr'><strong>duce,</strong></span> <span class='ocrx_word' id='word_1_143' title='bbox 2658 717 2969 774; x_wconf 80' lang='lat' dir='ltr'><strong>Africanam</strong></span> <span class='ocrx_word' id='word_1_144' title='bbox 2999 705 3233 766; x_wconf 82' lang='lat' dir='ltr'><strong>devoluti</strong></span> <span class='ocrx_word' id='word_1_145' title='bbox 3278 704 3400 756; x_wconf 90' lang='lat' dir='ltr'><strong>dum</strong></span> <span class='ocrx_word' id='word_1_146' title='bbox 3428 703 3610 755; x_wconf 88' lang='lat' dir='ltr'><strong>essent</strong></span> 
     </span>
    </p>
   </div>
   <div class='ocr_carea' id='block_1_25' title="bbox 2031 788 3613 888">
    <p class='ocr_par' dir='ltr' id='par_1_25' title="bbox 2031 788 3613 888">
     <span class='ocr_line' id='line_1_25' title="bbox 2031 788 3613 888; baseline -0.028 -3"><span class='ocrx_word' id='word_1_147' title='bbox 2031 788 2101 883; x_wconf 66' lang='lat' dir='ltr'><strong>ad</strong></span> <span class='ocrx_word' id='word_1_148' title='bbox 2133 788 2348 888; x_wconf 59' lang='lat' dir='ltr'><strong>urbem,</strong></span> <span class='ocrx_word' id='word_1_149' title='bbox 2374 817 2526 876; x_wconf 89' lang='lat' dir='ltr'><strong>omni</strong></span> <span class='ocrx_word' id='word_1_150' title='bbox 2552 815 2672 870; x_wconf 80' lang='lat' dir='ltr'><strong>nisu</strong></span> <span class='ocrx_word' id='word_1_151' title='bbox 2719 809 2868 864; x_wconf 89' lang='lat' dir='ltr'><strong>illam</strong></span> <span class='ocrx_word' id='word_1_152' title='bbox 2904 806 3302 874; x_wconf 82' lang='lat' dir='ltr'><strong>expugnantes,</strong></span> <span class='ocrx_word' id='word_1_153' title='bbox 3327 792 3438 847; x_wconf 85' lang='lat' dir='ltr'><strong>Deo</strong></span> <span class='ocrx_word' id='word_1_154' title='bbox 3460 788 3613 856; x_wconf 83' lang='lat' dir='ltr'><strong>adju-</strong></span> 
     </span>
    </p>
   </div>
   <div class='ocr_carea' id='block_1_26' title="bbox 2033 892 3610 983">
    <p class='ocr_par' dir='ltr' id='par_1_26' title="bbox 2033 892 3610 983">
     <span class='ocr_line' id='line_1_26' title="bbox 2033 892 3610 983; baseline -0.025 -9"><span class='ocrx_word' id='word_1_155' title='bbox 2033 926 2217 979; x_wconf 85' lang='lat' dir='ltr'><strong>vante,</strong></span> <span class='ocrx_word' id='word_1_156' title='bbox 2249 917 2538 983; x_wconf 87' lang='lat' dir='ltr'><strong>ceperunt,</strong></span> <span class='ocrx_word' id='word_1_157' title='bbox 2579 899 2880 960; x_wconf 82' lang='lat' dir='ltr'><strong>interfectis</strong></span> <span class='ocrx_word' id='word_1_158' title='bbox 2907 897 2973 952; x_wconf 89' lang='lat' dir='ltr'><strong>dc</strong></span> <span class='ocrx_word' id='word_1_159' title='bbox 3018 892 3411 948; x_wconf 89' lang='lat' dir='ltr'><strong>Saracenorum</strong></span> <span class='ocrx_word' id='word_1_160' title='bbox 3449 895 3610 939; x_wconf 79' lang='lat' dir='ltr'><strong>exer-</strong></span> 
     </span>
    </p>
   </div>
   <div class='ocr_carea' id='block_1_27' title="bbox 2032 971 3612 1066">
    <p class='ocr_par' dir='ltr' id='par_1_27' title="bbox 2032 971 3612 1066">
     <span class='ocr_line' id='line_1_27' title="bbox 2032 971 3612 1066; baseline -0.026 -1"><span class='ocrx_word' id='word_1_161' title='bbox 2194 971 2414 1062; x_wconf 61' lang='lat' dir='ltr'><strong>centittn</strong></span> <span class='ocrx_word' id='word_1_162' title='bbox 2457 997 2693 1055; x_wconf 87' lang='lat' dir='ltr'><strong>millibus</strong></span> <span class='ocrx_word' id='word_1_163' title='bbox 2741 998 3125 1063; x_wconf 78' lang='lat' dir='ltr'><strong>pugnatorum.</strong></span> <span class='ocrx_word' id='word_1_164' title='bbox 3176 978 3329 1066; x_wconf 79' lang='lat' dir='ltr'><strong>Quod</strong></span> <span class='ocrx_word' id='word_1_165' title='bbox 3374 989 3443 1066; x_wconf 85' lang='lat' dir='ltr'><strong>ne</strong></span> <span class='ocrx_word' id='word_1_166' title='bbox 3489 971 3612 1066; x_wconf 78' lang='lat' dir='ltr'><strong>quis</strong></span> 
     </span>
    </p>
   </div>
   <div class='ocr_carea' id='block_1_28' title="bbox 2035 1057 3612 1164">
    <p class='ocr_par' dir='ltr' id='par_1_28' title="bbox 2035 1057 3612 1164">
     <span class='ocr_line' id='line_1_28' title="bbox 2035 1057 3612 1164; baseline -0.026 -12"><span class='ocrx_word' id='word_1_167' title='bbox 2035 1095 2272 1164; x_wconf 77' lang='lat' dir='ltr'><strong>ambigat</strong></span> <span class='ocrx_word' id='word_1_168' title='bbox 2311 1090 2411 1145; x_wconf 80' lang='lat' dir='ltr'><strong>hoc</strong></span> <span class='ocrx_word' id='word_1_169' title='bbox 2442 1085 2648 1153; x_wconf 83' lang='lat' dir='ltr'><strong>absque</strong></span> <span class='ocrx_word' id='word_1_170' title='bbox 2673 1057 2952 1134; x_wconf 71' lang='lat' dir='ltr'><strong>voluntate</strong></span> <span class='ocrx_word' id='word_1_171' title='bbox 2983 1069 3255 1127; x_wconf 88' lang='lat' dir='ltr'><strong>accedisse</strong></span> <span class='ocrx_word' id='word_1_172' title='bbox 3281 1063 3481 1127; x_wconf 86' lang='lat' dir='ltr'><strong>divina,</strong></span> <span class='ocrx_word' id='word_1_173' title='bbox 3519 1057 3612 1114; x_wconf 93' lang='lat' dir='ltr'><strong>illo</strong></span> 
     </span>
    </p>
   </div>
   <div class='ocr_carea' id='block_1_29' title="bbox 2035 1147 3612 1252">
    <p class='ocr_par' dir='ltr' id='par_1_29' title="bbox 2035 1147 3612 1252">
     <span class='ocr_line' id='line_1_29' title="bbox 2035 1147 3612 1252; baseline -0.024 -12"><span class='ocrx_word' id='word_1_174' title='bbox 2035 1183 2124 1240; x_wconf 90' lang='lat' dir='ltr'><strong>die</strong></span> <span class='ocrx_word' id='word_1_175' title='bbox 2168 1147 2276 1252; x_wconf 56' lang='grc' dir='ltr'><strong>εὖιο</strong></span> <span class='ocrx_word' id='word_1_176' title='bbox 2319 1147 2611 1234; x_wconf 73' lang='lat' dir='ltr'><strong>Christiani</strong></span> <span class='ocrx_word' id='word_1_177' title='bbox 2653 1171 2719 1225; x_wconf 90' lang='lat' dir='ltr'><strong>de</strong></span> <span class='ocrx_word' id='word_1_178' title='bbox 2767 1162 3057 1223; x_wconf 82' lang='lat' dir='ltr'><strong>Saracenis</strong></span> <span class='ocrx_word' id='word_1_179' title='bbox 3113 1155 3398 1213; x_wconf 83' lang='lat' dir='ltr'><strong>victoriam</strong></span> <span class='ocrx_word' id='word_1_180' title='bbox 3430 1147 3612 1221; x_wconf 85' lang='lat' dir='ltr'><strong>adepti</strong></span> 
     </span>
    </p>
   </div>
   <div class='ocr_carea' id='block_1_30' title="bbox 2036 1250 3436 1339">
    <p class='ocr_par' dir='ltr' id='par_1_30' title="bbox 2036 1250 3436 1339">
     <span class='ocr_line' id='line_1_30' title="bbox 2036 1250 3436 1339; baseline -0.025 -7"><span class='ocrx_word' id='word_1_181' title='bbox 2036 1250 2277 1339; x_wconf 39' lang='lat' dir='ltr'><strong>suun—eo</strong></span> <span class='ocrx_word' id='word_1_182' title='bbox 2299 1271 2464 1327; x_wconf 88' lang='lat' dir='ltr'><strong>etiam</strong></span> <span class='ocrx_word' id='word_1_183' title='bbox 2497 1263 2663 1321; x_wconf 65' lang='lat' dir='ltr'><strong>Italiae</strong></span> <span class='ocrx_word' id='word_1_184' title='bbox 2691 1258 2946 1318; x_wconf 87' lang='lat' dir='ltr'><strong>divinitus</strong></span> <span class='ocrx_word' id='word_1_185' title='bbox 2973 1250 3296 1325; x_wconf 84' lang='lat' dir='ltr'><strong>patefactum</strong></span> <span class='ocrx_word' id='word_1_186' title='bbox 3333 1253 3436 1301; x_wconf 88' lang='lat' dir='ltr'><strong>est.</strong></span> 
     </span>
    </p>
   </div>
   <div class='ocr_carea' id='block_1_31' title="bbox 2109 1337 3613 1434">
    <p class='ocr_par' dir='ltr' id='par_1_31' title="bbox 2109 1337 3613 1434">
     <span class='ocr_line' id='line_1_31' title="bbox 2109 1337 3613 1434; baseline -0.024 -14"><span class='ocrx_word' id='word_1_187' title='bbox 2109 1337 2354 1434; x_wconf 65' lang='lat' dir='ltr'><strong>Sunodus</strong></span> <span class='ocrx_word' id='word_1_188' title='bbox 2380 1354 2756 1413; x_wconf 82' lang='lat' dir='ltr'><strong>Beneueuti.—</strong></span> <span class='ocrx_word' id='word_1_189' title='bbox 2773 1346 3038 1404; x_wconf 70' lang='lat' dir='ltr'><strong>Przefatus</strong></span> <span class='ocrx_word' id='word_1_190' title='bbox 3066 1353 3245 1398; x_wconf 88' lang='lat' dir='ltr'><strong>autem</strong></span> <span class='ocrx_word' id='word_1_191' title='bbox 3269 1337 3457 1393; x_wconf 70' lang='lat' dir='ltr'><strong>Victor</strong></span> <span class='ocrx_word' id='word_1_192' title='bbox 3477 1346 3613 1405; x_wconf 89' lang='lat' dir='ltr'><strong>papa</strong></span> 
     </span>
    </p>
   </div>
   <div class='ocr_carea' id='block_1_32' title="bbox 2037 1425 3614 1518">
    <p class='ocr_par' dir='ltr' id='par_1_32' title="bbox 2037 1425 3614 1518">
     <span class='ocr_line' id='line_1_32' title="bbox 2037 1425 3614 1518; baseline -0.023 -6"><span class='ocrx_word' id='word_1_193' title='bbox 2037 1425 2230 1512; x_wconf 73' lang='lat' dir='ltr'><strong>tertius</strong></span> <span class='ocrx_word' id='word_1_194' title='bbox 2258 1451 2455 1508; x_wconf 88' lang='lat' dir='ltr'><strong>Urbem</strong></span> <span class='ocrx_word' id='word_1_195' title='bbox 2486 1443 2769 1518; x_wconf 81' lang='lat' dir='ltr'><strong>egrediens</strong></span> <span class='ocrx_word' id='word_1_196' title='bbox 2800 1439 2948 1496; x_wconf 88' lang='lat' dir='ltr'><strong>venit</strong></span> <span class='ocrx_word' id='word_1_197' title='bbox 2975 1436 3041 1490; x_wconf 90' lang='lat' dir='ltr'><strong>ad</strong></span> <span class='ocrx_word' id='word_1_198' title='bbox 3067 1434 3168 1488; x_wconf 84' lang='lat' dir='ltr'><strong>hoc</strong></span> <span class='ocrx_word' id='word_1_199' title='bbox 3199 1425 3614 1487; x_wconf 87' lang='lat' dir='ltr'><strong>monasterium,</strong></span> 
     </span>
    </p>
   </div>
   <div class='ocr_carea' id='block_1_33' title="bbox 2039 1514 3616 1614">
    <p class='ocr_par' dir='ltr' id='par_1_33' title="bbox 2039 1514 3616 1614">
     <span class='ocr_line' id='line_1_33' title="bbox 2039 1514 3616 1614; baseline -0.025 -9"><span class='ocrx_word' id='word_1_200' title='bbox 2039 1546 2366 1614; x_wconf 85' lang='lat' dir='ltr'><strong>sociatisque</strong></span> <span class='ocrx_word' id='word_1_201' title='bbox 2397 1541 2501 1596; x_wconf 89' lang='lat' dir='ltr'><strong>sibi</strong></span> <span class='ocrx_word' id='word_1_202' title='bbox 2525 1514 2804 1608; x_wconf 70' lang='lat' dir='ltr'><strong>episcopis</strong></span> <span class='ocrx_word' id='word_1_203' title='bbox 2833 1539 2884 1587; x_wconf 92' lang='lat' dir='ltr'><strong>et</strong></span> <span class='ocrx_word' id='word_1_204' title='bbox 2928 1524 3293 1584; x_wconf 89' lang='lat' dir='ltr'><strong>cardinalibus</strong></span> <span class='ocrx_word' id='word_1_205' title='bbox 3329 1514 3616 1574; x_wconf 90' lang='lat' dir='ltr'><strong>ecclesiam</strong></span> 
     </span>
    </p>
   </div>
   <div class='ocr_carea' id='block_1_34' title="bbox 2041 1609 3619 1698">
    <p class='ocr_par' dir='ltr' id='par_1_34' title="bbox 2041 1609 3619 1698">
     <span class='ocr_line' id='line_1_34' title="bbox 2041 1609 3619 1698; baseline -0.025 0"><span class='ocrx_word' id='word_1_206' title='bbox 2041 1639 2228 1698; x_wconf 87' lang='lat' dir='ltr'><strong>Sancti</strong></span> <span class='ocrx_word' id='word_1_207' title='bbox 2260 1609 2464 1691; x_wconf 46' lang='lat' dir='ltr'><strong>ﬁicolai</strong></span> <span class='ocrx_word' id='word_1_208' title='bbox 2495 1632 2548 1686; x_wconf 92' lang='lat' dir='ltr'><strong>in</strong></span> <span class='ocrx_word' id='word_1_209' title='bbox 2583 1629 2707 1684; x_wconf 82' lang='lat' dir='ltr'><strong>Pica</strong></span> <span class='ocrx_word' id='word_1_210' title='bbox 2745 1623 3058 1682; x_wconf 88' lang='lat' dir='ltr'><strong>solenmiter</strong></span> <span class='ocrx_word' id='word_1_211' title='bbox 3102 1613 3390 1674; x_wconf 80' lang='lat' dir='ltr'><strong>dedicavit.</strong></span> <span class='ocrx_word' id='word_1_212' title='bbox 3434 1609 3619 1664; x_wconf 82' lang='lat' dir='ltr'><strong>Mense</strong></span> 
     </span>
    </p>
   </div>
   <div class='ocr_carea' id='block_1_35' title="bbox 357 1675 3580 1779">
    <p class='ocr_par' dir='ltr' id='par_1_35' title="bbox 357 1675 3580 1779">
     <span class='ocr_line' id='line_1_35' title="bbox 497 1675 3022 1720; baseline -0.019 3"><span class='ocrx_word' id='word_1_213' title='bbox 497 1708 512 1720; x_wconf 95' lang='lat'><strong>.</strong></span> <span class='ocrx_word' id='word_1_214' title='bbox 670 1707 681 1718; x_wconf 93' lang='lat'><strong>.</strong></span> <span class='ocrx_word' id='word_1_215' title='bbox 967 1703 979 1714; x_wconf 91' lang='lat'><strong>.</strong></span> <span class='ocrx_word' id='word_1_216' title='bbox 1421 1695 1434 1708; x_wconf 93' lang='lat'><strong>.</strong></span> <span class='ocrx_word' id='word_1_217' title='bbox 2041 1675 2228 1698; x_wconf 60' lang='grc' dir='ltr'><strong>σενι..</strong></span> <span class='ocrx_word' id='word_1_218' title='bbox 2261 1675 2464 1691; x_wconf 65' lang='grc' dir='ltr'><strong>μην.-.</strong></span> <span class='ocrx_word' id='word_1_219' title='bbox 2585 1675 2606 1684; x_wconf 91' lang='grc'><strong>-</strong></span> <span class='ocrx_word' id='word_1_220' title='bbox 2630 1675 2707 1683; x_wconf 80' lang='lat'><strong>.._</strong></span> <span class='ocrx_word' id='word_1_221' title='bbox 2746 1675 2947 1682; x_wconf 40' lang='grc' dir='ltr'><strong>---μω</strong></span> <span class='ocrx_word' id='word_1_222' title='bbox 2983 1675 3022 1677; x_wconf 46' lang='grc' dir='ltr'>η</span> 
     </span>
     <span class='ocr_line' id='line_1_36' title="bbox 357 1675 3580 1779; baseline -0.014 18"><span class='ocrx_word' id='word_1_223' title='bbox 357 1723 514 1779; x_wconf 64' lang='grc'><strong>(³³⁸³⁵³</strong></span> <span class='ocrx_word' id='word_1_224' title='bbox 562 1721 630 1760; x_wconf 57' lang='lat' dir='ltr'><strong>ex</strong></span> <span class='ocrx_word' id='word_1_225' title='bbox 670 1713 1014 1775; x_wconf 63' lang='lat' dir='ltr'><strong>&#39;mpemor&#39;s</strong></span> <span class='ocrx_word' id='word_1_226' title='bbox 1060 1707 1214 1770; x_wconf 57' lang='lat' dir='ltr'><strong>pane</strong></span> <span class='ocrx_word' id='word_1_227' title='bbox 1245 1697 1560 1758; x_wconf 57' lang='lat' dir='ltr'><strong>advemens&#39;</strong></span> <span class='ocrx_word' id='word_1_228' title='bbox 1591 1705 1781 1748; x_wconf 59' lang='lat' dir='ltr'><strong>omnes</strong></span> <span class='ocrx_word' id='word_1_229' title='bbox 1809 1702 1939 1744; x_wconf 47' lang='lat' dir='ltr'><strong>co&quot;-</strong></span> <span class='ocrx_word' id='word_1_230' title='bbox 1971 1675 2013 1733; x_wconf 73' lang='grc' dir='ltr'><strong>Β</strong></span> <span class='ocrx_word' id='word_1_231' title='bbox 2043 1739 2223 1779; x_wconf 82' lang='lat' dir='ltr'><strong>autem</strong></span> <span class='ocrx_word' id='word_1_232' title='bbox 2250 1727 2492 1779; x_wconf 75' lang='lat' dir='ltr'><strong>Attettsto</strong></span> <span class='ocrx_word' id='word_1_233' title='bbox 2542 1718 2804 1779; x_wconf 71' lang='lat' dir='ltr'><strong>synodum</strong></span> <span class='ocrx_word' id='word_1_234' title='bbox 2851 1713 3131 1770; x_wconf 86' lang='lat' dir='ltr'><strong>celebrare</strong></span> <span class='ocrx_word' id='word_1_235' title='bbox 3179 1720 3301 1762; x_wconf 89' lang='lat' dir='ltr'><strong>cutn</strong></span> <span class='ocrx_word' id='word_1_236' title='bbox 3345 1695 3580 1772; x_wconf 79' lang='lat' dir='ltr'><strong>episcopi</strong></span> 
     </span>
    </p>
   </div>
   <div class='ocr_carea' id='block_1_36' title="bbox 2043 1709 3620 1792">
    <p class='ocr_par' dir='ltr' id='par_1_36' title="bbox 2043 1709 3620 1792">
     <span class='ocr_line' id='line_1_37' title="bbox 2043 1709 3620 1792; baseline -0.023 -6"><span class='ocrx_word' id='word_1_237' title='bbox 2043 1739 2223 1786; x_wconf 86' lang='lat' dir='ltr'><strong>autem</strong></span> <span class='ocrx_word' id='word_1_238' title='bbox 2250 1727 2492 1792; x_wconf 78' lang='lat' dir='ltr'><strong>Augusto</strong></span> <span class='ocrx_word' id='word_1_239' title='bbox 2542 1718 2804 1791; x_wconf 83' lang='lat' dir='ltr'><strong>synodum</strong></span> <span class='ocrx_word' id='word_1_240' title='bbox 2851 1713 3131 1770; x_wconf 85' lang='lat' dir='ltr'><strong>celebrare</strong></span> <span class='ocrx_word' id='word_1_241' title='bbox 3179 1720 3301 1762; x_wconf 91' lang='lat' dir='ltr'><strong>cutn</strong></span> <span class='ocrx_word' id='word_1_242' title='bbox 3345 1709 3620 1772; x_wconf 75' lang='lat' dir='ltr'><strong>episcopis</strong></span> 
     </span>
    </p>
   </div>
   <div class='ocr_carea' id='block_1_37' title="bbox 357 1786 1936 1865">
    <p class='ocr_par' dir='ltr' id='par_1_37' title="bbox 357 1786 1936 1865">
     <span class='ocr_line' id='line_1_38' title="bbox 357 1786 1936 1865; baseline -0.013 -9"><span class='ocrx_word' id='word_1_243' title='bbox 357 1800 532 1865; x_wconf 88' lang='lat' dir='ltr'><strong>sules,</strong></span> <span class='ocrx_word' id='word_1_244' title='bbox 575 1807 857 1854; x_wconf 77' lang='lat' dir='ltr'><strong>senatores</strong></span> <span class='ocrx_word' id='word_1_245' title='bbox 901 1810 961 1850; x_wconf 92' lang='lat' dir='ltr'><strong>ac</strong></span> <span class='ocrx_word' id='word_1_246' title='bbox 991 1791 1244 1863; x_wconf 88' lang='lat' dir='ltr'><strong>populum</strong></span> <span class='ocrx_word' id='word_1_247' title='bbox 1279 1790 1578 1845; x_wconf 80' lang='lat' dir='ltr'><strong>Romanum</strong></span> <span class='ocrx_word' id='word_1_248' title='bbox 1624 1786 1688 1839; x_wconf 91' lang='lat' dir='ltr'><strong>de</strong></span> <span class='ocrx_word' id='word_1_249' title='bbox 1735 1795 1936 1839; x_wconf 86' lang='lat' dir='ltr'><strong>corona</strong></span> 
     </span>
    </p>
   </div>
   <div class='ocr_carea' id='block_1_38' title="bbox 361 1872 1934 1958">
    <p class='ocr_par' dir='ltr' id='par_1_38' title="bbox 361 1872 1934 1958">
     <span class='ocr_line' id='line_1_39' title="bbox 361 1872 1934 1958; baseline -0.014 -13"><span class='ocrx_word' id='word_1_250' title='bbox 361 1890 639 1945; x_wconf 84' lang='lat' dir='ltr'><strong>submovit</strong></span> <span class='ocrx_word' id='word_1_251' title='bbox 664 1887 900 1958; x_wconf 89' lang='lat' dir='ltr'><strong>imperii,</strong></span> <span class='ocrx_word' id='word_1_252' title='bbox 922 1899 1044 1940; x_wconf 92' lang='lat' dir='ltr'><strong>cum</strong></span> <span class='ocrx_word' id='word_1_253' title='bbox 1071 1881 1254 1937; x_wconf 88' lang='lat' dir='ltr'><strong>subito</strong></span> <span class='ocrx_word' id='word_1_254' title='bbox 1281 1877 1511 1935; x_wconf 78' lang='lat' dir='ltr'><strong>Romani</strong></span> <span class='ocrx_word' id='word_1_255' title='bbox 1537 1872 1934 1946; x_wconf 89' lang='lat' dir='ltr'><strong>pervenientes,</strong></span> 
     </span>
    </p>
   </div>
   <div class='ocr_carea' id='block_1_39' title="bbox 358 1970 1937 2050">
    <p class='ocr_par' dir='ltr' id='par_1_39' title="bbox 358 1970 1937 2050">
     <span class='ocr_line' id='line_1_40' title="bbox 358 1970 1937 2050; baseline -0.013 -15"><span class='ocrx_word' id='word_1_256' title='bbox 358 1991 563 2050; x_wconf 60' lang='lat' dir='ltr'><strong>praeter</strong></span> <span class='ocrx_word' id='word_1_257' title='bbox 602 1979 748 2034; x_wconf 88' lang='lat' dir='ltr'><strong>beati</strong></span> <span class='ocrx_word' id='word_1_258' title='bbox 782 1977 925 2032; x_wconf 84' lang='lat' dir='ltr'><strong>Petri</strong></span> <span class='ocrx_word' id='word_1_259' title='bbox 969 1973 1290 2036; x_wconf 88' lang='lat' dir='ltr'><strong>ecclesiam,</strong></span> <span class='ocrx_word' id='word_1_260' title='bbox 1343 1970 1594 2024; x_wconf 86' lang='lat' dir='ltr'><strong>universa</strong></span> <span class='ocrx_word' id='word_1_261' title='bbox 1645 1970 1937 2034; x_wconf 85' lang='lat' dir='ltr'><strong>ceperunt;</strong></span> 
     </span>
    </p>
   </div>
   <div class='ocr_carea' id='block_1_40' title="bbox 357 2054 1942 2141">
    <p class='ocr_par' dir='ltr' id='par_1_40' title="bbox 357 2054 1942 2141">
     <span class='ocr_line' id='line_1_41' title="bbox 357 2054 1942 2141; baseline -0.013 -13"><span class='ocrx_word' id='word_1_262' title='bbox 357 2072 648 2128; x_wconf 89' lang='lat' dir='ltr'><strong>ecclesiam</strong></span> <span class='ocrx_word' id='word_1_263' title='bbox 687 2084 818 2126; x_wconf 88' lang='lat' dir='ltr'><strong>vero</strong></span> <span class='ocrx_word' id='word_1_264' title='bbox 862 2069 1057 2141; x_wconf 89' lang='lat' dir='ltr'><strong>ipsam,</strong></span> <span class='ocrx_word' id='word_1_265' title='bbox 1107 2079 1270 2136; x_wconf 90' lang='lat' dir='ltr'><strong>quam</strong></span> <span class='ocrx_word' id='word_1_266' title='bbox 1320 2058 1616 2130; x_wconf 88' lang='lat' dir='ltr'><strong>supradicti</strong></span> <span class='ocrx_word' id='word_1_267' title='bbox 1669 2054 1942 2127; x_wconf 84' lang='lat' dir='ltr'><strong>pontificis</strong></span> 
     </span>
    </p>
   </div>
   <div class='ocr_carea' id='block_1_41' title="bbox 361 2150 1943 2232">
    <p class='ocr_par' dir='ltr' id='par_1_41' title="bbox 361 2150 1943 2232">
     <span class='ocr_line' id='line_1_42' title="bbox 361 2150 1943 2232; baseline -0.012 -13"><span class='ocrx_word' id='word_1_268' title='bbox 361 2164 613 2220; x_wconf 83' lang='lat' dir='ltr'><strong>homines</strong></span> <span class='ocrx_word' id='word_1_269' title='bbox 652 2163 884 2232; x_wconf 87' lang='lat' dir='ltr'><strong>desuper</strong></span> <span class='ocrx_word' id='word_1_270' title='bbox 929 2160 1203 2221; x_wconf 88' lang='lat' dir='ltr'><strong>tenebant,</strong></span> <span class='ocrx_word' id='word_1_271' title='bbox 1236 2154 1441 2226; x_wconf 82' lang='lat' dir='ltr'><strong>ingredi</strong></span> <span class='ocrx_word' id='word_1_272' title='bbox 1474 2151 1621 2206; x_wconf 92' lang='lat' dir='ltr'><strong>nullo</strong></span> <span class='ocrx_word' id='word_1_273' title='bbox 1652 2150 1810 2204; x_wconf 83' lang='lat' dir='ltr'><strong>modo</strong></span> <span class='ocrx_word' id='word_1_274' title='bbox 1849 2163 1943 2217; x_wconf 88' lang='lat' dir='ltr'><strong>po-</strong></span> 
     </span>
    </p>
   </div>
   <div class='ocr_carea' id='block_1_42' title="bbox 361 2240 1944 2324">
    <p class='ocr_par' dir='ltr' id='par_1_42' title="bbox 361 2240 1944 2324">
     <span class='ocr_line' id='line_1_43' title="bbox 361 2240 1944 2324; baseline -0.011 -13"><span class='ocrx_word' id='word_1_275' title='bbox 361 2263 605 2311; x_wconf 89' lang='lat' dir='ltr'><strong>tuerunt.</strong></span> <span class='ocrx_word' id='word_1_276' title='bbox 639 2254 749 2310; x_wconf 87' lang='lat' dir='ltr'><strong>Sed</strong></span> <span class='ocrx_word' id='word_1_277' title='bbox 785 2255 909 2324; x_wconf 91' lang='lat' dir='ltr'><strong>quia</strong></span> <span class='ocrx_word' id='word_1_278' title='bbox 959 2248 1203 2308; x_wconf 87' lang='lat' dir='ltr'><strong>Guiberti</strong></span> <span class='ocrx_word' id='word_1_279' title='bbox 1235 2245 1611 2302; x_wconf 70' lang='lat' dir='ltr'><strong>hmresia&#39;rclue</strong></span> <span class='ocrx_word' id='word_1_280' title='bbox 1656 2240 1944 2296; x_wconf 89' lang='lat' dir='ltr'><strong>multitudo</strong></span> 
     </span>
    </p>
   </div>
   <div class='ocr_carea' id='block_1_43' title="bbox 359 2333 1944 2420">
    <p class='ocr_par' dir='ltr' id='par_1_43' title="bbox 359 2333 1944 2420">
     <span class='ocr_line' id='line_1_44' title="bbox 359 2333 1944 2420; baseline -0.01 -17"><span class='ocrx_word' id='word_1_281' title='bbox 359 2346 699 2420; x_wconf 80' lang='lat' dir='ltr'><strong>permaxima</strong></span> <span class='ocrx_word' id='word_1_282' title='bbox 750 2355 905 2411; x_wconf 89' lang='lat' dir='ltr'><strong>erat,</strong></span> <span class='ocrx_word' id='word_1_283' title='bbox 950 2344 1004 2399; x_wconf 86' lang='lat' dir='ltr'><strong>hi</strong></span> <span class='ocrx_word' id='word_1_284' title='bbox 1037 2343 1130 2413; x_wconf 91' lang='lat' dir='ltr'><strong>qui</strong></span> <span class='ocrx_word' id='word_1_285' title='bbox 1178 2356 1243 2396; x_wconf 82' lang='lat' dir='ltr'><strong>ex</strong></span> <span class='ocrx_word' id='word_1_286' title='bbox 1301 2347 1454 2410; x_wconf 91' lang='lat' dir='ltr'><strong>parte</strong></span> <span class='ocrx_word' id='word_1_287' title='bbox 1503 2351 1654 2407; x_wconf 70' lang='lat' dir='ltr'><strong>papa:</strong></span> <span class='ocrx_word' id='word_1_288' title='bbox 1706 2333 1944 2388; x_wconf 75' lang='lat' dir='ltr'><strong>Victoris</strong></span> 
     </span>
    </p>
   </div>
   <div class='ocr_carea' id='block_1_44' title="bbox 362 2426 1942 2502">
    <p class='ocr_par' dir='ltr' id='par_1_44' title="bbox 362 2426 1942 2502">
     <span class='ocr_line' id='line_1_45' title="bbox 362 2426 1942 2502; baseline -0.011 -9"><span class='ocrx_word' id='word_1_289' title='bbox 362 2445 545 2502; x_wconf 84' lang='lat' dir='ltr'><strong>erant,</strong></span> <span class='ocrx_word' id='word_1_290' title='bbox 567 2446 758 2493; x_wconf 87' lang='lat' dir='ltr'><strong>contra</strong></span> <span class='ocrx_word' id='word_1_291' title='bbox 786 2445 993 2490; x_wconf 86' lang='lat' dir='ltr'><strong>tantam</strong></span> <span class='ocrx_word' id='word_1_292' title='bbox 1027 2431 1261 2489; x_wconf 85' lang='lat' dir='ltr'><strong>hostium</strong></span> <span class='ocrx_word' id='word_1_293' title='bbox 1294 2443 1513 2483; x_wconf 89' lang='lat' dir='ltr'><strong>manum</strong></span> <span class='ocrx_word' id='word_1_294' title='bbox 1540 2426 1807 2482; x_wconf 90' lang='lat' dir='ltr'><strong>obsistere</strong></span> <span class='ocrx_word' id='word_1_295' title='bbox 1837 2439 1942 2477; x_wconf 76' lang='lat' dir='ltr'><strong>ntn</strong></span> 
     </span>
    </p>
   </div>
   <div class='ocr_carea' id='block_1_45' title="bbox 362 2513 1944 2592">
    <p class='ocr_par' dir='ltr' id='par_1_45' title="bbox 362 2513 1944 2592">
     <span class='ocr_line' id='line_1_46' title="bbox 362 2513 1944 2592; baseline -0.009 -12"><span class='ocrx_word' id='word_1_296' title='bbox 362 2527 631 2592; x_wconf 84' lang='lat' dir='ltr'><strong>valentes,</strong></span> <span class='ocrx_word' id='word_1_297' title='bbox 673 2527 728 2582; x_wconf 90' lang='lat' dir='ltr'><strong>in</strong></span> <span class='ocrx_word' id='word_1_298' title='bbox 761 2523 1186 2588; x_wconf 81' lang='lat' dir='ltr'><strong>Transtiberim,</strong></span> <span class='ocrx_word' id='word_1_299' title='bbox 1215 2520 1331 2577; x_wconf 86' lang='lat' dir='ltr'><strong>sive</strong></span> <span class='ocrx_word' id='word_1_300' title='bbox 1361 2519 1414 2574; x_wconf 92' lang='lat' dir='ltr'><strong>in</strong></span> <span class='ocrx_word' id='word_1_301' title='bbox 1446 2517 1728 2574; x_wconf 87' lang='lat' dir='ltr'><strong>castellum</strong></span> <span class='ocrx_word' id='word_1_302' title='bbox 1761 2513 1944 2569; x_wconf 83' lang='lat' dir='ltr'><strong>Sancti</strong></span> 
     </span>
    </p>
   </div>
   <div class='ocr_carea' id='block_1_46' title="bbox 363 2610 1942 2693">
    <p class='ocr_par' dir='ltr' id='par_1_46' title="bbox 363 2610 1942 2693">
     <span class='ocr_line' id='line_1_47' title="bbox 363 2610 1942 2693; baseline -0.008 -18"><span class='ocrx_word' id='word_1_303' title='bbox 363 2621 556 2693; x_wconf 82' lang='lat' dir='ltr'><strong>Angeli</strong></span> <span class='ocrx_word' id='word_1_304' title='bbox 603 2623 988 2677; x_wconf 81' lang='lat' dir='ltr'><strong>discesserunt.</strong></span> <span class='ocrx_word' id='word_1_305' title='bbox 1023 2617 1142 2674; x_wconf 81' lang='lat' dir='ltr'><strong>Iam</strong></span> <span class='ocrx_word' id='word_1_306' title='bbox 1179 2618 1267 2673; x_wconf 91' lang='lat' dir='ltr'><strong>die</strong></span> <span class='ocrx_word' id='word_1_307' title='bbox 1298 2613 1572 2672; x_wconf 88' lang='lat' dir='ltr'><strong>mediante</strong></span> <span class='ocrx_word' id='word_1_308' title='bbox 1615 2613 1668 2667; x_wconf 91' lang='lat' dir='ltr'><strong>in</strong></span> <span class='ocrx_word' id='word_1_309' title='bbox 1707 2610 1942 2666; x_wconf 84' lang='lat' dir='ltr'><strong>ecclesia</strong></span> 
     </span>
    </p>
   </div>
   <div class='ocr_carea' id='block_1_47' title="bbox 367 2701 1947 2766">
    <p class='ocr_par' dir='ltr' id='par_1_47' title="bbox 367 2701 1947 2766">
     <span class='ocr_line' id='line_1_48' title="bbox 367 2701 1947 2766; baseline -0.006 -2"><span class='ocrx_word' id='word_1_310' title='bbox 367 2708 583 2766; x_wconf 70' lang='lat' dir='ltr'><strong>Sanctae</strong></span> <span class='ocrx_word' id='word_1_311' title='bbox 626 2709 805 2764; x_wconf 68' lang='lat' dir='ltr'><strong>Maria:</strong></span> <span class='ocrx_word' id='word_1_312' title='bbox 847 2709 899 2765; x_wconf 92' lang='lat' dir='ltr'><strong>in</strong></span> <span class='ocrx_word' id='word_1_313' title='bbox 949 2709 1189 2764; x_wconf 88' lang='lat' dir='ltr'><strong>turribus</strong></span> <span class='ocrx_word' id='word_1_314' title='bbox 1246 2708 1535 2762; x_wconf 82' lang='lat' dir='ltr'><strong>Bavennas</strong></span> <span class='ocrx_word' id='word_1_315' title='bbox 1583 2701 1947 2758; x_wconf 76' lang='lat' dir='ltr'><strong>lueresiarclia</strong></span> 
     </span>
    </p>
   </div>
   <div class='ocr_carea' id='block_1_48' title="bbox 366 2793 1948 2869">
    <p class='ocr_par' dir='ltr' id='par_1_48' title="bbox 366 2793 1948 2869">
     <span class='ocr_line' id='line_1_49' title="bbox 366 2793 1948 2869; baseline -0.007 -13"><span class='ocrx_word' id='word_1_316' title='bbox 366 2801 590 2857; x_wconf 89' lang='lat' dir='ltr'><strong>missam</strong></span> <span class='ocrx_word' id='word_1_317' title='bbox 628 2801 890 2856; x_wconf 86' lang='lat' dir='ltr'><strong>cantavit.</strong></span> <span class='ocrx_word' id='word_1_318' title='bbox 931 2799 1064 2855; x_wconf 82' lang='lat' dir='ltr'><strong>Nam</strong></span> <span class='ocrx_word' id='word_1_319' title='bbox 1104 2810 1394 2869; x_wconf 88' lang='lat' dir='ltr'><strong>utrumque</strong></span> <span class='ocrx_word' id='word_1_320' title='bbox 1437 2795 1771 2867; x_wconf 86' lang='lat' dir='ltr'><strong>campanile,</strong></span> <span class='ocrx_word' id='word_1_321' title='bbox 1825 2793 1948 2864; x_wconf 87' lang='lat' dir='ltr'><strong>igne</strong></span> 
     </span>
    </p>
   </div>
   <div class='ocr_carea' id='block_1_49' title="bbox 367 2883 1946 2963">
    <p class='ocr_par' dir='ltr' id='par_1_49' title="bbox 367 2883 1946 2963">
     <span class='ocr_line' id='line_1_50' title="bbox 367 2883 1946 2963; baseline -0.008 -15"><span class='ocrx_word' id='word_1_322' title='bbox 367 2901 425 2948; x_wconf 91' lang='lat' dir='ltr'><strong>et</strong></span> <span class='ocrx_word' id='word_1_323' title='bbox 473 2891 622 2948; x_wconf 78' lang='lat' dir='ltr'><strong>fumo</strong></span> <span class='ocrx_word' id='word_1_324' title='bbox 665 2892 977 2963; x_wconf 90' lang='lat' dir='ltr'><strong>supposito,</strong></span> <span class='ocrx_word' id='word_1_325' title='bbox 1023 2899 1272 2961; x_wconf 86' lang='lat' dir='ltr'><strong>ceperat;</strong></span> <span class='ocrx_word' id='word_1_326' title='bbox 1335 2888 1447 2944; x_wconf 87' lang='lat' dir='ltr'><strong>sole</strong></span> <span class='ocrx_word' id='word_1_327' title='bbox 1495 2895 1676 2941; x_wconf 88' lang='lat' dir='ltr'><strong>autem</strong></span> <span class='ocrx_word' id='word_1_328' title='bbox 1722 2883 1833 2953; x_wconf 89' lang='lat' dir='ltr'><strong>jam</strong></span> <span class='ocrx_word' id='word_1_329' title='bbox 1879 2884 1946 2937; x_wconf 89' lang='lat' dir='ltr'><strong>ad</strong></span> 
     </span>
    </p>
   </div>
   <div class='ocr_carea' id='block_1_50' title="bbox 368 2979 1948 3057">
    <p class='ocr_par' dir='ltr' id='par_1_50' title="bbox 368 2979 1948 3057">
     <span class='ocr_line' id='line_1_51' title="bbox 368 2979 1948 3057; baseline -0.009 -16"><span class='ocrx_word' id='word_1_330' title='bbox 368 3001 627 3041; x_wconf 89' lang='lat' dir='ltr'><strong>occasum</strong></span> <span class='ocrx_word' id='word_1_331' title='bbox 655 2993 932 3057; x_wconf 85' lang='lat' dir='ltr'><strong>vergente,</strong></span> <span class='ocrx_word' id='word_1_332' title='bbox 970 2983 1024 3039; x_wconf 89' lang='lat' dir='ltr'><strong>bi</strong></span> <span class='ocrx_word' id='word_1_333' title='bbox 1052 2983 1144 3053; x_wconf 92' lang='lat' dir='ltr'><strong>qui</strong></span> <span class='ocrx_word' id='word_1_334' title='bbox 1188 2983 1242 3037; x_wconf 89' lang='lat' dir='ltr'><strong>in</strong></span> <span class='ocrx_word' id='word_1_335' title='bbox 1277 2979 1507 3038; x_wconf 87' lang='lat' dir='ltr'><strong>ecclesia</strong></span> <span class='ocrx_word' id='word_1_336' title='bbox 1538 2983 1821 3039; x_wconf 78' lang='lat' dir='ltr'><strong>steterant,</strong></span> <span class='ocrx_word' id='word_1_337' title='bbox 1855 2989 1948 3045; x_wconf 85' lang='lat' dir='ltr'><strong>pa—</strong></span> 
     </span>
    </p>
   </div>
   <div class='ocr_carea' id='block_1_51' title="bbox 2041 1801 3620 1896">
    <p class='ocr_par' dir='ltr' id='par_1_51' title="bbox 2041 1801 3620 1896">
     <span class='ocr_line' id='line_1_52' title="bbox 2041 1801 3620 1896; baseline -0.027 -14"><span class='ocrx_word' id='word_1_338' title='bbox 2041 1824 2249 1896; x_wconf 72' lang='lat' dir='ltr'><strong>Apulia:</strong></span> <span class='ocrx_word' id='word_1_339' title='bbox 2277 1830 2332 1876; x_wconf 93' lang='lat' dir='ltr'><strong>et</strong></span> <span class='ocrx_word' id='word_1_340' title='bbox 2353 1815 2638 1879; x_wconf 68' lang='lat' dir='ltr'><strong>Calabriae,</strong></span> <span class='ocrx_word' id='word_1_341' title='bbox 2663 1826 2765 1867; x_wconf 91' lang='lat' dir='ltr'><strong>nec</strong></span> <span class='ocrx_word' id='word_1_342' title='bbox 2792 1823 2898 1863; x_wconf 89' lang='lat' dir='ltr'><strong>non</strong></span> <span class='ocrx_word' id='word_1_343' title='bbox 2923 1803 3330 1871; x_wconf 84' lang='lat' dir='ltr'><strong>Principatuum</strong></span> <span class='ocrx_word' id='word_1_344' title='bbox 3352 1801 3620 1851; x_wconf 89' lang='lat' dir='ltr'><strong>statuens,</strong></span> 
     </span>
    </p>
   </div>
   <div class='ocr_carea' id='block_1_52' title="bbox 2042 1886 3623 1978">
    <p class='ocr_par' dir='ltr' id='par_1_52' title="bbox 2042 1886 3623 1978">
     <span class='ocr_line' id='line_1_53' title="bbox 2042 1886 3623 1978; baseline -0.025 -7"><span class='ocrx_word' id='word_1_345' title='bbox 2042 1917 2408 1971; x_wconf 88' lang='lat' dir='ltr'><strong>Beneventum</strong></span> <span class='ocrx_word' id='word_1_346' title='bbox 2437 1904 2697 1978; x_wconf 77' lang='lat' dir='ltr'><strong>perrexit,</strong></span> <span class='ocrx_word' id='word_1_347' title='bbox 2737 1901 2791 1954; x_wconf 91' lang='lat' dir='ltr'><strong>in</strong></span> <span class='ocrx_word' id='word_1_348' title='bbox 2822 1911 2927 1968; x_wconf 88' lang='lat' dir='ltr'><strong>qua</strong></span> <span class='ocrx_word' id='word_1_349' title='bbox 2957 1891 3208 1949; x_wconf 87' lang='lat' dir='ltr'><strong>videlicet</strong></span> <span class='ocrx_word' id='word_1_350' title='bbox 3239 1886 3378 1942; x_wconf 85' lang='lat' dir='ltr'><strong>idem</strong></span> <span class='ocrx_word' id='word_1_351' title='bbox 3409 1888 3623 1952; x_wconf 81' lang='lat' dir='ltr'><strong>aposto-</strong></span> 
     </span>
    </p>
   </div>
   <div class='ocr_carea' id='block_1_53' title="bbox 2043 1983 3620 2076">
    <p class='ocr_par' dir='ltr' id='par_1_53' title="bbox 2043 1983 3620 2076">
     <span class='ocr_line' id='line_1_54' title="bbox 2043 1983 3620 2076; baseline -0.023 -12"><span class='ocrx_word' id='word_1_352' title='bbox 2043 2010 2180 2064; x_wconf 89' lang='lat' dir='ltr'><strong>licus</strong></span> <span class='ocrx_word' id='word_1_353' title='bbox 2232 2001 2552 2076; x_wconf 60' lang='lat' dir='ltr'><strong>praesidens,</strong></span> <span class='ocrx_word' id='word_1_354' title='bbox 2609 1997 2726 2052; x_wconf 89' lang='lat' dir='ltr'><strong>ait:</strong></span> <span class='ocrx_word' id='word_1_355' title='bbox 2779 1990 2938 2047; x_wconf 77' lang='lat' dir='ltr'><strong>Novit</strong></span> <span class='ocrx_word' id='word_1_356' title='bbox 2986 1985 3204 2044; x_wconf 89' lang='lat' dir='ltr'><strong>dilectio</strong></span> <span class='ocrx_word' id='word_1_357' title='bbox 3250 1988 3456 2045; x_wconf 88' lang='lat' dir='ltr'><strong>vestra,</strong></span> <span class='ocrx_word' id='word_1_358' title='bbox 3512 1983 3620 2030; x_wconf 85' lang='lat' dir='ltr'><strong>etc.</strong></span> 
     </span>
    </p>
   </div>
   <div class='ocr_carea' id='block_1_54' title="bbox 2046 2071 3620 2158">
    <p class='ocr_par' dir='ltr' id='par_1_54' title="bbox 2046 2071 3620 2158">
     <span class='ocr_line' id='line_1_55' title="bbox 2046 2071 3620 2158; baseline -0.025 0"><span class='ocrx_word' id='word_1_359' title='bbox 2046 2071 2509 2158; x_wconf 43' lang='lat' dir='ltr'><strong>Multa-oratione</strong></span> <span class='ocrx_word' id='word_1_360' title='bbox 2570 2085 2929 2158; x_wconf 81' lang='lat' dir='ltr'><strong>complectitur</strong></span> <span class='ocrx_word' id='word_1_361' title='bbox 2979 2081 3225 2136; x_wconf 81' lang='lat' dir='ltr'><strong>adversus</strong></span> <span class='ocrx_word' id='word_1_362' title='bbox 3273 2071 3620 2130; x_wconf 83' lang='lat' dir='ltr'><strong>Guibertum.</strong></span> 
     </span>
    </p>
   </div>
   <div class='ocr_carea' id='block_1_55' title="bbox 2041 2158 3628 2266">
    <p class='ocr_par' dir='ltr' id='par_1_55' title="bbox 2041 2158 3628 2266">
     <span class='ocr_line' id='line_1_56' title="bbox 2041 2158 3628 2266; baseline -0.025 -17"><span class='ocrx_word' id='word_1_363' title='bbox 2041 2209 2190 2266; x_wconf 79' lang='lat' dir='ltr'><strong>quem</strong></span> <span class='ocrx_word' id='word_1_364' title='bbox 2226 2185 2628 2244; x_wconf 79' lang='lat' dir='ltr'><strong>anathematizat</strong></span> <span class='ocrx_word' id='word_1_365' title='bbox 2663 2198 2681 2236; x_wconf 90' lang='lat'><strong><em>:</em></strong></span> <span class='ocrx_word' id='word_1_366' title='bbox 2713 2191 2821 2235; x_wconf 89' lang='lat' dir='ltr'><strong>tum</strong></span> <span class='ocrx_word' id='word_1_367' title='bbox 2862 2172 3194 2245; x_wconf 81' lang='lat' dir='ltr'><strong>conqueritur</strong></span> <span class='ocrx_word' id='word_1_368' title='bbox 3228 2167 3474 2222; x_wconf 84' lang='lat' dir='ltr'><strong>adrersus</strong></span> <span class='ocrx_word' id='word_1_369' title='bbox 3508 2158 3628 2213; x_wconf 82' lang='lat' dir='ltr'><strong>Hu-</strong></span> 
     </span>
    </p>
   </div>
   <div class='ocr_carea' id='block_1_56' title="bbox 2043 2253 3625 2356">
    <p class='ocr_par' dir='ltr' id='par_1_56' title="bbox 2043 2253 3625 2356">
     <span class='ocr_line' id='line_1_57' title="bbox 2043 2253 3625 2356; baseline -0.022 -17"><span class='ocrx_word' id='word_1_370' title='bbox 2043 2253 2228 2356; x_wconf 53' lang='lat' dir='ltr'><strong>qonem</strong></span> <span class='ocrx_word' id='word_1_371' title='bbox 2257 2279 2650 2352; x_wconf 79' lang='lat' dir='ltr'><strong>Lugdunensem</strong></span> <span class='ocrx_word' id='word_1_372' title='bbox 2686 2281 2732 2326; x_wconf 86' lang='lat' dir='ltr'><strong>et</strong></span> <span class='ocrx_word' id='word_1_373' title='bbox 2780 2265 3104 2324; x_wconf 79' lang='lat' dir='ltr'><strong>Riehardum</strong></span> <span class='ocrx_word' id='word_1_374' title='bbox 3151 2259 3386 2314; x_wconf 78' lang='lat' dir='ltr'><strong>abbatem</strong></span> <span class='ocrx_word' id='word_1_375' title='bbox 3431 2253 3625 2309; x_wconf 75' lang='lat' dir='ltr'><strong>Massi-</strong></span> 
     </span>
    </p>
   </div>
   <div class='ocr_carea' id='block_1_57' title="bbox 2044 2353 3626 2430">
    <p class='ocr_par' dir='ltr' id='par_1_57' title="bbox 2044 2353 3626 2430">
     <span class='ocr_line' id='line_1_58' title="bbox 2044 2353 3626 2430; baseline -0.021 -2"><span class='ocrx_word' id='word_1_376' title='bbox 2044 2375 2256 2430; x_wconf 83' lang='lat' dir='ltr'><strong>liensem</strong></span> <span class='ocrx_word' id='word_1_377' title='bbox 2285 2372 2588 2425; x_wconf 78' lang='lat' dir='ltr'><strong>desertores.</strong></span> <span class='ocrx_word' id='word_1_378' title='bbox 2617 2362 2862 2418; x_wconf 90' lang='lat' dir='ltr'><strong>Declarat</strong></span> <span class='ocrx_word' id='word_1_379' title='bbox 2902 2353 3470 2414; x_wconf 71' lang='lat' dir='ltr'><strong>excommunicatorum</strong></span> <span class='ocrx_word' id='word_1_380' title='bbox 3496 2360 3626 2398; x_wconf 81' lang='lat' dir='ltr'><strong>con-</strong></span> 
     </span>
    </p>
   </div>
   <div class='ocr_carea' id='block_1_58' title="bbox 2045 2435 3625 2530">
    <p class='ocr_par' dir='ltr' id='par_1_58' title="bbox 2045 2435 3625 2530">
     <span class='ocr_line' id='line_1_59' title="bbox 2045 2435 3625 2530; baseline -0.022 -11"><span class='ocrx_word' id='word_1_381' title='bbox 2045 2465 2264 2519; x_wconf 83' lang='lat' dir='ltr'><strong>sortium</strong></span> <span class='ocrx_word' id='word_1_382' title='bbox 2286 2462 2359 2514; x_wconf 85' lang='lat' dir='ltr'><strong>ita</strong></span> <span class='ocrx_word' id='word_1_383' title='bbox 2386 2456 2688 2530; x_wconf 73' lang='lat' dir='ltr'><strong>fugiendum</strong></span> <span class='ocrx_word' id='word_1_384' title='bbox 2717 2468 2846 2518; x_wconf 83' lang='lat' dir='ltr'><strong>esse,</strong></span> <span class='ocrx_word' id='word_1_385' title='bbox 2895 2457 2950 2503; x_wconf 91' lang='lat' dir='ltr'><strong>ut</strong></span> <span class='ocrx_word' id='word_1_386' title='bbox 2992 2445 3207 2500; x_wconf 79' lang='lat' dir='ltr'><strong>debeant</strong></span> <span class='ocrx_word' id='word_1_387' title='bbox 3240 2436 3419 2509; x_wconf 79' lang='lat' dir='ltr'><strong>ﬁdeles</strong></span> <span class='ocrx_word' id='word_1_388' title='bbox 3453 2435 3625 2504; x_wconf 83' lang='lat' dir='ltr'><strong>potius</strong></span> 
     </span>
    </p>
   </div>
   <div class='ocr_carea' id='block_1_59' title="bbox 2046 2532 3626 2622">
    <p class='ocr_par' dir='ltr' id='par_1_59' title="bbox 2046 2532 3626 2622">
     <span class='ocr_line' id='line_1_60' title="bbox 2046 2532 3626 2622; baseline -0.022 -14"><span class='ocrx_word' id='word_1_389' title='bbox 2046 2555 2238 2622; x_wconf 81' lang='lat' dir='ltr'><strong>absque</strong></span> <span class='ocrx_word' id='word_1_390' title='bbox 2288 2546 2629 2604; x_wconf 83' lang='lat' dir='ltr'><strong>sacramentis</strong></span> <span class='ocrx_word' id='word_1_391' title='bbox 2695 2543 2860 2596; x_wconf 72' lang='lat' dir='ltr'><strong>cicere</strong></span> <span class='ocrx_word' id='word_1_392' title='bbox 2913 2547 2960 2593; x_wconf 91' lang='lat' dir='ltr'><strong>et</strong></span> <span class='ocrx_word' id='word_1_393' title='bbox 3010 2532 3176 2598; x_wconf 86' lang='lat' dir='ltr'><strong>mori,</strong></span> <span class='ocrx_word' id='word_1_394' title='bbox 3232 2544 3388 2601; x_wconf 89' lang='lat' dir='ltr'><strong>quam</strong></span> <span class='ocrx_word' id='word_1_395' title='bbox 3445 2539 3626 2578; x_wconf 89' lang='lat' dir='ltr'><strong>eorum</strong></span> 
     </span>
    </p>
   </div>
   <div class='ocr_carea' id='block_1_60' title="bbox 2046 2611 3628 2707">
    <p class='ocr_par' dir='ltr' id='par_1_60' title="bbox 2046 2611 3628 2707">
     <span class='ocr_line' id='line_1_61' title="bbox 2046 2611 3628 2707; baseline -0.021 -11"><span class='ocrx_word' id='word_1_396' title='bbox 2046 2611 2410 2696; x_wconf 69' lang='lat' dir='ltr'><strong>communione</strong></span> <span class='ocrx_word' id='word_1_397' title='bbox 2463 2632 2648 2707; x_wconf 85' lang='lat' dir='ltr'><strong>pollui.</strong></span> <span class='ocrx_word' id='word_1_398' title='bbox 2710 2630 2897 2685; x_wconf 67' lang='lat' dir='ltr'><strong>Exstat</strong></span> <span class='ocrx_word' id='word_1_399' title='bbox 2949 2627 3003 2680; x_wconf 91' lang='lat' dir='ltr'><strong>in</strong></span> <span class='ocrx_word' id='word_1_400' title='bbox 3061 2633 3200 2677; x_wconf 90' lang='lat' dir='ltr'><strong>tomo</strong></span> <span class='ocrx_word' id='word_1_401' title='bbox 3252 2619 3292 2674; x_wconf 90' lang='lat' dir='ltr'><strong>ll</strong></span> <span class='ocrx_word' id='word_1_402' title='bbox 3359 2611 3628 2687; x_wconf 84' lang='lat' dir='ltr'><strong>Spicilegii</strong></span> 
     </span>
    </p>
   </div>
   <div class='ocr_carea' id='block_1_61' title="bbox 2047 2701 3629 2798">
    <p class='ocr_par' dir='ltr' id='par_1_61' title="bbox 2047 2701 3629 2798">
     <span class='ocr_line' id='line_1_62' title="bbox 2047 2701 3629 2798; baseline -0.02 -12"><span class='ocrx_word' id='word_1_403' title='bbox 2047 2729 2328 2785; x_wconf 85' lang='lat' dir='ltr'><strong>Acheriani</strong></span> <span class='ocrx_word' id='word_1_404' title='bbox 2368 2701 2489 2798; x_wconf 61' lang='lat' dir='ltr'><strong>paq.</strong></span> <span class='ocrx_word' id='word_1_405' title='bbox 2540 2723 2644 2779; x_wconf 65' lang='lat'><strong>405</strong></span> <span class='ocrx_word' id='word_1_406' title='bbox 2696 2718 2935 2789; x_wconf 72' lang='lat' dir='ltr'><strong>[lagonis</strong></span> <span class='ocrx_word' id='word_1_407' title='bbox 2999 2708 3361 2782; x_wconf 80' lang='lat' dir='ltr'><strong>Lugdunensis</strong></span> <span class='ocrx_word' id='word_1_408' title='bbox 3407 2701 3629 2776; x_wconf 79' lang='lat' dir='ltr'><strong>epistola</strong></span> 
     </span>
    </p>
   </div>
   <div class='ocr_carea' id='block_1_62' title="bbox 2049 2803 3629 2877">
    <p class='ocr_par' dir='ltr' id='par_1_62' title="bbox 2049 2803 3629 2877">
     <span class='ocr_line' id='line_1_63' title="bbox 2049 2803 3629 2877; baseline -0.019 -1"><span class='ocrx_word' id='word_1_409' title='bbox 2049 2822 2117 2876; x_wconf 86' lang='lat' dir='ltr'><strong>ad</strong></span> <span class='ocrx_word' id='word_1_410' title='bbox 2154 2819 2426 2874; x_wconf 81' lang='lat' dir='ltr'><strong>Matildem</strong></span> <span class='ocrx_word' id='word_1_411' title='bbox 2455 2815 2798 2876; x_wconf 87' lang='lat' dir='ltr'><strong>comitissam,</strong></span> <span class='ocrx_word' id='word_1_412' title='bbox 2843 2811 2896 2864; x_wconf 91' lang='lat' dir='ltr'><strong>in</strong></span> <span class='ocrx_word' id='word_1_413' title='bbox 2931 2823 3034 2877; x_wconf 89' lang='lat' dir='ltr'><strong>qua</strong></span> <span class='ocrx_word' id='word_1_414' title='bbox 3080 2803 3280 2858; x_wconf 84' lang='lat' dir='ltr'><strong>diluere</strong></span> <span class='ocrx_word' id='word_1_415' title='bbox 3315 2805 3536 2853; x_wconf 84' lang='lat' dir='ltr'><strong>conatur</strong></span> <span class='ocrx_word' id='word_1_416' title='bbox 3564 2810 3629 2848; x_wconf 86' lang='lat' dir='ltr'><strong>ea</strong></span> 
     </span>
    </p>
   </div>
   <div class='ocr_carea' id='block_1_63' title="bbox 2048 2884 3630 2986">
    <p class='ocr_par' dir='ltr' id='par_1_63' title="bbox 2048 2884 3630 2986">
     <span class='ocr_line' id='line_1_64' title="bbox 2048 2884 3630 2986; baseline -0.02 -19"><span class='ocrx_word' id='word_1_417' title='bbox 2048 2929 2164 2986; x_wconf 67' lang='lat' dir='ltr'><strong>qua?</strong></span> <span class='ocrx_word' id='word_1_418' title='bbox 2191 2910 2287 2965; x_wconf 86' lang='lat' dir='ltr'><strong>sibi</strong></span> <span class='ocrx_word' id='word_1_419' title='bbox 2315 2909 2413 2962; x_wconf 88' lang='lat' dir='ltr'><strong>hac</strong></span> <span class='ocrx_word' id='word_1_420' title='bbox 2451 2907 2503 2961; x_wconf 91' lang='lat' dir='ltr'><strong>in</strong></span> <span class='ocrx_word' id='word_1_421' title='bbox 2530 2923 2584 2960; x_wconf 90' lang='lat' dir='ltr'><strong>re</strong></span> <span class='ocrx_word' id='word_1_422' title='bbox 2613 2903 2855 2974; x_wconf 80' lang='lat' dir='ltr'><strong>imposita</strong></span> <span class='ocrx_word' id='word_1_423' title='bbox 2904 2900 3135 2970; x_wconf 79' lang='lat' dir='ltr'><strong>fuerant.</strong></span> <span class='ocrx_word' id='word_1_424' title='bbox 3170 2889 3396 2948; x_wconf 77' lang='lat' dir='ltr'><strong>Multum</strong></span> <span class='ocrx_word' id='word_1_425' title='bbox 3436 2884 3630 2940; x_wconf 81' lang='lat' dir='ltr'><strong>inrehit</strong></span> 
     </span>
    </p>
   </div>
   <div class='ocr_carea' id='block_1_64' title="bbox 2052 2976 3628 3064">
    <p class='ocr_par' dir='ltr' id='par_1_64' title="bbox 2052 2976 3628 3064">
     <span class='ocr_line' id='line_1_65' title="bbox 2052 2976 3628 3064; baseline -0.02 -5"><span class='ocrx_word' id='word_1_426' title='bbox 2052 3007 2104 3059; x_wconf 88' lang='lat' dir='ltr'><strong>in</strong></span> <span class='ocrx_word' id='word_1_427' title='bbox 2135 3001 2459 3057; x_wconf 82' lang='lat' dir='ltr'><strong>Desiderium</strong></span> <span class='ocrx_word' id='word_1_428' title='bbox 2489 2999 2541 3052; x_wconf 88' lang='lat' dir='ltr'><strong>in</strong></span> <span class='ocrx_word' id='word_1_429' title='bbox 2564 2995 2781 3064; x_wconf 87' lang='lat' dir='ltr'><strong>epistola</strong></span> <span class='ocrx_word' id='word_1_430' title='bbox 2820 2991 2987 3047; x_wconf 88' lang='lat' dir='ltr'><strong>altera</strong></span> <span class='ocrx_word' id='word_1_431' title='bbox 3027 2989 3094 3042; x_wconf 89' lang='lat' dir='ltr'><strong>ad</strong></span> <span class='ocrx_word' id='word_1_432' title='bbox 3129 2984 3363 3042; x_wconf 83' lang='lat' dir='ltr'><strong>eamdem</strong></span> <span class='ocrx_word' id='word_1_433' title='bbox 3406 2976 3628 3034; x_wconf 76' lang='lat' dir='ltr'><strong>Mathil-</strong></span> 
     </span>
    </p>
   </div>
   <div class='ocr_carea' id='block_1_65' title="bbox 369 3051 3629 3162">
    <p class='ocr_par' dir='ltr' id='par_1_65' title="bbox 369 3051 3629 3162">
     <span class='ocr_line' id='line_1_66' title="bbox 369 3051 3629 3162; baseline -0.013 -29"><span class='ocrx_word' id='word_1_434' title='bbox 369 3079 482 3133; x_wconf 88' lang='lat' dir='ltr'><strong>lam</strong></span> <span class='ocrx_word' id='word_1_435' title='bbox 507 3093 628 3134; x_wconf 89' lang='lat' dir='ltr'><strong>cum</strong></span> <span class='ocrx_word' id='word_1_436' title='bbox 658 3077 825 3133; x_wconf 89' lang='lat' dir='ltr'><strong>armis</strong></span> <span class='ocrx_word' id='word_1_437' title='bbox 853 3076 965 3132; x_wconf 88' lang='lat' dir='ltr'><strong>suis</strong></span> <span class='ocrx_word' id='word_1_438' title='bbox 992 3074 1402 3137; x_wconf 89' lang='lat' dir='ltr'><strong>descendentes,</strong></span> <span class='ocrx_word' id='word_1_439' title='bbox 1435 3069 1640 3162; x_wconf 87' lang='lat' dir='ltr'><strong>reversi</strong></span> <span class='ocrx_word' id='word_1_440' title='bbox 1673 3077 1819 3162; x_wconf 76' lang='lat' dir='ltr'><strong>sunt.</strong></span> <span class='ocrx_word' id='word_1_441' title='bbox 1849 3066 1945 3128; x_wconf 84' lang='lat' dir='ltr'><strong>Ita,</strong></span> <span class='ocrx_word' id='word_1_442' title='bbox 1976 3051 2018 3108; x_wconf 83' lang='lat' dir='ltr'><strong>C</strong></span> <span class='ocrx_word' id='word_1_443' title='bbox 2448 3051 2451 3052; x_wconf 55' lang='grc'><strong><em>⁷</em></strong></span> <span class='ocrx_word' id='word_1_444' title='bbox 2467 3051 2621 3160; x_wconf 45' lang='grc' dir='ltr'><strong>ηῂθξ)</strong></span> <span class='ocrx_word' id='word_1_445' title='bbox 2683 3082 3100 3140; x_wconf 50' lang='lat' dir='ltr'><strong>Numnam“</strong></span> <span class='ocrx_word' id='word_1_446' title='bbox 3157 3077 3319 3133; x_wconf 53' lang='lat' dir='ltr'><strong>abba,</strong></span> <span class='ocrx_word' id='word_1_447' title='bbox 3373 3075 3629 3142; x_wconf 47' lang='lat' dir='ltr'><strong>integram</strong></span> 
     </span>
    </p>
   </div>
   <div class='ocr_carea' id='block_1_66' title="bbox 370 3154 1948 3236">
    <p class='ocr_par' dir='ltr' id='par_1_66' title="bbox 370 3154 1948 3236">
     <span class='ocr_line' id='line_1_67' title="bbox 370 3154 1948 3236; baseline -0.01 -14"><span class='ocrx_word' id='word_1_448' title='bbox 370 3167 497 3233; x_wconf 88' lang='lat' dir='ltr'><strong>heu,</strong></span> <span class='ocrx_word' id='word_1_449' title='bbox 552 3167 687 3236; x_wconf 86' lang='lat' dir='ltr'><strong>proh</strong></span> <span class='ocrx_word' id='word_1_450' title='bbox 739 3166 924 3222; x_wconf 82' lang='lat' dir='ltr'><strong>dolori</strong></span> <span class='ocrx_word' id='word_1_451' title='bbox 978 3163 1275 3236; x_wconf 87' lang='lat' dir='ltr'><strong>apostolica</strong></span> <span class='ocrx_word' id='word_1_452' title='bbox 1325 3170 1382 3216; x_wconf 89' lang='lat' dir='ltr'><strong>et</strong></span> <span class='ocrx_word' id='word_1_453' title='bbox 1431 3156 1754 3218; x_wconf 87' lang='lat' dir='ltr'><strong>universalis</strong></span> <span class='ocrx_word' id='word_1_454' title='bbox 1801 3154 1948 3210; x_wconf 87' lang='lat' dir='ltr'><strong>beati</strong></span> 
     </span>
    </p>
   </div>
   <div class='ocr_carea' id='block_1_67' title="bbox 371 3251 1950 3330">
    <p class='ocr_par' dir='ltr' id='par_1_67' title="bbox 371 3251 1950 3330">
     <span class='ocr_line' id='line_1_68' title="bbox 371 3251 1950 3330; baseline -0.008 -15"><span class='ocrx_word' id='word_1_455' title='bbox 371 3260 519 3316; x_wconf 86' lang='lat' dir='ltr'><strong>Petri</strong></span> <span class='ocrx_word' id='word_1_456' title='bbox 549 3259 796 3326; x_wconf 85' lang='lat' dir='ltr'><strong>ecclesia,</strong></span> <span class='ocrx_word' id='word_1_457' title='bbox 827 3275 893 3316; x_wconf 90' lang='lat' dir='ltr'><strong>eo</strong></span> <span class='ocrx_word' id='word_1_458' title='bbox 937 3259 1025 3314; x_wconf 89' lang='lat' dir='ltr'><strong>die</strong></span> <span class='ocrx_word' id='word_1_459' title='bbox 1054 3273 1161 3330; x_wconf 90' lang='lat' dir='ltr'><strong>quo</strong></span> <span class='ocrx_word' id='word_1_460' title='bbox 1206 3258 1324 3328; x_wconf 75' lang='lat' dir='ltr'><strong>eius</strong></span> <span class='ocrx_word' id='word_1_461' title='bbox 1380 3255 1651 3328; x_wconf 84' lang='lat' dir='ltr'><strong>praecipue</strong></span> <span class='ocrx_word' id='word_1_462' title='bbox 1685 3251 1950 3307; x_wconf 69' lang='lat' dir='ltr'><strong>festivitas</strong></span> 
     </span>
    </p>
   </div>
   <div class='ocr_carea' id='block_1_68' title="bbox 372 3339 1952 3416">
    <p class='ocr_par' dir='ltr' id='par_1_68' title="bbox 372 3339 1952 3416">
     <span class='ocr_line' id='line_1_69' title="bbox 372 3339 1952 3416; baseline -0.009 -9"><span class='ocrx_word' id='word_1_463' title='bbox 372 3351 617 3416; x_wconf 72' lang='lat' dir='ltr'><strong>exstitit,</strong></span> <span class='ocrx_word' id='word_1_464' title='bbox 667 3351 814 3406; x_wconf 91' lang='lat' dir='ltr'><strong>omni</strong></span> <span class='ocrx_word' id='word_1_465' title='bbox 863 3359 970 3406; x_wconf 89' lang='lat' dir='ltr'><strong>tam</strong></span> <span class='ocrx_word' id='word_1_466' title='bbox 1018 3358 1282 3405; x_wconf 88' lang='lat' dir='ltr'><strong>nocturno</strong></span> <span class='ocrx_word' id='word_1_467' title='bbox 1333 3361 1493 3416; x_wconf 92' lang='lat' dir='ltr'><strong>quam</strong></span> <span class='ocrx_word' id='word_1_468' title='bbox 1539 3345 1730 3400; x_wconf 88' lang='lat' dir='ltr'><strong>diurno</strong></span> <span class='ocrx_word' id='word_1_469' title='bbox 1777 3339 1952 3396; x_wconf 85' lang='lat' dir='ltr'><strong>olIlciu</strong></span> 
     </span>
    </p>
   </div>
   <div class='ocr_carea' id='block_1_69' title="bbox 373 3437 1950 3508">
    <p class='ocr_par' dir='ltr' id='par_1_69' title="bbox 373 3437 1950 3508">
     <span class='ocr_line' id='line_1_70' title="bbox 373 3437 1950 3508; baseline -0.009 -9"><span class='ocrx_word' id='word_1_470' title='bbox 373 3444 573 3499; x_wconf 90' lang='lat' dir='ltr'><strong>caruit.</strong></span> <span class='ocrx_word' id='word_1_471' title='bbox 606 3441 696 3498; x_wconf 91' lang='lat' dir='ltr'><strong>Sic</strong></span> <span class='ocrx_word' id='word_1_472' title='bbox 723 3441 969 3497; x_wconf 87' lang='lat' dir='ltr'><strong>Guiberti</strong></span> <span class='ocrx_word' id='word_1_473' title='bbox 1000 3439 1376 3496; x_wconf 75' lang='lat' dir='ltr'><strong>hzeresiarclue</strong></span> <span class='ocrx_word' id='word_1_474' title='bbox 1397 3452 1522 3508; x_wconf 88' lang='lat' dir='ltr'><strong>spes</strong></span> <span class='ocrx_word' id='word_1_475' title='bbox 1553 3437 1813 3495; x_wconf 85' lang='lat' dir='ltr'><strong>frustrata</strong></span> <span class='ocrx_word' id='word_1_476' title='bbox 1845 3440 1950 3496; x_wconf 88' lang='lat' dir='ltr'><strong>est,</strong></span> 
     </span>
    </p>
   </div>
   <div class='ocr_carea' id='block_1_70' title="bbox 373 3524 1954 3604">
    <p class='ocr_par' dir='ltr' id='par_1_70' title="bbox 373 3524 1954 3604">
     <span class='ocr_line' id='line_1_71' title="bbox 373 3524 1954 3604; baseline -0.004 -19"><span class='ocrx_word' id='word_1_477' title='bbox 373 3533 550 3604; x_wconf 89' lang='lat' dir='ltr'><strong>quiin</strong></span> <span class='ocrx_word' id='word_1_478' title='bbox 595 3531 962 3602; x_wconf 91' lang='lat' dir='ltr'><strong>apostolorum</strong></span> <span class='ocrx_word' id='word_1_479' title='bbox 1013 3530 1358 3586; x_wconf 89' lang='lat' dir='ltr'><strong>solemnitate</strong></span> <span class='ocrx_word' id='word_1_480' title='bbox 1415 3530 1608 3584; x_wconf 90' lang='lat' dir='ltr'><strong>missas</strong></span> <span class='ocrx_word' id='word_1_481' title='bbox 1648 3527 1761 3582; x_wconf 90' lang='lat' dir='ltr'><strong>illic</strong></span> <span class='ocrx_word' id='word_1_482' title='bbox 1808 3524 1954 3578; x_wconf 68' lang='lat' dir='ltr'><strong>rele-</strong></span> 
     </span>
    </p>
   </div>
   <div class='ocr_carea' id='block_1_71' title="bbox 375 3625 1956 3692">
    <p class='ocr_par' dir='ltr' id='par_1_71' title="bbox 375 3625 1956 3692">
     <span class='ocr_line' id='line_1_72' title="bbox 375 3625 1956 3692; baseline -0.006 -10"><span class='ocrx_word' id='word_1_483' title='bbox 375 3627 540 3684; x_wconf 87' lang='lat' dir='ltr'><strong>brare</strong></span> <span class='ocrx_word' id='word_1_484' title='bbox 594 3628 904 3686; x_wconf 80' lang='lat' dir='ltr'><strong>affectabat.</strong></span> <span class='ocrx_word' id='word_1_485' title='bbox 953 3630 1135 3685; x_wconf 87' lang='lat' dir='ltr'><strong>Altera</strong></span> <span class='ocrx_word' id='word_1_486' title='bbox 1179 3629 1266 3684; x_wconf 91' lang='lat' dir='ltr'><strong>die</strong></span> <span class='ocrx_word' id='word_1_487' title='bbox 1311 3629 1379 3683; x_wconf 91' lang='lat' dir='ltr'><strong>ab</strong></span> <span class='ocrx_word' id='word_1_488' title='bbox 1423 3625 1696 3682; x_wconf 66' lang='lat' dir='ltr'><strong>hmreticis</strong></span> <span class='ocrx_word' id='word_1_489' title='bbox 1739 3631 1956 3692; x_wconf 79' lang='lat' dir='ltr'><strong>aposto-</strong></span> 
     </span>
    </p>
   </div>
   <div class='ocr_carea' id='block_1_72' title="bbox 375 3715 1949 3786">
    <p class='ocr_par' dir='ltr' id='par_1_72' title="bbox 375 3715 1949 3786">
     <span class='ocr_line' id='line_1_73' title="bbox 375 3715 1949 3786; baseline -0.006 -14"><span class='ocrx_word' id='word_1_490' title='bbox 375 3717 540 3773; x_wconf 91' lang='lat' dir='ltr'><strong>licum</strong></span> <span class='ocrx_word' id='word_1_491' title='bbox 607 3719 776 3774; x_wconf 88' lang='lat' dir='ltr'><strong>altare</strong></span> <span class='ocrx_word' id='word_1_492' title='bbox 833 3719 1043 3786; x_wconf 82' lang='lat' dir='ltr'><strong>lotum,</strong></span> <span class='ocrx_word' id='word_1_493' title='bbox 1107 3728 1163 3774; x_wconf 89' lang='lat' dir='ltr'><strong>et</strong></span> <span class='ocrx_word' id='word_1_494' title='bbox 1222 3718 1385 3774; x_wconf 89' lang='lat' dir='ltr'><strong>missa</strong></span> <span class='ocrx_word' id='word_1_495' title='bbox 1441 3726 1525 3772; x_wconf 88' lang='lat' dir='ltr'><strong>est</strong></span> <span class='ocrx_word' id='word_1_496' title='bbox 1582 3715 1652 3770; x_wconf 85' lang='lat' dir='ltr'><strong>ibi</strong></span> <span class='ocrx_word' id='word_1_497' title='bbox 1709 3721 1949 3782; x_wconf 82' lang='lat' dir='ltr'><strong>peracta.</strong></span> 
     </span>
    </p>
   </div>
   <div class='ocr_carea' id='block_1_73' title="bbox 379 3807 1956 3879">
    <p class='ocr_par' dir='ltr' id='par_1_73' title="bbox 379 3807 1956 3879">
     <span class='ocr_line' id='line_1_74' title="bbox 379 3807 1956 3879; baseline -0.004 -17"><span class='ocrx_word' id='word_1_498' title='bbox 379 3808 478 3863; x_wconf 92' lang='lat' dir='ltr'><strong>Die</strong></span> <span class='ocrx_word' id='word_1_499' title='bbox 526 3823 656 3863; x_wconf 86' lang='lat' dir='ltr'><strong>vero</strong></span> <span class='ocrx_word' id='word_1_500' title='bbox 695 3809 940 3879; x_wconf 89' lang='lat' dir='ltr'><strong>sequenti</strong></span> <span class='ocrx_word' id='word_1_501' title='bbox 990 3823 1177 3864; x_wconf 88' lang='lat' dir='ltr'><strong>omnes</strong></span> <span class='ocrx_word' id='word_1_502' title='bbox 1219 3809 1286 3862; x_wconf 91' lang='lat' dir='ltr'><strong>ad</strong></span> <span class='ocrx_word' id='word_1_503' title='bbox 1341 3807 1557 3878; x_wconf 86' lang='lat' dir='ltr'><strong>propria</strong></span> <span class='ocrx_word' id='word_1_504' title='bbox 1599 3813 1726 3861; x_wconf 92' lang='lat' dir='ltr'><strong>sunt</strong></span> <span class='ocrx_word' id='word_1_505' title='bbox 1775 3816 1956 3856; x_wconf 78' lang='lat' dir='ltr'><strong>rever-</strong></span> 
     </span>
    </p>
   </div>
   <div class='ocr_carea' id='block_1_74' title="bbox 379 3892 1957 3966">
    <p class='ocr_par' dir='ltr' id='par_1_74' title="bbox 379 3892 1957 3966">
     <span class='ocr_line' id='line_1_75' title="bbox 379 3892 1957 3966; baseline -0.004 -12"><span class='ocrx_word' id='word_1_506' title='bbox 379 3899 460 3966; x_wconf 92' lang='lat' dir='ltr'><strong>si,</strong></span> <span class='ocrx_word' id='word_1_507' title='bbox 509 3909 566 3954; x_wconf 92' lang='lat' dir='ltr'><strong>et</strong></span> <span class='ocrx_word' id='word_1_508' title='bbox 607 3900 797 3955; x_wconf 88' lang='lat' dir='ltr'><strong>eadem</strong></span> <span class='ocrx_word' id='word_1_509' title='bbox 843 3898 1070 3954; x_wconf 89' lang='lat' dir='ltr'><strong>ecclesia</strong></span> <span class='ocrx_word' id='word_1_510' title='bbox 1115 3899 1170 3952; x_wconf 91' lang='lat' dir='ltr'><strong>in</strong></span> <span class='ocrx_word' id='word_1_511' title='bbox 1208 3897 1466 3953; x_wconf 89' lang='lat' dir='ltr'><strong>ditionem</strong></span> <span class='ocrx_word' id='word_1_512' title='bbox 1515 3911 1666 3966; x_wconf 83' lang='lat' dir='ltr'><strong>papae</strong></span> <span class='ocrx_word' id='word_1_513' title='bbox 1721 3892 1957 3948; x_wconf 82' lang='lat' dir='ltr'><strong>Victoris</strong></span> 
     </span>
    </p>
   </div>
   <div class='ocr_carea' id='block_1_75' title="bbox 385 3986 1960 4060">
    <p class='ocr_par' dir='ltr' id='par_1_75' title="bbox 385 3986 1960 4060">
     <span class='ocr_line' id='line_1_76' title="bbox 385 3986 1960 4060; baseline -0.006 -16"><span class='ocrx_word' id='word_1_514' title='bbox 385 3989 566 4044; x_wconf 89' lang='lat' dir='ltr'><strong>rediit.</strong></span> <span class='ocrx_word' id='word_1_515' title='bbox 621 3989 697 4044; x_wconf 84' lang='lat' dir='ltr'><strong>Eo</strong></span> <span class='ocrx_word' id='word_1_516' title='bbox 757 3987 940 4044; x_wconf 88' lang='lat' dir='ltr'><strong>itidem</strong></span> <span class='ocrx_word' id='word_1_517' title='bbox 1003 3999 1281 4060; x_wconf 79' lang='lat' dir='ltr'><strong>tempore,</strong></span> <span class='ocrx_word' id='word_1_518' title='bbox 1341 3988 1467 4041; x_wconf 84' lang='lat' dir='ltr'><strong>dum</strong></span> <span class='ocrx_word' id='word_1_519' title='bbox 1524 3986 1740 4054; x_wconf 85' lang='lat' dir='ltr'><strong>quidam</strong></span> <span class='ocrx_word' id='word_1_520' title='bbox 1804 3997 1960 4052; x_wconf 83' lang='lat' dir='ltr'><strong>perc-</strong></span> 
     </span>
    </p>
   </div>
   <div class='ocr_carea' id='block_1_76' title="bbox 384 4077 1958 4154">
    <p class='ocr_par' dir='ltr' id='par_1_76' title="bbox 384 4077 1958 4154">
     <span class='ocr_line' id='line_1_77' title="bbox 384 4077 1958 4154; baseline -0.006 -16"><span class='ocrx_word' id='word_1_521' title='bbox 384 4083 527 4154; x_wconf 89' lang='lat' dir='ltr'><strong>grini</strong></span> <span class='ocrx_word' id='word_1_522' title='bbox 567 4083 830 4139; x_wconf 89' lang='lat' dir='ltr'><strong>orationis</strong></span> <span class='ocrx_word' id='word_1_523' title='bbox 875 4083 1048 4153; x_wconf 90' lang='lat' dir='ltr'><strong>gratia</strong></span> <span class='ocrx_word' id='word_1_524' title='bbox 1103 4082 1168 4135; x_wconf 91' lang='lat' dir='ltr'><strong>ad</strong></span> <span class='ocrx_word' id='word_1_525' title='bbox 1213 4081 1438 4136; x_wconf 89' lang='lat' dir='ltr'><strong>Beatum</strong></span> <span class='ocrx_word' id='word_1_526' title='bbox 1479 4077 1829 4132; x_wconf 83' lang='lat' dir='ltr'><strong>Benedictum</strong></span> <span class='ocrx_word' id='word_1_527' title='bbox 1863 4091 1958 4129; x_wconf 87' lang='lat' dir='ltr'><strong>vc-</strong></span> 
     </span>
    </p>
   </div>
   <div class='ocr_carea' id='block_1_77' title="bbox 385 4165 1960 4241">
    <p class='ocr_par' dir='ltr' id='par_1_77' title="bbox 385 4165 1960 4241">
     <span class='ocr_line' id='line_1_78' title="bbox 385 4165 1960 4241; baseline -0.006 -14"><span class='ocrx_word' id='word_1_528' title='bbox 385 4173 599 4239; x_wconf 87' lang='lat' dir='ltr'><strong>nirent,</strong></span> <span class='ocrx_word' id='word_1_529' title='bbox 649 4173 841 4228; x_wconf 87' lang='lat' dir='ltr'><strong>obvius</strong></span> <span class='ocrx_word' id='word_1_530' title='bbox 891 4172 996 4228; x_wconf 91' lang='lat' dir='ltr'><strong>illis</strong></span> <span class='ocrx_word' id='word_1_531' title='bbox 1051 4171 1271 4241; x_wconf 87' lang='lat' dir='ltr'><strong>quidam</strong></span> <span class='ocrx_word' id='word_1_532' title='bbox 1322 4171 1407 4223; x_wconf 90' lang='lat' dir='ltr'><strong>vir</strong></span> <span class='ocrx_word' id='word_1_533' title='bbox 1443 4168 1736 4223; x_wconf 82' lang='lat' dir='ltr'><strong>canonicus</strong></span> <span class='ocrx_word' id='word_1_534' title='bbox 1786 4165 1960 4220; x_wconf 84' lang='lat' dir='ltr'><strong>factus</strong></span> 
     </span>
    </p>
   </div>
   <div class='ocr_carea' id='block_1_78' title="bbox 383 4259 1960 4335">
    <p class='ocr_par' dir='ltr' id='par_1_78' title="bbox 383 4259 1960 4335">
     <span class='ocr_line' id='line_1_79' title="bbox 383 4259 1960 4335; baseline -0.003 -19"><span class='ocrx_word' id='word_1_535' title='bbox 383 4271 487 4328; x_wconf 91' lang='lat' dir='ltr'><strong>est,</strong></span> <span class='ocrx_word' id='word_1_536' title='bbox 523 4279 681 4333; x_wconf 87' lang='lat' dir='ltr'><strong>quem</strong></span> <span class='ocrx_word' id='word_1_537' title='bbox 712 4263 836 4335; x_wconf 89' lang='lat' dir='ltr'><strong>quis</strong></span> <span class='ocrx_word' id='word_1_538' title='bbox 861 4273 1006 4319; x_wconf 85' lang='lat' dir='ltr'><strong>esset</strong></span> <span class='ocrx_word' id='word_1_539' title='bbox 1043 4263 1458 4331; x_wconf 84' lang='lat' dir='ltr'><strong>interrogantes,</strong></span> <span class='ocrx_word' id='word_1_540' title='bbox 1495 4259 1712 4314; x_wconf 88' lang='lat' dir='ltr'><strong>Petrum</strong></span> <span class='ocrx_word' id='word_1_541' title='bbox 1743 4267 1960 4326; x_wconf 82' lang='lat' dir='ltr'><strong>aposto-</strong></span> 
     </span>
    </p>
   </div>
   <div class='ocr_carea' id='block_1_79' title="bbox 387 4351 1409 4424">
    <p class='ocr_par' dir='ltr' id='par_1_79' title="bbox 387 4351 1409 4424">
     <span class='ocr_line' id='line_1_80' title="bbox 387 4351 1409 4424; baseline -0.003 -18"><span class='ocrx_word' id='word_1_542' title='bbox 387 4351 496 4408; x_wconf 91' lang='lat' dir='ltr'><strong>lum</strong></span> <span class='ocrx_word' id='word_1_543' title='bbox 543 4369 601 4410; x_wconf 88' lang='lat' dir='ltr'><strong>se</strong></span> <span class='ocrx_word' id='word_1_544' title='bbox 639 4369 778 4410; x_wconf 80' lang='lat' dir='ltr'><strong>esse</strong></span> <span class='ocrx_word' id='word_1_545' title='bbox 827 4354 1124 4424; x_wconf 83' lang='lat' dir='ltr'><strong>respondit.</strong></span> <span class='ocrx_word' id='word_1_546' title='bbox 1172 4351 1236 4406; x_wconf 88' lang='lat' dir='ltr'><strong>Et</strong></span> <span class='ocrx_word' id='word_1_547' title='bbox 1277 4351 1350 4405; x_wconf 90' lang='lat' dir='ltr'><strong>illi</strong></span> <span class='ocrx_word' id='word_1_548' title='bbox 1395 4368 1409 4403; x_wconf 93' lang='lat'>:</span> 
     </span>
    </p>
   </div>
   <div class='ocr_carea' id='block_1_80' title="bbox 388 4439 1958 4516">
    <p class='ocr_par' dir='ltr' id='par_1_80' title="bbox 388 4439 1958 4516">
     <span class='ocr_line' id='line_1_81' title="bbox 388 4439 1958 4516; baseline -0.006 -17"><span class='ocrx_word' id='word_1_549' title='bbox 388 4454 608 4502; x_wconf 87' lang='lat' dir='ltr'><strong>sanctus</strong></span> <span class='ocrx_word' id='word_1_550' title='bbox 649 4447 978 4516; x_wconf 79' lang='lat' dir='ltr'><strong>Apostolus:</strong></span> <span class='ocrx_word' id='word_1_551' title='bbox 1029 4445 1179 4500; x_wconf 79' lang='lat' dir='ltr'><strong>Vado</strong></span> <span class='ocrx_word' id='word_1_552' title='bbox 1219 4441 1287 4498; x_wconf 89' lang='lat' dir='ltr'><strong>ad</strong></span> <span class='ocrx_word' id='word_1_553' title='bbox 1327 4441 1551 4496; x_wconf 83' lang='lat' dir='ltr'><strong>fratrem</strong></span> <span class='ocrx_word' id='word_1_554' title='bbox 1586 4439 1958 4504; x_wconf 88' lang='lat' dir='ltr'><strong>Benedictum,</strong></span> 
     </span>
    </p>
   </div>
   <div class='ocr_carea' id='block_1_81' title="bbox 388 4531 1960 4608">
    <p class='ocr_par' dir='ltr' id='par_1_81' title="bbox 388 4531 1960 4608">
     <span class='ocr_line' id='line_1_82' title="bbox 388 4531 1960 4608; baseline -0.006 -16"><span class='ocrx_word' id='word_1_555' title='bbox 388 4546 449 4594; x_wconf 87' lang='lat' dir='ltr'><strong>at</strong></span> <span class='ocrx_word' id='word_1_556' title='bbox 492 4553 615 4593; x_wconf 91' lang='lat' dir='ltr'><strong>cum</strong></span> <span class='ocrx_word' id='word_1_557' title='bbox 663 4538 756 4592; x_wconf 89' lang='lat' dir='ltr'><strong>illo</strong></span> <span class='ocrx_word' id='word_1_558' title='bbox 803 4536 1074 4608; x_wconf 82' lang='lat' dir='ltr'><strong>passionis</strong></span> <span class='ocrx_word' id='word_1_559' title='bbox 1121 4550 1253 4591; x_wconf 68' lang='lat' dir='ltr'><strong>mese</strong></span> <span class='ocrx_word' id='word_1_560' title='bbox 1302 4535 1444 4589; x_wconf 87' lang='lat' dir='ltr'><strong>diem</strong></span> <span class='ocrx_word' id='word_1_561' title='bbox 1482 4531 1784 4595; x_wconf 87' lang='lat' dir='ltr'><strong>celebrem;</strong></span> <span class='ocrx_word' id='word_1_562' title='bbox 1836 4545 1960 4584; x_wconf 91' lang='lat' dir='ltr'><strong>nam</strong></span> 
     </span>
    </p>
   </div>
   <div class='ocr_carea' id='block_1_82' title="bbox 388 4623 1961 4694">
    <p class='ocr_par' dir='ltr' id='par_1_82' title="bbox 388 4623 1961 4694">
     <span class='ocr_line' id='line_1_83' title="bbox 388 4623 1961 4694; baseline -0.003 -10"><span class='ocrx_word' id='word_1_563' title='bbox 388 4629 575 4685; x_wconf 67' lang='lat' dir='ltr'><strong>Romae</strong></span> <span class='ocrx_word' id='word_1_564' title='bbox 616 4631 916 4687; x_wconf 87' lang='lat' dir='ltr'><strong>consistere</strong></span> <span class='ocrx_word' id='word_1_565' title='bbox 957 4645 1064 4684; x_wconf 90' lang='lat' dir='ltr'><strong>non</strong></span> <span class='ocrx_word' id='word_1_566' title='bbox 1096 4627 1269 4683; x_wconf 90' lang='lat' dir='ltr'><strong>valeo.</strong></span> <span class='ocrx_word' id='word_1_567' title='bbox 1311 4625 1490 4681; x_wconf 81' lang='lat' dir='ltr'><strong>Variis</strong></span> <span class='ocrx_word' id='word_1_568' title='bbox 1526 4625 1667 4680; x_wconf 91' lang='lat' dir='ltr'><strong>enim</strong></span> <span class='ocrx_word' id='word_1_569' title='bbox 1711 4623 1961 4694; x_wconf 88' lang='lat' dir='ltr'><strong>procellis</strong></span> 
     </span>
    </p>
   </div>
   <div class='ocr_carea' id='block_1_83' title="bbox 388 4715 1960 4790">
    <p class='ocr_par' dir='ltr' id='par_1_83' title="bbox 388 4715 1960 4790">
     <span class='ocr_line' id='line_1_84' title="bbox 388 4715 1960 4790; baseline -0.003 -14"><span class='ocrx_word' id='word_1_570' title='bbox 388 4721 631 4777; x_wconf 86' lang='lat' dir='ltr'><strong>Ecclesia</strong></span> <span class='ocrx_word' id='word_1_571' title='bbox 665 4737 784 4778; x_wconf 89' lang='lat' dir='ltr'><strong>mea</strong></span> <span class='ocrx_word' id='word_1_572' title='bbox 829 4721 1168 4790; x_wconf 88' lang='lat' dir='ltr'><strong>deprimitur.</strong></span> <span class='ocrx_word' id='word_1_573' title='bbox 1210 4718 1361 4786; x_wconf 86' lang='lat' dir='ltr'><strong>Quod</strong></span> <span class='ocrx_word' id='word_1_574' title='bbox 1399 4718 1525 4772; x_wconf 91' lang='lat' dir='ltr'><strong>dum</strong></span> <span class='ocrx_word' id='word_1_575' title='bbox 1576 4715 1832 4771; x_wconf 87' lang='lat' dir='ltr'><strong>fratribus</strong></span> <span class='ocrx_word' id='word_1_576' title='bbox 1861 4716 1960 4771; x_wconf 90' lang='lat' dir='ltr'><strong>viri</strong></span> 
     </span>
    </p>
   </div>
   <div class='ocr_carea' id='block_1_84' title="bbox 391 4806 1962 4883">
    <p class='ocr_par' dir='ltr' id='par_1_84' title="bbox 391 4806 1962 4883">
     <span class='ocr_line' id='line_1_85' title="bbox 391 4806 1962 4883; baseline -0.003 -14"><span class='ocrx_word' id='word_1_577' title='bbox 391 4813 464 4869; x_wconf 80' lang='lat' dir='ltr'><strong>illi</strong></span> <span class='ocrx_word' id='word_1_578' title='bbox 511 4813 856 4883; x_wconf 87' lang='lat' dir='ltr'><strong>postmodum</strong></span> <span class='ocrx_word' id='word_1_579' title='bbox 890 4820 1246 4874; x_wconf 89' lang='lat' dir='ltr'><strong>reserassent,</strong></span> <span class='ocrx_word' id='word_1_580' title='bbox 1291 4811 1358 4864; x_wconf 89' lang='lat' dir='ltr'><strong>ad</strong></span> <span class='ocrx_word' id='word_1_581' title='bbox 1401 4806 1800 4865; x_wconf 89' lang='lat' dir='ltr'><strong>succedentium</strong></span> <span class='ocrx_word' id='word_1_582' title='bbox 1850 4825 1962 4864; x_wconf 84' lang='lat' dir='ltr'><strong>me-</strong></span> 
     </span>
    </p>
   </div>
   <div class='ocr_carea' id='block_1_85' title="bbox 391 4898 1963 4971">
    <p class='ocr_par' dir='ltr' id='par_1_85' title="bbox 391 4898 1963 4971">
     <span class='ocr_line' id='line_1_86' title="bbox 391 4898 1963 4971; baseline 0.001 -17"><span class='ocrx_word' id='word_1_583' title='bbox 391 4902 618 4957; x_wconf 89' lang='lat' dir='ltr'><strong>moriam</strong></span> <span class='ocrx_word' id='word_1_584' title='bbox 650 4902 1076 4963; x_wconf 87' lang='lat' dir='ltr'><strong>constituerunt.</strong></span> <span class='ocrx_word' id='word_1_585' title='bbox 1125 4901 1198 4955; x_wconf 88' lang='lat' dir='ltr'><strong>ita</strong></span> <span class='ocrx_word' id='word_1_586' title='bbox 1248 4901 1380 4956; x_wconf 88' lang='lat' dir='ltr'><strong>tanti</strong></span> <span class='ocrx_word' id='word_1_587' title='bbox 1429 4898 1658 4971; x_wconf 87' lang='lat' dir='ltr'><strong>apostoli</strong></span> <span class='ocrx_word' id='word_1_588' title='bbox 1703 4899 1963 4955; x_wconf 82' lang='lat' dir='ltr'><strong>festivita-</strong></span> 
     </span>
    </p>
   </div>
   <div class='ocr_carea' id='block_1_86' title="bbox 393 4990 1966 5058">
    <p class='ocr_par' dir='ltr' id='par_1_86' title="bbox 393 4990 1966 5058">
     <span class='ocr_line' id='line_1_87' title="bbox 393 4990 1966 5058; baseline 0.001 -13"><span class='ocrx_word' id='word_1_589' title='bbox 393 5001 497 5045; x_wconf 87' lang='lat' dir='ltr'><strong>tem</strong></span> <span class='ocrx_word' id='word_1_590' title='bbox 526 4993 670 5048; x_wconf 87' lang='lat' dir='ltr'><strong>sicut</strong></span> <span class='ocrx_word' id='word_1_591' title='bbox 717 5003 773 5047; x_wconf 92' lang='lat' dir='ltr'><strong>et</strong></span> <span class='ocrx_word' id='word_1_592' title='bbox 816 4991 996 5045; x_wconf 85' lang='lat' dir='ltr'><strong>Patris</strong></span> <span class='ocrx_word' id='word_1_593' title='bbox 1038 4991 1338 5058; x_wconf 82' lang='lat' dir='ltr'><strong>Benedicti,</strong></span> <span class='ocrx_word' id='word_1_594' title='bbox 1384 5007 1506 5048; x_wconf 87' lang='lat' dir='ltr'><strong>cum</strong></span> <span class='ocrx_word' id='word_1_595' title='bbox 1541 4990 1775 5044; x_wconf 86' lang='lat' dir='ltr'><strong>maxima</strong></span> <span class='ocrx_word' id='word_1_596' title='bbox 1805 4993 1966 5048; x_wconf 83' lang='lat' dir='ltr'><strong>devo-</strong></span> 
     </span>
    </p>
   </div>
   <div class='ocr_carea' id='block_1_87' title="bbox 395 5079 1966 5151">
    <p class='ocr_par' dir='ltr' id='par_1_87' title="bbox 395 5079 1966 5151">
     <span class='ocr_line' id='line_1_88' title="bbox 395 5079 1966 5151; baseline 0 -16"><span class='ocrx_word' id='word_1_597' title='bbox 395 5083 537 5138; x_wconf 91' lang='lat' dir='ltr'><strong>tione</strong></span> <span class='ocrx_word' id='word_1_598' title='bbox 570 5081 888 5137; x_wconf 90' lang='lat' dir='ltr'><strong>solenmiter</strong></span> <span class='ocrx_word' id='word_1_599' title='bbox 925 5079 1216 5135; x_wconf 90' lang='lat' dir='ltr'><strong>celebrare.</strong></span> <span class='ocrx_word' id='word_1_600' title='bbox 1266 5080 1444 5151; x_wconf 85' lang='lat' dir='ltr'><strong>Capite</strong></span> <span class='ocrx_word' id='word_1_601' title='bbox 1489 5081 1725 5147; x_wconf 85' lang='lat' dir='ltr'><strong>sequenti</strong></span> <span class='ocrx_word' id='word_1_602' title='bbox 1762 5083 1869 5149; x_wconf 85' lang='lat' dir='ltr'><strong>agit</strong></span> <span class='ocrx_word' id='word_1_603' title='bbox 1899 5083 1966 5135; x_wconf 84' lang='lat' dir='ltr'><strong>de</strong></span> 
     </span>
    </p>
   </div>
   <div class='ocr_carea' id='block_1_88' title="bbox 393 5165 1964 5240">
    <p class='ocr_par' dir='ltr' id='par_1_88' title="bbox 393 5165 1964 5240">
     <span class='ocr_line' id='line_1_89' title="bbox 393 5165 1964 5240; baseline 0.001 -16"><span class='ocrx_word' id='word_1_604' title='bbox 393 5172 546 5225; x_wconf 73' lang='lat' dir='ltr'><strong>variis</strong></span> <span class='ocrx_word' id='word_1_605' title='bbox 573 5170 884 5225; x_wconf 81' lang='lat' dir='ltr'><strong>tumultibus</strong></span> <span class='ocrx_word' id='word_1_606' title='bbox 914 5184 946 5221; x_wconf 89' lang='lat' dir='ltr'><strong>a</strong></span> <span class='ocrx_word' id='word_1_607' title='bbox 978 5165 1224 5222; x_wconf 84' lang='lat' dir='ltr'><strong>Guiberto</strong></span> <span class='ocrx_word' id='word_1_608' title='bbox 1249 5186 1312 5223; x_wconf 89' lang='lat' dir='ltr'><strong>ac</strong></span> <span class='ocrx_word' id='word_1_609' title='bbox 1343 5171 1456 5240; x_wconf 86' lang='lat' dir='ltr'><strong>ejus</strong></span> <span class='ocrx_word' id='word_1_610' title='bbox 1483 5169 1796 5237; x_wconf 84' lang='lat' dir='ltr'><strong>sequacibus</strong></span> <span class='ocrx_word' id='word_1_611' title='bbox 1821 5171 1964 5225; x_wconf 74' lang='lat' dir='ltr'><strong>exci-</strong></span> 
     </span>
    </p>
   </div>
   <div class='ocr_carea' id='block_1_89' title="bbox 393 5256 1349 5326">
    <p class='ocr_par' dir='ltr' id='par_1_89' title="bbox 393 5256 1349 5326">
     <span class='ocr_line' id='line_1_90' title="bbox 393 5256 1349 5326; baseline 0.003 -13"><span class='ocrx_word' id='word_1_612' title='bbox 393 5263 534 5326; x_wconf 87' lang='lat' dir='ltr'><strong>tatis,</strong></span> <span class='ocrx_word' id='word_1_613' title='bbox 574 5271 621 5315; x_wconf 91' lang='lat' dir='ltr'><strong>et</strong></span> <span class='ocrx_word' id='word_1_614' title='bbox 655 5263 720 5314; x_wconf 87' lang='lat' dir='ltr'><strong>de</strong></span> <span class='ocrx_word' id='word_1_615' title='bbox 751 5259 1086 5313; x_wconf 83' lang='lat' dir='ltr'><strong>coronatioue</strong></span> <span class='ocrx_word' id='word_1_616' title='bbox 1113 5256 1349 5315; x_wconf 79' lang='lat' dir='ltr'><strong>llenrici.</strong></span> 
     </span>
    </p>
   </div>
   <div class='ocr_carea' id='block_1_90' title="bbox 2051 3162 3630 3239">
    <p class='ocr_par' dir='ltr' id='par_1_90' title="bbox 2051 3162 3630 3239">
     <span class='ocr_line' id='line_1_91' title="bbox 2051 3162 3630 3239; baseline -0.018 1"><span class='ocrx_word' id='word_1_617' title='bbox 2051 3184 2265 3239; x_wconf 84' lang='lat' dir='ltr'><strong>inseruit</strong></span> <span class='ocrx_word' id='word_1_618' title='bbox 2329 3183 2383 3236; x_wconf 89' lang='lat' dir='ltr'><strong>in</strong></span> <span class='ocrx_word' id='word_1_619' title='bbox 2436 3179 2693 3234; x_wconf 88' lang='lat' dir='ltr'><strong>Chronico</strong></span> <span class='ocrx_word' id='word_1_620' title='bbox 2758 3173 3115 3236; x_wconf 83' lang='lat' dir='ltr'><strong>Virduneusi,</strong></span> <span class='ocrx_word' id='word_1_621' title='bbox 3166 3167 3308 3237; x_wconf 85' lang='lat' dir='ltr'><strong>apud</strong></span> <span class='ocrx_word' id='word_1_622' title='bbox 3369 3162 3630 3217; x_wconf 86' lang='lat' dir='ltr'><strong>Labbeum</strong></span> 
     </span>
    </p>
   </div>
   <div class='ocr_carea' id='block_1_91' title="bbox 2054 3249 3633 3334">
    <p class='ocr_par' dir='ltr' id='par_1_91' title="bbox 2054 3249 3633 3334">
     <span class='ocr_line' id='line_1_92' title="bbox 2054 3249 3633 3334; baseline -0.017 -6"><span class='ocrx_word' id='word_1_623' title='bbox 2054 3284 2195 3328; x_wconf 86' lang='lat' dir='ltr'><strong>tomo</strong></span> <span class='ocrx_word' id='word_1_624' title='bbox 2224 3271 2252 3326; x_wconf 87' lang='grc'><em>1</em></span> <span class='ocrx_word' id='word_1_625' title='bbox 2287 3269 2621 3325; x_wconf 74' lang='lat' dir='ltr'><strong>Bibliothecw</strong></span> <span class='ocrx_word' id='word_1_626' title='bbox 2653 3281 2796 3320; x_wconf 69' lang='lat' dir='ltr'><strong>nova?</strong></span> <span class='ocrx_word' id='word_1_627' title='bbox 2824 3280 2944 3334; x_wconf 85' lang='lat' dir='ltr'><strong>pag.</strong></span> <span class='ocrx_word' id='word_1_628' title='bbox 2993 3260 3119 3315; x_wconf 73' lang='lat'><strong>255.</strong></span> <span class='ocrx_word' id='word_1_629' title='bbox 3162 3255 3266 3312; x_wconf 88' lang='lat' dir='ltr'><strong>Sed</strong></span> <span class='ocrx_word' id='word_1_630' title='bbox 3307 3253 3400 3307; x_wconf 85' lang='lat' dir='ltr'><strong>has</strong></span> <span class='ocrx_word' id='word_1_631' title='bbox 3430 3249 3633 3305; x_wconf 81' lang='lat' dir='ltr'><strong>calum-</strong></span> 
     </span>
    </p>
   </div>
   <div class='ocr_carea' id='block_1_92' title="bbox 2055 3339 3634 3431">
    <p class='ocr_par' dir='ltr' id='par_1_92' title="bbox 2055 3339 3634 3431">
     <span class='ocr_line' id='line_1_93' title="bbox 2055 3339 3634 3431; baseline -0.017 -12"><span class='ocrx_word' id='word_1_632' title='bbox 2055 3364 2169 3420; x_wconf 83' lang='lat' dir='ltr'><strong>nias</strong></span> <span class='ocrx_word' id='word_1_633' title='bbox 2206 3361 2452 3431; x_wconf 79' lang='lat' dir='ltr'><strong>ea&#39;pungit</strong></span> <span class='ocrx_word' id='word_1_634' title='bbox 2483 3355 2746 3412; x_wconf 86' lang='lat' dir='ltr'><strong>unanimis</strong></span> <span class='ocrx_word' id='word_1_635' title='bbox 2782 3354 3095 3422; x_wconf 87' lang='lat' dir='ltr'><strong>scriptorum</strong></span> <span class='ocrx_word' id='word_1_636' title='bbox 3126 3345 3286 3416; x_wconf 81' lang='lat' dir='ltr'><strong>hujus</strong></span> <span class='ocrx_word' id='word_1_637' title='bbox 3308 3343 3404 3398; x_wconf 74' lang='lat' dir='ltr'><strong>teri</strong></span> <span class='ocrx_word' id='word_1_638' title='bbox 3423 3339 3634 3412; x_wconf 83' lang='lat' dir='ltr'><strong>gravia-</strong></span> 
     </span>
    </p>
   </div>
   <div class='ocr_carea' id='block_1_93' title="bbox 2054 3431 3638 3520">
    <p class='ocr_par' dir='ltr' id='par_1_93' title="bbox 2054 3431 3638 3520">
     <span class='ocr_line' id='line_1_94' title="bbox 2054 3431 3638 3520; baseline -0.018 -10"><span class='ocrx_word' id='word_1_639' title='bbox 2054 3450 2172 3510; x_wconf 81' lang='lat' dir='ltr'><strong>rum</strong></span> <span class='ocrx_word' id='word_1_640' title='bbox 2199 3467 2480 3508; x_wconf 89' lang='lat' dir='ltr'><strong>consensus</strong></span> <span class='ocrx_word' id='word_1_641' title='bbox 2503 3449 2593 3520; x_wconf 84' lang='lat' dir='ltr'><strong>qui</strong></span> <span class='ocrx_word' id='word_1_642' title='bbox 2632 3445 2810 3502; x_wconf 86' lang='lat' dir='ltr'><strong>multis</strong></span> <span class='ocrx_word' id='word_1_643' title='bbox 2835 3441 3076 3497; x_wconf 85' lang='lat' dir='ltr'><strong>laudibus</strong></span> <span class='ocrx_word' id='word_1_644' title='bbox 3116 3437 3374 3491; x_wconf 78' lang='lat' dir='ltr'><strong>Victorem</strong></span> <span class='ocrx_word' id='word_1_645' title='bbox 3402 3431 3638 3488; x_wconf 86' lang='lat' dir='ltr'><strong>celebra-</strong></span> 
     </span>
    </p>
   </div>
   <div class='ocr_carea' id='block_1_94' title="bbox 2057 3519 3635 3606">
    <p class='ocr_par' dir='ltr' id='par_1_94' title="bbox 2057 3519 3635 3606">
     <span class='ocr_line' id='line_1_95' title="bbox 2057 3519 3635 3606; baseline -0.019 -2"><span class='ocrx_word' id='word_1_646' title='bbox 2057 3557 2200 3603; x_wconf 88' lang='lat' dir='ltr'><strong>runt.</strong></span> <span class='ocrx_word' id='word_1_647' title='bbox 2234 3546 2322 3602; x_wconf 88' lang='lat' dir='ltr'><strong>Sic</strong></span> <span class='ocrx_word' id='word_1_648' title='bbox 2350 3546 2413 3600; x_wconf 85' lang='lat' dir='ltr'><strong>de</strong></span> <span class='ocrx_word' id='word_1_649' title='bbox 2439 3561 2498 3599; x_wconf 90' lang='lat' dir='ltr'><strong>eo</strong></span> <span class='ocrx_word' id='word_1_650' title='bbox 2518 3519 2676 3596; x_wconf 82' lang='lat' dir='ltr'><strong>habet</strong></span> <span class='ocrx_word' id='word_1_651' title='bbox 2719 3534 3140 3606; x_wconf 86' lang='lat' dir='ltr'><strong>chronographus</strong></span> <span class='ocrx_word' id='word_1_652' title='bbox 3187 3538 3361 3583; x_wconf 88' lang='lat' dir='ltr'><strong>noster</strong></span> <span class='ocrx_word' id='word_1_653' title='bbox 3392 3542 3490 3579; x_wconf 88' lang='lat' dir='ltr'><strong>ms.</strong></span> <span class='ocrx_word' id='word_1_654' title='bbox 3532 3519 3635 3576; x_wconf 87' lang='lat' dir='ltr'><strong>Sa-</strong></span> 
     </span>
    </p>
   </div>
   <div class='ocr_carea' id='block_1_95' title="bbox 2054 3613 3634 3696">
    <p class='ocr_par' dir='ltr' id='par_1_95' title="bbox 2054 3613 3634 3696">
     <span class='ocr_line' id='line_1_96' title="bbox 2054 3613 3634 3696; baseline -0.019 0"><span class='ocrx_word' id='word_1_655' title='bbox 2054 3641 2273 3696; x_wconf 72' lang='lat' dir='ltr'><strong>zonicus</strong></span> <span class='ocrx_word' id='word_1_656' title='bbox 2299 3637 2370 3691; x_wconf 88' lang='lat' dir='ltr'><strong>ad</strong></span> <span class='ocrx_word' id='word_1_657' title='bbox 2391 3651 2589 3690; x_wconf 89' lang='lat' dir='ltr'><strong>annum</strong></span> <span class='ocrx_word' id='word_1_658' title='bbox 2621 3630 2778 3686; x_wconf 79' lang='grc'><strong>1085.</strong></span> <span class='ocrx_word' id='word_1_659' title='bbox 2812 3626 3206 3682; x_wconf 88' lang='lat' dir='ltr'><strong>llildebrandus</strong></span> <span class='ocrx_word' id='word_1_660' title='bbox 3251 3633 3414 3689; x_wconf 84' lang='lat' dir='ltr'><strong>papa,</strong></span> <span class='ocrx_word' id='word_1_661' title='bbox 3458 3613 3551 3686; x_wconf 91' lang='lat' dir='ltr'><strong>qui</strong></span> <span class='ocrx_word' id='word_1_662' title='bbox 3577 3620 3634 3668; x_wconf 89' lang='lat' dir='ltr'><strong>et</strong></span> 
     </span>
    </p>
   </div>
   <div class='ocr_carea' id='block_1_96' title="bbox 2055 3710 3637 3804">
    <p class='ocr_par' dir='ltr' id='par_1_96' title="bbox 2055 3710 3637 3804">
     <span class='ocr_line' id='line_1_97' title="bbox 2055 3710 3637 3804; baseline -0.019 -15"><span class='ocrx_word' id='word_1_663' title='bbox 2055 3733 2350 3804; x_wconf 84' lang='lat' dir='ltr'><strong>Gregorius</strong></span> <span class='ocrx_word' id='word_1_664' title='bbox 2380 3727 2492 3793; x_wconf 80' lang='lat' dir='ltr'><strong>Vll,</strong></span> <span class='ocrx_word' id='word_1_665' title='bbox 2525 3723 2662 3796; x_wconf 88' lang='lat' dir='ltr'><strong>apud</strong></span> <span class='ocrx_word' id='word_1_666' title='bbox 2687 3722 2968 3778; x_wconf 80' lang='lat' dir='ltr'><strong>Salernum</strong></span> <span class='ocrx_word' id='word_1_667' title='bbox 3000 3716 3277 3773; x_wconf 82' lang='lat' dir='ltr'><strong>exsulatus</strong></span> <span class='ocrx_word' id='word_1_668' title='bbox 3308 3710 3554 3772; x_wconf 90' lang='lat' dir='ltr'><strong>moritur,</strong></span> <span class='ocrx_word' id='word_1_669' title='bbox 3581 3713 3637 3760; x_wconf 89' lang='lat' dir='ltr'><strong>et</strong></span> 
     </span>
    </p>
   </div>
   <div class='ocr_carea' id='block_1_97' title="bbox 2060 3807 3634 3884">
    <p class='ocr_par' dir='ltr' id='par_1_97' title="bbox 2060 3807 3634 3884">
     <span class='ocr_line' id='line_1_98' title="bbox 2060 3807 3634 3884; baseline -0.018 -4"><span class='ocrx_word' id='word_1_670' title='bbox 2060 3826 2256 3880; x_wconf 78' lang='lat' dir='ltr'><strong>ibidem</strong></span> <span class='ocrx_word' id='word_1_671' title='bbox 2281 3821 2335 3875; x_wconf 92' lang='lat' dir='ltr'><strong>in</strong></span> <span class='ocrx_word' id='word_1_672' title='bbox 2364 3818 2594 3875; x_wconf 88' lang='lat' dir='ltr'><strong>ecclesia</strong></span> <span class='ocrx_word' id='word_1_673' title='bbox 2639 3813 2915 3884; x_wconf 88' lang='lat' dir='ltr'><strong>sepelitur,</strong></span> <span class='ocrx_word' id='word_1_674' title='bbox 2946 3810 3055 3873; x_wconf 89' lang='lat' dir='ltr'><strong>cui,</strong></span> <span class='ocrx_word' id='word_1_675' title='bbox 3079 3807 3535 3862; x_wconf 82' lang='lat' dir='ltr'><strong>Nortmannorum</strong></span> <span class='ocrx_word' id='word_1_676' title='bbox 3565 3813 3634 3852; x_wconf 86' lang='lat' dir='ltr'><strong>ex</strong></span> 
     </span>
    </p>
   </div>
   <div class='ocr_carea' id='block_1_98' title="bbox 2060 3892 3639 3986">
    <p class='ocr_par' dir='ltr' id='par_1_98' title="bbox 2060 3892 3639 3986">
     <span class='ocr_line' id='line_1_99' title="bbox 2060 3892 3639 3986; baseline -0.017 -15"><span class='ocrx_word' id='word_1_677' title='bbox 2060 3915 2252 3986; x_wconf 79' lang='lat' dir='ltr'><strong>Apulia</strong></span> <span class='ocrx_word' id='word_1_678' title='bbox 2279 3922 2333 3968; x_wconf 90' lang='lat' dir='ltr'><strong>et</strong></span> <span class='ocrx_word' id='word_1_679' title='bbox 2363 3908 2634 3965; x_wconf 75' lang='lat' dir='ltr'><strong>Matliildis</strong></span> <span class='ocrx_word' id='word_1_680' title='bbox 2657 3904 3040 3978; x_wconf 78' lang='lat' dir='ltr'><strong>potentissima:</strong></span> <span class='ocrx_word' id='word_1_681' title='bbox 3069 3914 3162 3970; x_wconf 91' lang='lat' dir='ltr'><strong>per</strong></span> <span class='ocrx_word' id='word_1_682' title='bbox 3182 3898 3391 3952; x_wconf 88' lang='lat' dir='ltr'><strong>Italiam</strong></span> <span class='ocrx_word' id='word_1_683' title='bbox 3423 3892 3639 3947; x_wconf 73' lang='lat' dir='ltr'><strong>femina:</strong></span> 
     </span>
    </p>
   </div>
   <div class='ocr_carea' id='block_1_99' title="bbox 2062 3988 3639 4072">
    <p class='ocr_par' dir='ltr' id='par_1_99' title="bbox 2062 3988 3639 4072">
     <span class='ocr_line' id='line_1_100' title="bbox 2062 3988 3639 4072; baseline -0.018 -8"><span class='ocrx_word' id='word_1_684' title='bbox 2062 4015 2492 4072; x_wconf 85' lang='lat' dir='ltr'><strong>cunctorumque</strong></span> <span class='ocrx_word' id='word_1_685' title='bbox 2545 3998 2808 4067; x_wconf 64' lang='lat' dir='ltr'><strong>ejusmodi</strong></span> <span class='ocrx_word' id='word_1_686' title='bbox 2861 4004 3068 4051; x_wconf 87' lang='lat' dir='ltr'><strong>sectam</strong></span> <span class='ocrx_word' id='word_1_687' title='bbox 3125 3988 3494 4045; x_wconf 65' lang='lat' dir='ltr'><strong>aemulantium</strong></span> <span class='ocrx_word' id='word_1_688' title='bbox 3550 3997 3639 4036; x_wconf 59' lang='lat' dir='ltr'><strong>as-</strong></span> 
     </span>
    </p>
   </div>
   <div class='ocr_carea' id='block_1_100' title="bbox 2064 4078 3639 4162">
    <p class='ocr_par' dir='ltr' id='par_1_100' title="bbox 2064 4078 3639 4162">
     <span class='ocr_line' id='line_1_101' title="bbox 2064 4078 3639 4162; baseline -0.014 -8"><span class='ocrx_word' id='word_1_689' title='bbox 2064 4114 2263 4162; x_wconf 90' lang='lat' dir='ltr'><strong>sensu,</strong></span> <span class='ocrx_word' id='word_1_690' title='bbox 2319 4092 2632 4150; x_wconf 85' lang='lat' dir='ltr'><strong>Desiderius</strong></span> <span class='ocrx_word' id='word_1_691' title='bbox 2692 4088 2980 4144; x_wconf 89' lang='lat' dir='ltr'><strong>eardinalis</strong></span> <span class='ocrx_word' id='word_1_692' title='bbox 3032 4086 3308 4140; x_wconf 84' lang='lat' dir='ltr'><strong>Romanus</strong></span> <span class='ocrx_word' id='word_1_693' title='bbox 3360 4090 3414 4135; x_wconf 91' lang='lat' dir='ltr'><strong>et</strong></span> <span class='ocrx_word' id='word_1_694' title='bbox 3469 4078 3639 4133; x_wconf 81' lang='lat' dir='ltr'><strong>abbas</strong></span> 
     </span>
    </p>
   </div>
   <div class='ocr_carea' id='block_1_101' title="bbox 2063 4169 3635 4250">
    <p class='ocr_par' dir='ltr' id='par_1_101' title="bbox 2063 4169 3635 4250">
     <span class='ocr_line' id='line_1_102' title="bbox 2063 4169 3635 4250; baseline -0.016 -2"><span class='ocrx_word' id='word_1_695' title='bbox 2063 4188 2421 4250; x_wconf 87' lang='lat' dir='ltr'><strong>Cassinensis,</strong></span> <span class='ocrx_word' id='word_1_696' title='bbox 2454 4199 2616 4241; x_wconf 85' lang='lat' dir='ltr'><strong>verus</strong></span> <span class='ocrx_word' id='word_1_697' title='bbox 2670 4182 2868 4237; x_wconf 88' lang='lat' dir='ltr'><strong>Christi</strong></span> <span class='ocrx_word' id='word_1_698' title='bbox 2921 4177 3174 4236; x_wconf 85' lang='lat' dir='ltr'><strong>famulus,</strong></span> <span class='ocrx_word' id='word_1_699' title='bbox 3236 4174 3361 4228; x_wconf 90' lang='lat' dir='ltr'><strong>licet</strong></span> <span class='ocrx_word' id='word_1_700' title='bbox 3407 4169 3635 4226; x_wconf 90' lang='lat' dir='ltr'><strong>multum</strong></span> 
     </span>
    </p>
   </div>
   <div class='ocr_carea' id='block_1_102' title="bbox 2065 4261 3640 4343">
    <p class='ocr_par' dir='ltr' id='par_1_102' title="bbox 2065 4261 3640 4343">
     <span class='ocr_line' id='line_1_103' title="bbox 2065 4261 3640 4343; baseline -0.017 -5"><span class='ocrx_word' id='word_1_701' title='bbox 2065 4283 2227 4338; x_wconf 87' lang='lat' dir='ltr'><strong>corde</strong></span> <span class='ocrx_word' id='word_1_702' title='bbox 2253 4277 2410 4334; x_wconf 91' lang='lat' dir='ltr'><strong>simul</strong></span> <span class='ocrx_word' id='word_1_703' title='bbox 2437 4284 2490 4331; x_wconf 92' lang='lat' dir='ltr'><strong>et</strong></span> <span class='ocrx_word' id='word_1_704' title='bbox 2525 4289 2752 4343; x_wconf 85' lang='lat' dir='ltr'><strong>corpore</strong></span> <span class='ocrx_word' id='word_1_705' title='bbox 2784 4271 3024 4326; x_wconf 89' lang='lat' dir='ltr'><strong>renitens</strong></span> <span class='ocrx_word' id='word_1_706' title='bbox 3054 4264 3420 4325; x_wconf 90' lang='lat' dir='ltr'><strong>substituitur,</strong></span> <span class='ocrx_word' id='word_1_707' title='bbox 3452 4261 3640 4315; x_wconf 74' lang='lat' dir='ltr'><strong>Victor</strong></span> 
     </span>
    </p>
   </div>
   <div class='ocr_carea' id='block_1_103' title="bbox 1477 4346 3638 4461">
    <p class='ocr_par' dir='ltr' id='par_1_103' title="bbox 1477 4346 3638 4461">
     <span class='ocr_line' id='line_1_104' title="bbox 1477 4346 3638 4461; baseline -0.01 -36"><span class='ocrx_word' id='word_1_708' title='bbox 1995 4408 2040 4461; x_wconf 68' lang='grc' dir='ltr'><strong>Β</strong></span> <span class='ocrx_word' id='word_1_709' title='bbox 2066 4370 2394 4425; x_wconf 87' lang='lat' dir='ltr'><strong>nominatus.</strong></span> <span class='ocrx_word' id='word_1_710' title='bbox 2429 4365 2638 4420; x_wconf 85' lang='lat' dir='ltr'><strong>Etenim</strong></span> <span class='ocrx_word' id='word_1_711' title='bbox 2669 4379 2789 4417; x_wconf 91' lang='lat' dir='ltr'><strong>cum</strong></span> <span class='ocrx_word' id='word_1_712' title='bbox 2835 4361 3148 4416; x_wconf 80' lang='lat' dir='ltr'><strong>inﬁrmitate</strong></span> <span class='ocrx_word' id='word_1_713' title='bbox 3187 4354 3334 4426; x_wconf 79' lang='lat' dir='ltr'><strong>gravi</strong></span> <span class='ocrx_word' id='word_1_714' title='bbox 3383 4352 3638 4406; x_wconf 88' lang='lat' dir='ltr'><strong>laborans</strong></span> 
     </span>
    </p>
   </div>
   <div class='ocr_carea' id='block_1_104' title="bbox 2065 4442 3640 4523">
    <p class='ocr_par' dir='ltr' id='par_1_104' title="bbox 2065 4442 3640 4523">
     <span class='ocr_line' id='line_1_105' title="bbox 2065 4442 3640 4523; baseline -0.012 -10"><span class='ocrx_word' id='word_1_715' title='bbox 2065 4461 2131 4513; x_wconf 90' lang='lat' dir='ltr'><strong>ad</strong></span> <span class='ocrx_word' id='word_1_716' title='bbox 2193 4473 2458 4512; x_wconf 90' lang='lat' dir='ltr'><strong>summum</strong></span> <span class='ocrx_word' id='word_1_717' title='bbox 2511 4455 2655 4510; x_wconf 84' lang='lat' dir='ltr'><strong>hunc</strong></span> <span class='ocrx_word' id='word_1_718' title='bbox 2698 4453 2904 4523; x_wconf 73' lang='lat' dir='ltr'><strong>apicem</strong></span> <span class='ocrx_word' id='word_1_719' title='bbox 2962 4450 3184 4511; x_wconf 83' lang='lat' dir='ltr'><strong>invitus,</strong></span> <span class='ocrx_word' id='word_1_720' title='bbox 3235 4446 3342 4499; x_wconf 91' lang='lat' dir='ltr'><strong>imo</strong></span> <span class='ocrx_word' id='word_1_721' title='bbox 3393 4442 3640 4512; x_wconf 84' lang='lat' dir='ltr'><strong>captivus</strong></span> 
     </span>
    </p>
   </div>
   <div class='ocr_carea' id='block_1_105' title="bbox 2064 4531 3642 4618">
    <p class='ocr_par' dir='ltr' id='par_1_105' title="bbox 2064 4531 3642 4618">
     <span class='ocr_line' id='line_1_106' title="bbox 2064 4531 3642 4618; baseline -0.014 -12"><span class='ocrx_word' id='word_1_722' title='bbox 2064 4549 2471 4618; x_wconf 75' lang='lat' dir='ltr'><strong>provclterctor,</strong></span> <span class='ocrx_word' id='word_1_723' title='bbox 2502 4545 2757 4616; x_wconf 86' lang='lat' dir='ltr'><strong>precibus</strong></span> <span class='ocrx_word' id='word_1_724' title='bbox 2786 4541 3016 4596; x_wconf 77' lang='lat' dir='ltr'><strong>obtinuit</strong></span> <span class='ocrx_word' id='word_1_725' title='bbox 3040 4546 3099 4592; x_wconf 88' lang='lat' dir='ltr'><strong>ttt</strong></span> <span class='ocrx_word' id='word_1_726' title='bbox 3141 4536 3278 4591; x_wconf 87' lang='lat' dir='ltr'><strong>infra</strong></span> <span class='ocrx_word' id='word_1_727' title='bbox 3304 4551 3406 4590; x_wconf 91' lang='lat' dir='ltr'><strong>non</strong></span> <span class='ocrx_word' id='word_1_728' title='bbox 3441 4531 3642 4587; x_wconf 77' lang='lat' dir='ltr'><strong>inultos</strong></span> 
     </span>
    </p>
   </div>
   <div class='ocr_carea' id='block_1_106' title="bbox 2065 4618 3643 4695">
    <p class='ocr_par' dir='ltr' id='par_1_106' title="bbox 2065 4618 3643 4695">
     <span class='ocr_line' id='line_1_107' title="bbox 2065 4618 3643 4695; baseline -0.015 0"><span class='ocrx_word' id='word_1_729' title='bbox 2065 4641 2182 4695; x_wconf 86' lang='lat' dir='ltr'><strong>dies</strong></span> <span class='ocrx_word' id='word_1_730' title='bbox 2213 4639 2280 4692; x_wconf 87' lang='lat' dir='ltr'><strong>ab</strong></span> <span class='ocrx_word' id='word_1_731' title='bbox 2308 4639 2409 4691; x_wconf 87' lang='lat' dir='ltr'><strong>hac</strong></span> <span class='ocrx_word' id='word_1_732' title='bbox 2431 4637 2541 4690; x_wconf 88' lang='lat' dir='ltr'><strong>vita</strong></span> <span class='ocrx_word' id='word_1_733' title='bbox 2576 4633 2873 4688; x_wconf 86' lang='lat' dir='ltr'><strong>tolleretur.</strong></span> <span class='ocrx_word' id='word_1_734' title='bbox 2906 4627 3111 4682; x_wconf 78' lang='lat' dir='ltr'><strong>Eadem</strong></span> <span class='ocrx_word' id='word_1_735' title='bbox 3147 4625 3306 4693; x_wconf 74' lang='lat' dir='ltr'><strong>ferme</strong></span> <span class='ocrx_word' id='word_1_736' title='bbox 3335 4622 3482 4676; x_wconf 80' lang='lat' dir='ltr'><strong>habet</strong></span> <span class='ocrx_word' id='word_1_737' title='bbox 3521 4618 3643 4672; x_wconf 82' lang='lat' dir='ltr'><strong>Tri-</strong></span> 
     </span>
    </p>
   </div>
   <div class='ocr_carea' id='block_1_107' title="bbox 2065 4710 3652 4784">
    <p class='ocr_par' dir='ltr' id='par_1_107' title="bbox 2065 4710 3652 4784">
     <span class='ocr_line' id='line_1_108' title="bbox 2065 4710 3652 4784; baseline -0.014 -1"><span class='ocrx_word' id='word_1_738' title='bbox 2065 4731 2288 4784; x_wconf 88' lang='lat' dir='ltr'><strong>themius</strong></span> <span class='ocrx_word' id='word_1_739' title='bbox 2314 4728 2382 4782; x_wconf 87' lang='lat' dir='ltr'><strong>ad</strong></span> <span class='ocrx_word' id='word_1_740' title='bbox 2409 4727 2683 4780; x_wconf 88' lang='lat' dir='ltr'><strong>laudatunt</strong></span> <span class='ocrx_word' id='word_1_741' title='bbox 2720 4737 2915 4778; x_wconf 87' lang='lat' dir='ltr'><strong>annum</strong></span> <span class='ocrx_word' id='word_1_742' title='bbox 2940 4719 3080 4776; x_wconf 69' lang='lat'><strong>1085</strong></span> <span class='ocrx_word' id='word_1_743' title='bbox 3104 4718 3160 4771; x_wconf 88' lang='lat' dir='ltr'><strong>in</strong></span> <span class='ocrx_word' id='word_1_744' title='bbox 3184 4717 3407 4771; x_wconf 87' lang='lat' dir='ltr'><strong>editione</strong></span> <span class='ocrx_word' id='word_1_745' title='bbox 3421 4710 3652 4780; x_wconf 76' lang='lat' dir='ltr'><strong>Sangal-</strong></span> 
     </span>
    </p>
   </div>
   <div class='ocr_carea' id='block_1_108' title="bbox 2067 4800 3650 4880">
    <p class='ocr_par' dir='ltr' id='par_1_108' title="bbox 2067 4800 3650 4880">
     <span class='ocr_line' id='line_1_109' title="bbox 2067 4800 3650 4880; baseline -0.017 -10"><span class='ocrx_word' id='word_1_746' title='bbox 2067 4818 2198 4874; x_wconf 90' lang='lat' dir='ltr'><strong>lensi</strong></span> <span class='ocrx_word' id='word_1_747' title='bbox 2236 4815 2480 4872; x_wconf 85' lang='lat' dir='ltr'><strong>Chronici</strong></span> <span class='ocrx_word' id='word_1_748' title='bbox 2508 4810 2926 4880; x_wconf 79' lang='lat' dir='ltr'><strong>Hirsaugiensis,</strong></span> <span class='ocrx_word' id='word_1_749' title='bbox 2970 4809 3060 4880; x_wconf 87' lang='lat' dir='ltr'><strong>qui</strong></span> <span class='ocrx_word' id='word_1_750' title='bbox 3092 4815 3138 4860; x_wconf 91' lang='lat' dir='ltr'><strong>et</strong></span> <span class='ocrx_word' id='word_1_751' title='bbox 3169 4806 3406 4860; x_wconf 85' lang='lat' dir='ltr'><strong>eumdem</strong></span> <span class='ocrx_word' id='word_1_752' title='bbox 3436 4800 3650 4869; x_wconf 79' lang='lat' dir='ltr'><strong>poutifi.</strong></span> 
     </span>
    </p>
   </div>
   <div class='ocr_carea' id='block_1_109' title="bbox 2069 4891 3661 4975">
    <p class='ocr_par' dir='ltr' id='par_1_109' title="bbox 2069 4891 3661 4975">
     <span class='ocr_line' id='line_1_110' title="bbox 2069 4891 3661 4975; baseline -0.01 -13"><span class='ocrx_word' id='word_1_753' title='bbox 2069 4926 2181 4964; x_wconf 85' lang='lat' dir='ltr'><strong>cem</strong></span> <span class='ocrx_word' id='word_1_754' title='bbox 2219 4907 2337 4962; x_wconf 86' lang='lat' dir='ltr'><strong>aliis</strong></span> <span class='ocrx_word' id='word_1_755' title='bbox 2384 4919 2586 4975; x_wconf 87' lang='lat' dir='ltr'><strong>quoque</strong></span> <span class='ocrx_word' id='word_1_756' title='bbox 2641 4898 2771 4956; x_wconf 88' lang='lat' dir='ltr'><strong>locis</strong></span> <span class='ocrx_word' id='word_1_757' title='bbox 2820 4901 3015 4970; x_wconf 81' lang='lat' dir='ltr'><strong>passim</strong></span> <span class='ocrx_word' id='word_1_758' title='bbox 3078 4893 3320 4950; x_wconf 87' lang='lat' dir='ltr'><strong>celebrat.</strong></span> <span class='ocrx_word' id='word_1_759' title='bbox 3370 4891 3500 4958; x_wconf 76' lang='lat' dir='ltr'><strong>Qua:</strong></span> <span class='ocrx_word' id='word_1_760' title='bbox 3534 4905 3661 4946; x_wconf 74' lang='lat' dir='ltr'><strong>vero</strong></span> 
     </span>
    </p>
   </div>
   <div class='ocr_carea' id='block_1_110' title="bbox 2068 4976 3678 5065">
    <p class='ocr_par' dir='ltr' id='par_1_110' title="bbox 2068 4976 3678 5065">
     <span class='ocr_line' id='line_1_111' title="bbox 2068 4976 3678 5065; baseline -0.011 -13"><span class='ocrx_word' id='word_1_761' title='bbox 2068 5007 2184 5065; x_wconf 84' lang='lat' dir='ltr'><strong>post</strong></span> <span class='ocrx_word' id='word_1_762' title='bbox 2237 4995 2544 5064; x_wconf 82' lang='lat' dir='ltr'><strong>Capuanum</strong></span> <span class='ocrx_word' id='word_1_763' title='bbox 2589 4993 2847 5059; x_wconf 82' lang='lat' dir='ltr'><strong>synodum</strong></span> <span class='ocrx_word' id='word_1_764' title='bbox 2905 5000 3052 5060; x_wconf 88' lang='lat' dir='ltr'><strong>gesta</strong></span> <span class='ocrx_word' id='word_1_765' title='bbox 3096 4986 3331 5055; x_wconf 78' lang='lat' dir='ltr'><strong>fuerint,</strong></span> <span class='ocrx_word' id='word_1_766' title='bbox 3380 4997 3444 5036; x_wconf 78' lang='lat' dir='ltr'><strong>ea:</strong></span> <span class='ocrx_word' id='word_1_767' title='bbox 3499 4976 3678 5036; x_wconf 77' lang='lat' dir='ltr'><strong>Petro.</strong></span> 
     </span>
    </p>
   </div>
   <div class='ocr_carea' id='block_1_111' title="bbox 2069 5082 3074 5152">
    <p class='ocr_par' dir='ltr' id='par_1_111' title="bbox 2069 5082 3074 5152">
     <span class='ocr_line' id='line_1_112' title="bbox 2069 5082 3074 5152; baseline -0.009 -13"><span class='ocrx_word' id='word_1_768' title='bbox 2069 5085 2390 5142; x_wconf 85' lang='lat' dir='ltr'><strong>Chronicum</strong></span> <span class='ocrx_word' id='word_1_769' title='bbox 2412 5090 2760 5152; x_wconf 78' lang='lat' dir='ltr'><strong>prosequente</strong></span> <span class='ocrx_word' id='word_1_770' title='bbox 2783 5082 3074 5134; x_wconf 90' lang='lat' dir='ltr'><strong>discamus.</strong></span> 
     </span>
    </p>
   </div>
   <div class='ocr_carea' id='block_1_112' title="bbox 2146 5156 3670 5232">
    <p class='ocr_par' dir='ltr' id='par_1_112' title="bbox 2146 5156 3670 5232">
     <span class='ocr_line' id='line_1_113' title="bbox 2146 5156 3670 5232; baseline -0.013 0"><span class='ocrx_word' id='word_1_771' title='bbox 2146 5175 2417 5232; x_wconf 80' lang='lat' dir='ltr'><strong>Oderisius</strong></span> <span class='ocrx_word' id='word_1_772' title='bbox 2466 5174 2650 5226; x_wconf 76' lang='lat' dir='ltr'><strong>abbas.</strong></span> <span class='ocrx_word' id='word_1_773' title='bbox 2675 5200 2745 5210; x_wconf 89' lang='lat'><strong>-—</strong></span> <span class='ocrx_word' id='word_1_774' title='bbox 2772 5171 2826 5226; x_wconf 92' lang='lat' dir='ltr'><strong>In</strong></span> <span class='ocrx_word' id='word_1_775' title='bbox 2851 5171 3040 5226; x_wconf 88' lang='lat' dir='ltr'><strong>eodem</strong></span> <span class='ocrx_word' id='word_1_776' title='bbox 3069 5179 3202 5220; x_wconf 88' lang='lat' dir='ltr'><strong>vero</strong></span> <span class='ocrx_word' id='word_1_777' title='bbox 3243 5159 3475 5220; x_wconf 87' lang='lat' dir='ltr'><strong>concilio</strong></span> <span class='ocrx_word' id='word_1_778' title='bbox 3520 5156 3670 5212; x_wconf 85' lang='lat' dir='ltr'><strong>idem</strong></span> 
     </span>
    </p>
   </div>
   <div class='ocr_carea' id='block_1_113' title="bbox 2074 5254 3674 5335">
    <p class='ocr_par' dir='ltr' id='par_1_113' title="bbox 2074 5254 3674 5335">
     <span class='ocr_line' id='line_1_114' title="bbox 2074 5254 3674 5335; baseline -0.012 -14"><span class='ocrx_word' id='word_1_779' title='bbox 2074 5265 2316 5335; x_wconf 73' lang='lat' dir='ltr'><strong>pontifex</strong></span> <span class='ocrx_word' id='word_1_780' title='bbox 2350 5263 2591 5331; x_wconf 83' lang='lat' dir='ltr'><strong>graviter</strong></span> <span class='ocrx_word' id='word_1_781' title='bbox 2623 5259 2965 5327; x_wconf 74' lang='lat' dir='ltr'><strong>infirmatus,</strong></span> <span class='ocrx_word' id='word_1_782' title='bbox 3013 5263 3142 5331; x_wconf 82' lang='lat' dir='ltr'><strong>post</strong></span> <span class='ocrx_word' id='word_1_783' title='bbox 3182 5263 3362 5309; x_wconf 88' lang='lat' dir='ltr'><strong>actum</strong></span> <span class='ocrx_word' id='word_1_784' title='bbox 3410 5261 3508 5317; x_wconf 83' lang='lat' dir='ltr'><strong>per</strong></span> <span class='ocrx_word' id='word_1_785' title='bbox 3553 5254 3674 5302; x_wconf 89' lang='lat' dir='ltr'><strong>tres</strong></span> 
     </span>
    </p>
   </div>
  </div>
