4044 5360
1821 302 2113 359 ῡιλιοιιι.
2154 331 2225 343 -
2271 303 2398 355 LIB.
2426 301 2473 356 l.

512 152 717 481 ί
1821 302 2113 359 ιιιΑιοιιι.
2154 331 2225 343 -
2271 303 2398 355 un.
2426 301 2473 356 ι.
3680 294 3809 394 95y

588 425 839 482 claritate
868 423 1215 495 praecipimus
1250 430 1309 477 ut
1350 422 1420 476 ab
1460 420 1542 475 eis
1569 417 1846 475 abstinere
1877 417 2103 484 curetis,
2134 434 2180 488 Α
2210 426 2455 470 ementes
2491 416 3111 481 excommunicaverint,
3142 428 3427 476 censentes
3454 428 3517 477 ut
3552 438 3643 492 qu.
3674 425 3809 488 dat,~

514 532 690 587 neque
742 515 849 571 illis
899 516 1122 571 omnino
1174 512 1620 577 communicetis,
1669 511 1793 580 quia
1844 509 2125 565 Ecclesia,

513 607 770 662 Romanae
791 607 1173 663 communione
1198 621 1293 661 sua
1320 620 1379 659 se
1404 611 1595 674 sponte
1618 602 1921 672 privarunt.
1938 600 2097 665 Nam,

512 706 573 751 ut
620 697 811 751 beatus
859 697 1048 751 scribit
1095 696 1415 749 Ambrosius
1459 692 1600 759 :Qui
1657 708 1717 747 se
1767 707 1795 745 a
1855 691 2098 746 Romana

515 786 759 841 Ecclesia
791 794 1061 858 segregat,
1090 799 1217 839 vere
1239 793 1323 838 est
1351 783 1633 837 habendus
1662 782 1971 836 haereticus.

582 878 973 933 Constituimus
1009 877 1172 932 etiam
1205 884 1285 940 ut,
1334 875 1376 929 si
1430 875 1552 945 quis
1597 875 1853 943 deinceps
1896 873 2102 943 episco«

513 978 696 1037 patum
726 970 808 1021 vel
831 968 1104 1022 abbatiam
1137 968 1203 1021 de
1238 981 1398 1020 manu
1427 964 1655 1033 alicujus
1682 965 1833 1019 laicae
1855 979 2101 1035 personae

511 1058 836 1127 susceperit,
874 1057 1185 1112 nullatenus
1234 1056 1520 1125 episcopus
1569 1055 1652 1109 vel
1683 1055 1850 1109 abbas
1902 1054 2099 1108 habea-

512 1157 621 1213 tur,
659 1164 833 1217 neque
861 1149 967 1201 ulla
1001 1149 1047 1202 ei
1078 1157 1137 1201 ut
1160 1148 1415 1217 episcopo
1444 1146 1525 1201 vel
1566 1147 1747 1202 abbati
1781 1146 2100 1201 adhibeatur

511 1242 839 1295 reverentia.
892 1241 1116 1308 Insuper
1164 1242 1214 1295 ei
1246 1240 1387 1295 beati
1434 1239 1581 1294 Petri
1628 1240 1893 1308 gremium
1921 1248 1975 1293 et
2020 1239 2099 1293 in-

510 1328 731 1384 troitum
800 1329 1045 1385 ecclesia:
1094 1330 1505 1393 interdicimus,
1554 1344 1833 1400 quousque
1880 1328 2095 1395 locum,

506 1436 670 1492 quem
699 1422 801 1477 sub
834 1430 983 1476 tanto
1013 1422 1244 1476 crimine
1285 1421 1597 1477 ambitionis
1639 1430 1694 1476 et
1723 1420 2099 1475 inobedientiae

509 1514 677 1583 (quod
703 1524 784 1569 est
813 1516 992 1569 scelus
1029 1514 1371 1585 idololatriae)
1399 1515 1564 1583 cepit,
1589 1514 1959 1584 resipisccndo
1988 1528 2094 1567 non

511 1608 735 1661 deserit.
766 1608 1031 1663 Similiter
1052 1610 1216 1663 etiam
1246 1608 1311 1662 de
1337 1607 1683 1662 inferioribus
1709 1605 2096 1661 ecclesiasticis

509 1700 769 1768 gradibus
803 1700 1266 1768 dignitatibusque
1292 1700 1692 1754 constituimus.
1721 1699 1777 1752 Si
1812 1698 1934 1769 quis
1965 1699 2092 1752 item

3680 194 3859 394 95/

2204 514 2258 558 et
2287 505 2377 573 qui
2420 505 2633 575 recipit,
2665 508 2954 563 anathema
2986 509 3076 564 sit.
3117 508 3250 564 Cum
3285 510 3587 581 huiusmodi
3620 514 3786 585 igitur

2201 598 2492 669 episcopis,
2521 600 2830 667 abbatibus,
2876 610 2969 656 aut
3006 602 3219 659 clericis
3260 604 3484 675 reliquis
3519 607 3610 675 qui
3642 622 3782 662 corno

2205 688 2449 743 municat
2480 690 2564 743 vel
2609 699 2750 754 orat,
2804 700 2900 746 aut
2944 692 3186 762 ipsorum
3232 696 3383 749 audit
3417 695 3651 762 missas,
3686 712 3789 751 una

2201 784 2783 838 excommunicationis
2810 786 3079 841 sententia
3118 786 3401 855 plectitur;
3433 788 3525 858 qui
3563 802 3662 842 nec
3698 802 3786 842 sa-

2199 874 2452 929 cerdotes
2475 874 2690 943 quidem
2723 876 2826 931 rite
2852 878 3029 947 putari
3058 886 3304 948 possunt.

2272 964 2598 1021 Pmnitentia
2659 982 2787 1022 vero
2836 979 2892 1023 et
2931 969 3243 1025 communio
3284 984 3316 1024 a
3347 970 3563 1026 nemine
3621 970 3729 1025 nisi
3762 985 3789 1024 ιι

2199 1057 2470 1113 catholico
2492 1059 2839 1128 suscipiatur.
2871 1059 3025 1127 Quod
3053 1062 3097 1116 si
3121 1061 3302 1117 nullus
3324 1062 3467 1118 adsit
3491 1062 3791 1118 catholicus

2201 1150 2505 1221 presbyter,
2547 1153 2751 1206 rectius
2782 1161 2868 1207 est
2891 1153 3009 1207 sine
3038 1152 3234 1207 visibili
3263 1154 3647 1208 communione
3676 1167 3791 1221 pcr-

2200 1241 2414 1306 sistcrc,
2433 1249 2487 1296 et
2516 1242 2861 1297 invisibiliter
2888 1242 3117 1297 Domino
3146 1242 3572 1307 communicare,
3602 1257 3788 1311 quam,

2198 1345 2317 1385 eam
2360 1333 2427 1387 ab
2475 1333 2733 1388 haeretico
2764 1334 3048 1396 sumendo,
3080 1349 3107 1386 a
3158 1334 3269 1387 Deo
3318 1332 3582 1402 separari.
3631 1331 3787 1386 Nulla

2197 1426 2342 1480 enim
2372 1429 2452 1497 (ut
2480 1428 2557 1481 ait
2584 1428 2896 1497 Apostolus)
2926 1427 3215 1483 conventio
3245 1426 3446 1481 Christi
3493 1428 3559 1480 ad
3597 1424 3789 1488 Belial,

2198 1531 2374 1585 neque
2424 1532 2551 1587 pars
2593 1518 2772 1587 aliqua
2804 1518 2945 1573 ﬁdeli
2994 1534 3118 1573 cum
3167 1516 3368 1572 inﬁdeli
3400 1516 3483 1586 (11
3529 1514 3652 1570 Cor.
3686 1518 3784 1584 vi).

2197 1610 2387 1665 Omnis
2432 1621 2612 1666 autem
2674 1612 2961 1667 haereticus
3010 1611 3241 1667 inﬁdelis
3289 1619 3391 1665 est.
3443 1609 3787 1665 Simoniacus

2197 1717 2347 1766 vero,
2372 1702 2495 1771 quia
2534 1703 2842 1766 haereticus,
2874 1703 3079 1757 idcirco
3109 1702 3361 1757 inﬁdelis.
3393 1701 3526 1754 Nam
3564 1715 3781 1756 sacram

504 1790 917 1860 imperatorum,
946 1807 1150 1861 regum,
1178 1792 1375 1845 ducum
1399 1833 1414 1854 ,
1446 1793 1745 1862 principum
1767 1832 1783 1858 ,
1811 1792 2090 1858 comitum,
2128 1794 2167 1851 Β
2197 1793 2409 1861 Christi
2452 1794 2891 1850 communionem
2936 1794 3184 1865 quamvis
3228 1792 3514 1848 visibiliter
3562 1801 3616 1847 et
3664 1807 3788 1846 cor.

504 1879 589 1934 vel
637 1881 879 1950 cujusvis
929 1883 1213 1951 potestatis
1279 1884 1555 1938 surcularis
1601 1885 1967 1954 episcopatum
2007 1884 2088 1939 vel

504 1974 759 2042 quamvis
787 1973 952 2027 aliam
981 1974 1405 2029 ecclesiasticam
1452 1976 1764 2044 dignitatem
1798 1977 1927 2030 dare
1959 1991 2094 2047 prse-

507 2064 823 2132 snmpserit,
858 2064 1099 2135 ejusdem
1131 2066 1413 2121 sententia:
1451 2065 1664 2120 vinculo
1696 2080 1754 2119 se
1803 2066 2087 2121 astrictum

507 2154 747 2219 noverit;
779 2170 901 2209 cum
932 2156 1154 2210 trecenti
1185 2167 1238 2211 et
1266 2157 1475 2228 [decem
1499 2168 1554 2210 et
1575 2154 1720 2228 octo]
1752 2164 1875 2210 octo
1898 2154 2089 2210 Patres

502 2242 560 2299 in
592 2242 813 2300 Nicmno
843 2247 1072 2301 concilio
1098 2264 1288 2301 omnes
1335 2248 1640 2316 lmjusmodi
1692 2250 1984 2303 vendentes
2032 2257 2088 2302 et

516 2363 679 2402 ,κ’-

2195 1885 2454 1956 poraliter
2498 1886 2753 1941 catholici
2812 1896 3031 1956 propter
3091 1886 3435 1940 imminentes
3499 1886 3786 1938 luereticos

2196 1978 2393 2034 habere
2453 1995 2559 2033 non
2609 1980 2858 2048 possint,
2908 1980 3033 2033 dum
3091 1988 3271 2032 tamen
3320 1985 3500 2032 mente
3561 1975 3781 2029 Christo

2190 2069 2469 2139 conjuncti
2522 2081 2684 2137 sunt,
2742 2073 2861 2142 ejus
2923 2070 3361 2127 communionem
3432 2060 3779 2124 invisibiliter

2188 2174 2429 2219 ειιηιιιιιι.

2586 2362 3771 2392 —_———————-———‘

1266 2521 2140 2639 VICTORIS
2200 2524 2427 2637 ιιι
2470 2480 3027 2643 eam:

1125 2748 1390 2827 OLIM
1469 2748 1995 2830 DESIDERII
2059 2751 2487 2829 ABBATIS
2545 2748 3155 2830 CASINENSIS

1694 2948 2551 3111 DIALOGI.

504 3222 680 3303 (Apud
701 3225 929 3284 Μηιιι..
961 3226 1077 3282 Act.
1118 3224 1341 3293 Bened.,
1370 3225 1458 3293 IV,
1489 3242 1555 3305 es
1574 3225 1801 3305 joanne
1824 3227 2261 3305 Baptist‘a‘blaro.
2292 3228 2347 3285 S.
2372 3229 2563 3300 Angeli
2590 3246 2639 3305 tn
2664 3231 2817 3305 Foro
2843 3231 3072 3302 piscium
3097 3232 3378 3297 canonico,
3401 3233 3493 3303 qui
3519 3232 3622 3289 hos
3650 3231 3763 3303 pri-

1318 3313 1441 3354 mus
1462 3298 1632 3355 edidit
1652 3315 1717 3354 ex
1747 3298 2008 3354 Vaticana
2030 3300 2385 3366 bibliotheca,
2416 3298 2481 3356 ct'
2499 3302 2643 3357 uotis
2663 3298 2998 3373 illustravit.)

1675 3579 2035 3669 LIBER
2103 3578 2595 3668 PRIMUS.

518 3772 587 3830 In
616 3789 717 3846 quo
756 3775 932 3844 agitur
957 3774 1023 3827 de
1066 3772 1339 3828 miraculis
1369 3789 1401 3828 α
1423 3781 1604 3828 sancto
1632 3772 1938 3839 Benedicto,
1965 3772 2147 3827 aliisve
2176 3771 2444 3826 monac/tis
2475 3772 2529 3826 in
2572 3771 2888 3825 monasterio
2920 3768 3214 3836 Catinensi,
3255 3787 3349 3839 ape
3377 3773 3553 3827 dirimi
3579 3772 3758 3840 fartis.

565 4004 730 4073 Quia,
757 4002 994 4057 donante
1028 4002 1159 4066 Deo,
1187 3997 1446 4054 miracula
1478 4012 1597 4068 quae
1623 3997 1739 4067 ipse
1766 3996 1831 4051 ad
1861 3996 2073 4053 laudem
2104 4002 2147 4058 C
2175 4010 2335 4071 atque
2369 3999 2570 4055 sedulae
2598 4000 2777 4055 studui
2806 4013 3001 4071 parere
3032 3995 3299 4067 petitioni,
3327 3993 3750 4063 Omnipotenlem

494 4100 575 4154 sui
616 4097 849 4152 nominis
876 4095 928 4150 in
960 4096 1063 4150 hoc
1097 4091 1378 4148 Casincnsi
1420 4090 1671 4145 cmnobio
1717 4090 1834 4145 ﬁeri
1882 4089 2072 4155 voluit,

493 4205 682 4260 quasve
710 4197 892 4245 nostra
924 4186 1181 4242 memoria
1217 4183 1355 4238 facta
1405 4192 1553 4247 sunt,
1600 4184 1684 4236 vel
1712 4198 1744 4235 a
1768 4183 2074 4239 senioribus

492 4282 697 4338 nostris
735 4280 904 4335 relata
932 4278 1182 4348 cognovi,
1210 4276 1451 4332 scribere
1496 4274 1760 4344 disposui,
1796 4273 1923 4328 licet
1954 4290 2075 4329 om-

492 4377 579 4432 nia
605 4389 871 4445 nequeam
895 4372 1038 4444 stylo
1087 4369 1570 4440 comprehendere,
1616 4377 1728 4422 tum
1759 4368 1886 4438 quia
1916 4368 2074 4438 plura

489 4470 807 4525 exciderunt
837 4463 1118 4528 memoria,
1153 4473 1263 4517 tum
1290 4462 1442 4533 quia,
1463 4470 1761 4532 occupatus
1788 4460 2070 4531 regimine,

490 4562 575 4618 vel
625 4577 688 4616 ea
748 4575 867 4630 qua:
924 4559 1103 4613 scribo
1167 4556 1443 4610 discutere
1501 4555 1615 4624 ipse
1640 4570 1746 4609 non
1804 4569 2070 4627 possum,

492 4667 659 4723 pauca
692 4660 890 4704 tamem
925 4649 992 4703 de
1022 4647 1266 4718 pluribus
1291 4646 1359 4701 ad
1402 4645 1817 4701 aediﬁcationem
1851 4646 2075 4701 audien-

495 4746 625 4799 tium
658 4743 917 4798 mandare
939 4740 1141 4797 curabo
1166 4738 1460 4794 memoriae.
1492 4736 1626 4791 Nam
1656 4738 1699 4791 si
1729 4738 1911 4792 omnia
1951 4752 2073 4807 quae

494 4834 577 4887 vel
612 4833 727 4902 ipse
757 4832 888 4897 vidi,
920 4830 1005 4885 vel
1030 4845 1149 4900 qua:
1193 4827 1324 4883 mihi
1373 4826 1541 4882 relata
1592 4824 1767 4891 fuere,
1800 4840 1900 4895 per
1924 4828 2072 4882 ordi-

492 4940 613 4980 nem
642 4922 847 4979 referre
902 4922 1089 4985 velim,
1113 4920 1229 4976 dies
1260 4936 1366 4986 me,
1397 4928 1455 4973 ut
1481 4919 1726 4983 aestimo,
1777 4928 2069 4988 antequam

492 5032 672 5074 sermo
714 5015 990 5072 deﬁceret.
1048 5014 1115 5071 Et
1160 5014 1277 5068 hrcc
1324 5028 1431 5067 non
1475 5021 1581 5066 tam
1616 5010 1787 5066 fretus
1830 5011 2068 5082 ingenio,

490 5124 651 5154 utlnll‘l
675 5108 799 5154 nnia
833 5120 921 5154 res
948 5107 1150 5154 omissa
1180 5102 1499 5154 videbatur.
1549 5102 1793 5154 scribere
1824 5118 1942 5154 sum
1976 5119 2072 5154 ag-

2175 4097 2459 4152 Dominum
2491 4097 2797 4167 deprecans
2826 4103 2887 4149 ut
2913 4093 3005 4163 qui
3040 4090 3213 4147 servis
3252 4090 3626 4163 suisfgratiam
3657 4088 3753 4140 tri—

2175 4190 2291 4245 buit
2318 4192 2385 4245 ad
2425 4190 2653 4245 virtutes
2677 4197 2733 4243 et
2762 4186 3029 4243 mirabilia
3060 4183 3305 4239 facienda
3337 4224 3351 4247 ,
3378 4182 3509 4237 mihi
3543 4194 3755 4251 quoque

2174 4296 2480 4336 sermonem
2527 4296 2632 4335 non
2662 4280 2914 4349 deneget,
2944 4286 3212 4347 quatenus
3240 4288 3303 4329 ea
3335 4274 3496 4344 digne
3525 4287 3589 4326 ac
3622 4270 3750 4324 ﬁde-

2174 4370 2298 4427 liter
2320 4370 2388 4427 ad
2419 4370 2714 4438 multorum
2744 4366 3052 4436 profectum
3096 4364 3305 4419 valeam
3333 4373 3615 4418 enarrare.

2244 4495 2580 4565 Theophilus.
2608 4496 2720 4571 Ego
2753 4494 2970 4565 quidem
2998 4508 3103 4547 non
3138 4492 3311 4547 solum
3333 4506 3399 4547 ea
3429 4506 3550 4562 quae
3581 4492 3633 4545 in
3656 4490 3755 4543 hoc

2171 4590 2455 4648 (Iasinensi
2487 4594 2738 4649 cmnobio
2768 4591 3050 4655 miracula,
3084 4590 3311 4645 Domino
3339 4589 3624 4661 largiente,
3658 4602 3756 4657 pa~.

2171 4690 2310 4739 trata
2338 4694 2498 4750 sunt,
2529 4702 2690 4742 nosse
2715 4684 2996 4747 desidero,
3025 4698 3212 4738 verum
3243 4682 3407 4737 etiam
3444 4695 3507 4736 ea
3547 4695 3668 4749 quae
3702 4681 3755 4732 in

2170 4776 2289 4832 aliis
2311 4778 2581 4848 partibus,
2616 4780 2700 4834 his
2723 4778 2921 4833 vicinis
2951 4773 3283 4845 temporibus
3302 4773 3551 4829 Christus
3580 4770 3755 4828 Domi-

2169 4886 2271 4924 nus
2311 4886 2409 4940 per
2454 4886 2643 4925 servos
2686 4886 2813 4925 suos
2860 4870 3113 4939 dignatus
3157 4879 3242 4922 est
3287 4866 3528 4936 operari,
3559 4865 3604 4920 si
3637 4877 3754 4934 qua:

2169 4963 2335 5027 nosti,
2372 4964 2506 5017 mihi
2538 4964 2654 5018 haec
2680 4963 2869 5017 audire
2894 4961 3097 5016 sitienti
3126 4969 3201 5024 te,
3252 4974 3437 5030 quaeso
3457 4999 3472 5022 ,
3530 4968 3755 5012 narrare

2168 5070 2237 5111 ne
2264 5057 2465 5126 pigeat.
2500 5057 2568 5111 Et
2597 5057 2713 5111 haec
2744 5055 2949 5111 idcirco
2980 5063 3031 5109 te
3061 5053 3296 5108 maxime
3325 5052 3566 5108 scribere
3605 5061 3753 5117 rogo.
