4044 5360
311 2 359 38 α

229 2 395 281 of/
1584 101 1692 157 \‘lC
1708 96 1900 156 l‘OltlS
1929 98 1992 153 Ill
2030 96 2233 152 PAPzE
3408 92 3440 151 9

233 228 256 281 f
284 237 405 281 ater
433 235 489 281 et
530 224 848 281 coepiscooe
879 232 1063 278 noster
1088 218 1258 281 Urse,
1290 217 1504 281 tuisque
1535 229 1817 270 successo-
1847 218 1893 273 Α
1920 211 2207 281 dep....bis
2286 219 2379 266 aut
2442 218 2525 263 ter
2592 210 2853 267 canonice
2912 208 3267 279 compellatus
3322 183 3440 263 l‘uet£

233 208 405 283 {/ater
433 235 489 282 et
530 224 848 296 coepiscopo
879 232 1063 278 noster
1088 218 1258 283 Urse,
1290 217 1504 287 tuisque
1535 229 1817 270 successo-
1847 218 1893 273 Α
1920 211 2207 283 dep....bis
2286 219 2379 266 aut
2442 218 2525 263 ter
2592 210 2853 267 canonice
2912 208 3267 279 compellatus
3322 208 3521 273 luserit,

231 321 387 376 ribus
435 319 489 374 in
532 326 853 389 perpetuum
884 314 1144 385 quidquid
1177 311 1245 367 ad
1281 310 1662 364 Ravellensem
1688 307 1827 377 civi:

234 422 403 468 tatem
453 409 746 480 episc0pali
794 406 1072 477 dignitatis
1113 405 1320 459 honore
1352 400 1565 455 noviter
1603 398 1824 469 insigni-

233 512 349 559 tam
418 503 503 558 vel
545 502 819 572 pertinere
898 498 965 552 ad
1020 511 1281 567 prmsens,
1331 492 1412 548 vel
1468 491 1611 562 quod
1661 490 1824 544 etiam

233 596 435 651 futuris
457 594 786 661 temporibus
806 589 951 659 juste
972 585 1355 658 acquisieritis,
1391 594 1448 639 ut
1470 583 1594 652 jure
1619 582 1831 653 episco-

232 688 341 758 pali
389 685 669 752 habeatis,
714 683 997 741 retineatis
1026 691 1082 737 et
1123 679 1470 752 possidentis.
1498 678 1554 733 Si
1592 679 1715 749 quis
1738 692 1831 730 au-

236 790 344 835 tem
374 779 456 835 vel
486 795 604 844 rex,
637 777 723 833 vel
748 777 1013 841 marehio,
1043 776 1126 830 vel
1157 777 1284 838 dux,
1319 773 1399 828 vel
1429 772 1702 843 princeps,
1736 768 1817 825 vel

233 872 520 942 patricius,
561 870 645 926 vel
710 886 916 935 comes,
962 869 1047 925 vel
1115 870 1448 929 vicccomes,
1500 882 1593 921 seu
1642 865 1823 934 aliqua

236 977 431 1032 magna
465 976 740 1031 parvaque
770 974 999 1030 persona
1029 968 1217 1013 contra
1255 959 1395 1012 hanc
1427 957 1592 1013 nostri
1620 953 1822 1011 decreti

236 1053 577 1107 sanctionem
633 1066 793 1121 agere
832 1050 1264 1122 prcesumpserit,
1308 1038 1486 1118 primo
1532 1045 1750 1115 quidem
1790 1060 1822 1098 a

236 1140 440 1197 Christi
468 1158 695 1213 corpore
717 1150 771 1196 et
806 1141 1087 1210 sanguinis
1113 1139 1495 1194 communione
1536 1148 1826 1207 separatus

1924 304 2026 359 nisi
2064 300 2401 359 satisfecerit.
2427 301 2615 361 sed,...
2652 300 2852 375 malitia
2882 299 3221 370 perstiterit,
3250 313 3374 352 eum
3425 311 3515 351 ex-

1926 396 2381 452 communieatum
2405 403 2458 449 et
2488 393 2802 448 damnatum
2831 408 2952 447 esse
2978 406 3283 447 censemus.
3316 390 3515 444 Damus

1927 499 2107 543 autem
2139 487 2234 541 tibi
2263 485 2474 555 tuisque
2500 485 2907 539 successoribus
2936 484 3161 538 liberam
3192 488 3513 551 potestatem

1930 580 1983 633 in
2014 578 2233 635 dioecesi
2260 588 2436 633 vestra
2468 578 2671 645 absque
2695 575 2924 645 alicujus
2946 574 3367 629 con...chrisma
3391 586 3515 626 coao

1932 668 2115 734 licere,
2138 669 2397 725 ecclesias
2417 670 2690 731 dedicare,
2719 666 2949 723 clericos
2977 666 3257 731 ordinare,
3280 672 3333 719 et
3358 663 3514 733 quid-

1924 760 2054 832 quid
2093 762 2437 832 episcopatus
2468 771 2545 816 est
2578 760 2787 815 ordinis
2825 758 3118 813 celebrare.

1999 854 2195 909 Datum
2224 854 2421 924 Capua:
2457 870 2553 924 per
2585 868 2868 908 manus....
2907 848 3209 921 Signiensis
3248 845 3512 917 episcopi,

1932 948 2186 1002 Roxizatm
2225 962 2355 1000 vero
2384 946 2637 1001 Ecclesire
2674 942 3104 1006 hibliothecarii,
3140 954 3283 995 anno
3326 937 3395 991 ab
3431 936 3515 989 ln-

1929 1049 2139 1095 carnat.
2176 1042 2235 1094 D.
2269 1038 2327 1093 Ν.
2376 1038 2424 1093 .l.
2465 1039 2524 1093 C.
2562 1039 2725 1105 l088;
2760 1052 2903 1093 anno
2934 1050 3061 1091 vero
3102 1036 3126 1090 1
3162 1032 3511 1105 pontificatus

1935 1133 1999 1187 υ.
2032 1131 2263 1186 Victoris
2294 1130 2355 1184 111
2387 1146 2557 1201 papa‘,
2586 1132 2771 1186 indict.
2803 1145 2859 1184 ι.

977 1392 1840 1516 VICTORIS
1915 1396 2131 1508 III
2227 1392 2769 1507 ΡΔΡΕ

1698 1625 2107 1706 CONCIO.

1372 1807 1609 1870 Habita
1628 1806 1695 1866 in
1723 1802 1963 1883 synodo
1995 1804 2436 1871 Beneventano,

400 1989 492 2053 De
525 1985 934 2051 damnatione
969 1982 1302 2054 Guiberti;
1338 1978 1419 2044 de
1458 1976 1829 2043 recentibus
1864 1969 2290 2037 schismaticis
2317 1967 2617 2032 vitandis.
2652 2001 2725 2012 -
2756 1964 3027 2029 Concilii
3067 1980 3367 2027 canones.

1304 2148 1533 2219 (Bsaoa.
1575 2142 1769 2198 Annal.
1801 2142 1870 2197 ad
1895 2156 1985 2195 an.
2013 2138 2169 2204 1087,
2199 2144 2329 2193 tom.
2358 2133 2477 2205 Kl.)

302 2463 473 2520 Novit
503 2470 681 2519 vestra
704 2460 941 2524 dilectio,
966 2456 1275 2513 cbarissimi
1299 2454 1497 2509 fratres
1524 2451 1827 2523 coepiscOpi
1861 2433 1904 2493 Β
1932 2459 2032 2505 est.
2066 2448 2172 2504 Sed
2208 2445 2598 2517 omnipotentis
2626 2444 2717 2500 Dei
2750 2443 2989 2514 potentia
3022 2455 3142 2495 cum
3164 2438 3276 2509 iam
3310 2438 3512 2494 dictum

237 2559 440 2629 (neque
490 2554 625 2610 latet
670 2552 857 2607 orbem
908 2548 1473 2616 uuiversum),saneta
1507 2543 1744 2599 Romana
1775 2549 1832 2597 et

240 2650 544 2723 apostolica
592 2647 773 2711 sedes,
819 2644 908 2699 cui
959 2642 1070 2698 Deo
1113 2649 1334 2697 auctore
1381 2637 1661 2702 deservio,
1697 2644 1830 2705 quot

238 2746 470 2800 adversa
522 2740 825 2813 pertulerit,
879 2746 1010 2807 quot
1061 2736 1292 2805 denique
1355 2750 1451 2804 per
1506 2732 1829 2787 Simoniacaa

241 2837 529 2891 haereseos
562 2830 856 2901 trapezitas
929 2827 1137 2882 malleis
1206 2824 1658 2891 tunsionibusque
1710 2835 1833 2891 pcr-

241 2928 417 2982 fracta
446 2926 538 2989 sit,
569 2923 705 2979 adeo
740 2932 799 2977 ut
830 2921 1082 2977 columna
1115 2918 1206 2973 Dei
1252 2916 1355 2971 vivi
1403 2916 1679 2971 videretur
1717 2912 1829 2982 jam

238 3034 381 3090 pene
417 3031 678 3073 concussa
723 3024 937 3076 mutare.
967 3023 1022 3068 et
1065 3025 1264 3079 sagena
1304 3008 1499 3063 summi
1544 3005 1833 3077 piscatoris

243 3109 728 3166 intumescentibus
780 3104 1032 3161 ﬂuctibus
1083 3101 1381 3171 disrumpi,
1441 3114 1506 3153 ac
1559 3097 1830 3167 naufragii

243 3211 394 3258 sorte
424 3198 952 3270 perire..Guibertus
993 3196 1136 3249 enim
1169 3192 1565 3255 hmresiarcha,
1596 3189 1719 3258 qui,
1753 3189 1833 3242 vi-

242 3300 404 3349 vente
444 3300 649 3346 sancta‘.
703 3286 979 3342 memoria:
1018 3284 1426 3353 prmdecessore
1475 3294 1596 3334 meo
1626 3277 1833 3348 Gregov

245 3388 329 3441 rio
356 3400 493 3456 papa
524 3424 539 3447 ,
586 3382 885 3438 Romanam
924 3378 1125 3433 invasit
1153 3374 1447 3431 Ecclesiam
1472 3414 1487 3437 ,
1514 3368 1833 3426 Antichristi

244 3491 551 3548 praecursor
594 3483 650 3527 et
695 3472 910 3528 Satanae
945 3468 1194 3542 signifer,
1233 3482 1364 3522 oves
1395 3464 1597 3520 Christi
1627 3462 1834 3533 disper-

244 3586 395 3641 gere,
421 3576 663 3622 mactare
693 3564 1010 3633 lauiareqne
1037 3576 1143 3616 non
1174 3560 1393 3615 desinit.

315 3658 580 3713 lncitator
647 3655 794 3710 enim
852 3654 1206 3721 incentorque
1270 3648 1535 3704 malorum
1614 3646 1834 3713 factus,

245 3761 480 3821 quantas
504 3749 767 3818 Gregorio
794 3761 945 3818 papa:
967 3743 1215 3815 injurias,
1243 3756 1381 3812 quas
1409 3739 1833 3811 persecutiones,
1862 3795 1903 3821 ﬁ

246 3856 379 3917 quot
406 3844 593 3901 clades
619 3840 883 3902 intulerit,
918 3837 1125 3892 referre
1155 3835 1279 3905 quis
1308 3832 1522 3904 possit?
1564 3831 1835 3887 Excitavit

247 3949 440 3993 contra
486 3951 609 3991 eum
641 3933 954 4003 conjuratos
999 3929 1113 3999 ipse
1158 3926 1579 3997 conspirationis
1605 3931 1833 3987 auctor;

250 4029 460 4099 fugavit
484 4023 654 4081 Urbe;
681 4020 1010 4086 sacerdotio,
1043 4026 1306 4088 quantum
1333 4014 1385 4068 in
1419 4029 1479 4068 se
1513 4011 1638 4077 fuit,
1669 4011 1839 4065 Simo-

247 4120 443 4174 niacus
486 4111 847 4187 perjttrusque
911 4108 1186 4181 primavit,
1245 4103 1538 4160 commovit
1582 4101 1842 4155 adversus

249 4226 373 4265 eum
415 4206 723 4261 Romanum
770 4201 1080 4271 imperium,
1125 4196 1419 4254 concitavit
1452 4202 1640 4266 gentes
1668 4200 1722 4247 et
1753 4206 1840 4245 re-

251 4315 391 4373 gna;
426 4307 480 4352 et
508 4295 674 4368 (quod
704 4310 735 4349 a
764 4293 945 4350 seculo
987 4301 1071 4348 est
1100 4286 1427 4357 inauditum)
1472 4282 1842 4342 excommuni-

252 4404 410 4450 catus
439 4394 556 4464 ipse
594 4402 758 4461 atque
797 4392 1083 4445 damnatus
1119 4393 1370 4441 sanctum
1410 4381 1717 4453 pontiﬁcem
1747 4394 1839 4434 ex-

252 4483 659 4541 communicare
698 4479 1062 4550 prmsumpsit,
1093 4478 1394 4532 Romanam
1436 4475 1624 4530 urbem
1659 4474 1843 4527 hacte-

256 4593 360 4631 nus
382 4573 711 4644 sacrilegiis,
738 4572 997 4635 caedibus,
1029 4569 1303 4641 perjuriis,
1331 4564 1838 4637 conspirationibns,

256 4665 481 4738 ﬂagitiis
503 4673 559 4720 et
583 4664 835 4717 vitiorum
864 4663 1108 4717 omnium
1130 4660 1383 4716 ludibriis
1417 4658 1707 4731 profanare
1735 4672 1840 4711 non

254 4756 475 4817 desinit,
509 4762 565 4809 et
586 4752 827 4807 Simonis
861 4751 1000 4821 Magi
1027 4751 1250 4820 perlldia
1286 4752 1553 4810 incensus,
1586 4751 1843 4820 nequitiae

255 4862 369 4901 sua:
390 4844 688 4915 complices
715 4842 781 4896 ad
812 4852 918 4897 tam
948 4844 1169 4912 impium
1192 4852 1246 4897 et
1273 4842 1604 4899 exsecrabile
1637 4842 1845 4899 facinus

255 4951 525 5001 evocans,
580 4941 773 4989 coacto
816 4933 1161 5001 imperatoris
1204 4934 1445 4990 exercitu
1470 4975 1486 5000 ,
1535 4935 1846 5002 apostolica:

257 5030 400 5085 sedis
434 5029 658 5082 invasor
686 5023 913 5079 eﬂ‘ectns
952 5034 1036 5078 est
1079 5033 1270 5078 contra
1309 5034 1577 5095 praecepta
1608 5037 1844 5098 evangc-

1932 2539 2251 2610 Gregorium
2298 2536 2607 2609 pontiﬁcem
2667 2544 2789 2605 post
2835 2533 3050 2588 labores
3099 2546 3164 2587 ac
3217 2528 3518 2586 certamina

1933 2632 2162 2701 plurima
2198 2632 2265 2687 ad
2290 2642 2550 2687 aeternam
2582 2628 2825 2699 requiem
2857 2633 3169 2690 evocasset,
3200 2634 3255 2680 et
3277 2621 3518 2679 unanimi

1934 2728 2225 2783 concordia
2295 2726 2532 2797 episcopi
2585 2735 2641 2781 et
2682 2723 2990 2780 cardinales
3050 2720 3521 2793 provincialesque

1933 2824 2205 2879 antistites
2235 2838 2341 2878 una
2384 2838 2508 2878 eum
2550 2822 2797 2879 Romano
2826 2822 2974 2878 clero
3014 2831 3070 2877 et
3108 2820 3305 2891 populo
3335 2818 3518 2889 parvi-

1936 2926 2101 2971 tatem
2152 2927 2393 2972 nostram
2442 2918 2618 2972 modis
2665 2917 2917 2973 omnibus
2954 2915 3418 2972 contradicentem
3465 2921 3521 2969 et

1938 3012 2259 3067 renitentem
2291 3011 2601 3081 apostolica:
2631 3014 2742 3067 sedi
2776 3012 3162 3081 praefecissem,
3190 3024 3294 3064 non
3324 3009 3523 3063 timens

1934 3101 2117 3156 teterni
2155 3102 2498 3170 imperatoris
2523 3100 2787 3167 judicium
2810 3141 2825 3165 ,
2857 3116 3000 3155 llllllC
3040 3115 3208 3169 usque
3245 3100 3520 3153 tlhristum

1934 3202 1987 3246 et
2014 3208 2144 3248 oves
2172 3192 2312 3259 ejus,
2344 3208 2441 3262 pro
2470 3193 2672 3263 quibus
2705 3194 2793 3248 ille
2823 3193 2964 3249 l'mtit
2990 3192 3307 3264 sanguinem
3339 3206 3520 3253 suum,

1936 3283 2184 3354 persequi
2237 3298 2344 3337 non
2396 3284 2634 3339 omittit.‘
2680 3284 2888 3340 Idcirco
2943 3283 3268 3338 auctoritate
3314 3282 3407 3336 Dei
3465 3290 3524 3336 et

1935 3374 2217 3428 beatorum
2265 3374 2633 3444 apostolorum
2679 3374 2825 3430 Petri
2858 3382 2914 3430 et
2958 3374 3135 3436 Pauli.
3171 3373 3523 3442 onmiumque

1935 3475 2273 3528 sanctorum.
2306 3467 2453 3522 onmi
2488 3467 2634 3521 illum
2663 3467 2986 3523 sacerdotali
3025 3467 3204 3521 ollicio
3233 3476 3291 3521 et
3313 3466 3524 3521 honore

1937 3558 2236 3629 privamus,
2258 3568 2337 3624 et,
2370 3574 2399 3612 a
2426 3557 2704 3615 liminibus
2730 3559 2985 3615 Ecclesiae
3020 3569 3355 3631 separautes,
3394 3572 3543 3623 anas

1938 3650 2192 3705 thematis
2222 3649 2437 3705 vinculo
2467 3649 2810 3706 innodamus.

2008 3740 2191 3797 Nostis
2233 3750 2493 3811 praeterea
2536 3751 2592 3797 et
2646 3743 2783 3799 bene
2829 3743 3003 3799 nostis
3043 3759 3180 3814 quos
3220 3743 3373 3799 dolos
3412 3759 3528 3799 ma-

1937 3833 2139 3889 chinati
2185 3834 2319 3899 sint,
2363 3843 2704 3905 quantasque
2744 3836 2875 3892 mihi
2922 3852 3206 3908 pressuras
3248 3838 3531 3899 intulerint

1938 3923 2091 3996 llugo
2138 3924 2511 3996 Lugdunensis
2564 3928 3043 3999 archiepiscopus,
3105 3940 3160 3984 et
3220 3930 3527 3986 Richardus

1939 4015 2298 4075 Massiliensis
2327 4017 2517 4081 abbas,
2545 4018 2635 4087 qui
2668 4035 2766 4087 pro
2795 4020 2937 4074 fastu
2981 4030 3035 4074 et
3064 4022 3361 4076 ambitione
3381 4022 3528 4077 sedis

1938 4106 2268 4177 apostolicus,
2317 4108 2383 4161 ad
2430 4124 2592 4177 quant
2642 4108 2841 4163 dudum
2887 4110 3027 4163 clam
3080 4111 3380 4176 inhiabant,
3432 4112 3525 4167 ubi

1939 4197 2079 4251 votis
2106 4198 2219 4251 suis
2245 4196 2399 4262 potiti
2432 4212 2537 4250 non
2569 4205 2714 4261 sunt,
2761 4198 3053 4253 schismata
3095 4200 3147 4254 in
3191 4210 3380 4256 sancta
3418 4200 3526 4256 Ec—

1940 4289 2103 4345 clesia
2129 4288 2394 4353 fecerunt,
2423 4298 2477 4343 et
2503 4288 2806 4345 Richardus
2828 4292 3045 4361 quidem
3076 4292 3258 4348 Romae
3282 4302 3528 4349 nostram

1941 4380 2265 4434 electionem
2302 4393 2424 4433 cum
2459 4379 2826 4435 cardinalibus
2869 4389 2923 4435 et
2971 4382 3241 4453 episcopis
3287 4389 3473 4454 egerat
3509 4398 3547 4436 εί

1943 4476 2097 4546 llngo
2120 4482 2299 4529 autem
2336 4473 2401 4528 ad
2453 4489 2555 4529 nos
2583 4481 2704 4544 post
2753 4473 3025 4545 paululum
3056 4476 3283 4533 veniens
3328 4476 3532 4531 all‘usus

1943 4566 2222 4636 vestigiis,
2272 4567 2400 4623 dum
2445 4564 2767 4634 obsequium
2821 4566 2977 4622 nobis
3031 4580 3243 4623 summo
3292 4565 3533 4639 pontiﬁci

1942 4657 2183 4714 debitum
2213 4659 2392 4714 invitis
2428 4674 2491 4713 ac
2523 4659 2945 4714 retractantibus
2975 4660 3281 4725 exhiberet,
3312 4657 3541 4731 legatio-

1947 4768 2069 4807 nem
2105 4768 2134 4806 a
2166 4754 2322 4808 nobis
2372 4753 2425 4807 in
2458 4752 2705 4821 partibus
2739 4750 3041 4811 Galliarum
3086 4754 3460 4826 postulaverat
3489 4758 3544 4803 et

1945 4858 2253 4916 acceperat.
2305 4846 2492 4915 Itaque
2542 4844 2713 4900 donec
2763 4848 3091 4917 parvitatem
3147 4856 3391 4903 nostram
3440 4842 3551 4897 ele-

1946 4939 2114 4996 ctioni
2146 4940 2320 5002 factze.
2352 4946 2518 5006 atque
2556 4951 2586 4989 a
2617 4950 2675 4990 se
2720 4942 3034 5009 approbata:
3082 4955 3394 5011 repugnare
3420 4949 3553 4991 con-

1950 5043 2264 5101 spexerant,
2306 5029 2406 5099 ipsi
2446 5024 2624 5081 modis
2669 5031 2920 5085 omnibus
2958 5029 3293 5092 insistebant
3317 5043 3383 5086 ne
3414 5036 3556 5081 onus

260 5119 360 5173 lica
380 5157 395 5183 ,
425 5124 622 5173 contra
660 5113 1046 5207 prophetarum
1078 5114 1555 5207 apostolorumqne
1602 5115 1844 5183 decreta,
1877 5147 1925 5207 D
1952 5138 2052 5193 pro
2079 5123 2312 5177 utilitate
2337 5118 2597 5175 Ecclesia:
2624 5119 2783 5174 nobis
2814 5122 3129 5193 impositum
3167 5120 3553 5191 abjiceremus.

261 5220 453 5265 contra
500 5219 776 5263 canonum
813 5212 869 5259 et
918 5203 1283 5259 Romanorum
1333 5206 1647 5275 pontiticum
1688 5209 1846 5281 jura,

260 5302 407 5357 nullo
432 5296 795 5355 cardinalinm
837 5296 1211 5360 episcoporum
1240 5302 1580 5360 praecedente
1620 5298 1843 5360 judicio.

1958 5213 2055 5269 Ubi
2082 5230 2212 5270 vero
2234 5230 2333 5270 nos
2360 5214 2575 5269 tandem
2604 5214 2798 5271 cedere
2825 5223 3205 5286 pervidet-unt,
3234 5220 3558 5283 conceptam

1951 5308 2039 5360 diu
2070 5306 2612 5360 ﬂammamtclihanus
2631 5317 2981 5360 exsaturatim
3007 5309 3277 5360 pmmuit.
3307 5310 3557 5360 (tuamo-
