4044 5360
293 345 398 400 969

1578 333 1867 402 DIALOGI.
1910 376 1976 386 -ι
2015 343 2143 403 LIB.
2175 345 2216 401 I.

3440 357 3550 411 970

289 473 395 520 tem
417 463 612 519 obnixe
642 465 944 533 precantes,
995 469 1050 515 ut
1099 458 1310 515 illorum
1365 459 1572 514 anituas
1622 461 1856 531 benigne
1895 468 1937 525 Α
1970 463 2132 516 etiam
2157 461 2384 518 Pctriac
2413 462 2581 530 Pauli,
2606 479 2829 522 necnon
2852 466 3548 543 Bcnedictiseexsimliasze

287 553 530 622 recipere
572 552 889 623 dignaretur
913 592 926 616 ,
971 565 1197 620 quarum
1229 565 1457 619 corpora
1491 557 1597 604 tam
1647 551 1861 614 subita,

285 653 396 697 tam
427 642 779 698 formidandae
805 643 986 704 morti,
1008 641 1242 712 peccatis
1265 641 1625 712 exigentibus,
1653 643 1866 697 tradere

283 733 656 788 decrevisset:
705 747 811 787 non
857 733 1000 787 enim
1054 732 1285 801 amplius
1334 732 1385 786 in
1423 733 1526 787 hoc
1570 734 1768 788 mundo
1807 748 1866 788 se

282 824 519 879 victuros
549 824 866 886 credebant,
899 823 990 894 qui
1023 833 1130 878 tam
1175 824 1434 894 proxima:
1483 825 1674 879 mortis
1721 825 1838 896 gla-

279 915 427 970 dium
478 916 584 970 sibi
625 915 909 970 imminere
969 915 1286 971 cernebant.
1339 914 1510 986 Igitur
1571 930 1691 971 cum
1749 932 1846 986 per

279 1015 450 1060 totam
482 1015 694 1062 noctem
727 1006 930 1076 aspersi
983 1006 1157 1076 capita
1189 1007 1394 1071 cinere,
1423 1007 1624 1077 vigiliis
1654 1017 1707 1060 et
1736 1023 1865 1061 ora-

279 1094 518 1149 tionibus
539 1102 723 1149 essent
749 1093 970 1157 intenti,
1001 1093 1473 1148 reverentissimus
1485 1094 1570 1147 vir
1588 1094 1862 1163 Apollina-

277 1188 357 1240 ris
375 1189 563 1253 abbas,
594 1187 747 1258 cujus
768 1187 1016 1258 superius
1044 1185 1374 1241 mentionem
1403 1185 1506 1242 feci
1541 1187 1640 1258 (7),
1669 1187 1861 1242 Bassa-

275 1282 415 1335 tium
449 1275 720 1344 abbatem,
757 1278 1071 1351 religiosum
1105 1278 1316 1333 scilicet
1343 1279 1545 1343 virum,
1575 1292 1674 1349 per
1697 1279 1862 1334 visio—

284 1389 411 1427 nem
453 1372 719 1428 allocutus
766 1380 870 1438 est,
922 1372 1147 1427 dicens:
1195 1370 1370 1427 Nolite
1392 1373 1600 1437 timere,
1636 1389 1702 1429 ne
1728 1389 1864 1430 moe-

278 1473 424 1518 stum
458 1465 661 1536 geratis
692 1464 960 1529 animum;
1017 1480 1124 1518 non
1165 1463 1313 1518 enim
1356 1464 1409 1518 in
1462 1465 1565 1520 Itre
1615 1473 1860 1536 tempore

274 1557 342 1611 ab
377 1556 645 1627 Agarcuis
695 1555 1009 1626 capiemini,
1061 1570 1162 1611 nec
1213 1555 1415 1625 aliquid
1447 1557 1630 1610 damni
1677 1557 1857 1612 divina

271 1653 588 1717 protegente
661 1645 884 1702 dextera
935 1647 1088 1701 vobis
1149 1644 1353 1701 inferre
1415 1656 1707 1717 poterunt;
1764 1651 1860 1704 sed

271 1740 599 1808 quantocius
625 1748 965 1795 revertentes
1003 1754 1129 1794 suos
1173 1739 1323 1793 adire
1371 1740 1657 1794 tentabuut
1691 1741 1855 1806 lines;

275 1847 374 1885 vos
411 1841 591 1887 autem
621 1832 874 1901 deinceps
899 1831 1072 1887 securi
1115 1845 1177 1884 ac
1203 1829 1351 1886 illzesi
1387 1831 1692 1899 mancbitis,
1731 1832 1856 1902 quia

281 1923 664 1978 sanctissimus
692 1922 856 1978 Pater
880 1921 1202 1977 Benedictus
1229 1933 1466 1977 vestram
1512 1923 1581 1978 ab
1605 1923 1854 1994 omnipo-

286 2023 433 2069 tente
464 2015 690 2070 Domino
719 2015 946 2070 salutem
977 2015 1241 2080 obtinuit;
1280 2017 1394 2087 ipse
1420 2018 1566 2072 enim
1592 2017 1742 2073 venit
1789 2020 1855 2073 ad

271 2106 639 2174 adiuvandum
673 2121 788 2173 vos,
822 2121 1026 2176 nosque
1057 2121 1250 2162 onmes
1285 2123 1406 2162 cum
1435 2123 1500 2163 eo
1533 2109 1713 2164 simul.
1749 2110 1855 2178 lgi-

279 2205 369 2250 tur
401 2197 734 2253 venerabilis
782 2198 868 2252 vir
911 2199 1189 2254 Bassatius
1229 2198 1394 2255 abbas
1444 2199 1856 2272 expergefactus

281 2303 497 2355 somno,
557 2289 871 2345 convocatis
899 2290 950 2344 itt
977 2305 1145 2344 unum
1178 2288 1436 2345 fratribus
1458 2333 1472 2354 ,
1526 2291 1708 2346 retulit
1737 2307 1856 2362 qua:

284 2381 530 2446 vidisset,
560 2395 785 2452 quzeque
829 2380 930 2436 sibi
981 2381 1220 2436 revelata
1251 2380 1514 2448 fuissent;
1570 2389 1623 2437 et
1669 2391 1728 2437 ut
1775 2385 1856 2437 itt-

266 2480 480 2527 stanter
513 2472 942 2542 omnipotentem
974 2471 1258 2526 Dominum
1287 2473 1714 2542 deprecarentur
1745 2475 1841 2528 atl-

268 2562 505 2616 monuit.
531 2563 600 2616 At
630 2561 705 2616 illi
737 2562 873 2617 certi
916 2561 982 2618 de
1013 2563 1193 2617 divina
1230 2563 1608 2618 misericordia
1640 2565 1853 2620 alacres

276 2651 477 2712 etTecti,
519 2651 802 2708 laudantes
830 2667 895 2707 ac
923 2653 1308 2709 benedicentes
1339 2652 1655 2718 Dominum,
1709 2657 1854 2727 quod

271 2747 542 2817 reliquum
566 2755 687 2802 erat
730 2748 923 2811 noctis,
957 2749 1206 2818 precibus
1234 2749 1704 2822 Ot-ationiimssque
1725 2767 1853 2807 con-

267 2845 565 2890 summant.
609 2833 781 2891 Tanta
819 2850 949 2892 vero
989 2847 1109 2893 erat
1146 2840 1412 2896 serenitas
1441 2840 1853 2905 aeris,utnulla

268 2926 323 2979 in
363 2942 434 2981 eo
461 2926 546 2980 vel
581 2927 773 2995 tenuis
820 2929 1038 2998 quidem
1090 2931 1357 2986 nubecula
1405 2932 1704 2998 videretur,
1727 2948 1849 2987 cum

265 3015 453 3071 subito
501 3016 702 3072 caelum
743 3019 1005 3072 densatur
1054 3021 1307 3086 nubibus,
1355 3023 1596 3078 tonitrua
1625 3037 1852 3079 concre-

264 3116 418 3177 pant,
443 3111 849 3167 coruscationes
874 3126 938 3167 ac
967 3113 1177 3184 fulgura
1214 3115 1405 3171 crebra
1438 3115 1674 3180 micant,
1727 3125 1849 3172 tan-

270 3209 468 3269 tusque
501 3201 693 3260 imber.
723 3203 927 3259 effusus
978 3213 1066 3260 est
1117 3205 1300 3270 terris,
1337 3215 1397 3260 ut
1437 3205 1582 3262 Liris
1609 3206 1805 3264 fluvius
1829 3249 1844 3273 ,

274 3291 384 3348 late
423 3293 762 3357 redundans,
791 3295 946 3364 quasi
978 3311 1131 3352 mare
1166 3297 1463 3352 videretur.
1513 3297 1682 3368 Igitur
1729 3299 1847 3353 illu-

263 3394 521 3441 cesccnte
544 3386 803 3454 dilucu‘lo,
834 3398 1120 3460 surgentes
1161 3404 1191 3443 a
1237 3389 1437 3444 castris
1487 3390 1709 3445 barbari
1747 3407 1840 3446 ac-

260 3487 552 3533 cesserunt
572 3479 638 3534 ad
662 3491 812 3534 oram
840 3478 1098 3546 ﬂuminis,
1117 3478 1425 3549 diligentius
1443 3492 1847 3552 perscrutantes

269 3571 315 3624 si
353 3586 517 3641 quam
550 3570 690 3627 forte
719 3571 900 3626 navim
927 3571 1235 3640 vadumque
1255 3574 1497 3642 reperire
1513 3581 1758 3644 possent,
1788 3582 1848 3628 ut

261 3659 490 3717 ﬂuvium
520 3671 860 3717 transmeare
889 3660 1133 3718 valerent
1163 3680 1176 3716 :
1201 3663 1297 3718 sed
1323 3679 1444 3718 cum
1474 3665 1652 3719 omnis
1671 3673 1846 3718 trans-

264 3753 428 3808 eundi
468 3766 593 3822 spes
627 3754 709 3808 eis
743 3761 887 3808 esset
931 3753 1142 3818 ablata,
1171 3755 1287 3810 dira
1332 3755 1541 3811 incitati
1572 3755 1842 3819 barbarie,

264 3849 463 3899 m’anus
503 3845 605 3900 sibi
659 3844 965 3916 digitosque
1015 3847 1400 3913 eorrodentes,
1429 3847 1572 3917 quod
1605 3861 1700 3919 spe
1728 3846 1843 3901 Iru-

269 3934 433 3989 strati
497 3935 736 4004 praadaz,
800 3935 954 3990 vacui
1015 3947 1408 4003 remanserant,
1464 3938 1626 3994 cellas
1671 3940 1843 3994 nostri

275 4023 598 4077 monasterii
649 4031 801 4078 trans
857 4023 1024 4078 Lirim
1087 4026 1293 4095 positas
1344 4027 1467 4098 igne
1517 4039 1844 4095 cremantes,

265 4125 430 4166 τρε-ϐο
459 4111 704 4166 exercitu
733 4113 1057 4182 quantocius
1087 4114 1237 4168 abire
1265 4125 1571 4186 coeperunt.
1599 4117 1845 4186 Cumque

266 4200 334 4254 ad
372 4214 498 4255 eum
540 4199 716 4255 locum
760 4201 1172 4272 pervenissent,
1224 4218 1334 4272 quo
1361 4205 1655 4272 prazdictus
1707 4205 1846 4260 Liris

255 4289 465 4345 ﬂuvius
514 4291 722 4360 patenti
766 4293 905 4347 ostio
949 4292 1085 4346 mari
1133 4291 1327 4356 inﬂuit,
1360 4307 1549 4348 omnes
1581 4310 1716 4364 quos
1746 4297 1845 4348 lm-

265 4382 470 4436 bebant
493 4390 680 4451 equos,
723 4383 1018 4437 debilitatis
1043 4384 1316 4447 cruribus,
1337 4385 1582 4454 praecisis
1625 4387 1810 4440 nervis
1829 4428 1844 4450 ,

1969 551 2189 619 gloriati
2244 561 2390 608 sunt.
2454 553 2516 608 Et
2569 571 2708 620 vos,
2769 557 3052 628 inquiunt,
3105 559 3198 629 qui
3248 563 3403 625 estis,
3449 567 3548 634 qui

1969 649 2079 693 tam
2108 640 2354 705 sollicite,
2385 652 2494 698 tam
2517 645 2825 715 diligenter,
2857 655 3075 719 tamque
3097 649 3312 707 curiose
3333 669 3434 708 nos
3455 655 3544 709 iu-

1965 732 2527 798 terrogarenitiminil
2554 733 2683 800 Nos,
2703 735 2977 806 inquiunt,
3001 753 3146 794 unus
3159 739 3374 807 Petrus,
3400 743 3544 799 alter

1965 816 2292 874 Benedictus
2330 835 2620 888 vocamur,
2659 840 2892 895 quorum
2929 829 3122 885 domos
3147 845 3246 885 vos
3275 832 3542 888 invasisse

1956 904 2219 976 iactatis;
2250 911 2344 965 sed
2375 911 2527 980 cujus
2561 914 2797 976 virtutis.
2818 915 3043 986 cuiusve
3067 921 3320 990 potemite
3341 924 3538 988 simus,

1961 1010 2125 1064 quam
2150 999 2415 1055 citissime
2446 1003 2826 1072 experiamini.
2853 1004 2922 1061 Et
2945 1006 3032 1062 his
3067 1008 3232 1064 dictis
3259 1009 3329 1064 ab
3361 1011 3536 1066 oculis

1962 1101 2154 1142 eertum
2185 1089 2351 1143 ablati
2387 1100 2538 1146 sunt.
2598 1092 2720 1147 Mox
2755 1094 2920 1166 igitur
2955 1098 3196 1170 undique
3229 1099 3540 1157 furentibus

1966 1176 2161 1239 ventis,
2190 1181 2622 1236 tumescentibus
2650 1181 2920 1250 ﬂuctibus,
2943 1195 3089 1242 tanta
3117 1189 3296 1244 subito
3325 1201 3532 1263 tempe-

1960 1276 2076 1320 stas
2123 1279 2320 1324 cxorta
2347 1279 2516 1326 estut
2550 1287 2716 1329 naves
2745 1289 2937 1332 omnes
2960 1277 3044 1333 vel
3065 1279 3266 1336 collisae
3294 1281 3436 1338 inter
3470 1299 3535 1339 se

1964 1356 2050 1409 vel
2087 1355 2329 1427 impulsa:
2363 1360 2602 1430 scopulis
2627 1363 2924 1420 confracta:
2945 1368 3076 1422 sint.
3106 1369 3183 1423 Ita
3214 1380 3273 1425 ut
3295 1385 3364 1427 ex
3387 1375 3537 1430 omni

1967 1447 2056 1501 illa
2079 1463 2411 1520 paganorum
2430 1453 2588 1523 copia
2615 1456 2700 1510 vix
2729 1459 2882 1525 pauci
2907 1461 3284 1531 superfuerint
3310 1466 3402 1535 qui
3421 1468 3537 1523 suis

1960 1538 2097 1601 iure,
2135 1555 2168 1594 a
2196 1541 2394 1610 quibus
2421 1544 2572 1600 missi
2599 1545 2840 1614 fuerant,
2884 1551 3094 1608 civibus
3139 1557 3394 1612 nuntiare
3429 1574 3535 1629 po»

1957 1632 2214 1688 tuisseut.
2251 1635 2316 1688 Et
2351 1636 2570 1705 quidem
2617 1638 2864 1708 permisit
2886 1643 3232 1711 omnipotens
3278 1646 3422 1703 Deus
3464 1651 3537 1704 ad

1961 1732 2172 1794 tempus
2197 1739 2332 1782 suas
2355 1727 2424 1781 ab
2453 1728 2533 1783 eis
2559 1728 2819 1786 ecclesias
2850 1732 3146 1797 devastari,
3177 1737 3273 1792 sed
3305 1754 3416 1794 non
3439 1750 3532 1795 est

1890 1817 1932 1876 Β
1958 1827 2150 1882 passus
2178 1829 2272 1872 eos
2316 1833 2482 1888 super
2533 1827 2686 1875 tanto
2736 1819 2982 1878 facinore
3010 1825 3216 1882 diutius
3243 1829 3533 1898 gratulari.

1959 1903 2074 1960 Hoc
2101 1905 2158 1960 in
2184 1905 2331 1962 facto
2357 1909 2486 1963 illud
2515 1910 2648 1965 mihi
2674 1911 2890 1968 videtur
2911 1929 3031 1969 esse
3056 1915 3360 1986 impletum,
3387 1923 3534 1989 quod

1956 2001 2149 2057 beatus
2175 2003 2234 2057 P.
2265 2003 2592 2060 Benedictus
2621 2007 2737 2061 suis
2776 2007 2904 2060 olim
2940 2009 3224 2079 discipulis
3267 2013 3534 2081 promise-

1958 2103 2065 2157 rat,
2097 2095 2319 2150 dicens:
2372 2095 2700 2152 Prteseutior
2736 2098 2917 2161 vobis,
2968 2099 3151 2156 dilecti
3181 2101 3300 2167 ﬁlii.
3349 2105 3533 2159 carnis

1955 2187 2206 2256 deposito
2236 2203 2428 2249 onere,
2487 2191 2794 2260 1vestrisque
2822 2207 2920 2261 per
2950 2190 3042 2247 Dei
3072 2193 3304 2263 gratiam
3333 2207 3532 2264 coope-

1959 2288 2110 2332 rator
2148 2280 2378 2334 existam
2411 2281 2681 2336 assiduus.
2715 2282 2848 2337 Illud
2876 2283 3044 2336 etiam
3099 2285 3243 2353 quod
3267 2283 3327 2340 Β.
3365 2284 3532 2338 Petro

1956 2368 2216 2423 Dominus
2236 2368 2437 2428 intulit,
2477 2369 2663 2424 dicens
2690 2389 2703 2423 :
2741 2371 2814 2424 Tu
2839 2388 2890 2425 es
2912 2370 3194 2438 l’etrus,et
3220 2389 3378 2444 super
3392 2375 3533 2428 Itane

1925 2470 2160 2528 petram
2193 2459 2465 2528 trdiﬁcabo
2516 2460 2810 2516 Ecclesium
2841 2479 3011 2516 "team
3077 2476 3127 2518 rt
3177 2474 3342 2533 porta:
3367 2466 3530 2530 inferi

1954 2567 2059 2607 non
2087 2553 2437 2623 prmi-alebant
2461 2555 2710 2610 adversus
2731 2573 2850 2611 eam
2894 2556 3110 2627 (Matth.
3137 2561 3272 2630 xvi).
3293 2557 3409 2614 Non
3436 2559 3526 2616 in-

1953 2648 2093 2716 quit,
2153 2661 2256 2700 non
2303 2647 2597 2713 valebunt;
2641 2649 2758 2712 sed,
2786 2665 2890 2705 non
2923 2649 3328 2720 praevalebunt:
3359 2657 3542 2722 portas"

1953 2739 2096 2793 cuim
2127 2738 2284 2793 inferi
2319 2740 2514 2810 pagani
2539 2749 2692 2800 sunt,
2719 2740 2958 2795 heretici
2989 2753 3152 2811 atque
3191 2741 3390 2807 Judaei.-
3435 2744 3534 2812 qui

1957 2837 2084 2883 tunc
2104 2828 2365 2884 adversus
2395 2829 2488 2884 Dei
2515 2829 2694 2884 valere
2723 2830 2979 2884 videntur
3004 2831 3309 2887 Ecclesium
3334 2873 3350 2893 ,
3391 2848 3526 2888 euut

1951 2933 2050 2987 per
2077 2932 2171 2976 eos
2207 2918 2471 2974 Dominus
2520 2934 2654 2974 suos
2679 2918 2941 2991 ﬂagellari
2983 2921 3177 2977 ﬁdeles
3221 2922 3529 2993 permittit;

1951 3012 2044 3066 sed
2072 3026 2177 3066 non
2199 3013 2588 3082 praivalebunt,
2617 3014 2744 3084 quia
2782 3015 3140 3086 omnipotens
3189 3031 3255 3073 ac
3305 3017 3525 3074 miseri-

1952 3116 2077 3155 cors
2107 3103 2264 3157 Deus'
2285 3118 2395 3157 non
2423 3117 2517 3158 eos
2543 3105 2609 3158 de
2639 3105 2880 3162 Ecclesia
2926 3119 3022 3161 sua
3059 3115 3354 3176 perpetuos
3397 3107 3535 3163 sinit

1953 3193 2152 3248 habere
2200 3194 2528 3264 triumphos.
2589 3195 2743 3250 Unde
2793 3205 2851 3250 et
2895 3197 3188 3266 Apostolus
3235 3197 3527 3259 hortatur.

1944 3284 2174 3340 dicens:
2210 3283 2625 3339 Tribulutionem
2647 3287 2908 3356 patimur,
2943 3289 3032 3342 sed
3071 3303 3178 3342 non
3213 3296 3530 3357 coangustao

1948 3389 2096 3435 mur;
2131 3375 2439 3440 aperiantur
2461 3414 2477 3438 ,
2509 3376 2604 3429 sed
2649 3392 2759 3430 non
2789 3377 3158 3441 destinantur;
3207 3377 3526 3446 persecutio-

1943 3477 2065 3517 rteut
2093 3465 2344 3532 patimur,
2385 3465 2477 3518 sed
2526 3481 2635 3520 una
2659 3465 3069 3536 derelinquiumr
3092 3483 3111 3529 ;
3135 3467 3532 3532 Jmmiliamur.

1947 3554 2038 3608 sed
2064 3571 2167 3608 non
2195 3555 2610 3626 confundimur;
2638 3557 2986 3621 lribulam’ar,
3035 3560 3128 3614 sed
3157 3575 3263 3614 non
3287 3561 3530 3630 perimus

1944 3644 2001 3715 (1
2006 3645 2031 3699 1
2064 3645 2189 3700 Cor.
2231 3648 2330 3717 tv).

2021 3737 2359 3810 Theophilus.
2391 3740 2612 3796 I’lacent
2639 3742 2988 3799 vehementer
3014 3761 3136 3816 quae
3157 3746 3312 3806 dicis.

2014 3831 2340 3888 Desideria.
2385 3833 2625 3892 Joannes
2661 3845 2862 3892 sauctzc
2885 3840 3280 3896 recordationis
3303 3841 3530 3913 presby-

1946 3930 2032 3978 ter
2059 3923 2162 3994 (8),
2188 3923 2280 3992 qui
2318 3925 2372 3978 in
2398 3935 2587 3981 nostro
2629 3929 2962 3983 monasterio
3007 3929 3306 3986 deeanatus
3338 3931 3523 3987 oﬂieio

1945 4014 2130 4084 aliquo
2153 4024 2400 4085 tempore
2430 4015 2776 4085 t‘unctusest,
2829 4020 2996 4075 vestri
3026 4021 3372 4089 postmodum
3396 4039 3520 4079 mo-

1948 4106 2172 4163 nasterii
2207 4109 2354 4178 quod
2372 4109 2519 4162 intra
2558 4109 2861 4166 Lucensem
2913 4113 3107 4166 urbem
3143 4120 3524 4167 constructum

1943 4206 2052 4260 est,
2076 4198 2402 4268 prmpositus
2428 4198 2553 4262 fuit,
2579 4201 2674 4270 qui
2702 4211 2922 4270 quantm
2943 4202 3297 4268 obedientia,
3336 4216 3521 4272 quau-

1947 4297 2122 4356 taeque
2148 4288 2468 4342 humilitatis
2492 4288 2690 4354 fuerit,
2719 4292 2902 4360 plures
2939 4293 3040 4361 qui
3079 4307 3206 4348 eum
3248 4301 3525 4347 noverunt

1949 4378 2198 4432 monachi
2242 4387 2298 4432 et
2341 4379 2522 4432 adhuc
2563 4390 2882 4448 supersunt,
2934 4391 3102 4438 testes
3145 4381 3411 4437 existunt.
3443 4381 3524 4436 De

271 4473 392 4541 quia
427 4485 612 4528 secum
643 4472 788 4529 ferre
818 4473 1136 4544 nequibant,
1166 4473 1524 4544 reliquerunt.
1555 4476 1658 4544 Ipsi
1690 4491 1840 4542 vero,

1951 4467 2286 4532 mirabilibus
2313 4483 2441 4524 vero
2463 4484 2584 4538 quze
2618 4485 2713 4538 per
2742 4486 2869 4524 eum
2901 4471 3080 4526 divina
3105 4475 3366 4541 maiestas
3387 4488 3524 4545 ope-

275 4561 513 4620 :secnsis
544 4563 792 4628 navibus,
831 4563 1134 4631 dantesque
1176 4564 1404 4618 carbasa
1447 4565 1642 4630 ventis,
1692 4575 1845 4622 recto

1949 4562 2055 4617 rari
2083 4561 2300 4630 dignata
2331 4571 2440 4626 est,
2463 4562 2592 4632 quia
2627 4562 2781 4630 plura
2817 4579 2847 4617 a
2880 4565 3141 4618 memoria
3167 4565 3323 4636 lapsa
3350 4575 3519 4632 sunt,

269 4664 431 4705 cursu
467 4651 743 4706 sulcautes
767 4665 1004 4721 (equom,
1033 4653 1275 4708 Siciliam
1305 4654 1668 4719 devenissent,
1703 4669 1758 4710 et
1787 4671 1850 4712 se
1945 4667 2066 4724 quae
2099 4652 2277 4708 recolo
2297 4693 2313 4717 ,
2356 4669 2527 4724 pauca
2553 4656 2813 4709 narrabo.
2847 4657 2984 4710 Cum
3028 4657 3168 4711 idem
3201 4657 3286 4712 vir
3317 4657 3522 4726 Dei-ie.

265 4738 522 4794 celeriter
557 4741 762 4794 aridam
786 4741 1102 4813 contingere
1131 4751 1410 4812 sperarent
1432 4761 1445 4796 :
1468 4754 1686 4814 repente
1712 4762 1843 4815 par-

267 4842 387 4882 vam
446 4839 682 4885 cernunt
726 4830 1032 4884 naviculam
1099 4832 1206 4887 huc
1256 4832 1494 4904 iIIquue
1533 4836 1682 4890 inter»
1718 4851 1844 4891 suas

262 4933 433 4973 naves
459 4919 698 4988 liquidas
719 4935 883 4990 super
923 4920 1094 4977 undas
1126 4922 1378 4978 celeriter
1405 4925 1799 4981 discurrentem
1824 4967 1840 4992 ,

265 5009 318 5064 in
347 5025 454 5079 qua
494 5010 727 5066 clericus
755 5010 1062 5068 veneranda
1111 5013 1316 5068 canitie
1365 5023 1422 5069 et
1469 5015 1608 5068 alter
1651 5030 1840 5069 mona-

262 5101 395 5157 chus
419 5101 613 5156 sedere
643 5099 982 5154 videbantur.
1015 5099 1081 5154 Et
1112 5117 1235 5157 cum
1273 5104 1343 5157 ab
1371 5105 1455 5160 eis
1484 5105 1716 5160 sollicite
1762 5108 1844 5160 in-

263 5203 676 5224 Innnnunnnnlnn
701 5189 845 5224 nan
873 5199 976 5224 lnm
1019 5191 1122 5224 lml:
1216 5201 1321 5224 Iram
1356 5196 1564 5224 ιιΙηη-ηη
1611 5197 1699 5224 ..ηδ
1730 5209 1838 5224 54....

1216 5201 1321 5224 Ihm
1356 5196 1564 5224 (a'nn-nn

1940 4745 2130 4813 juniis,
2177 4743 2398 4814 vigiliis,
2445 4743 2825 4811 orationibus,
2875 4747 3227 4816 maximeqve
3279 4747 3520 4820 largitati

1943 4836 2413 4907 eleemosyuarum
2447 4843 2593 4890 esset
2617 4835 2889 4902 intentus,
2917 4845 3123 4892 tantam
3153 4837 3520 4912 lacrymarum

1943 4925 2172 4995 gratiam
2207 4928 2435 4981 Domino
2485 4923 2753 4994 largiente
2798 4928 3134 4994 promeruit,
3187 4937 3248 4984 ut
3302 4928 3526 4986 dubium

1944 5032 2054 5071 non
2079 5027 2226 5072 esset
2256 5019 2397 5088 quod
2425 5016 2527 5072 illa!
2557 5016 2820 5085 Iaet'yma:
2844 5018 3010 5076 multa
3040 5021 3184 5091 apud
3213 5022 3387 5080 Deum
3417 5022 3522 5075 im-

1943 5118 2162 5179 petrare
2187 5109 2506 5172 valuissent,
2532 5119 2654 5173 qua:
2688 5121 2760 5161 ex
2789 5117 2901 5164 tam
2944 5112 3178 5182 simplici
3209 5113 3518 5179 humilique

1949 5215 2043 5224 Α-..
2063 5200 2108 5224 Ἀ
2331 5201 2555 5224 r.-:a.l|-\.
2615 5199 2866 5224 l‘lm~--A
2895 5201 3036 5224 '.._--
3073 5206 3267 5224 --_.-n9.
3293 5205 3348 5224 .19
3369 5221 3376 5223 .
3413 5199 3527 5224 Δειλι-

2615 5195 2866 5224 P.m-.--
2895 5201 3000 5224 (A_-
3016 5219 3036 5224 -
3073 5218 3160 5224 --__
3179 5206 3267 5224 -.9.
